4206 6492
716 439 747 476 x
2098 443 2618 505 l‘iiULi‘jt’LUili’iNA.

717 558 814 608 que
863 543 1154 594 studiorum
1186 546 1292 598 (lar
1327 559 1370 599 et
1411 554 1656 619 magistra
1703 556 1922 611 astitit.
1960 559 2128 628 Negat
2172 565 2277 617 'l'il-
2316 576 2350 623 Α
2387 573 2492 637 phil

721 629 1005 685 ἱρηιοηιῑυε
1053 633 1164 686 Ιιςιιιῖ
1221 642 1510 695 convenire
1560 645 1610 695 in
1653 644 1950 702 Caesaream
2000 650 2280 721 Cappado-

718 721 832 780 ciae,
882 735 1042 787 quam
1080 724 1372 795 Gregorius
1418 747 1564 784 suam
1599 735 1719 790 aliis
1754 738 1821 792 de
1870 739 2048 793 causis
2094 756 2283 796 vocare

723 821 954 876 poterat,
1011 817 1280 884 inprimis,
1321 825 1443 892 quia
1477 839 1593 877 eam
1627 831 1910 894 provincire
1945 835 2280 901 metmpolim

715 910 1073 971 agnoscebat;
1140 916 1279 979 quod
1350 930 1468 966 cum
1537 921 1786 973 ontnibus
1858 930 2040 976 notum
2104 938 2281 990 esset,

713 1008 861 1046 suam
895 997 1074 1054 dicere
1104 1003 1306 1064 debuit,
1337 1005 1480 1058 nulla
1516 1008 1696 1062 addita
1729 1011 1959 1081 ratione,
1990 1025 2045 1068 ut
2080 1014 2130 1067 in
2163 1017 2282 1071 aliis

715 1084 848 1139 locis
886 1087 1037 1143 facit.

783 1178 942 1243 Quod
980 1185 1147 1238 instar
1195 1189 1516 1244 incommodi
1552 1192 1736 1258 objicit
1789 1196 2182 1265 Tillemontius,
2224 1202 2275 1256 id

713 1277 1012 1338 argumenti
1057 1278 1170 1329 loco
1202 1280 1460 1336 adhibere
1501 1298 1805 1353 possumus,
1849 1291 2097 1358 quamvis
2130 1291 2278 1346 illum

712 1362 763 1411 in
808 1363 1254 1433 interpretatione
1291 1373 1446 1440 hujus
1479 1373 1578 1427 loci
1632 1392 1942 1446 sequamur.
1990 1380 2121 1434 Nam
2156 1399 2279 1438 cum

711 1454 1008 1509 Ctesaream
1059 1459 1345 1531 Gregorius
1388 1466 1457 1518 ob
1487 1467 1817 1537 disciplinas,
1863 1487 1998 1538 quas
2043 1474 2114 1528 ibi
2165 1491 2281 1544 per-

711 1558 944 1615 ceperat,
977 1567 1081 1605 non
1117 1556 1286 1608 solum
1323 1556 1391 1608 ob
1430 1563 1819 1629 metropolitica
1849 1563 1969 1630 jura
2009 1581 2161 1618 suam
2200 1568 2280 1620 di-

709 1648 884 1704 ceret;
937 1645 1194 1698 rationem
1230 1647 1425 1702 addere
1456 1650 1659 1718 debuit,
1707 1668 1799 1707 cur
1837 1669 1954 1707 eam
2003 1656 2262 1722 singulari

710 1731 868 1808 modo
901 1750 1049 1787 suam
1076 1738 1291 1792 diceret.
1318 1740 1530 1811 Alioqui
1564 1761 1721 1801 nemo
1763 1762 1867 1800 non
1919 1750 2279 1805 exiStimasset

707 1839 827 1875 eum
860 1827 924 1879 ad
957 1829 1264 1896 metropolis
1287 1830 1411 1900 jura
1449 1837 1736 1904 rcSpieere.
1783 1835 1970 1906 Itaque
2003 1843 2101 1896 etsi
2137 1845 2276 1896 hunc

713 1915 887 1968 locum
919 1918 1282 1990 intelligimus,
1314 1938 1370 1976 ut
1416 1926 1663 1995 intelligit
1693 1928 2100 1996 Tillemontius;
2143 1933 2275 1986 nihil
2311 1905 2350 1961 Β

711 2018 853 2060 vetat
900 2010 966 2065 de
1013 2012 1256 2070 Caesarea
1314 2017 1693 2086 Cappadocum
1756 2023 2001 2093 intelligi.
2088 2024 2277 2077 Verum

712 2097 956 2171 Gregorii
985 2108 1146 2159 verba
1181 2108 1258 2160 sic
1292 2108 1461 2177 accipi
1500 2123 1718 2180 possent
1749 2114 1800 2166 in
1847 2114 1979 2166 Billii
2017 2117 2280 2182 interpre-

711 2194 934 2256 tatione,
980 2205 1037 2248 ut
1080 2197 1203 2249 illud
1254 2211 1487 2254 nostram
1531 2203 1797 2257 referatur
1838 2206 1900 2256 ad
1950 2205 2278 2272 metropolint

708 2287 808 2337 hoc
853 2287 1036 2349 modo,
1082 2301 1313 2343 nostram
1373 2311 1474 2347 non
1521 2297 1688 2348 minus
1759 2295 2050 2348 litterarum
2121 2309 2277 2367 atque

705 2375 982 2440 doctrinm,
1015 2396 1171 2449 quam
1211 2383 1438 2447 urbium,
1488 2386 1675 2451 quibus
1722 2386 1968 2452 prwcellit
2015 2397 2063 2440 ct
2110 2390 2279 2441 domi-

708 2477 886 2531 natur,
940 2472 1289 2538 metropolim.
1352 2472 1442 2527 Sic
1512 2476 1914 2544 interpretando
1978 2479 2278 2533 restituitur

706 2561 894 2624 patrie
940 2576 1049 2616 sua:
1093 2562 1335 2629 Basilius,
1376 2581 1476 2620 nec
1521 2567 1662 2621 illius
1698 2569 1749 2622 in
1812 2569 2008 2624 litteris
2058 2570 2276 2624 institu—

707 2649 868 2703 tionis
918 2662 1100 2718 partes
1134 2651 1271 2707 ullas
1303 2654 1544 2710 Ctesarea
1596 2657 1762 2711 altera
1815 2659 2031 2712 retinet.
2082 2660 2279 2714 Fateor

705 2747 884 2791 tamen
923 2739 1054 2794 mihi
1093 2757 1200 2797 non
1231 2745 1471 2801 arridere
1506 2751 1646 2803 hanc
1686 2750 2073 2818 interpretandi
2114 2753 2278 2804 ratio-

710 2843 858 2892 nem,
888 2846 1008 2894 qua:
1042 2847 1150 2886 non
1191 2837 1420 2902 quadrat
1452 2854 1571 2892 eum
1605 2839 1791 2894 ereo
1819 2849 2097 2895 contextu.
2144 2841 2274 2895 Illud

700 2919 845 2970 enim
887 2919 988 2990 τὴν
1030 2922 1127 2991 οὐχ
1167 2919 1348 2995 ἦττον,
1387 2942 1489 2980 non
1546 2927 1775 2981 refertur
1818 2931 1883 2981 ad
1915 2945 2096 2982 vocem
2142 2934 2278 2999 ἡμε-

702 3013 892 3081 τέραν,
923 3003 1041 3082 qua:
1076 3015 1316 3082 pluribus
1348 3016 1468 3072 alits
1502 3017 1801 3087 interjectis
1835 3019 2102 3086 praecedit.
2134 3020 2272 3072 Prte-

705 3113 850 3157 terea
900 3104 1200 3161 Caesaream
1256 3109 1548 3180 Gregorius
1612 3112 1870 3166 doctrina:
1932 3113 2267 3182 tnetropolim

703 3203 891 3258 vocat,
937 3211 1041 3247 non
1087 3198 1211 3265 quia
1255 3200 1324 3253 ibi
1374 3199 1571 3255 litteris
1620 3217 1836 3268 operam
1881 3202 2131 3265 dederat,
2183 3204 2273 3257 sed

705 3282 830 3350 quia
864 3284 916 3336 in
946 3282 1046 3337 hac
1077 3287 1207 3340 urbe
1240 3287 1432 3342 litterae
1463 3289 1745 3345 ﬂorebant.

1348 3399 1573 3455 CAPUT
1614 3402 1674 3456 ll.

703 3490 742 3543 Ι.
777 3487 998 3562 sanctas
1013 3490 1236 3562 Basilius
1255 3509 1281 3545 ε
1301 3492 1633 3561 Cappadocia
1650 3493 2147 3562 Constantinoitolim
2163 3500 2274 3548 mit-

775 3551 926 3616 titur.
956 3561 1017 3615 ll.
1054 3561 1185 3615 lude
1214 3551 1442 3618 Athenas
1469 3567 1628 3618 venit.
1657 3563 1740 3618 ιιι.
1772 3551 2122 3632 ϐοηῇυηρἱιι·
2149 3569 2274 3616 ami-

776 3632 902 3682 citia
948 3648 1064 3683 cum
1095 3633 1343 3700 Gregorio
1379 3632 1735 3687 Naziameno.
1766 3633 1850 3687 IV.
1882 3635 2072 3686 liorarn
2104 3636 2274 3686 studia

775 3713 822 3751 et
884 3705 1122 3767 magistri
1179 3714 1224 3750 et
1277 3704 1641 3766 ctmttiscipuli.
1689 3702 1753 3755 Υ.
1803 3703 1994 3757 Scribit
2049 3703 2274 3757 Basilius

781 3769 1131 3832 Apollinario.
1160 3768 1275 3833 Quo
1307 3787 1444 3822 anno
1471 3772 1700 3824 Athenas
1731 3775 1953 3841 reliquit.

783 3857 826 3913 Ι.
862 3856 1072 3911 Nemini
1122 3859 1346 3912 cedebat
1414 3858 1641 3914 Basilius
1691 3861 1928 3928 corporis
1979 3862 2275 3928 pulchritu-

707 3951 832 4003 dine
860 3959 915 4003 et
947 3951 1140 4007 robore
1181 3965 1243 4004 ac
1271 3952 1610 4020 proceritate,
1642 3964 1926 4022 antequam
1963 3953 2111 4006 illum
2159 3969 2273 4022 poe—

705 4042 942 4095 nitentiae
989 4041 1198 4096 labores
1254 4042 1651 4105 debilitasseut;
1700 4045 1791 4097 sed
1842 4059 1961 4096 eum
2011 4045 2080 4097 ab
2126 4045 2270 4112 ejus-

707 4134 846 4186 modi
890 4135 1224 4188 ornamentis
1258 4134 1479 4188 laudare
1515 4136 1686 4189 noluit
1727 4136 2033 4202 Gregorius.
2075 4136 2270 4190 Liben-

707 4227 810 4280 tius
840 4239 1057 4280 enarrat
1089 4229 1164 4296 (ιι)
1199 4227 1340 4280 illitis
1383 4228 1434 4279 in
1471 4229 1665 4281 virtute
1700 4244 1760 4280 ac
1798 4229 1990 4280 litteris
2027 4242 2272 4296 progres-

704 4332 819 4370 sus.
849 4315 979 4369 Cum
1010 4327 1152 4370 esset
1185 4317 1468 4385 Cmsareze,
1512 4319 1705 4373 charus
1750 4319 2180 4386 eratmqualibus
2224 4327 2277 4371 et

704 4409 997 4478 magistris,
1026 4423 1086 4462 ac
1131 4409 1278 4463 brevi
1327 4419 1570 4478 tempore
1605 4425 1798 4479 magno
1833 4412 1883 4462 in
1927 4410 2101 4477 pretio
2132 4411 2270 4477 apud

705 4500 943 4567 plebeios
985 4509 1036 4553 et
1083 4499 1343 4565 primores
1391 4503 1625 4555 civitatis
1664 4520 1675 4554 :
1729 4504 1908 4556 rhetor
1962 4502 2101 4555 inter
2155 4506 2273 4556 rhe-

2501 589 2734 642 osopnne
2778 591 2995 640 operam
3051 595 3153 633 non
3191 581 3420 647 dedisse,
3467 590 3556 641 sed
3609 592 3744 647 hanc
3787 592 3956 646 disci-

2395 658 2596 720 plinant
2637 678 2753 716 cum
2787 665 3053 722 rhetorica
3090 669 3554 743 Constantinopoli
3591 679 3817 749 jungere
3844 701 3955 740 eua-

2387 765 2551 816 pisse.

2465 845 2521 898 Si
2567 847 2809 918 genuinm
2847 864 2972 906 sunt
3005 854 3214 922 scripta:
3245 857 3494 913 Basilium
3529 859 3668 914 inter
3695 871 3748 915 et
3794 862 3953 919 Liba-

2395 936 2539 990 nimn
2575 940 2787 1002 litterae,
2816 944 3034 1000 dubium
3068 963 3172 1000 non
3205 961 3286 1004 cst
3319 957 3444 1020 quin
3482 955 3625 1010 hunc
3656 955 3950 1022 sopbismm

2398 1026 2627 1085 Basilius
2654 1034 3111 1108 Constantinopoli
3140 1042 3434 1097 Studiorum
3465 1046 3669 1100 socium
3702 1047 3951 1100 habuerit

2391 1129 2486 1171 aut
2529 1125 3286 1191 magistrum.Commemorat
3332 1132 3586 1190 Libanius
3635 1137 3708 1206 (ὁ)
3763 1138 3950 1190 amici-

2388 1211 2516 1263 tiam
2553 1228 2974 1285 communesque
3003 1223 3238 1285 scholas,
3267 1222 3473 1294 sibique
3498 1228 3572 1281 ait
3601 1229 3668 1299 (ε)
3697 1230 3948 1284 Basiliam

2385 1301 2785 1362 adolescentem
2819 1309 3154 1366 admirationi
3196 1312 3387 1378 fuisse;
3431 1325 3540 1369 tum
3574 1321 3712 1386 quod
3746 1330 3950 1389 tempe-

2387 1393 2562 1444 rantia
2613 1414 2733 1450 cum
2767 1402 2983 1454 senibus
3018 1415 3278 1468 certaret,
3326 1407 3483 1475 idque
3526 1408 3577 1460 in
3614 1411 3745 1464 urbe
3794 1412 3949 1464 vuln--

2389 1485 2631 1551 ptatibus
2666 1489 2954 1557 dimuente,
2990 1502 3096 1546 turn
3150 1497 3290 1566 quod
3342 1512 3586 1566 magnam
3640 1501 3950 1569 disciplina-

2386 1590 2501 1627 rum
2551 1589 2758 1643 partem
2805 1581 2916 1647 jam
2971 1593 3077 1637 tum
3113 1595 3256 1642 esset
3298 1597 3640 1641 consecutus.
3676 1588 3778 1644 Sed
3825 1609 3947 1647 cum

2387 1665 2662 1736 Libanius,
2689 1674 2778 1740 qui
2811 1690 2951 1729 anno
2980 1674 3084 1729 3M
3115 1688 3271 1733 natus
3300 1689 3400 1745 est,
3431 1690 3639 1733 mature
3683 1682 3822 1735 inter
3859 1699 3947 1738 so-

2383 1757 2587 1823 phistas
2633 1777 2825 1817 nomen
2860 1767 3125 1828 habuerit,
3172 1785 3275 1822 non
3309 1772 3520 1825 videtur
3550 1770 3732 1826 Basilii
3776 1776 3946 1829 multo

2379 1847 2612 1916 junioris
2653 1850 2818 1907 fuisse
2867 1857 3282 1927 condiscipulus.
3331 1862 3687 1928 Quamobrem
3720 1865 3762 1918 si
3797 1875 3944 1919 tanta

2381 1942 2484 1993 fuit
2533 1943 2673 1996 inter
2737 1954 3020 2015 utrumque
3079 1952 3447 2021 necessitudo,
3491 1968 3689 2024 quanta
3739 1972 3803 2012 ex
3862 1960 3948 2014 his

2380 2034 2623 2099 epistolis
2672 2038 3014 2107 perspicitur,
3070 2056 3289 2097 necesse
3336 2057 3418 2098 est
3452 2058 3511 2102 ut
3544 2065 3665 2103 eum
3715 2049 3947 2106 Basilius

2380 2129 2610 2183 audierit.
2647 2130 3128 2202 Constantinopoli.
3170 2135 3275 2190 Sed
3313 2153 3433 2192 cum
3475 2143 3555 2196 ha:
3602 2145 3791 2198 littera:
3835 2159 3946 2198 non

2383 2215 2610 2284 levibus,
2655 2230 2713 2272 ut
2749 2219 2887 2275 inira
2921 2223 3205 2290 videbitur,
3236 2228 3635 2296 suspicionibus
3681 2234 3950 2301 laborent,

2380 2325 2484 2362 non
2537 2310 2764 2363 libenter
2818 2315 3134 2370 crediderim
3183 2318 3436 2387 quidquid
3498 2320 3706 2374 illartnn
3757 2324 3953 2379 nititur

2380 2403 2721 2465 auctoritate,
2771 2407 2868 2457 nisi
2908 2408 3029 2463 aliis
3080 2413 3397 2467 testimoniis
3441 2412 3811 2470 conﬁrmetur.
3846 2416 3951 2471 So-

2378 2504 2556 2546 crates
2607 2495 2822 2562 quidem
2861 2497 2938 2567 (d)
2975 2509 3027 2551 et
3061 2501 3391 2557 Sozomenus
3434 2504 3501 2575 (e)
3541 2515 3762 2560 narrant
3792 2504 3951 2561 Basi-

2381 2585 2505 2636 lium
2535 2600 2637 2638 una
2668 2599 2790 2639 cum
2829 2585 3092 2658 Gregorio
3131 2606 3348 2662 cperam
3391 2596 3690 2652 Antiochia:
3721 2591 3969 2652 Libanio'

2379 2679 2614 2735 dedisse.
2637 2680 2708 2734 At
2730 2695 2915 2735 eorum
2953 2683 3269 2739 manifestus
3294 2696 3374 2738 est
3405 2702 3581 2752 error,
3609 2704 3730 2743 eum
3756 2702 3949 2746 neuter

2380 2773 2721 2826 Antiochiam
2767 2775 3071 2829 studiorum
3107 2790 3268 2830 causa
3307 2777 3496 2842 iverit,
3552 2793 3650 2833 nec
3698 2780 3952 2835 dubitant

2380 2865 2579 2921 eruditi
2621 2866 2745 2932 viri,
2786 2869 2914 2937 quin
2951 2870 3049 2923 hos
3090 2867 3382 2935 scriptores
3420 2871 3653 2924 nominis
3695 2873 3954 2927 similitu-

2379 2956 2504 3010 dine
2553 2960 2822 3026 deceperit
2861 2959 3087 3014 Basilius
3121 2962 3290 3015 sancti
3335 2960 3554 3017 Joannis
3574 2964 3947 3036 Cbrysostomi

2380 3048 2608 3113 amicus,
2655 3064 2815 3118 quem
2874 3051 2996 3105 dum
3049 3052 3384 3108 confundunt
3424 3071 3541 3109 cum
3593 3056 3946 3124 Cmsariensi,

2378 3137 2694 3208 Gregorium
2731 3141 2779 3194 ei
2812 3141 3193 3210 adjunxernnt.
3245 3145 3357 3197 Non
3397 3148 3550 3199 video
3595 3162 3724 3215 ergo
3753 3149 3949 3216 quibus

2304 3252 2347 3311 ρ
2382 3231 2744 3285 monumentis
2781 3234 2946 3286 statui
2985 3236 3151 3301 possit
3187 3235 3437 3290 Basilium
3479 3237 3947 3307 Constantinopoli

2382 3336 2598 3391 operam
2631 3324 2841 3378 dedisse
2871 3324 3113 3379 Libanio.
3160 3325 3235 3380 Ne
3269 3327 3440 3396 ipsum
3477 3329 3690 3398 quidem
3739 3338 3950 3401 tempus

2382 3416 2659 3483 aptissime
2707 3419 3029 3484 quadraret,
3059 3420 3102 3472 si
3137 3418 3507 3486 Libanius,-ut
3540 3423 3751 3477 videtur
3783 3423 3948 3480 Tillc-

2381 3508 2603 3570 montio,
2651 3509 2717 3560 ab
2751 3525 2892 3562 anno
2932 3511 3037 3564 546
3073 3527 3241 3580 usque
3286 3515 3350 3565 ad
3393 3515 3490 3568 551
3545 3516 3810 3570 docuisset
3847 3515 3946 3569 Ni-

2379 3599 2652 3651 comedia‘.
2706 3599 2835 3650 Nam
2889 3604 3024 3653 intra
3078 3603 3178 3656 hoc
3231 3615 3437 3672 tempus
3484 3607 3731 3662 videntur
3776 3609 3944 3664 collo-

2379 3689 2550 3742 canda
2584 3687 2767 3741 Basilii
2799 3691 2970 3741 studia
3015 3692 3625 3762 Constantinopolitana.
3672 3698 3774 3750 Sed
3820 3713 3942 3752 cum

2383 3780 2638 3834 Libanius
2676 3780 3138 3850 (JortStantinopoli
3183 3783 3368 3850 pulsus
3414 3784 3572 3839 fuerit
3612 3803 3638 3839 a
3676 3787 3938 3851 Litnenio,

2379 3871 2467 3937 qui
2518 3869 2802 3937 praefectus
2855 3871 2972 3923 urbi
3029 3870 3126 3924 fuit
3174 3887 3200 3923 a
3245 3873 3417 3941 pridie
3462 3875 3584 3930 ldus
3628 3874 3796 3930 Julius
3839 3877 3944 3932 547

2385 3973 2555 4025 usque
2588 3957 2652 4009 ad
2687 3974 2735 4010 vt
2764 3957 2932 4024 April.
2959 3958 3083 4024 549,
3121 3957 3233 4013 ﬁeri
3289 3961 3459 4026 potuit
3491 3972 3568 4027 ut,
3602 3978 3664 4015 eo
3694 3965 3940 4030 docente,

2378 4046 2610 4100 Basilius
2665 4046 3184 4116 Constantinopolim
3235 4066 3376 4105 anno
3409 4053 3512 4106 διδ
3566 4069 3656 4106 aut
3699 4054 3804 4108 547
3851 4070 3945 4107 ve-

2379 4138 2550 4200 niret,
2591 4153 2843 4206 eumque,
2892 4146 2940 4189 ut
2991 4139 3129 4192 inter
3182 4141 3452 4208 50pltistas
3494 4145 3944 4210 Celeberritnum,

2375 4231 2603 4284 audiret.

2447 4322 2579 4376 Cum
2618 4322 2764 4376 brevi
2795 4331 3028 4392 tempore
3061 4321 3287 4376 Basilius
3317 4324 3368 4376 in
3395 4325 3495 4379 hac
3522 4327 3650 4380 urbe
3682 4329 3944 4383 maximas

2379 4416 2558 4470 laudes
2618 4418 2668 4468 in
2746 4415 3026 4469 rhetorica":
3094 4433 3156 4471 ac
3221 4418 3569 4486 philosophia:
3644 4420 3944 4488 disciplinis

2384 4508 2606 4574 adeptus
2637 4517 2782 4560 esset
2814 4506 2901 4576 (fi,
2944 4507 3155 4561 tandem
3195 4508 3431 4563 Athenas
3464 4511 3649 4577 petiit,
3694 4526 3810 4576 qua:
3845 4513 3941 4565 do-

706 4602 850 4645 lores
873 4593 1034 4647 etiam
1060 4604 1184 4645 ante
1209 4592 1535 4646 rhetoricam
1569 4594 1884 4654 exhedram,
1920 4593 2267 4664 philosorrhus
2303 4597 2344 4650 ι)
2384 4601 2638 4654 micilitnn
2679 4610 2731 4652 et
2768 4600 2921 4653 sedes
2949 4602 3251 4654 litterarum
3287 4601 3637 4656 habebantur.
3673 4603 3818 4658 Illius
3849 4607 3943 4658 ad-

704 4683 844 4735 inter
879 4683 1220 4752 philosophos
1262 4684 1422 4736 etiam
1459 4692 1584 4736 ante
1627 4683 1980 4753 philosophia:
2030 4686 2267 4748 decreta,

705 4785 755 4829 et
786 4776 925 4842 quod
967 4777 1258 4828 maximum
1309 4785 1424 4840 est,
1475 4774 1797 4829 Christianis
1851 4775 2102 4830 sacerdos
2149 4785 2274 4830 ante

706 4867 1087 4921 sacerdotium.
1118 4868 1266 4920 Adeo
1311 4882 1500 4922 omnes
1533 4867 1681 4920 illum
1731 4869 2088 4921 mirabantur.
2133 4867 2275 4921 Prae-

705 4959 921 5024 cipuum
956 4958 1095 5010 illius
1124 4958 1363 5012 studium
1402 4975 1505 5012 non
1541 4971 1695 5013 erant
1722 4959 1928 5023 litterie,
1969 4961 2059 5014 sed
2092 4961 2268 5028 philo-

705 5050 888 5116 sophia
914 5048 1238 5111 Christiana,
1275 5052 1338 5102 ad
1378 5067 1536 5118 quam
1577 5049 1781 5112 litteras
1816 5051 2104 5105 referebat.

775 5140 902 5192 .nde
939 5141 1457 5209 Constantinopolim
1492 5142 1738 5203 mittitur,
1767 5159 1885 5211 qua:
1916 5143 2106 5196 civitas
2140 5145 2269 5198 rh»-

707 5230 912 5282 toribus
941 5247 1003 5283 ac
1051 5231 1378 5300 philosophis
1409 5235 1862 5299 praestantissimis
1909 5232 2153 5296 ﬂorebat,
2189 5236 2269 5287 itt-

705 5323 815 5386 quit
852 5319 1179 5388 Gregorius:
1213 5324 1365 5389 cujus
1402 5339 1467 5377 ex
1513 5324 1819 5376 testimonio
1850 5333 1900 5376 ct
1931 5339 1994 5375 ex
2027 5325 2266 5390 superio-

709 5415 852 5464 ribus
903 5428 973 5464 vet
999 5414 1112 5478 bi..,
1163 5415 1495 5482 philosophus
1551 5416 1710 5466 etiam
1757 5426 1872 5467 ante
1923 5413 2265 5481 philosophia:

705 5505 934 5565 decreta,
986 5506 1337 5572 perspicimus
1378 5506 1627 5559 Basiliutn
1667 5507 1719 5560 in
1767 5507 1896 5560 urbe
1950 5506 2264 5562 Ctesariensi

775 5685 850 5749 ((ι)
891 5682 983 5736 0r.
1010 5685 1100 5738 ‘20.

777 5757 847 5819 (bl
893 5754 1054 5819 Epist.
1081 5757 1184 5807 3.13
1211 5768 1260 5810 et
1292 5759 1410 5811 558.

778 5823 846 5890 (ς)
891 5823 984 5892 Ep.
1013 5826 1134 5880 3.30.

2383 4700 2595 4743 ventum
2634 4691 2771 4741 fama
2830 4691 3132 4757 nuntiavit,
3178 4707 3547 4759 summamque
3581 4695 3941 4761 exspeclalio-

2381 4798 2502 4836 nem
2538 4781 2788 4834 omnibus
2834 4783 3018 4847 movit,
3068 4785 3332 4851 praecipue
3379 4799 3507 4836 vero
3538 4783 3796 4854 Gregorio
3839 4784 3942 4838 Na-

2379 4872 2657 4936 zianzeno,
2692 4872 2778 4937 qui
2816 4871 2970 4939 paulo
3012 4883 3135 4925 ante
3187 4873 3236 4924 in
3269 4873 3408 4927 hanc
3445 4875 3629 4927 urbem
3663 4889 3782 4929 sese
3811 4890 3942 4928 con-

2382 4962 2598 5026 tulerat,
2631 4976 2691 5014 ac
2725 4961 2978 5014 Basilium
3018 4962 3276 5016 Caesarem
3305 4975 3650 5028 cognoverat.
3686 4963 3796 5017 Mos
3825 4975 3943 5017 erat

2378 5054 2620 5114 Athenis,
2667 5062 2725 5105 ut
2775 5052 3171 5114 adolescentes,
3201 5052 3325 5104 dum
3360 5056 3555 5108 scholae
3600 5068 3710 5107 suae
3751 5069 3944 5107 nume-

2385 5159 2500 5196 rum
2536 5157 2732 5211 augere
2762 5152 2817 5195 et
2857 5145 2935 5195 sui
2982 5143 3207 5211 quisque
3241 5144 3493 5210 sopbist
3525 5161 3630 5197 tera
3681 5144 3941 5213 ampliare

2382 5233 2626 5302 cupiunt,
2678 5244 3122 5303 praeoccuparem
3163 5234 3342 5297 urbes,
3392 5237 3524 5298 vias,
3558 5236 3816 5289 montium
3847 5250 3937 5288 ca-

2381 5326 2615 5388 cumina,
2647 5341 2888 5394 campos,
2919 5325 3252 5390 solitudines,
3283 5341 3467 5378 omnes
3493 5327 3721 5395 denique
3748 5327 3938 5381 Attica:

2381 5432 2441 5468 ac
2476 5416 2694 5483 reliqua:
2737 5417 2958 5470 Graecia
3003 5427 3207 5483 partes,
3250 5426 3411 5483 atque
3454 5417 3594 5484 ipsos
3638 5419 3797 5471 etiam
3849 5419 3933 5470 iu-

2388 5507 2553 5572 colas,
2579 5523 2806 5575 quorum
2837 5509 3122 5562 maximam
3153 5520 3358 5577 partem
3387 5512 3436 5564 in
3476 5527 3566 5565 sua
3597 5511 3770 5566 studia
3796 5511 3937 5570 scin-

2457 5688 2532 5756 (d)
2576 5690 2688 5742 Lib.
2721 5705 2791 5752 tv,
2823 5707 2869 5744 c.
2894 5689 2978 5741 26.

2459 5759 2526 5826 (ei
2566 5758 2678 5810 Lib.
2709 5775 2780 5819 vr,
2814 5777 2858 5812 (ι.
2890 5761 2972 5811 17,

2459 5837 2523 5898 cf)
2571 5829 2694 5883 δίη.
2725 5840 2860 5882 orat.
2885 5828 2972 5887 ‘20.
