4206 6486
1566 423 1721 478 vm
1767 421 1821 476 s.
1865 419 2130 474 BASILII.
2317 478 2323 494 τ
3399 425 3447 462 χι

226 541 433 595 debant.
485 538 552 593 L't
607 540 848 609 quisque
878 550 1071 609 _autem
1113 539 1370 607 jnvcnnm
1421 539 1655 592 Athenas
1702 552 1792 591 τε·
1823 541 1864 595 Α
1898 549 1949 590 et
1983 535 2216 590 studium
2259 533 2429 585 virtus
2465 540 2581 583 erat
2615 551 2624 583 :
2667 541 2890 597 uterque
2924 531 3075 584 alteri
3112 545 3292 582 norma
3336 541 3450 582 erat

222 634 413 692 niebat,
439 632 627 684 statim
667 647 794 685 eum
830 632 913 685 vel
961 632 1008 684 vi
1051 630 1134 683 vel
1179 639 1368 692 sponte
1403 645 1553 683 suum
1607 628 1782 682 facere

219 725 564 778 conabantur.
603 720 655 775 Is
706 725 938 791 primum
989 721 1124 790 apud
1173 736 1356 774 eorum
1407 721 1658 789 aliquem,
1692 720 1780 788 qui

221 816 416 879 priores
457 829 582 868 eum
640 823 934 882 ceperant,
981 813 1211 881 hospitio
1249 812 1638 880 excipiebatur,
1670 812 1782 865 sive

219 907 412 958 amicus
460 913 634 965 esset,
685 906 799 959 sive
833 904 1181 973 propinquus,
1227 904 1340 957 sive
1371 904 1523 969 civis,
1569 903 1683 956 sive
1713 918 1778 956 ex

219 1012 392 1048 eorum
439 1011 700 1059 nurnero,
741 997 829 1064 qui
879 994 1135 1048 mercedis
1185 996 1300 1048 loco
1345 993 1600 1060 sophistis
1645 994 1782 1047 hanc

219 1086 435 1155 augendi
484 1102 682 1140 eorum
739 1088 872 1140 lucri
907 1101 1090 1138 curam
1139 1086 1531 1155 persolvebant.
1581 1085 1782 1139 Deinde

223 1178 473 1231 conviciis
500 1194 528 1229 a
566 1178 816 1246 quolibet
860 1177 1244 1244 lacessebatur,
1274 1186 1322 1231 et
1359 1192 1452 1245 per
1499 1176 1670 1230 forum
1716 1177 1782 1229 ad

223 1266 459 1320 balneum
513 1282 642 1321 eum
712 1281 899 1336 pompa
963 1266 1347 1320 deducebatur.
1402 1264 1594 1335 quuis
1640 1267 1780 1319 enim

222 1360 396 1423 spatiis
431 1359 578 1412 inter
621 1373 686 1412 se
729 1357 999 1421 distincti,
1047 1358 1157 1411 bini
1199 1372 1319 1410 eum
1373 1357 1778 1412 antecedebant.

222 1446 501 1517 Postquam
550 1459 739 1502 autem
786 1450 1004 1518 propius
1051 1461 1426 1512 accesserant,
1480 1460 1589 1503 tum
1655 1463 1783 1502 vero

221 1545 360 1609 quasi
395 1542 580 1596 furore
608 1544 846 1611 correpti
883 1544 1171 1605 saltabant,
1199 1555 1254 1596 et
1289 1545 1521 1598 maximo
1549 1545 1784 1600 clamore

222 1636 424 1688 sublato
469 1636 676 1689 sistere
708 1635 984 1702 jnbebant,
1025 1650 1122 1690 nec
1162 1635 1243 1690 fas
1274 1652 1394 1690 esse
1429 1639 1629 1706 ingredi
1658 1656 1671 1691 :
1705 1638 1782 1690 si-

223 1726 426 1794 miilque
461 1726 702 1792 pulsatis
733 1728 913 1795 januis
938 1728 1186 1794 juvenem
1222 1728 1522 1792 terrebant,
1570 1742 1632 1780 ac
1668 1735 1784 1780 tan-

221 1820 328 1868 dem
373 1815 521 1869 aditu
578 1833 840 1872 concesso
887 1820 936 1871 in
986 1818 1286 1870 libertatem
1336 1817 1675 1881 asserebant,
1723 1831 1786 1872 ac

1887 638 1941 679 et
1977 625 2154 694 regula
2193 622 2424 676 vivendi.
2451 632 2502 674 et
2539 622 2664 690 quid
2701 631 2902 674 rectum
2938 636 3103 675 necne
3136 622 3207 675 sit
3252 623 3451 674 discer-

1892 716 2076 770 nendi.
2103 713 2285 780 Neque
2314 728 2376 766 ex
2413 710 2683 765 sodalibus
2721 712 2771 762 in
2811 725 2960 763 suam
3011 711 3449 764 consuetudinem

1889 806 2263 866 asciscebant,
2314 802 2413 858 nisi
2459 801 2546 870 qni
2590 801 2876 856 castissimi
2921 810 2975 854 et
3002 801 3327 869 pacatissimi
3365 816 3452 853 es-

1889 905 2026 952 sent.
2059 897 2181 949 Duae
2220 893 2322 947 illis
2373 903 2510 946 notae
2574 901 2725 946 erant
2767 893 2896 956 vite,
2946 891 3111 944 altera
3160 893 3224 942 ad
3272 905 3455 943 sacras

1887 990 2029 1042 aedes
2082 986 2555 1047 Christianorum,
2611 983 2776 1036 altera
2825 984 2889 1035 ad
2939 983 3151 1038 scholas
3202 982 3448 1036 ducens:

1889 1085 2046 1148 festa,
2098 1084 2328 1143 theatra,
2380 1081 2618 1134 celebres
2668 1087 2962 1132 conventus
3006 1087 3059 1129 et
3110 1075 3354 1129 convivia
3391 1074 3452 1125 li-

1891 1177 2075 1229 benter
2125 1172 2245 1226 aliis
2300 1171 2692 1239 relinquebant.
2747 1169 2888 1224 Nihil
2943 1168 3129 1237 majori
3182 1170 3448 1223 ducebant

1891 1267 2052 1329 laudi,
2084 1280 2241 1334 quam
2281 1274 2335 1316 ut
2372 1261 2664 1316 Christiani
2696 1273 2879 1316 essent
2910 1271 2962 1314 et
2994 1263 3402 1315 nominarentur
3431 1279 3444 1312 :

1890 1366 1943 1408 et
1982 1358 2033 1408 in
2080 1368 2143 1407 ea
2196 1356 2348 1412 urbe.
2398 1367 2515 1421 qua:
2570 1350 2875 1404 simulacris
2923 1367 2983 1404 ac
3037 1350 3448 1404 simulacrorum

1890 1444 2252 1501 laudatoribus
2310 1455 2363 1497 et
2419 1443 2654 1512 patronis
2716 1442 3060 1504 abundabat,
3120 1455 3219 1495 non
3292 1442 3447 1494 modo

1892 1538 2036 1593 nulla
2074 1551 2290 1606 prorsus
2321 1549 2450 1587 aura
2493 1533 2892 1602 superstitionis
2929 1531 3092 1585 aﬂlati
3147 1540 3306 1596 sunt,
3354 1531 3448 1584 sed

1891 1626 2051 1681 etiam
2101 1623 2285 1679 fraude
2325 1622 2491 1676 oculis
2539 1623 2652 1675 suis
2699 1622 2811 1676 visa
2863 1637 2924 1675 ac
2982 1631 3293 1689 perspecta,
3341 1619 3447 1673 illic

1890 1718 2160 1771 dannones
2205 1717 2434 1770 maxime
2464 1722 2921 1782 contempserunt,
2956 1713 3042 1767 ubi
3083 1713 3316 1765 maxime
3361 1727 3449 1765 co—

1893 1807 2152 1862 lebantur.
2184 1806 2390 1860 Eximia
2421 1805 2598 1859 Basilii
2627 1814 2676 1858 et
2713 1802 2952 1873 Gregorii
2987 1802 3293 1870 coniunctio
3321 1817 3447 1857 con-

220 1909 462 1974 deinceps
495 1907 769 1960 sodalium
802 1921 1019 1960 numero
1053 1908 1441 1962 ascribebatur.
1473 1904 1782 1976 Gregorius,
1816 1893 1856 1951 B
1887 1899 2103 1954 flaverat
2135 1899 2276 1951 circa
2306 1911 2396 1950 eos
2432 1895 2593 1948 veluti
2642 1895 2908 1962 quoddam
2961 1893 3256 1946 amicorum
3307 1893 3443 1946 idem

222 1996 302 2062 qui
354 1995 615 2050 Basilium
676 1999 1038 2062 reverebatur,
1094 2013 1298 2052 morum
1356 1997 1671 2066 gravitatem
1731 2007 1786 2050 et

220 2101 521 2141 sermonum
574 2089 919 2158 prudentiam
968 2089 1184 2153 videns,
1235 2090 1297 2143 iis
1345 2091 1435 2158 qui
1485 2089 1628 2144 illum
1681 2105 1784 2144 non

223 2189 474 2232 noverant
509 2180 811 2247 persuasit,
859 2188 911 2231 ut
950 2179 1087 2231 idem
1131 2182 1196 2234 de
1238 2180 1325 2234 illo
1361 2181 1641 2234 sentirent.
1686 2181 1786 2234 Ita-

221 2283 318 2332 que
348 2270 494 2324 solos
526 2270 646 2323 fere
676 2285 741 2322 ex
788 2268 1036 2323 omnibus
1067 2270 1288 2326 advenis
1322 2284 1658 2324 communem
1702 2270 1783 2323 le-

221 2376 334 2427 gem
369 2360 586 2428 effugit.

287 2449 363 2503 ΙΙΙ.
409 2451 687 2504 Amicitize
720 2450 1034 2521 Gregorium
1087 2452 1227 2506 inter
1254 2462 1308 2505 et
1352 2450 1605 2506 Basiliuia
1654 2453 1786 2521 igni-

223 2542 318 2594 culi
366 2543 489 2597 inde
538 2543 916 2608 emicuerunt,
959 2559 1022 2597 ac
1057 2544 1212 2612 paulo
1263 2555 1382 2613 post
1431 2546 1481 2599 in
1536 2561 1783 2616 magnam

227 2632 386 2685 facem
443 2649 588 2687 novo
665 2634 908 2703 Gregorii
973 2633 1233 2688 beneficio
1287 2648 1592 2693 creverunt.
1646 2638 1779 2692 Nam

224 2737 338 2776 cum
361 2725 612 2778 Armenii
649 2727 890 2792 quidam,
925 2724 1050 2778 olim
1087 2725 1267 2780 Basilii
1302 2731 1400 2781 sub
1436 2729 1602 2798 ipsius
1637 2739 1788 2798 patre

222 2813 603 2882 condiscipuli,
638 2813 779 2866 illius
815 2812 997 2868 laudes
1037 2814 1232 2869 invidis
1258 2816 1425 2871 oculis
1460 2817 1786 2888 aspicerent,

223 2917 442 2972 eumque
476 2904 600 2958 suis
628 2906 1149 2974 argumentationum
1189 2908 1341 2962 tricis
1372 2923 1567 2977 capere
1617 2920 1790 2964 tenta-

233 3004 364 3053 rent.
416 2990 747 3062 Gregorius,
800 2994 888 3062 qui
945 2995 1126 3062 gloria:
1187 2996 1512 3051 Athenarum
1567 3001 1790 3068 cupidus

229 3091 358 3145 erat,
385 3086 600 3138 veritus
632 3099 699 3138 ne
730 3084 858 3152 quid
892 3085 1079 3138 civitas
1122 3088 1400 3140 dedecoris
1428 3087 1712 3156 acciperet,
1744 3089 1789 3143 si

229 3188 386 3228 novus
447 3175 644 3230 accola
717 3175 1046 3242 antiquiores
1114 3186 1422 3243 superaret,
1471 3180 1642 3246 primo
1685 3179 1783 3234 Ar-

231 3264 410 3317 meniis
445 3280 612 3331 Opem
649 3265 882 3325 ferebat;
913 3272 964 3316 at
1000 3264 1085 3317 ubi
1132 3266 1391 3332 perfidum
1425 3268 1633 3322 illorum
1665 3285 1792 3326 con-
1820 3253 1861 3310 (δ

229 3351 394 3403 silium
439 3351 742 3419 perspexit,
771 3361 936 3406 totum
967 3369 1025 3409 se
1064 3355 1128 3407 ad
1180 3355 1433 3411 Basilium
1465 3362 1660 3426 vertit,
1705 3378 1794 3418 eo-

230 3454 324 3506 que
367 3441 666 3510 adjuvante
713 3441 953 3498 Armenii
1010 3446 1220 3515 penitus
1264 3449 1386 3504 fusi.
1441 3450 1568 3506 lude
1606 3452 1793 3507 Arme-

231 3543 430 3582 rnorum
473 3530 574 3583 ira!
604 3541 657 3584 et
687 3531 980 3587 inimicitia:
1014 3536 1062 3587 in
1097 3534 1435 3604 Gregorium,
1467 3553 1523 3593 ιιι
1558 3555 1710 3594 suum
1741 3550 1795 3594 et

231 3622 368 3677 urbis
391 3625 754 3692 proditorem.
783 3624 1032 3679 Basiliam
1068 3638 1244 3681 autem
1279 3631 1609 3683 Athenarum
1645 3630 1794 3683 fasti-

231 3713 365 3766 dium
411 3715 605 3782 cepit,
653 3718 774 3782 quia
826 3732 946 3769 cum
986 3733 1174 3785 magna
1226 3720 1404 3771 omnia
1454 3719 1552 3773 sibi
1597 3719 1663 3775 de
1696 3721 1796 3776 hac

232 3804 354 3856 urbe
390 3806 674 3866 ﬁnxisset,
728 3805 988 3858 minorem
1024 3810 1426 3874 exspectatione
1473 3813 1790 3880 reperiebat.

232 3889 404 3961 Itaque
442 3909 634 3962 parum
679 3895 778 3948 sibi
818 3897 1001 3950 beatus
1045 3899 1322 3966 videbatur
1353 3902 1492 3969 quod
1539 3903 1794 3966 venisset,

231 3992 280 4034 et
324 3984 547 4037 inanem
598 3985 905 4041 felicitatem
941 3987 1179 4043 Athenas
1217 3992 1454 4046 vocabat.
1495 3991 1628 4045 Tum
1663 3992 1795 4047 Gre-

232 4076 409 4142 gorius
464 4076 606 4130 illius
640 4093 922 4131 nmrorem
967 4079 1204 4131 consiliis
1249 4080 1359 4132 suis
1394 4083 1678 4147 abstersit,
1719 4085 1796 4138 ei-

232 4183 326 4234 que
359 4170 640 4236 persuasit
681 4184 778 4220 nec
809 4169 1082 4221 hominum
1132 4185 1308 4222 mores
1348 4172 1495 4225 brevi
1532 4183 1788 4242 tempore,

235 4274 323 4312 nec
363 4259 672 4312 doctrinam
708 4269 762 4311 et
796 4259 1151 4315 eruditionem
1199 4262 1388 4316 leviter
1434 4263 1788 4333 degustando,

233 4352 315 4405 sed
346 4351 440 4406 diu
491 4350 826 4421 multumque
870 4354 1145 4421 probando
1184 4366 1234 4409 et
1274 4355 1623 4425 periclitando
1656 4359 1794 4424 diju-

236 4446 428 4501 dicari.
465 4444 557 4500 Sic
597 4445 734 4499 inter
762 4461 854 4500 eos
890 4447 1058 4516 magis
1097 4463 1156 4500 ac
1194 4449 1360 4516 magis
1397 4451 1796 4505 devinciebatnr

236 4539 464 4593 amicitia
495 4536 686 4592 dandis
713 4546 765 4590 et
796 4538 1120 4607 accipiendis
1161 4540 1544 4595 benevolentia:
1575 4541 1784 4610 signifi-

234 4629 550 4681 cationibns.

293 4714 590 4787 Postquam
642 4726 820 4771 autem
871 4720 968 4772 sibi
1027 4721 1254 4773 invicem
1301 4739 1559 4792 aperuere
1612 4725 1788 4776 consi-

237 4806 359 4861 lium
405 4809 791 4877 amplectenda:
839 4811 1217 4881 philosophia,
1276 4823 1384 4866 tum
1436 4832 1560 4868 vero
1603 4826 1792 4868 contn-

233 4898 474 4956 bernales
501 4912 555 4955 et
588 4902 920 4955 convictores
953 4902 1121 4967 fuere,
1163 4920 1224 4957 ac
1258 4915 1401 4957 tanta
1450 4909 1546 4962 fuit
1590 4909 1793 4962 animo-

237 5008 346 5046 rum
382 5003 437 5044 et
483 4993 533 5045 in
571 4993 762 5049 litteris
803 5003 856 5047 et
908 4995 956 5046 in
996 4997 1279 5049 virtutibus
1316 5001 1620 5053 eXcolendis
1659 5017 1792 5054 con-

236 5086 432 5143 sensio,
463 5094 517 5135 ut
551 5101 650 5136 una
690 5089 903 5153 utrique
931 5087 1107 5139 anima
1156 5091 1330 5143 inesse
1367 5091 1653 5158 videretur,
1684 5095 1787 5146 duo

237 5187 455 5240 wrpora
503 5172 704 5227 ferens.
748 5172 852 5227 Par
892 5185 1006 5227 erat
1039 5178 1269 5231 studium
1305 5178 1659 5247 adipiscenda:
1700 5184 1792 5236 d0-

235 5265 437 5327 ctrinm,
483 5265 576 5318 sed
639 5266 829 5319 aberat
892 5269 1108 5320 invidia.
1164 5268 1452 5322 Certabant
1511 5289 1610 5325 non
1677 5284 1796 5327 nter

236 5370 430 5422 prunas
469 5359 711 5423 haberet,
741 5359 834 5412 sed
868 5369 987 5413 uter
1018 5361 1173 5414 alteri
1200 5363 1535 5416 concederet.
1565 5365 1799 5434 Uterque

237 5444 409 5501 laudes
442 5450 667 5507 alterius
708 5466 836 5506 suas
881 5451 1126 5507 ducebat.
1180 5453 1349 5507 Unum
1404 5457 1612 5522 utrique
1664 5476 1796 5528 opus

301 5718 372 5792 (ᾳ)
404 5717 618 5792 _S_ocra_t.
655 5718 690 5772 l.
727 5735 799 5784 tv,
835 5737 880 5777 c.
916 5725 983 5778 26
1011 5742 1023 5789 ;
1056 5724 1266 5780 Sozam.
1307 5728 1340 5779 l.
1377 5744 1446 5792 rt,
1476 5746 1520 5782 ς.
1567 5731 1643 5782 l7.

299 5788 369 5850 (bl
401 5788 487 5853 I'Ip.
525 5790 614 5840 64.

293 5857 360 5915 (ιι
389 5857 484 5926 Ep.
524 5859 654 5915 272.

1889 1989 2231 2046 sentientium
2286 1987 2626 2051 sodalitium,
2677 1986 2829 2054 cujus
2881 1986 2988 2039 dux
3040 1994 3093 2038 et
3145 1995 3443 2052 praeceptor

1892 2081 2136 2136 Basilius.
2169 2077 2279 2132 Non
2336 2078 2553 2131 dubium
2590 2079 2717 2147 quin
2770 2076 3009 2146 ejusdem
3071 2076 3296 2145 agminis
3344 2076 3447 2129 dux

1892 2173 2023 2227 alter
2053 2172 2318 2226 exstiterit
2365 2170 2677 2239 Gregorius,
2722 2169 2967 2238 quamvis
2999 2168 3066 2221 de
3114 2185 3170 2222 se
3215 2171 3327 2237 ipse
3369 2179 3449 2222 ta-~

1892 2271 2027 2316 ceat.
2073 2260 2197 2315 Inde
2247 2261 2462 2324 evenit,
2515 2275 2572 2315 ut
2605 2261 2876 2329 egregium
2918 2260 3044 2313 illud
3102 2275 3197 2328 par
3251 2261 3453 2314 amico-

1892 2369 2009 2407 rum
2040 2368 2142 2406 non
2189 2354 2240 2406 in
2276 2353 2476 2408 Graecia
2508 2352 2705 2415 solum,
2752 2353 2846 2407 sed
2894 2353 3054 2406 etiam
3102 2363 3253 2407 extra
3302 2351 3453 2408 Grat-

1893 2449 2028 2502 ciam
2063 2447 2443 2510 celebraretur,
2484 2455 2537 2500 et
2578 2461 2696 2498 cum
2729 2461 2913 2498 eorum
2963 2446 3200 2513 magistri
3249 2444 3445 2499 famam

1894 2542 2218 2596 Athenarum
2271 2539 2647 2607 adzequarent,
2696 2539 2795 2605 ipsi
2847 2551 3098 2606 quoque,
3146 2537 3449 2606 ubicunque

1893 2632 2002 2686 noti
2050 2639 2202 2684 erant
2247 2629 2531 2698 magistri,
2572 2631 2621 2682 in
2665 2629 2940 2684 hominum
2974 2644 3068 2684 ore
3118 2639 3457 2685 versarentur

1893 2734 1945 2777 et
1992 2720 2165 2776 Oresti
2217 2736 2278 2775 ac
2336 2720 2519 2791 Pyladi
2573 2721 2727 2790 longe
2803 2722 2868 2774 ab
2920 2720 3170 2775 omnibus
3231 2720 3458 2775 ortefer-

1897 2823 2098 2867 rentur.

1966 2905 2051 2960 IV.
2099 2903 2192 2958 llis
2249 2903 2504 2973 praeditus
2570 2911 2685 2956 erat
2757 2903 2996 2958 moribus
3060 2902 3320 2965 Basilius,
3367 2903 3454 2970 qui

1897 2997 2060 3050 etiam
2095 2996 2209 3050 sine
2237 2996 2483 3050 doctrina
2517 2994 2728 3048 laudem
2757 2994 3106 3060 habuissent;
3143 2993 3233 3049 sed
3265 2993 3329 3047 ad
3363 2994 3457 3047 hos

1898 3102 2074 3142 mores
2113 3096 2167 3140 et
2199 3086 2273 3158 (p.
2300 3086 2426 3156 555)
2467 3087 2737 3157 egregiam
2776 3085 3007 3142 indolem
3046 3095 3190 3139 tanta
3234 3083 3460 3139 accessit

1898 3179 2152 3234 doctrina:
2182 3180 2354 3247 copia,
2403 3188 2459 3232 ut
2507 3194 2663 3232 nemo
2694 3193 2813 3231 cum
2842 3192 2904 3230 eo
2948 3178 3346 3246 comparandus
3371 3189 3458 3229 es-

1897 3285 2009 3335 set,
2056 3272 2170 3327 sive
2216 3273 2265 3323 in
2305 3272 2607 3334 rhetorica,
2661 3272 2772 3324 sive
2818 3270 2870 3323 in
2927 3269 3294 3339 grammatica,
3340 3282 3457 3334 qua:

1897 3364 2133 3433 linguam
2169 3362 2232 3416 ad
2267 3361 2617 3418 Graecismum
2654 3363 2878 3419 format.
2925 3360 3177 3414 historias
3223 3358 3456 3426 colligit,

1899 3460 2084 3511 metris
2116 3470 2330 3524 przeest,
2366 3467 2418 3510 et
2450 3456 2781 3510 carminibus
2816 3455 2958 3527 leges
2984 3453 3310 3524 praescribit;
3347 3452 3459 3504 sive

1897 3549 1949 3600 in
1995 3548 2243 3602 omnibus
2283 3548 2631 3618 phil050phia‘:
2683 3549 2936 3616 partibus.
2996 3545 3071 3599 Ne
3114 3539 3459 3611 geometriam

1899 3640 2115 3708 quidem
2148 3649 2202 3694 et
2239 3641 2633 3694 astronomiam
2665 3654 2725 3694 ac
2771 3638 3166 3692 arithmeticam
3213 3634 3460 3704 neglexe-

1897 3740 2000 3795 rat,
2037 3732 2128 3786 sed
2167 3733 2230 3785 iis
2265 3733 2464 3786 relictis
2503 3748 2620 3800 quze
2651 3733 2715 3786 ad
2763 3733 3010 3800 pietatem
3057 3729 3314 3797 prodesse
3359 3743 3462 3780 non

1899 3829 2164 3886 poterant,
2211 3830 2414 3872 tantum
2447 3821 2547 3873 sibi
2577 3836 2641 3872 ex
2682 3821 2763 3873 his
2812 3820 3105 3889 disciplinis
3137 3826 3462 3884 sumpserat,

1897 3920 2154 3977 quantum
2189 3911 2319 3964 satis
2367 3922 2520 3973 erat,
2561 3922 2616 3964 ut
2645 3912 2711 3964 ab
2747 3911 2828 3965 his
2869 3913 2958 3980 qui
3005 3928 3122 3965 sese
3154 3912 3204 3964 in
3240 3912 3336 3964 hoc
3371 3925 3461 3980 ge-

1899 4017 2023 4053 nere
2071 4001 2435 4067 venditabant,
2476 4003 2738 4073 exagitari
2775 4020 2877 4056 non
2913 4012 3111 4071 posset.
3148 4000 3462 4055 Medicinam

1899 4101 2072 4145 autem
2119 4094 2329 4146 videtur
2377 4095 2618 4164 apprime
2668 4095 2940 4155 calluisse,
2993 4105 3273 4162 propterea
3322 4091 3463 4163 quod

1900 4183 2037 4236 hanc
2067 4185 2138 4236 illi
2187 4197 2354 4237 artem
2399 4186 2642 4254 perpetui
2693 4186 2862 4239 morbi
2894 4196 2946 4238 et
2981 4186 3339 4239 necessariam
3389 4183 3465 4237 fe-

1899 4288 2115 4339 cerant,
2152 4290 2203 4329 et
2245 4278 2307 4330 ad
2345 4278 2552 4330 facilius
2586 4278 2984 4348 percipiendam
3024 4279 3356 4348 profuerant.

1972 4366 2262 4421 llitnerinm
2301 4381 2350 4420 et
2376 4368 2770 4422 Prohairesium
2802 4370 3024 4421 Athenis
3053 4370 3337 4423 audierunt
3361 4369 3465 4421 Ba-

1900 4460 2049 4513 silius
2081 4471 2128 4512 et
2167 4459 2455 4527 Gregorius
2497 4459 2594 4529 (ιι),
2647 4459 2919 4526 sophistas
2977 4459 3134 4528 longe
3172 4459 3464 4511 celeberri-

1901 4563 2034 4601 mos.
2081 4547 2151 4599 Ex
2201 4548 2382 4598 Basilii
2408 4546 2604 4598 litteris
2638 4550 3011 4617 cognoscimus
3043 4563 3162 4600 cum
3199 4565 3224 4598 a
3259 4551 3462 4602 teneris

1905 4640 2136 4692 amicitia
2172 4639 2510 4704 conjunctttttt
2541 4638 2704 4692 fuisse
2735 4656 2854 4691 cum
2880 4639 3146 4708 llesychio
3174 4653 3226 4693 et
3256 4641 3460 4694 Tereu—

1905 4737 1974 4785 tio
2009 4736 2100 4801 (In,
2141 4747 2258 4784 cum
2306 4733 2609 4800 Supltronio
2663 4733 2956 4786 olliciornm
3021 4735 3275 4802 magistro
3309 4735 3377 4803 (ε)
3415 4747 3466 4788 ct

1903 4823 2372 4888 Ensebioqnodam
2396 4826 2644 4892 episcOpo
2680 4826 2776 4893 (tl).
2819 4825 3078 4878 (Latsarere
3104 4827 3343 4880 eamdem
3376 4828 3471 4878 do-

1905 4929 2048 4966 mum
2083 4915 2266 4967 [tabuit
2298 4933 2359 4968 ac
2389 4916 2472 4968 ille
2509 4915 2828 4984 Hesychius.
2858 4918 2989 4968 Cum
3024 4917 3251 4970 Eusebio
3282 4919 3462 4971 omnia

1905 5005 1950 5056 ei
1973 5005 2275 5058 communia
2306 5004 2536 5059 fuertmt.
2584 5005 2688 5059 Sed
2713 5022 2815 5073 qua
2856 5008 2905 5059 in
2954 5007 3083 5060 urbe
3118 5009 3275 5060 simul
3321 5012 3465 5060 vixe-

1908 5097 2032 5158 rint,
2058 5111 2278 5162 prorsus
2317 5098 2604 5150 nescimus.
2626 5098 2780 5152 Celso
2811 5097 3019 5151 Libanii
3055 5099 3315 5167 discipulo
3341 5114 3461 5166 ρει-

1905 5190 2073 5242 suasit
2107 5188 2334 5241 Basilius
2369 5196 2424 5240 ut
2447 5203 2628 5241 secum
2668 5190 2906 5241 Athenas
2955 5191 3163 5242 veniret
3195 5191 3286 5259 (e),
3317 5191 3358 5243 si
3393 5202 3470 5242 ta-

1907 5294 2024 5331 men
2076 5279 2282 5333 Libanii
2331 5280 2394 5331 ad
2442 5278 2695 5334 Basiliam
2748 5281 2940 5334 litteris
2975 5282 3275 5334 adhibenda
3315 5282 3465 5336 fides.

1908 5368 2173 5423 Julianum
2212 5367 2645 5436 [‘era’qnatmem
2687 5370 2975 5438 Gregorius
3006 5370 3370 5425 Naiianzenns
3402 5373 3470 5443 (θ’)

1913 5464 2112 5515 socimn
2157 5462 2344 5516 habuit
2373 5463 2670 5517 studiormn
2704 5483 2712 5516 :
2754 5462 2892 5529 quod
2923 5464 3055 5517 forte
3083 5464 3126 5515 ei
3159 5479 3277 5516 cum
3320 5462 3468 5518 Basi—

1976 5733 2051 5786 id)
2082 5731 2178 5795 ῐιῖρ.
2210 5733 2302 5784 971

1981 5807 2045 5861 (θ’)
2084 5801 2176 5860 Ιίιι.
2209 5803 2308 5850 53τί

1971 5873 2043 5936 (fl
2083 5871 2229 5925 Ut'al.
2261 5875 2310 5924 9.
