4206 6522
675 433 753 479 ιιι

2058 420 2588 477 PROLECOMENA.

683 538 757 595 lio
810 555 1094 597 commune
1134 541 1252 599 fuit.
1306 542 1373 596 At
1426 554 1529 598 n'on
1579 541 1801 597 dubium
1844 542 1973 611 quin
2032 546 2245 612 utrique
2279 526 2323 602 Α
2353 558 2549 596 annum
2576 542 2680 596 5l2
2735 551 2826 595 aut
2859 542 2964 597 545
3008 542 3310 597 referenda.
3348 541 3489 609 Quot
3541 551 3719 597 autem
3748 559 3923 600 annos

687 632 915 688 Athenis
954 636 1199 705 cognitus
1250 633 1411 688 fuerit
1462 633 1713 690 Julianus
1762 635 2087 704 imperator:
2135 651 2254 704 pcr-

683 725 867 793 spicua
896 738 981 778 res
1019 735 1103 780 est
1135 741 1199 780 ex
1237 724 1483 794 Gregorii
1525 725 1850 780 testimoniis
1902 724 2002 795 (a),
2031 740 2126 779 nec
2164 742 2255 781 tie--

682 830 835 869 cosse
861 825 1019 870 estut
1041 816 1395 872 confirmetur
1417 816 1605 872 Basilii
1632 817 1697 871 ad
1733 815 2004 872 Iulianum
2038 826 2129 870 aut
2164 815 2256 872 Ju-

685 910 809 964 liaui
850 910 916 962 ad
956 908 1207 964 Basilium
1239 909 1481 980 epistola:
1509 911 1852 965 auctoritate.
1895 909 2129 966 Charum
2156 910 2256 963 sibi

685 1002 753 1054 ab
776 1000 1134 1056 adolescentia
1162 1002 1327 1056 fuisse
1349 1001 1605 1056 Basilium
1629 1003 1867 1056 declarat
1893 1000 2141 1060 Julianus
2161 1003 2257 1071 (Il).

688 1091 791 1155 Sed
830 1092 1022 1146 mirum
1051 1108 1146 1147 cur
1179 1093 1407 1147 Basilius
1450 1108 1631 1148 sacras
1660 1108 1720 1148 se
1782 1109 1902 1148 cum
1930 1092 2141 1147 .luliano
2172 1092 2262 1146 lit-

690 1190 835 1238 teras
885 1183 1139 1240 didicisse
1181 1193 1413 1238 testetur
1458 1183 1550 1255 (c).
1594 1183 1785 1240 Utrum
1832 1185 1883 1238 id
1926 1185 2150 1238 Athenis
2184 1185 2262 1237 fa-

687 1282 833 1327 ctutn
870 1273 1159 1331 dicemus?
1185 1287 1240 1329 at
1271 1287 1395 1331 tunc
1434 1278 1677 1347 profanis
1700 1278 1892 1332 studiis
1921 1294 2138 1348 operam
2167 1279 2264 1332 da-

690 1363 840 1419 bant.
882 1365 1075 1422 Utrum
1110 1368 1163 1420 in
1200 1367 1576 1437 Cappadocia?
1629 1379 1839 1438 tempus
1879 1369 2094 1438 quidem
2130 1385 2262 1438 qua-

692 1456 833 1513 drat.
865 1456 1003 1512 Nam
1032 1458 1186 1513 circa
1216 1475 1417 1512 annum
1445 1458 1571 1523 515,
1617 1476 1726 1529 quo
1757 1469 1999 1529 tempore
2037 1459 2263 1515 Basilius

694 1547 906 1604 videtur
928 1550 1092 1607 fuisse
1118 1550 1399 1619 Caesareae,
1440 1550 1687 1608 Julianus
1712 1555 1763 1607 in
1798 1554 2075 1608 castellum
2101 1568 2266 1624 prope

698 1640 1005 1697 Caesaream
1039 1644 1305 1699 deductus
1328 1643 1448 1709 l'uit,
1480 1644 1566 1704 ubi
1596 1659 1717 1697 cum
1752 1642 1906 1698 Callo
1950 1643 2116 1697 fratre
2172 1658 2263 1697 sex

696 1745 867 1785 annos
900 1726 1142 1787 traduxit
1180 1735 1295 1802 (ά).
1335 1733 1445 1787 Sed
1496 1748 1618 1788 cum
1655 1733 1724 1786 ibi
1768 1733 2004 1787 inclusus
2036 1734 2102 1788 ab
2121 1733 2264 1787 omni

695 1822 981 1890 aequalium
1001 1825 1389 1879 consuetudine
1427 1836 1813 1889 removeretur,
1839 1825 1993 1893 copia
2024 1840 2128 1879 non
2152 1834 2268 1878 erat

699 1922 895 1968 uteum
919 1912 1148 1972 Basilius
1169 1917 1391 1971 videret.
1422 1916 1617 1971 Verum
1660 1918 1742 1972 his
1776 1917 1952 1971 Basilii
1992 1918 2057 1970 ad
2097 1916 2267 1971 Julia-
2300 1895 2342 1954 Β

699 2021 826 2060 num
856 2016 910 2060 et
934 2004 1133 2061 Iuliani
1166 2008 1231 2061 ad
1261 2007 1509 2063 Basilium
1545 2008 1740 2063 litteris
1778 2023 1882 2062 non
1922 2008 2147 2061 multum
2175 2007 2270 2061 tri-

698 2097 785 2153 bui
815 2098 993 2157 debet.

784 2189 835 2245 1.
870 2190 1093 2246 Videtur
1127 2192 1354 2247 Athenis
1398 2192 1599 2261 scripta
1653 2193 1836 2247 Basilii
1880 2194 1946 2246 ad
1992 2192 2260 2261 Apollina-

702 2285 842 2337 rium
877 2284 1129 2353 epistola,
1161 2298 1284 2354 qum
1310 2284 1411 2338 etsi
1447 2300 1475 2337 a
1506 2284 1642 2341 laico
1671 2286 1739 2340 ad
1770 2285 1966 2339 laicum
1996 2286 2271 2339 scribeba-

702 2389 810 2440 Itll',
848 2391 946 2431 nec
976 2376 1265 2446 quidquam
1302 2378 1534 2433 habebat
1577 2377 1679 2432 nisi
1716 2378 1947 2431 amicam
1988 2377 2271 2431 salutatio—

700 2482 845 2533 nem,
866 2468 1065 2539 elapsis
1093 2479 1267 2525 tamen
1301 2470 1456 2524 annis
1495 2469 1680 2539 viginti
1718 2470 1785 2524 ab
1811 2468 2092 2523 Eustathio
2123 2468 2274 2522 adul-

702 2570 896 2624 terata,
935 2572 991 2616 et
1028 2562 1095 2615 ad
1129 2561 1382 2615 invidiam
1410 2561 1610 2616 Basilio
1636 2562 1926 2617 creandam
1959 2576 2153 2631 magno
2184 2576 2273 2615 so-

701 2652 815 2707 nitu
849 2653 1053 2724 jactata
1079 2662 1161 2707 est
1199 2652 1295 2724 (ε).
1336 2652 1569 2707 Basilius
1606 2653 1659 2707 in
1699 2654 1925 2722 epistola
1959 2653 2096 2719 223,
2133 2669 2188 2707 n.
2217 2652 2271 2719 4,

698 2758 818 2814 quae
856 2744 1053 2813 scripta
1078 2752 1163 2799 est
1190 2758 1332 2798 anno
1361 2741 1469 2797 575
1495 2751 1751 2808 exeunte,
1796 2744 2083 2811 scripsisse
2111 2759 2167 2797 se
2191 2745 2274 2797 di-

699 2836 774 2889 cit
798 2836 1132 2903 Apollinario
1162 2847 1289 2891 ante
1319 2850 1493 2891 annos
1516 2835 1703 2906 viginti
1726 2843 1780 2889 et
1801 2833 2049 2904 amplius.
2077 2832 2275 2888 Ibidem

702 2929 896 2984 iterum
926 2939 1247 2985 occurrente
1283 2928 1446 2998 hujus
1478 2929 1556 2984 rei
1607 2930 1881 2983 mentione
1924 2927 2116 2998 viginti
2157 2938 2275 2983 tan-

704 3029 818 3075 tum
852 3021 978 3075 anni
1008 3030 1379 3075 numerantur.
1411 3020 1465 3074 In
1494 3021 1718 3090 epistola
1758 3026 1939 3075 autem
1968 3020 2095 3084 226,
2125 3036 2273 3074 num.

706 3114 761 3173 4,
792 3121 920 3167 ante
966 3127 1137 3167 annos
1175 3113 1361 3181 viginti
1416 3114 1518 3166 hoc
1557 3128 1587 3166 a
1638 3126 1696 3167 se
1739 3111 1937 3165 factum
1968 3114 2273 3168 conﬁtetur.

706 3206 776 3257 At
802 3203 857 3257 in
887 3202 1114 3274 epistola
1140 3201 1267 3269 224,
1299 3220 1351 3256 n.
1385 3201 1443 3269 2,
1466 3203 1691 3273 legimus
1727 3213 1851 3256 ante
1886 3218 2050 3255 annos
2096 3204 2276 3271 viginti

706 3296 954 3366 quinque,
994 3295 1100 3369 πρὸ
1122 3295 1200 3349 κε’
1226 3294 1383 3359 ἐτῶν,
1417 3295 1509 3352 sed
1546 3294 1830 3364 legendum
1857 3304 1985 3362 puto
2013 3293 2136 3345 utin
2160 3292 2278 3346 aliis

710 3389 842 3445 locis
870 3400 995 3443 ante
1028 3406 1192 3443 annos
1228 3390 1431 3459 viginti.
1464 3388 1711 3444 Proclive
1739 3387 1886 3440 enim
1914 3385 2012 3440 fuit
2044 3384 2280 3440 librariis

708 3481 942 3536 litteram
979 3498 1029 3543 ε,
1058 3498 1177 3551 (ιιι-ε
1216 3490 1526 3550 sequentem
1577 3494 1764 3534 vocem
1802 3478 2114 3547 incipiebat,
2156 3492 2277 3531 cum

710 3572 804 3627 illo
832 3589 867 3626 κ
891 3572 1240 3642 conjungere,
1278 3573 1463 3640 sicque
1500 3584 1782 3625 numerum
1823 3570 2012 3639 viginti
2044 3571 2279 3636 quinque

710 3680 977 3720 annorum
1018 3663 1293 3735 ellingere.
1343 3664 1401 3718 Si
1441 3678 1569 3731 ergo
1619 3677 1760 3716 anno
1783 3660 1888 3715 575
1915 3670 2145 3715 exeunte
2170 3658 2278 3725 jam

706 3758 894 3811 exacti.
914 3767 1069 3812 erant
1094 3757 1221 3809 anni
1264 3756 1474 3827 viginti,
1511 3770 1575 3809 ex
1599 3769 1705 3825 quo
1739 3752 1968 3807 Basilius
1991 3750 2282 3819 scripserat

707 3848 1067 3916 Apollinario,
1098 3851 1238 3904 ltanc
1264 3848 1546 3919 epistolam
1582 3848 1819 3901 scribere
1849 3860 1950 3898 non
1985 3844 2153 3909 potuit
2181 3842 2279 3898 nisi

710 3940 958 4002 Athenis,
983 3956 1127 3995 anno
1156 3941 1361 3995 sciliCct
1392 3939 1497 3994 554
1519 3949 1769 4002 exeunte,
1798 3947 1888 3991 aut
1910 3936 2125 3991 ineunte
2153 3936 2277 3991 555.

780 4034 924 4100 Quot
961 4049 1132 4090 annos
1180 4033 1443 4089 Caesarea:
1477 4030 1708 4085 Basilius
1763 4030 2099 4091 traduxerit,
2152 4041 2283 4097 quot

711 4125 1216 4193 Constantinopoli,
1267 4141 1373 4193 quo
1408 4123 1648 4177 Athenas
1688 4136 1829 4176 anno
1868 4120 2102 4189 petierit,
2148 4120 2283 4175 dilli-

715 4219 818 4273 cile
846 4230 929 4275 est
954 4220 1244 4287 conjicere.
1281 4217 1500 4271 Videtur
1525 4214 1831 4271 Caesaream
1866 4215 2067 4269 missus
2088 4252 2105 4278 ,
2158 4226 2280 4267 cum

708 4312 822 4379 jam
858 4312 1117 4377 optimum
1156 4310 1473 4381 magistrum
1506 4309 1777 4363 amisisset
1820 4316 2029 4377 patrem
2059 4323 2071 4358 :
2111 4320 2284 4374 neque

712 4404 856 4459 enim
894 4417 958 4458 eo
992 4403 1113 4457 vivo
1140 4418 1203 4456 ac
1232 4417 1442 4456 summa
1472 4400 1791 4455 celebritate
1830 4398 2153 4453 rhetoricam
2187 4399 2282 4450 do-

712 4506 891 4561 cente,
945 4496 1010 4550 ad
1055 4494 1190 4548 alias
1246 4493 1484 4558 scholas,
1517 4493 1705 4547 saltem
1758 4501 1864 4544 tam
1908 4492 2038 4559 cito,
2087 4494 2283 4544 missus

2359 636 2524 691 luerit
2554 636 2843 700 Ctesareae,
2876 635 2928 688 id
2954 676 2969 699 ,
3000 645 3058 691 ut
3083 636 3193 703 iam
3218 635 3352 698 dixi,
3384 635 3533 691 nullo
3556 645 3733 691 exstat
3761 638 3927 691 vestis

2358 729 2464 799 gio.
2514 727 2656 783 Idem
2688 727 2793 782 dici
2847 735 3025 796 potest
3055 728 3120 782 de
3144 727 3335 782 studiis
3373 727 3927 797 Constantinopolita-

2358 821 2461 875 nis.
2507 819 2655 886 Quod
2707 829 2889 874 autem
2928 828 3142 889 spectat
3182 820 3249 873 ad
3277 819 3542 887 Athenas,
3575 835 3640 876 eo
3666 820 3925 874 Basilium

2359 912 2570 966 venisse
2602 920 2753 980 putat
2794 906 3175 966 Tillemon’tius
3202 925 3345 965 anno
3377 910 3512 976 551,
3551 912 3678 981 quia
3715 911 3924 981 Grego-

2362 1004 2474 1058 rius
2508 1002 2601 1072 qui
2636 1002 2796 1072 paulo
2822 1011 2947 1056 ante
2978 1000 3235 1056 Basilium
3276 1002 3327 1055 in
3370 1002 3514 1056 hanc
3542 1002 3727 1055 urbem
3756 1002 3923 1055 adve-

2362 1097 2461 1158 nit,
2486 1094 2780 1149 imberbem
2813 1110 2871 1150 se
2896 1094 3108 1149 venisse
3140 1093 3466 1166 declarat(f)
3484 1109 3544 1149 ac
3574 1093 3799 1161 proinde
3831 1108 3931 1145 an-

2362 1203 2461 1242 nos
2493 1197 2683 1241 natum
2712 1188 2930 1241 circiter
2950 1186 3040 1239 22.
3063 1186 3275 1241 Certior
3295 1186 3500 1242 reditus
3529 1202 3593 1241 ex
3630 1186 3730 1240 hac
3760 1186 3928 1240 urbe:

2362 1292 2467 1332 non
2507 1278 2653 1331 enim
2686 1277 2843 1333 citius
2877 1278 3101 1347 contigit
3157 1293 3299 1332 anno
3325 1278 3431 1333 555
3465 1287 3695 1331 exeunte
3722 1286 3815 1329 aut
3846 1278 3932 1330 in-

2361 1381 2527 1426 eunte
2580 1370 2709 1437 556,
2744 1370 3007 1437 siquidem
3063 1368 3135 1421 ibi
3181 1368 3312 1423 vidit
3354 1369 3583 1424 Basilius
3619 1367 3931 1431 Iulianum,

2382 1464 2472 1533 qui
2507 1463 2559 1516 in
2591 1462 2732 1517 hanc
2766 1461 2949 1516 urbem
2976 1460 3119 1515 venit
3150 1460 3261 1528 jam
3296 1461 3469 1515 media
3500 1468 3650 1529 parte
3680 1460 3804 1513 anni
3829 1459 3935 1514 555

2372 1556 2580 1625 elapsa.
2617 1554 2801 1623 Neque
2828 1555 2986 1609 etiam
3022 1553 3361 1622 serius,quia
3388 1552 3622 1623 spatium
3656 1551 3797 1606 inter
3817 1559 3935 1606 stu-

2364 1647 2450 1701 dia
2476 1648 2778 1701 litterarum
2833 1655 2885 1700 et
2928 1646 3291 1700 sacerdotium
3324 1644 3486 1698 nitnis
3527 1644 3777 1699 contrahi
3826 1658 3935 1698 non

2368 1739 2572 1807 patitur
2600 1754 2782 1793 rerum
2813 1737 2991 1792 Basilii
3016 1748 3291 1807 gestarum
3322 1736 3629 1793 multitudo.

2977 1849 3202 1907 CAPUT
3237 1849 3324 1904 III.

2373 1964 2411 2019 Ι.
2449 1966 2677 2020 Sanctus
2707 1965 2938 2020 Basilius
2977 1966 3031 2017 in
3070 1966 3295 2031 patriam
3333 1963 3463 2016 redit
3495 1974 3540 2016 et
3564 1980 3729 2019 scema
3756 1963 3939 2018 mundi

2444 2036 2648 2103 aliquid
2693 2036 2895 2089 tribuit.
2925 2034 2988 2089 II.
3026 2033 3307 2088 Probabile
3338 2046 3409 2087 est
3435 2050 3548 2086 eum
3571 2048 3681 2101 post
3719 2037 3940 2087 reditum

2448 2106 2774 2167 baptizatum
2822 2107 3003 2172 fuisse.
3050 2105 3136 2159 III.
3195 2103 3520 2157 Naucratius
3570 2104 3714 2156 illius
3769 2108 3939 2171 frater

2448 2179 2698 2231 moritur.
2726 2173 2811 2229 IV.
2848 2173 3021 2227 Vitam
3052 2175 3393 2227 monasticam
3419 2172 3646 2226 Basilius
3673 2173 3941 2238 amplecti-

2448 2257 2557 2309 tur,
2587 2260 2631 2299 et
2668 2244 2893 2299 Orientis
2936 2261 2998 2296 ac
3028 2242 3245 2309 1Egypti
3288 2245 3602 2295 monasteria
3638 2242 3834 2295 invisit.
3870 2241 3938 2295 ν.

2450 2318 2787 2370 Alexandria:
2824 2314 3004 2366 morbo
3034 2312 3271 2365 detentus
3301 2314 3477 2365 scribit
3514 2311 3814 2366 Eustathio.
3854 2310 3940 2364 VI.

2452 2387 2658 2467 Secedit
2692 2388 2746 2438 in
2784 2383 3019 2438 Pontum
3082 2381 3277 2434 frustra
3308 2382 3455 2433 illum
3491 2382 3782 2436 retrahente
3814 2380 3941 2435 Gre-

2443 2474 2609 2525 goria.

2444 2571 2483 2625 I.
2506 2568 2734 2624 Basilius
2752 2567 2915 2638 igitur
2932 2577 2984 2622 et
3000 2563 3292 2633 Gregorius
3316 2560 3512 2634 (g),ubi
3533 2561 3791 2615 doctrina:
3808 2576 3949 2616 mer-

2380 2664 2534 2718 cibus
2565 2677 2755 2717 navem
2789 2676 2939 2715 suam
2973 2669 3226 2713 onustam
3255 2656 3523 2720 viderunt,
3557 2653 3733 2707 redire
3768 2652 3821 2704 in
3853 2669 3949 2721 pa-

2389 2758 2551 2810 triam
2583 2764 2912 2818 statuerunt,
2948 2763 3005 2804 ut
3045 2751 3177 2806 inita
3230 2748 3522 2803 sanctioris
3558 2743 3788 2799 instituti
3820 2759 3951 2797 con-

2381 2847 2498 2901 silia
2549 2845 2889 2915 perlicerent.
2936 2844 3136 2896 Aderat
3187 2842 3457 2896 discessus
3495 2838 3647 2894 dies:
3694 2834 3788 2889 sed
3821 2840 3951 2904 quia

2385 2938 2540 3007 longe
2566 2933 3008 2989 molestissimum
3044 2946 3164 2986 esse
3189 2930 3398 2985 solebat
3431 2930 3674 2984 Athenas
3704 2935 3757 2981 et
3787 2923 3949 2979 soda-

2379 3030 2457 3085 lcs
2499 3028 2834 3096 relinquere;
2885 3035 2992 3079 tum
3035 3038 3157 3077 cum
3194 3022 3578 3087 valedicerent,
3637 3021 3955 3075 circumstat

2384 3138 2477 3177 eos
2524 3120 2786 3174 sodalium
2824 3128 2877 3172 et
2926 3113 3233 3184 azqualium,
3270 3129 3332 3169 ac
3378 3114 3756 3185 magistrorum
3787 3109 3950 3163 etiam

2386 3209 2762 3264 nonnullorum
2797 3208 3017 3269 chorus,
3043 3218 3107 3258 ac
3144 3204 3394 3271 precibus
3438 3212 3492 3258 et
3519 3199 3776 3271 querelis,
3816 3199 3943 3252 hor-

2389 3302 2567 3362 tando,
2600 3310 2651 3352 et
2677 3299 2781 3350 vim
2804 3296 3050 3349 faciendo
3082 3294 3296 3348 illorum
3329 3292 3561 3346 reditum
3591 3288 3952 3344 intercludere

2388 3400 2674 3442 conantur.
2708 3389 2781 3438 Ac
2818 3385 3047 3436 Basilius
3089 3382 3304 3449 quidem
3340 3379 3455 3434 haec
3488 3377 3724 3431 claustra
3762 3389 3953 3443 perru-

2390 3482 2486 3553 pit,
2542 3490 2597 3533 et
2643 3476 2874 3531 abeundi
2913 3466 3123 3527 veniam
3174 3470 3517 3540 impetravit,
3565 3468 3813 3538 quamvis
3847 3484 3950 3520 non

2388 3577 2502 3629 sine
2548 3571 2781 3625 maxima
2831 3567 3197 3622 dimiCatione.
3235 3565 3305 3618 At
3340 3561 3635 3633 Gregorius
3668 3560 3838 3613 victus
3869 3566 3954 3611 est

2390 3665 2580 3732 partim
2600 3663 2896 3716 amicorum
2924 3658 3176 3730 precibus
3197 3664 3252 3712 et
3269 3654 3542 3726 lacryutis,
3563 3651 3757 3721 partim
3791 3650 3953 3704 etiam
3980 3691 3987 3698 .

2392 3754 2538 3809 illum
2574 3752 2830 3821 prudente
2860 3751 3057 3805 Basilio
3086 3749 3189 3818 (sic
3217 3748 3358 3802 enim
3386 3746 3497 3815 ipse
3518 3742 3772 3798 Basiliqu
3803 3740 3955 3794 incu-

2390 3847 2495 3916 sat)
2526 3854 2578 3899 et
2614 3858 2833 3913 operam
2868 3842 3269 3916 retrahentibus
3310 3850 3563 3892 navante.
3599 3836 3800 3890 Invitus
3821 3849 3951 3904 ergo

2389 3913 2615 3997 Athenis
2649 3934 2907 3991 remansit
2940 3913 3252 4003 Gregorius,
3286 3930 3376 3984 sed
3400 3945 3522 3983 cum
3544 3931 3629 3981 diu
3665 3930 3731 3981 ab
3762 3929 3955 3981 auium

2389 4047 2499 4087 suae
2524 4027 2744 4085 dimidio
2781 4023 2959 4081 divelli
2992 4038 3096 4078 non
3125 4026 3330 4091 posset,
3379 4032 3441 4071 ac
3465 4025 3746 4085 parentum
3774 4022 3827 4066 et
3856 4026 3952 4082 pa-

2394 4125 2508 4179 triae
2540 4119 2811 4177 desiderio
2848 4118 2985 4172 ictus
3028 4124 3194 4181 esset,
3226 4128 3330 4167 non
3378 4109 3546 4165 multo
3578 4116 3699 4178 post
3727 4102 3955 4160 Athenis

2390 4217 2527 4273 clam
2561 4228 2618 4269 se
2655 4209 2910 4267 subduxit
2944 4218 2997 4263 et
3024 4207 3078 4260 in
3102 4207 3334 4277 patriam
3365 4201 3644 4258 remeavit.

2461 4307 2642 4362 Rediit
2690 4318 2897 4359 summa
2932 4301 3212 4356 celeritate
3246 4297 3475 4352 Basilius
3521 4296 3640 4364 (Ii):
3680 4291 3952 4347 Constan-

2393 4401 2695 4472 tinopolim,
2729 4395 2876 4451 velut
2927 4394 3146 4466 Ulysses
3188 4392 3439 4447 Sirenum
3486 4397 3698 4450 cantus,
3727 4394 3955 4456 prazter-

2396 4496 2496 4551 iit:
2537 4488 2954 4546 admirationem
2996 4486 3138 4541 illius
3161 4483 3455 4539 commovit
3497 4480 3621 4535 Asia
3648 4519 3663 4544 ,
3690 4480 3784 4533 sed
3834 4490 3954 4530 ma-

714 4589 925 4643 Ιίιίεεθίο
961 4584 1017 4640 Μ
1046 4597 1224 4641 autem
1252 4586 1525 4655 Pf0b3bile
1567 4596 1649 4639 εει
1684 4582 1978 4650 contigisse
2008 4583 2149 4637 Circa
2188 4598 2283 4635 an-
2314 4608 2362 4667 ι)
2390 4588 2508 4657 gnis
2541 4581 2826 4640 itineribus
2846 4581 3149 4637 Caesaream
3176 4576 3589 4630 contendentem
3623 4569 3818 4625 morari
3849 4583 3955 4624 non

714 4695 841 4734 num
864 4678 969 4733 ὅθ
999 4688 1092 4733 aut
1125 4679 1247 4733 545.
1276 4679 1408 4733 Nam
1433 4677 1673 4742 Petrum,
1694 4677 1783 4745 qui
1806 4674 1963 4743 paulo
1990 4687 2113 4729 ante
2143 4691 2288 4729 mor-

719 4785 825 4828 tem
862 4775 1035 4841 patris
1079 4773 1131 4826 in
1166 4773 1337 4826 lucem
1377 4772 1552 4827 editus
1588 4778 1691 4833 est,
1732 4770 2107 4837 presbyterum
2144 4766 2289 4821 ordi-

718 4865 866 4917 navit
899 4862 1132 4918 Basilius
1157 4862 1210 4917 in
1238 4861 1550 4930 primordiis
1575 4860 1937 4929 episcopatus,
1968 4868 2023 4909 ut
2045 4856 2184 4911 infra
2210 4857 2285 4911 vi-

716 4952 981 5008 debimus.
1027 4952 1158 5007 Cum
1185 4959 1364 5004 autem
1406 4950 1553 5017 leges
1603 4948 2021 5009 ecclesiastica,
2054 4961 2284 5014 quarunt

712 5055 835 5099 erat
857 5046 1300 5100 servantissimus
1322 5041 1570 5105 Basilius,
1593 5057 1763 5096 annos
1797 5042 2016 5110 triginta
2048 5041 2112 5092 ad
2168 5054 2288 5109 pre-

723 5138 922 5205 sbyteri
947 5137 1167 5203 gradum
1195 5136 1556 5205 requirerent,
1578 5132 1945 5187 lianczetatem
1975 5133 2173 5186 habere
2196 5134 2287 5187 de-

718 5230 833 5283 buit
861 5228 1056 5296 Petrus
1085 5229 1137 5281 in
1167 5229 1477 5298 primordiis
1521 5228 1863 5296 epise0patus
1890 5226 1946 5282 S.
1992 5225 2196 5289 Basilii,
2234 5224 2284 5279 id

718 5331 798 5375 est
833 5323 975 5377 circa
1010 5338 1209 5377 annum
1249 5322 1354 5375 572
1413 5332 1504 5374 aut
1554 5319 1659 5373 575
1691 5359 1705 5383 ,
1746 5335 1809 5373 ac
1848 5319 2073 5387 proinde
2133 5329 2285 5371 ortus

723 5417 884 5480 Petri,
923 5432 1069 5470 mors
1109 5416 1277 5485 patris
1302 5452 1316 5481 ,
1354 5414 1532 5470 Basilii
1591 5412 1889 5469 Cmsaream
1924 5410 2185 5469 profectio
2217 5410 2282 5465 ad

786 5600 861 5669 (α)
890 5597 1034 5652 Orat.
1064 5598 1116 5654 4.

788 5673 863 5736 (b)
902 5670 993 5734 Ep.
1022 5671 1108 5723 40.

787 5742 855 5805 lc)
899 5742 990 5804 Ep.
1014 5740 1111 5793 41.

788 5811 865 5867 (ά)
891 5811 1079 5879 Julian:
1118 5828 1172 5876 ep
1224 5812 1289 5861 ad
1323 5811 1510 5862 Athan.

789 5880 860 5940 (ei
898 5881 970 5934 lin
1026 5881 1147 5945 21H,
1186 5898 1214 5933 n
1279 5880 1330 5946 2,
1361 5897 1423 5948 cp
1476 5882 1600 5944 226,
1640 5898 1687 5934 n.
1720 5880 1777 5933 4.

2388 4680 2580 4750 potuit.
2648 4672 3056 4729 Perhonorilice
3102 4686 3130 4723 a
3176 4666 3600 4722 Cxesariensibus
3651 4672 3953 4731 exceptus,

2386 4787 2560 4828 scenae
2588 4767 2771 4824 mundi
2805 4765 3009 4835 aliquid
3036 4762 3220 4816 tribuit
3252 4760 3477 4823 invitus,
3513 4758 3627 4811 sive
3654 4752 3791 4823 quod
3832 4754 3954 4807 rhe-

2391 4865 2613 4919 toricam
2657 4859 2903 4915 docuerit
2929 4857 3207 4917 Caesareae,
3245 4852 3387 4921 quod
3428 4864 3623 4904 munus
3650 4847 3794 4900 illum
3838 4860 3953 4899 ma-

2388 4956 2585 5026 gniﬁce
2614 4950 2946 5013 exercuisse,
2984 4945 3307 5011 Gregorium
3349 4956 3476 4995 vero
3524 4937 3954 5009 magniﬁcentius

2388 5044 2778 5115 contempsisse
2826 5049 3017 5095 narrat
3066 5034 3423 5107 Iluliuus(i):
3456 5034 3568 5088 sive
3596 5032 3755 5101 quod,
3800 5038 3855 5082 ut
3887 5029 3952 5085 de

2391 5155 2449 5194 se
2487 5139 2601 5209 ipse
2633 5143 2867 5190 testatur
2899 5130 3211 5202 Gregorius,
3251 5128 3594 5198 poscentibus
3628 5124 3855 5188 civibus,
3895 5129 3955 5177 ut

2394 5234 2763 5296 comportatas
2794 5223 2862 5277 ab
2895 5223 3098 5276 exteris
3124 5220 3430 5287 regionibus
3445 5232 3573 5286 opes
3594 5217 3949 5283 depromeret,

2397 5316 2597 5387 ingenii
2637 5318 2716 5371 sui
2747 5313 3042 5386 specimina
3078 5312 3342 5381 denegare
3369 5326 3474 5365 non
3514 5306 3763 5379 potuerit.
3798 5303 3950 5358 Illum

2394 5420 2543 5465 certe
2569 5410 2745 5480 patria
2786 5408 2931 5462 velut
2957 5405 3189 5461 alterum
3230 5405 3561 5459 conditorem
3588 5412 3642 5455 et
3670 5409 3925 5454 conserva
