4206 6558
1593 461 1749 517 γιτΑ
1790 461 1847 519 S.

1891 463 2131 518 BAS!Lll
3418 493 3514 532 χιιι

249 592 439 649 torem,
467 591 616 639 teste
644 582 927 653 Gregorio
953 583 1051 651 (α),
1085 582 1357 651 complexa
1392 589 1491 635 est.
1526 580 1640 635 Non
1663 581 1840 634 minus
1882 585 1927 640 Α
1958 580 2064 635 lum
2104 600 2131 634 a
2167 596 2224 635 se
2268 582 2555 645 discernat,
2588 583 2683 638 sed
2724 585 2883 640 ambo
2910 602 2974 641 aa
3024 588 3307 645 ecclesiam
3352 594 3513 647 ivissu

261 682 311 734 ei
340 680 575 734 honoris
625 677 831 731 habuit
879 675 1220 731 Neocarsarca
1270 675 1367 743 (ὁ),
1406 689 1525 741 qua:
1555 673 1755 742 legatos
1781 672 1849 725 ad

273 789 386 827 cum
408 787 469 826 ex
500 780 697 826 senatu
729 770 904 833 misit,
930 776 987 821 ttt
1009 767 1300 836 iuventutis
1320 780 1503 820 curam
1529 766 1845 834 susciperet.

281 866 412 932 Quin
440 866 626 927 etiam,
670 879 797 917 cum
831 864 884 916 in
935 863 1071 917 hanc
1113 862 1299 913 urbem
1338 860 1613 922 venisset,
1663 872 1849 912 omnes

284 973 396 1009 eum
420 958 921 1018 circumsteterunt,
946 951 1075 1005 nihil
1101 965 1205 1003 non
1228 949 1547 1009 deferentes.
1570 947 1702 1001 nihil
1742 963 1847 1001 non

286 1048 595 1115 pollicentes
630 1062 646 1098 :
686 1044 782 1098 sed
817 1058 937 1097 eum
992 1042 1226 1095 retinere
1274 1057 1377 1094 non
1406 1048 1715 1109 potuerunt.
1756 1038 1846 1090 Vi-

286 1139 473 1191 dentur
505 1137 619 1190 Itaec
647 1135 961 1202 contigisse,
996 1131 1075 1184 vel
1101 1146 1223 1185 cunt
1256 1130 1482 1184 Basilius
1511 1128 1738 1182 Athenis
1773 1142 1850 1181 re-

283 1230 410 1290 dux,
469 1230 522 1279 in
578 1225 755 1281 Ponto
798 1222 1029 1277 visenda:
1057 1222 1249 1275 matris
1290 1236 1447 1275 causa
1494 1229 1735 1273 moratus
1768 1225 1850 1271 est

286 1318 390 1385 (vix
414 1318 558 1370 enim
582 1318 801 1371 dubium
838 1314 967 1382 quin
998 1313 1100 1368 hoc
1116 1311 1346 1366 cilicium
1386 1321 1511 1364 tunc
1534 1311 1846 1377 tnatriprzn-

285 1408 531 1476 stiterit),
560 1407 642 1460 vel
671 1422 789 1459 cum
809 1405 1035 1457 docendi
1070 1404 1206 1472 apud
1237 1400 1595 1456 Cmsarienses
1626 1415 1849 1454 munere

287 1502 527 1567 solutus,
579 1514 729 1569 spem
786 1498 969 1567 injecit
1022 1493 1546 1551 Neocazsariensibus
1598 1494 1679 1547 sui
1732 1492 1851 1546 alli-

287 1594 485 1648 ciendi.

361 1686 466 1740 Sed
502 1682 684 1737 mundi
712 1682 939 1736 vinculis
967 1679 1255 1749 constringi
1290 1694 1350 1733 se
1385 1692 1489 1733 non
1523 1691 1711 1746 passus
1742 1683 1854 1739 est;

287 1795 349 1834 ac
380 1780 489 1833 cito
517 1776 585 1829 ab
623 1776 915 1830 honoribus
953 1773 1165 1827 fastidio
1193 1781 1247 1825 et
1274 1773 1525 1826 satietate
1568 1768 1848 1822 abaliena-

288 1881 391 1921 tus.
426 1866 540 1933 Qua
578 1866 632 1919 in
664 1880 718 1918 re
748 1864 1032 1932 plurimunt
1061 1862 1206 1915 illum
1230 1861 1450 1931 adjuvit
1488 1860 1723 1913 Macrina
1760 1870 1847 1909 so—

288 1972 399 2015 ror,
426 1969 548 2021 qua:
576 1969 695 2007 cunt
730 1953 876 2006 illum
905 1951 1124 2005 vidisset
1155 1950 1314 2003 nimis
1339 1949 1622 2017 magniﬁce
1652 1949 1716 2000 de
1738 1945 1847 1999 elo.

286 2046 509 2113 quentia
562 2044 762 2098 sentire
788 2083 802 2107 ,
847 2059 909 2097 ac
950 2041 1243 2109 dignitates
1276 2054 1462 2094 omnes
1493 2037 1849 2100 ﬂoccifacere,

282 2154 336 2189 et
362 2138 505 2192 fastu
540 2139 771 2207 quodam
796 2148 953 2203 supra
980 2133 1226 2185 homines
1258 2141 1523 2199 potestate
1564 2129 1740 2183 claros
1773 2128 1852 2181 ef-

284 2230 435 2293 ferri,
464 2230 715 2283 celeriter
736 2230 799 2281 ad
830 2225 1116 2278 asceticatn
1160 2224 1348 2288 vitam,
1382 2240 1542 2292 quam
1577 2224 1689 2291 ipsa
1723 2237 1849 2289 pro-

286 2323 562 2381 litebatur,
588 2319 829 2371 attraxit.
867 2315 991 2369 llaec
1034 2316 1294 2370 discimus
1329 2331 1395 2369 ex
1430 2315 1687 2384 Gregorio
1718 2313 1853 2383 Nys-

283 2430 436 2473 seno,
465 2413 621 2478 cujus
654 2408 813 2460 verba
855 2409 1014 2459 etiam
1042 2406 1229 2462 Grteee
1260 2407 1558 2459 referenda.
1592 2403 1681 2456 Sic
1699 2405 1841 2457 enim

283 2506 523 2571 loquitur
562 2503 611 2553 itt
649 2498 763 2552 Vita
795 2502 855 2553 S.
885 2497 1139 2553 lacrima
1168 2515 1184 2551 :
1216 2496 1469 2550 Λαὸοὖσα
1490 2495 1667 2548 τοίνυν
1694 2496 1855 2549 αὐτὸν

282 2595 578 2666 ὑπερφυῶς
604 2594 911 2665 ἐπηρμένον
934 2591 1011 2660 τῷ
1026 2592 1149 2650 περὶ
1169 2590 1290 2652 τοὺς
1314 2588 1502 2656 λόγους
1526 2590 1852 2659 φρονήματι,

283 2691 376 2741 καὶ
408 2688 585 2741 πάντα
640 2683 1067 2757 περιφρονοῦντα.
1106 2680 1173 2733 τὰ
1208 2680 1493 2752 ἀξιώματα
1519 2722 1532 2745 ,
1572 2683 1664 2735 καὶ
1716 2682 1856 2752 ὑπὲρ

283 2778 408 2840 τοὺς
433 2779 490 2828 ἐν
512 2778 578 2845 τῇ
604 2773 887 2841 δυναστείᾳ
914 2770 1195 2841 λαμπροὺς
1228 2772 1535 2843 ἐπηρμένον
1563 2770 1640 2841 τῷ
1668 2772 1815 2841 ὄγκῳ
1838 2811 1851 2834 ,

282 2869 526 2923 τοσούτω
571 2868 728 2937 τάχει
774 2865 1023 2917 κάκεῖνον
1074 2868 1210 2934 πρὸς
1265 2865 1353 2917 τὸν
1398 2864 1498 2933 τῆς
1541 2864 1855 2934 φιλοσοφίας

285 2962 487 3015 σκοπὸν
518 2958 887 3012 ἐπεσπάσατο.
916 2954 1137 3009 Videtur
1168 2956 1292 3009 huic
1338 2956 1645 3009 testimonio
1676 2956 1853 3025 aliqua

288 3058 462 3109 inesse
495 3048 860 3118 exaggeratio.
899 3045 1032 3100 Nam
1060 3057 1291 3100 testatur
1307 3045 1601 3115 Gregorius
1624 3046 1853 3099 Nazian-

286 3163 451 3200 zenus
484 3145 554 3213 (ε)
590 3156 648 3195 se
692 3151 746 3195 et
784 3138 1040 3193 Basilium
1096 3155 1271 3193 scena:
1302 3140 1483 3192 tttttttdi
1516 3139 1721 3207 aliquid
1748 3139 1852 3191 tri-

284 3240 486 3299 buisse,
522 3249 629 3287 non
664 3231 1048 3288 ostentationis
1081 3232 1262 3285 studio
1292 3231 1385 3300 (ab
1423 3232 1524 3283 Itoc
1552 3230 1695 3282 enim
1726 3228 1853 3283 vitio

282 3330 491 3381 atienos
539 3342 658 3381 sese
708 3326 923 3394 fuisse),
962 3326 1055 3377 sed
1093 3334 1149 3375 ut
1182 3322 1534 3390 plurimorum
1583 3320 1854 3375 desiderio

282 3419 656 3487 perfunctorie
680 3416 1081 3472 satisfacerent.
1109 3412 1383 3466 Lenienda
1414 3427 1543 3481 ergo
1566 3412 1740 3481 aliqua
1772 3413 1855 3466 in-

285 3514 676 3582 tcrpretatione
729 3510 889 3563 verba
923 3506 1167 3577 Gregorii
1204 3504 1467 3573 Nysseni;
1518 3520 1614 3558 nec
1660 3513 1855 3573 putau-

283 3610 411 3659 dttm
442 3617 592 3658 tanto
620 3603 757 3656 fastu
789 3601 991 3656 elatum
1025 3599 1191 3653 fuisse
1226 3597 1480 3651 Basiliutn
1502 3636 1517 3658 ,
1550 3595 1641 3648 sed
1690 3594 1851 3657 forte,

278 3702 406 3751 dum
439 3694 769 3763 eloquentia:
822 3707 933 3747 suae
986 3688 1282 3759 specitnina
1333 3686 1539 3740 civibus
1592 3684 1851 3749 exhibet,

279 3790 559 3855 plausibus
598 3785 867 3839 interdum
894 3780 1148 3835 delectari
1183 3780 1351 3831 visum
1383 3791 1541 3842 esse;
1570 3776 1710 3831 unde
1743 3792 1853 3832 me-

283 3892 368 3932 tus
397 3881 634 3947 injectus
665 3873 864 3935 sorori,
895 3886 960 3925 ne
996 3870 1081 3924 his
1104 3869 1316 3939 laqueis
1345 3869 1551 3923 arctius
1587 3868 1849 3932 irretitus,

277 3972 536 4036 deinceps
571 3981 633 4021 se
661 3965 917 4035 expedire
953 3981 1053 4018 tum
1082 3972 1281 4033 posset.
1313 3960 1577 4015 Pra‘terea
1606 3976 1703 4013 nec
1740 3962 1851 4027 ipsa

282 4061 517 4115 "dacritta
546 4070 737 4113 auctor
762 4057 861 4112 fuit
892 4055 1107 4121 Basilio,
1134 4065 1192 4107 ut
1227 4054 1519 4106 ascetieam
1542 4050 1705 4103 vitam
1739 4067 1853 4103 am-

280 4158 635 4221 plecteretur.
668 4151 763 4204 sed
793 4158 997 4202 tantum
1028 4144 1227 4200 hortari
1266 4144 1461 4211 potuit,
1488 4152 1545 4196 ut
1571 4142 1851 4197 consilium

283 4249 590 4313 perliceret,
618 4243 760 4313 quod
794 4241 996 4295 dudum
1042 4238 1374 4297 intendebat,
1414 4245 1600 4306 atque,
1636 4245 1689 4290 ut
1718 4236 1851 4290 dici—

284 4348 336 4386 tu
348 4350 393 4395 r,
426 4344 741 4387 currentem
773 4330 933 4383 incita
945 4343 1019 4381 re.

350 4424 414 4477 ll.
446 4423 644 4477 Narrat
672 4421 906 4477 Basilius
933 4420 1009 4489 (tl)
1052 4420 1323 4489 quomodo
1358 4417 1528 4472 effuso
1563 4418 1613 4471 itt
1648 4432 1849 4487 paupeo

282 4531 370 4571 res
396 4514 726 4586 patrimonio
766 4523 934 4566 totum
981 4528 1040 4565 se
1090 4512 1196 4565 Deo
1231 4510 1656 4564 consecraverit.
1710 4510 1851 4563 ldcttt

1952 674 2109 729 simul
2156 684 2210 729 et
2241 677 2499 729 redivisse
2524 716 2539 740 ,
2568 680 2727 733 ambo
2776 679 2948 734 sacris
3000 682 3372 748 coneionibus,
3408 701 3512 738 non

1966 766 2238 835 mysteriis
2274 764 2586 820 interfuisse
2627 768 2936 823 vidcantur.
2980 770 3068 821 Sic.
3106 770 3245 824 enim
3279 769 3516 839 loquitur

1953 854 2035 925 (Ῑ)
2075 874 2087 908 :
2138 854 2241 907 Δύο
2278 857 2376 925 μὲν
2409 859 2759 930 ὲγνωρίζοντο
2783 863 2913 930 ήμτν
2946 860 3085 913 ὁδοί’
3128 863 3161 933 ὴ
3201 862 3295 931 μὲν
3324 861 3515 931 πρώτη

1960 946 2056 998 καὶ
2079 947 2396 1017 τιμιωτέρα,
2424 949 2456 1018 ὴ
2482 947 2537 1000 δὲ
2564 947 2790 1018 δευτέρα
2811 950 2905 1002 καὶ
2948 950 3008 1003 οὐ
3040 950 3132 1004 τοῦ
3168 952 3281 1005 ῐσου
3314 952 3473 1019 λόγου
3497 971 3511 985 ·

1950 1034 1985 1103 ἦ
2024 1051 2081 1086 τε
2113 1034 2247 1105 πρὸς
2271 1038 2393 1099 τοὺς
2418 1040 2593 1107 ἱεροὺς
2620 1039 2772 1108 ἡμῶν
2800 1041 2977 1103 οῐκους
2997 1081 3010 1104 ,
3044 1043 3135 1094 καὶ
3183 1046 3309 1106 τοὺς
3339 1046 3513 1098 ἐκεῖσε

1954 1126 2311 1191 διδασκάλους
2356 1129 2615 1198 φέρουσα,
2650 1132 2743 1183 καὶ
2788 1134 2819 1201 ἡ
2855 1132 2987 1203 πρὸς
3017 1135 3143 1197 τοὺς
3165 1134 3357 1200 ἔξωθεν
3386 1153 3512 1189 παι-

1958 1216 2176 1281 δευτάς.
2206 1217 2333 1272 Dure
2365 1221 2507 1272 nobis
2536 1221 2631 1273 vim
2678 1232 2816 1274 nota:
2841 1231 3011 1283 erant,
3064 1223 3229 1275 altera
3267 1226 3435 1291 prima
3467 1237 3513 1278 et

1951 1312 2314 1378 prmslantior,
2348 1311 2517 1364 altera
2549 1314 2797 1374 secunda,
2829 1324 2875 1365 et
2909 1313 3170 1381 inferioris
3204 1316 3357 1382 pretii
3383 1331 3398 1367 :
3423 1317 3516 1369 illa

1956 1416 2135 1469 nempe
2163 1418 2277 1469 qtue
2310 1402 2377 1453 ad
2408 1418 2586 1455 sacras
2616 1413 2819 1456 nostras
2848 1406 3057 1468 domos,
3083 1422 3265 1474 eosque
3290 1410 3378 1475 qui
3412 1408 3517 1461 illic

1958 1503 2107 1547 erant
2133 1495 2370 1548 doctores
2414 1492 2650 1563 ferebat:
2686 1496 2795 1550 hac
2822 1509 3015 1565 autem,
3036 1515 3151 1569 qua
3181 1501 3246 1553 ad
3279 1513 3518 1556 externos

1951 1596 2313 1651 prtt'ceptores.

2024 1674 2077 1726 lu
2109 1676 2302 1729 eadem
2339 1676 2587 1731 oratione
2634 1676 2700 1730 de
2734 1677 2894 1730 rebus
2930 1689 3049 1745 post
3096 1680 3325 1735 reditum
3352 1700 3378 1735 a
3409 1679 3514 1735 Ba-

1951 1765 2074 1818 silio
2103 1768 2267 1834 gestis
2304 1767 2553 1837 loquens,
2600 1770 2678 1823 sic
2706 1785 2827 1824 eum
2867 1772 2932 1825 ad
2964 1787 3177 1826 sacrum
3230 1777 3515 1844 presbyte-

1954 1870 2137 1909 rorum
2166 1860 2413 1911 ordinem
2446 1864 2756 1927 pervenisse
2780 1865 2933 1930 dicit,
2966 1877 3023 1918 ut
3050 1865 3196 1919 illum
3228 1868 3405 1921 divina
3434 1870 3520 1923 be-

1957 1948 2188 2015 nignitas
2221 1966 2323 2003 non
2353 1950 2524 2004 subito
2560 1956 2629 2005 ad
2664 1957 2802 2008 [tunc
2841 1956 3060 2026 gradum
3092 1959 3405 2022 subveheret,
3429 1977 3520 2015 nec

1955 2042 2110 2094 simul
2138 2058 2253 2095 eum
2300 2051 2351 2096 et
2399 2043 2630 2097 ablueret
2663 2054 2711 2098 et
2742 2048 3002 2114 sapientia
3051 2050 3322 2103 instrueret
3358 2052 3519 2121 (οὐδὲ

1955 2132 2091 2203 ὁμοῦ
2124 2150 2182 2186 τε
2221 2133 2467 2188 πλύνασα
2490 2136 2585 2189 καὶ
2623 2138 2936 2206 σοφίσασα).
2961 2142 3393 2207 quemadmodum
3415 2146 3521 2209 ple-

1956 2241 2143 2294 t'osque
2171 2242 2354 2280 eorum
2384 2229 2472 2293 qui
2506 2245 2641 2282 nunt.
2677 2232 2974 2283 antistitum
3025 2246 3213 2284 munus
3236 2244 3519 2299 appetunt:

1956 2331 2131 2368 verum
2169 2318 2353 2371 ordine
2379 2328 2429 2371 et
2462 2319 2758 2385 spiritualis
2788 2322 3172 2388 progressionis
3224 2321 3332 2391 lege
3360 2362 3375 2386 ,
3424 2325 3521 2376 hoc

1956 2422 2071 2457 eum
2099 2406 2293 2460 honore
2321 2407 2561 2476 alﬁreret.
2608 2408 2718 2463 Hoc
2760 2410 2925 2463 verbo
2955 2409 3202 2464 πλύνασα
3227 2412 3523 2481 baptismus

1959 2497 2241 2551 manifeste
2272 2499 2608 2569 designatur.
2657 2499 3041 2566 Quamobrem,
3073 2517 3193 2557 cum
3228 2503 3523 2573 Gregorius

1956 2590 2023 2642 de
2053 2590 2118 2642 iis
2151 2590 2397 2657 loquatur
2431 2606 2549 2659 qua:
2581 2590 2805 2645 Basilius
2858 2592 3085 2645 Athenis
3123 2606 3370 2647 reversus
3400 2608 3522 2662 ges-

1964 2679 2054 2741 sit,
2092 2695 2321 2747 tettmque
2350 2681 2493 2733 dicat
2517 2696 2620 2733 non
2650 2682 2831 2734 statim
2860 2682 3184 2751 baptizatum
3214 2692 3267 2736 et
3298 2686 3521 2755 presby-

1961 2779 2130 2823 terum
2170 2770 2373 2824 factum
2403 2771 2591 2839 luisse,
2616 2784 2716 2826 nec
2742 2771 2975 2827 obscura
3005 2788 3101 2827 nec
3122 2773 3353 2828 dillicilis
3390 2790 3525 2829 con-

1958 2862 2131 2916 clnsio
2160 2873 2243 2917 est
2271 2878 2394 2916 eum
2433 2863 2725 2933 baptismo,
2755 2875 3039 2934 postquam
3072 2866 3299 2920 Athenis
3342 2867 3520 2931 rediit,

1962 2955 2232 3009 initiatum
2288 2954 2475 3010 fuisse.
2516 2954 2781 3010 Praaterea
2820 2958 2899 3012 sic
2950 2957 3524 3029 observatGregorius

1958 3048 2299 3101 intervallum
2328 3050 2471 3116 quod
2509 3048 2648 3102 inter
2682 3048 2861 3104 Basilii
2897 3050 3219 3119 baptismum
3261 3064 3315 3107 ct
3347 3068 3526 3108 sacer-

1956 3140 2159 3193 dotium
2184 3140 2414 3201 exstitit.
2454 3140 2533 3195 sic
2556 3155 2651 3195 eos
2672 3144 2842 3210 carpit
2870 3144 2961 3212 qui
2993 3159 3021 3197 a
3051 3144 3313 3211 baptismo
3341 3144 3406 3197 ad
3434 3160 3523 3199 sa-

1879 3268 1923 3326 ε
1958 3232 2261 3286 cerdotiutn
2293 3232 2562 3326 assiliunt,
2594 3242 2652 3286 ut
2688 3233 2827 3287 laudi
2860 3244 3095 3304 apponat
3123 3234 3340 3297 Basilio,
3379 3240 3521 3307 quod

1958 3337 2065 3375 non
2098 3321 2363 3389 ejusmodi
2393 3320 2641 3375 homines
2690 3322 2930 3376 imitatus
2962 3325 3056 3388 sit,
3106 3340 3229 3379 cum
3262 3328 3521 3394 potuisset

1958 3411 2180 3465 imitari.
2211 3413 2278 3464 At
2313 3413 2400 3479 qui
2434 3411 2613 3466 infans
2635 3421 2727 3465 aut
2758 3414 3073 3467 adolescens
3096 3416 3395 3484 baptizatus
3417 3429 3522 3487 est,

1956 3516 2024 3555 an
2059 3503 2269 3555 laudem
2301 3512 2540 3557 meretur
2572 3502 2643 3555 ob
2672 3504 3033 3560 sacerdotium
3080 3524 3185 3561 non
3214 3510 3394 3562 statim
3429 3527 3523 3578 ap-

1955 3594 2175 3663 petitum
2197 3593 2219 3646 ἶ

2029 3686 2285 3741 Basiliam
2321 3686 2613 3756 baptizavit
2650 3688 2869 3744 lliattins
2912 3688 3280 3747 Cmsariensis.
3331 3691 3523 3749 Testa-

1956 3786 2043 3832 tur
2079 3780 2225 3832 enim
2256 3778 2330 3847 (g)
2367 3793 2425 3834 se
2472 3794 2499 3833 a
2556 3779 2691 3842 viro,
2738 3782 2827 3847 qui
2872 3782 2958 3834 ditt
2993 3783 3042 3834 in
3081 3784 3381 3839 ministerio
3428 3786 3520 3840 Dei

1960 3871 2118 3934 vixit,
2161 3870 2491 3937 baptizatum
2522 3869 2686 3923 fuisse
2719 3881 2769 3923 et
2814 3871 3065 3925 Ecclesiae
3100 3874 3399 3928 ministerio
3428 3876 3524 3928 ad-

1956 3971 2183 4013 motum.
2218 3960 2327 4013 Soli
2365 3959 2551 4014 Dianio
2577 3960 2689 4014 lucc
2711 3961 2861 4029 signa
2895 3976 3213 4033 congruunt.
3249 3965 3379 4019 Nam
3398 3983 3521 4022 cum

1955 4054 1999 4107 is
2023 4054 2089 4107 ab
2115 4068 2255 4107 anno
2284 4054 2471 4109 saltent
2500 4054 2624 4116 3H,
2649 4070 2756 4123 quo
2787 4054 3027 4109 interfuit
3074 4057 3305 4110 concilio
3331 4058 3523 4111 Antio-

1956 4145 2133 4199 chctto
2162 4160 2331 4214 usque
2362 4148 2428 4198 ad
2455 4162 2654 4197 attttttttt
2686 4146 2792 4198 562
2816 4144 3107 4199 Ecclesium
3133 4145 3519 4202 Caesariensem

1956 4238 2192 4301 rexerit;
2222 4252 2321 4290 nec
2350 4236 2465 4302 ejus
2514 4250 2795 4289 successor
2822 4235 3081 4290 Eusebius
3131 4237 3386 4291 Basiliam
3422 4240 3518 4293 ba-

1956 4330 2163 4396 ptizare
2209 4328 2403 4397 potuit,
2464 4342 2561 4381 nec
2594 4342 2715 4380 eum
2758 4327 3010 4381 decessor
3047 4327 3408 4397 Hermogenes
3444 4330 3520 4385 le-

1958 4432 2161 4477 ctorem
2199 4423 2508 4486 instituere,
2542 4422 2631 4490 qui
2662 4436 2783 4474 cum
2816 4422 3042 4475 Athenis
3072 4433 3400 4485 versaretur,
3421 4424 3521 4477 lai-

1969 4530 2063 4568 ens
2121 4516 2185 4566 ad
2225 4514 2415 4567 luit-um
2453 4515 2667 4579 scripsit
2716 4512 3126 4580 Apollinarium.
3182 4514 3308 4569 lude
3338 4526 3516 4568 autent

285 4613 351 4666 de
398 4628 458 4667 se
500 4618 689 4663 narrat
738 4607 1033 4675 Gregorius
1084 4606 1186 4677 (e);
1225 4606 1319 4659 sed
1359 4615 1548 4657 neuter
1599 4604 1848 4672 baptismi
1884 4606 1927 4660 Β
1959 4608 2313 4659 conlirtttatttr
2343 4603 2481 4673 quod
2514 4604 2577 4655 de
2606 4600 2786 4657 Basilii
2820 4605 3087 4672 baptismo
3114 4603 3363 4658 diximus.
3392 4603 3521 4658 Per-

285 4706 613 4759 tnentionem
664 4703 813 4765 facit,
862 4702 1109 4767 quamvis
1158 4706 1371 4753 constct
1396 4697 1716 4765 Gregorium
1756 4700 1851 4750 ba-

288 4800 547 4866 ptizatum
585 4795 774 4857 fuisse,
806 4803 1087 4861 postquam
1126 4792 1284 4843 rediit
1328 4789 1574 4843 Athenis.
1610 4790 1683 4843 De
1710 4789 1853 4841 Basi-

288 4890 358 4943 lio
393 4888 494 4941 hoc
524 4898 731 4939 tantum
762 4892 914 4935 certo
944 4882 1164 4941 scimus,
1204 4881 1319 4949 ejus
1356 4880 1682 4948 baptismum
1711 4880 1848 4932 dila-

292 4992 397 5034 tum
428 4978 615 5039 fuisse,
646 4982 836 5029 saltem
862 4988 1031 5040 usque
1060 4972 1124 5022 ad
1158 4973 1286 5024 illttd
1314 4982 1523 5041 tempus
1543 4987 1648 5037 quo
1672 4972 1849 5026 thsa-

288 5090 428 5128 ream
462 5070 664 5123 missus
690 5078 791 5120 est.
838 5064 1025 5120 Utrum
1061 5075 1237 5117 autem
1273 5063 1437 5116 etiam
1465 5078 1632 5131 usque
1662 5065 1729 5116 ad
1764 5078 1846 5116 rc-

290 5167 448 5217 dituttt
479 5179 543 5217 ex
579 5158 807 5221 Grarcia,
840 5158 893 5209 id
927 5172 1030 5208 non
1086 5156 1155 5205 ita
1208 5156 1543 5223 exploratum
1587 5164 1708 5207 est:
1755 5153 1847 5206 scd

292 5268 457 5311 tamen
496 5256 732 5308 libenter
783 5249 1105 5301 crediderint
1150 5264 1270 5299 eum
1320 5249 1467 5301 circa
1516 5262 1715 5298 annum
1744 5244 1847 5299 357

294 5351 554 5419 mysteriis
587 5346 870 5401 initiatum
897 5342 1083 5395 fuisse.
1119 5338 1251 5393 Nam
1290 5339 1603 5407 Gregorius,
1640 5339 1729 5406 qui
1757 5352 1845 5392 ca-

296 5443 636 5497 techumenos
672 5443 793 5491 erat
840 5434 1087 5494 Athenis,
1141 5432 1219 5485 sic
1266 5447 1421 5486 suum
1466 5445 1587 5482 cum
1649 5428 1845 5485 Basilio

294 5534 511 5587 omnium
541 5544 727 5583 rerum
752 5538 1078 5580 consensum
1114 5522 1393 5588 describit,
1418 5530 1474 5575 ut
1497 5534 1757 5591 nusquam
1784 5520 1850 5572 il-

345 5714 413 5785 (π)
439 5714 591 5785 Orat.
614 5710 715 5785 20.

342 5781 407 5853 (ib)
437 5788 527 5853 Ερ.
564 5784 626 5836 2t
640 5788 695 5843 υ,
727 5781 863 5853 ".2.

333 5849 399 5927 (ε)
428 5849 518 5912 (Dr.
552 5856 711 5927 ilict
755 5849 859 5927 Vit;

330 5919 401 5999 (οὐ
438 5931 532 6000 Ep.
566 5924 702 5987 2‘25.
748 5938 800 5975 tt.
830 5919 884 5971 ‘2.

1960 4700 2190 4767 sttit-itur
2224 4700 2365 4750 enim
2409 4696 2524 4765 ejus
2552 4696 2876 4764 baptismum
2916 4697 3135 4750 dilatnttt
3164 4696 3327 4751 fuisse
3355 4712 3384 4750 a
3422 4712 3519 4761 pa-

1965 4792 2227 4845 rentibus.
2267 4791 2383 4841 Alia
2420 4797 2595 4842 autem
2631 4788 2907 4841 dill'erendi
2939 4804 3099 4842 causa
3128 4804 3247 4843 esse
3291 4803 3393 4840 non
3423 4803 3517 4857 po-

1967 4884 2087 4943 tttit,
2122 4882 2223 4935 nisi
2263 4894 2319 4935 ut
2362 4892 2465 4933 tatu
2496 4879 2749 4934 eximium
2778 4882 2975 4933 donum
3001 4880 3373 4934 adolescentia:
3397 4896 3495 4931 nau

1960 4974 2147 5043 lragiis
2182 4990 2287 5028 non
2320 4985 2674 5043 exponerent.
2704 4976 2771 5028 At
2792 4977 2975 5028 cadent
3014 4989 3175 5027 causa
3202 4974 3369 5024 multo
3398 4986 3521 5041 gra-

1960 5066 2078 5117 vior
2108 5066 2350 5128 exstitit,
2417 5080 2536 5116 cum
2600 5064 3113 5133 Constantittopolittt
3170 5070 3225 5113 et
3282 5062 3520 5113 Athenas

1960 5160 2155 5211 tuissns
2186 5169 2267 5211 est
2300 5176 2313 5211 :
2348 5160 2540 5225 quibus
2568 5158 2622 5210 in
2659 5158 2881 5211 urbibus
2909 5166 3159 5225 peruetua
3203 5155 3518 5207 innocentia:

1958 5262 2012 5305 ct
2054 5250 2174 5303 fidei
2203 5251 2436 5319 pericula
2476 5249 2845 5302 imminebant.

2030 5341 2181 5405 Quod
2219 5342 2262 5395 si
2313 5340 2492 5393 Basilii
2547 5342 2845 5409 baptistnus
2885 5355 3051 5407 usque
3083 5340 3146 5391 ad
3178 5336 3404 5390 reditum
3452 5350 3516 5389 cx

1958 5432 2258 5484 litterarum
2290 5432 2482 5486 studiis
2520 5433 2716 5485 dilatus
2754 5433 2872 5495 lttit,
2906 5435 2988 5484 vix
3025 5432 3240 5486 dubium
3275 5438 3357 5483 est
3389 5432 3513 5495 quin

1953 5530 2063 5576 tum
2100 5521 2313 5573 demum
2344 5523 2648 5592 baptizatus
2676 5521 2858 5584 fuerit,
2908 5538 3027 5574 ctttn
3069 5534 3185 5574 sese
3244 5536 3273 5573 a
3331 5519 3514 5571 mundi

2024 5706 2095 5771 (ε)
2127 5703 2199 5757 De
2244 5703 2344 5757 Vit.

2024 5782 2065 5843 (ι
2088 5788 2102 5843 )
2128 5775 2221 5829 0r.
2248 5776 2335 5826 90.

2148 5844 2263 5900 Lib.
2300 5843 2370 5897 Dc
2406 5840 2602 5913 Spiritu
2634 5857 2832 5910 sancto,
2866 5862 2980 5914 cap.
3006 5842 3093 5896 ‘29.
