4206 6482
764 444 856 487 ειν

2160 424 2685 479 PBOLEGOMENA.

766 556 926 595 scena
978 541 1260 595 abstraxit.
1302 540 1434 595 Cum
1489 542 1629 596 enim
1687 542 2071 611 prmparandus
2120 545 2328 599 animus
2354 546 2398 601 Α
2434 543 2531 605 vit,
2566 550 2618 591 et
2656 537 2905 591 omnibus
2939 537 3125 589 statuit
3174 536 3373 589 nudare
3414 535 3584 599 bonis,
3630 545 3682 588 ut
3712 536 3985 591 Christum

770 632 869 685 fuit
899 632 963 685 ad
1014 642 1218 686 tantum
1252 635 1587 702 mysterium,
1638 643 1746 686 tum
1782 650 1908 688 vero
1962 636 2070 702 ipse
2099 634 2323 691 Basilius

769 722 1008 776 declarat
1044 724 1094 775 in
1126 724 1285 791 epist.
1317 723 1443 789 2‘25,
1501 739 1557 778 se
1610 724 1827 777 intimos
1872 724 2083 792 pietatis
2136 740 2322 778 sensus

768 818 1068 883 concipere,
1101 826 1156 870 et
1194 817 1449 885 quidquid
1493 818 1733 871 sordium
1769 830 1831 868 ex
1860 816 2097 884 profanis
2131 816 2323 869 studiis

768 916 820 959 et
857 908 1129 961 hominum
1164 908 1526 975 improborum
1559 908 1943 961 consuetudine
1973 917 2318 975 conceperat,

771 1009 1023 1050 excutere
1045 999 1293 1063 cmpisse,
1344 1015 1464 1051 cum
1494 1012 1585 1051 sna
1634 998 1809 1051 omnia
1849 1000 2168 1067 pauperibus
2213 998 2321 1053 dis-

772 1086 1026 1149 tribuere,
1063 1104 1124 1139 ae
1152 1088 1201 1139 in
1228 1087 1567 1141 solitudinem
1604 1101 1719 1140 sese
1751 1088 1990 1152 recipere
2026 1087 2235 1139 statuit.

835 1175 1030 1229 Lector
1068 1178 1133 1229 ab
1158 1178 1345 1229 eodem
1384 1177 1569 1230 Dianio
1618 1178 1897 1230 institutus
1942 1187 2024 1229 est
2056 1176 2321 1239 Basilius,

766 1280 869 1320 non
908 1265 1073 1317 multo
1096 1266 1554 1333 posthaptismum
1585 1266 1677 1337 (α).
1710 1266 1898 1321 Utrum
1929 1278 2104 1319 autem
2132 1269 2181 1319 id
2207 1282 2322 1321 eve-

767 1355 905 1406 nerit
937 1354 1120 1407 statim
1156 1365 1273 1421 post
1314 1355 1665 1422 baptismum,
1718 1372 1785 1409 an
1818 1365 1935 1424 post
1974 1357 2205 1411 reditum
2258 1370 2322 1410 ex

764 1442 1072 1506 itineribus,
1104 1460 1223 1511 qua:
1250 1446 1315 1496 ab
1346 1460 1408 1499 eo
1441 1456 1692 1515 soscepta
1735 1446 1893 1501 modo
1945 1448 2278 1503 narrabimus
2304 1490 2317 1515 ,

764 1536 815 1587 id
851 1536 1096 1601 equidem
1122 1552 1225 1588 non
1260 1536 1389 1589 mihi
1424 1537 1609 1591 videor
1634 1552 1790 1606 posse
1815 1546 2070 1591 statuere.

831 1622 917 1677 ill.
960 1622 1113 1677 Circa
1159 1624 1287 1678 illud
1337 1634 1547 1695 tempus
1576 1626 1777 1679 .amisit
1821 1625 2049 1680 Basilius
2102 1625 2318 1680 fratrem

764 1713 1109 1768 Naueratium
1142 1716 1236 1785 (ὁ),
1298 1718 1436 1771 tristi
1487 1718 1713 1785 quodam
1759 1733 1884 1771 casu
1930 1718 2216 1772 sublatum.
2272 1718 2322 1773 Is

763 1816 884 1873 post
920 1806 1173 1860 Basilium
1208 1816 1337 1861 natu
1372 1808 1664 1871 maximus,
1693 1809 1825 1862 mira
1856 1813 2083 1878 quadam
2125 1812 2315 1874 indole,

2430 641 2573 686 totus
2609 631 2872 684 indueret.
2912 629 3235 683 l‘romiserat
3264 628 3311 681 ei
3360 628 3649 695 Gregorius
3679 629 3900 682 Athenis
3930 644 3988 681 se

2428 739 2547 778 cum
2580 738 2642 777 eo
2674 724 2724 774 in
2772 722 3010 776 eamdem
3067 720 3405 774 solitudinem
3456 736 3833 785 recessurum;
3890 722 3984 773 sed

2428 830 2548 870 cum
2580 814 2825 867 amicitia:
2856 812 3021 881 legem
3056 811 3245 865 debita:
3270 812 3576 879 parentibus
3618 812 3797 878 pietati
3835 820 3986 879 post-

2431 908 2633 961 habere
2663 905 2951 974 Gregorius
2973 913 3253 973 cogeretur
3281 904 3382 974 (c);
3414 904 3693 957 destitutus
3723 904 3821 955 hoc
3848 917 3983 969 pra:-

2428 1001 2561 1053 sidio
2614 998 2841 1051 Basilius
2882 997 2982 1065 (ά),
3025 996 3344 1049 monasteria
3393 992 3625 1047 Orientis
3670 1004 3721 1049 et
3766 994 3980 1063 Egypti

2426 1090 2654 1143 invisere
2698 1088 2899 1150 statuit,
2950 1095 3007 1139 ut
3052 1086 3286 1154 perfecta
3328 1087 3585 1138 virtutum
3635 1088 3875 1152 exempla
3914 1088 3980 1137 ad

2425 1179 2745 1232 imitandum
2792 1178 3034 1231 haberet.
3082 1176 3273 1231 Narrat
3319 1178 3432 1246 ipse
3463 1175 3532 1245 (ε)
3581 1191 3638 1228 se
3687 1176 3983 1228 innumeris

2426 1271 2697 1324 laboribus
2738 1269 2787 1321 in
2817 1268 3025 1340 Syriam
3065 1269 3391 1336 pervenisse,
3445 1283 3508 1321 ac
3555 1268 3675 1321 inde
3726 1268 3775 1318 in
3812 1267 3979 1335 Aigy-

2430 1372 2577 1431 ptum
2602 1362 2758 1431 longo
2792 1373 2845 1416 et
2871 1362 3073 1415 diliicili
3116 1362 3306 1414 itinere
3334 1359 3627 1429 profectum
3657 1373 3795 1411 esse.
3842 1359 3983 1411 Vidit

2425 1453 2804 1507 sanctissimos
2831 1452 2972 1505 viros
3011 1450 3346 1503 Alexandria:
3394 1458 3448 1503 et
3502 1451 3553 1503 in
3585 1450 3783 1515 reliqua
3814 1447 3979 1515 Ajgy-

2427 1555 2523 1615 pto
2547 1543 2637 1612 (f),
2656 1557 2719 1597 ac
2743 1543 2793 1595 in
2817 1541 3091 1595 Palaestina
3114 1539 3466 1609 etleesyria
3490 1550 3540 1595 et
3566 1539 3979 1606 Mesopotamia:

2425 1635 2651 1686 miratus
2679 1641 2759 1686 est
2807 1645 2988 1685 eorum
3036 1630 3085 1684 in
3123 1629 3395 1683 laboribus
3436 1630 3767 1697 perferendis
3814 1627 3981 1680 animi

2425 1725 2741 1778 fortitudine
2758 1738 2805 1775 m
2837 1732 2888 1775 et
2920 1722 2968 1775 in
3006 1722 3207 1776 orando
3245 1721 3595 1774 constantiam
3625 1740 3637 1773 :
3682 1718 3981 1786 obstupuit,

2432 1828 2553 1866 cum
2600 1827 2693 1866 eos
2725 1811 2927 1865 videret
2966 1826 3211 1865 somnum
3259 1823 3531 1875 superare,
3564 1824 3660 1861 nec
3690 1808 3791 1859 ulla
3824 1816 3983 1860 natu-

762 1905 815 1947 et
849 1897 1093 1964 corporis
1143 1906 1427 1949 venustate
1467 1912 1530 1951 ac
1575 1896 1777 1952 viribus
1823 1908 1876 1952 et
1915 1900 2213 1965 celeritate,
2269 1910 2320 1953 et
2355 1893 2396 1946 Β
2430 1903 2523 1955 rali
2560 1902 2883 1957 necessitate
2922 1900 3141 1963 inﬂecti,
3180 1901 3273 1955 sed
3306 1901 3357 1951 in
3405 1896 3544 1951 fame
3576 1907 3626 1949 et
3653 1898 3761 1958 siti,
3804 1898 3856 1948 in
3886 1895 3983 1948 fri-

763 1987 960 2039 eximia
988 1988 1056 2041 ad
1091 1990 1270 2042 omnia
1309 1988 1580 2041 habilitate
1619 1991 1829 2044 caeteris
1860 1994 2168 2059 praestabat.
2216 1992 2321 2046 Sed

763 2096 885 2132 cum
929 2095 1124 2132 annum
1160 2092 1435 2135 assecutus
1475 2089 1619 2135 esset
1650 2082 1965 2135 vicesimum
2000 2083 2319 2147 secundum,

762 2188 825 2227 ac
849 2174 1056 2242 publica
1092 2175 1414 2244 eloquentiae
1446 2190 1555 2229 sna'
1594 2177 1883 2243 specimina
1933 2176 2167 2230 dedisset
2200 2193 2319 2230 cum

761 2280 968 2318 summa
998 2267 1329 2321 audientium
1357 2268 1732 2335 admiratione,
1767 2268 1929 2323 subiit
1961 2268 2106 2322 illum
2132 2270 2322 2324 divina:

763 2356 950 2425 gratia:
974 2356 1113 2410 dono
1136 2356 1406 2411 fastidium
1436 2359 1640 2423 mundi,
1668 2374 1730 2412 ac
1755 2361 2003 2413 omnibus
2027 2362 2185 2414 rebus
2212 2362 2323 2415 suis

762 2446 1035 2515 projectis,
1071 2449 1153 2501 vel
1187 2452 1365 2517 potius
1402 2449 1511 2502 Deo
1552 2450 1767 2512 dicatis,
1802 2451 1866 2502 ad
1922 2451 2213 2504 solitariam
2259 2467 2322 2506 ac

762 2554 1050 2606 pauperem
1081 2542 1243 2593 vitam
1272 2556 1467 2609 magno
1498 2541 1662 2593 animi
1698 2542 1891 2594 ardore
1929 2544 2184 2597 accurrit.
2220 2542 2321 2597 Se-

761 2642 917 2685 cutus
948 2642 1029 2686 est
1072 2632 1219 2685 illum
1254 2648 1393 2687 unus
1432 2648 1494 2687 ex
1546 2632 1779 2695 famulis,
1813 2631 2178 2703 Cbrysaphius
2223 2650 2321 2689 no-

765 2724 941 2789 mine,
989 2724 1081 2794 qui
1130 2739 1249 2779 eum
1286 2724 1561 2794 diligebat,
1595 2739 1655 2777 ac
1700 2724 1936 2793 ejusdem
1980 2728 2100 2780 vitae
2146 2727 2323 2781 studio

764 2815 1066 2868 tenebatur.
1108 2814 1343 2869 Secessit
1378 2826 1595 2883 propter
1631 2814 1823 2868 lridem
1868 2815 2086 2869 fluvium
2128 2816 2179 2869 in
2216 2815 2322 2869 col-

762 2903 866 2957 lem
918 2906 1201 2974 quemdam
1252 2910 1417 2961 denso
1466 2920 1683 2960 nemore
1730 2907 2019 2971 consitum,
2060 2917 2111 2960 et
2161 2906 2321 2961 dorso

762 2997 1003 3063 praeeelsi
1035 2998 1231 3050 montis
1260 2998 1613 3051 reconditum.
1647 2997 1723 3051 lbi
1754 3000 1819 3052 ab
1845 2999 2057 3051 urbium
2093 3000 2321 3053 tumultu

762 3095 816 3137 et
848 3084 1051 3137 militia:
1086 3099 1150 3137 ac
1190 3084 1289 3137 fori
1338 3086 1783 3153 occupationibus
1827 3096 2063 3141 remotus
2102 3087 2321 3155 quibus-

764 3179 885 3229 dam
916 3176 1173 3229 solitariis
1207 3176 1431 3230 senibus
1472 3192 1529 3229 se
1561 3176 1800 3242 tradidit,
1833 3178 2025 3244 quibus
2061 3179 2237 3246 inopia
2267 3185 2323 3232 et

2430 2007 2556 2062 gore
2589 2004 2643 2048 et
2665 1994 2902 2047 nuditate
2928 1994 3241 2046 indomitum
3272 1990 3434 2045 animi
3475 1990 3635 2042 robur
3663 2004 3901 2051 servare,
3928 1998 3985 2041 et

2425 2094 2676 2152 tanquam
2705 2084 2873 2137 aliena
2918 2086 2967 2137 in
2994 2099 3158 2137 carne
3185 2084 3381 2135 vivere.
3414 2077 3519 2133 Sed
3546 2088 3797 2145 quantum
3834 2078 3980 2129 illum

2416 2172 2643 2241 juvabat
2679 2174 2794 2226 hare
2826 2174 3122 2227 sanctitatis
3152 2170 3482 2241 exemplaria
3530 2169 3818 2235 respicere,
3866 2179 3983 2221 tan-

2424 2273 2537 2317 tum
2579 2264 2627 2317 ei
2676 2264 2928 2316 mceroris
2976 2262 3269 2315 attulerunt
3313 2259 3693 2319 dissensiones,
3736 2272 3853 2324 quae
3900 2258 3984 2311 bis

2424 2355 2779 2425 temporibus,
2823 2362 2883 2406 ut
2930 2367 3051 2406 cum
3109 2353 3360 2416 maxime,
3410 2352 3706 2406 fervebant.
3763 2347 3986 2402 Videbat

2424 2449 2705 2518 episc0pos
2743 2446 2885 2513 ipsos
2914 2444 3054 2497 inter
3087 2456 3145 2495 se
3181 2441 3451 2507 digladiari
3480 2441 3572 2510 (g),
3605 2450 3655 2493 et
3689 2439 3981 2493 Ecclesiam

2430 2540 2519 2593 Dei
2546 2538 2833 2593 crudeliter
2855 2536 3173 2597 dilacerare,
3203 2548 3265 2585 ac
3294 2532 3410 2599 ejus
3432 2546 3644 2597 gregem
3670 2532 3981 2585 obturbare.

2429 2632 2532 2687 Sed
2560 2647 2679 2685 cum
2718 2631 2834 2700 ejus
2866 2630 3046 2683 animo
3072 2642 3202 2681 sana
3236 2624 3369 2679 fides
3398 2637 3428 2675 a
3463 2624 3661 2675 teneris
3688 2622 3875 2675 fuisset
3900 2624 3985 2675 in-

2426 2724 2655 2793 sculpta,
2712 2723 2851 2777 nulla
2905 2722 3049 2775 illum
3093 2720 3295 2773 erroris
3336 2731 3465 2771 aura
3517 2712 3780 2784 perﬂavit,
3820 2728 3985 2781 seque

2425 2815 2542 2883 ipse
2579 2823 2820 2879 testatur,
2858 2813 2911 2867 in
2956 2810 3494 2882 peregrinationibus,
3530 2820 3661 2875 quas
3699 2805 3777 2856 vir
3808 2803 3986 2857 factus

2425 2917 2567 2961 terra
2599 2905 2837 2973 marique
2867 2905 3100 2972 suscepit
3134 2904 3231 2973 (li),
3262 2904 3307 2957 si
3335 2917 3469 2973 quos
3500 2899 3760 2954 inveniret
3788 2912 3985 2949 secun-

2422 3000 2548 3053 dutn
2591 2998 2843 3052 traditam
2890 2996 3106 3065 pietatis
3148 2995 3388 3065 regulam
3420 2990 3777 3051 ambulantes,
3808 3002 3899 3040 eos
3931 2999 3983 3039 et

2426 3099 2635 3159 patrum
2678 3088 2798 3143 loco
2846 3086 3123 3150 habuisse,
3156 3095 3210 3140 et
3249 3086 3413 3139 duces
3465 3084 3655 3138 anima:
3694 3096 3802 3133 sua:
3832 3093 3988 3131 secu-

2431 3188 2539 3233 tum
2570 3195 2707 3235 esse.
2745 3178 2858 3232 Non
2900 3178 3031 3232 vidit
3073 3178 3413 3232 Alexandria:
3452 3190 3703 3244 magnum
3744 3171 3985 3225 Athana-

765 3268 950 3322 morbo
1004 3268 1375 3321 laborantibus
1434 3267 1634 3321 victum
1693 3268 2017 3337 quaeritabat
2069 3283 2322 3321 manuum
2354 3256 2397 3315 Ο
2432 3272 2589 3324 sium.
2642 3270 2917 3339 Significat
2956 3270 3097 3323 enim
3151 3272 3201 3322 in
3246 3270 3404 3339 epist.
3450 3267 3518 3322 80
3566 3280 3834 3332 nunquam
3882 3262 3983 3315 sibi

764 3373 979 3411 suarum
1019 3358 1299 3411 industria.
1345 3357 1477 3411 Cum
1513 3358 1653 3413 enim
1702 3356 1976 3427 quodlibet
2027 3359 2323 3412 venationis

763 3464 931 3517 genus
963 3464 1065 3500 non
1098 3448 1226 3501 laeve
1255 3458 1554 3515 exerceret,
1593 3450 1765 3517 pisces
1800 3449 2019 3503 senibus
2051 3451 2318 3517 captabat.

768 3539 824 3589 ln
860 3553 965 3605 quo
1020 3538 1233 3605 quidem
1272 3546 1325 3590 et
1364 3538 1646 3590 charitatis
1677 3539 1851 3592 oflicio
1901 3539 2235 3605 fungebatur,
2269 3548 2323 3592 et

762 3626 1098 3695 juventutem
1135 3628 1216 3681 his
1250 3628 1521 3681 laboribus
1563 3627 1857 3681 domabat:
1897 3643 1991 3680 uec
2042 3630 2251 3679 interim
2292 3646 2322 3681 a

766 3719 989 3773 colenda
1035 3732 1205 3775 matre
1256 3720 1589 3785 discedebat,
1634 3719 1861 3789 ejusque
1921 3721 2187 3772 mandatis
2230 3734 2325 3775 ex-

767 3810 1096 3872 hauriendis,
1142 3812 1183 3865 si
1237 3812 1362 3879 quid
1412 3812 1495 3863 illa
1529 3812 1862 3879 prmeiperet.
1913 3808 2029 3863 Jam
2080 3811 2322 3879 quintum

765 3918 963 3956 annum
1006 3903 1057 3954 in
1104 3904 1204 3957 hoc
1240 3903 1482 3956 instituto
1516 3904 1843 3964 traducebat,
1886 3919 2003 3955 cum
2057 3904 2322 3971 ingentem

766 3994 923 4047 matri
956 4010 1018 4045 ac
1052 3995 1146 4046 toti
1184 3994 1397 4047 familia:
1431 3994 1629 4048 luctum
1661 3996 1858 4049 attulit.
1894 3995 2082 4047 Subito
2117 3994 2257 4046 enim
2295 4010 2325 4048 e

763 4087 869 4139 vita
908 4087 1131 4155 rapitur,
1166 4102 1269 4139 non
1304 4086 1493 4138 morbo
1519 4097 1824 4153 correptus,
1862 4100 1965 4138 non
2013 4100 2074 4137 ex
2114 4085 2325 4138 insidiis

767 4176 1137 4245 interemptus,
1188 4178 1280 4229 sed
1328 4178 1558 4244 quodam
1605 4178 1689 4231 die
1738 4192 1857 4230 cum
1904 4176 1969 4229 ad
2009 4174 2323 4244 piscandum

766 4269 1035 4335 profectus
1075 4278 1236 4331 esset,
1277 4279 1518 4320 mortuus
1560 4285 1660 4321 una
1709 4287 1828 4322 cum
1860 4268 2195 4337 Chrysapltio
2234 4269 2327 4322 do-

767 4373 912 4411 mum
959 4369 1279 4427 reportatur.
1320 4358 1448 4411 Tatn
1490 4360 1625 4413 tristi
1674 4362 1858 4413 nuntio
1908 4362 1973 4414 ad
2012 4360 2071 4415 S.
2112 4361 2324 4415 Emme-

764 4449 914 4513 liam,
962 4464 1080 4516 qua:
1131 4452 1290 4502 trium
1341 4452 1545 4504 diertun
1600 4448 1787 4502 itinere
1834 4450 2069 4505 distabat
2139 4450 2322 4515 allato,

768 4542 956 4593 mulier
992 4540 1127 4593 alias
1174 4540 1461 4593 fortissima
1506 4542 1743 4596 concidit
1774 4541 2058 4595 exanimis.
2102 4541 2173 4595 At
2213 4552 2321 4595 tum

765 4632 996 4686 maxime
1025 4630 1219 4686 enituit
1256 4634 1424 4686 virtus
1464 4632 1520 4685 S.
1555 4632 1822 4696 Macrinae,
1856 4647 1972 4699 quae
2013 4648 2117 4688 non
2149 4634 2321 4688 solum

767 4725 1014 4778 invictam
1058 4741 1114 4778 se
1144 4742 1171 4778 a
1203 4726 1384 4779 dolore
1432 4724 1719 4794 praestitit,
1754 4725 1845 4778 sed
1888 4724 2046 4777 etiam
2098 4734 2320 4778 matrem

767 4832 796 4870 e
846 4816 1110 4886 profundo
1154 4818 1398 4870 mteroris
1444 4818 1745 4871 constantia
1789 4832 1883 4871 sua
1927 4820 2218 4871 revocavit.
2264 4818 2320 4871 Si

767 4907 1087 4962 Naucratius
1117 4923 1258 4961 anno
1299 4907 1424 4970 530,
1456 4919 1510 4959 ιιι
1539 4910 1670 4961 satis
1716 4906 1983 4975 probabile
2012 4917 2113 4966 est,
2158 4908 2209 4961 in
2238 4910 2321 4963 lu-

767 5013 883 5053 cem
907 5008 991 5051 est
1020 5000 1215 5062 editus,
1249 4999 1367 5066 ejus
1423 5012 1566 5050 mors
1614 5000 1756 5052 circa
1803 5014 1997 5050 annum
2031 4996 2129 5049 557
2162 4999 2325 5053 collo-

764 5090 971 5154 cauda;
1020 5092 1213 5159 quippe
1242 5107 1359 5145 cum
1406 5106 1547 5142 anno
1576 5092 1748 5144 (etatis
1790 5090 2045 5143 vicesimo
2091 5092 2325 5145 secundo

764 5182 1070 5244 secesserit,
1106 5184 1347 5252 quinque
1381 5197 1549 5235 annos
1596 5183 1893 5235 traduxerit
1930 5183 1979 5235 in
2014 5180 2321 5238 solitudine.

840 5273 927 5326 lV'.
968 5274 1045 5327 Eo
1089 5272 1390 5327 afﬂuentior
1428 5283 1483 5328 et
1513 5273 1729 5327 uberior
1763 5274 1863 5327 fuit
1899 5274 1948 5328 in
1978 5272 2176 5326 Basilio
2205 5290 2325 5341 gra-

766 5365 835 5419 tia
870 5366 1138 5433 baptismi,
1170 5367 1310 5435 quod
1342 5366 1497 5419 simul
1527 5380 1584 5419 se
1611 5366 1854 5419 asceticzn
1896 5367 2017 5420 vitze
2046 5380 2325 5421 consecra-

834 5550 910 5605 (η)
941 5542 1058 5593 L‘b.
1095 5540 1409 5611 DgSpiritu
1442 5552 1640 5602 sancto,
1680 5556 1797 5611 cap.
1824 5542 1910 5595 ‘29.

831 5610 905 5677 (ὁ)
938 5611 1093 5678 Nyss.
1148 5609 1249 5661 Vit.
1289 5611 1477 5673 Morta,
1511 5630 1558 5679 ιι.
1596 5611 1713 5665 13‘2.

834 5680 905 5745 (ι’)
950 5680 1081 5731 Naz.
1114 5697 1196 5744 ep.
1236 5682 1289 5733 5.

858 5749 911 5815 d)
952 5750 1076 5801 Nar.
1111 5766 1189 5803 or.
1224 5751 1312 5803 ‘20.

859 5827 901 5885 ι’)
943 5819 1035 5887 Ep.
1077 5822 1123 5873 1.

2427 3363 2565 3415 banc
2616 3362 2922 3416 felicitatem
2981 3362 3263 3428 obt'gisse.
3313 3359 3577 3413 Praeterea
3629 3356 3984 3407 Athanasium

2425 3454 2623 3506 scimus
2675 3451 2993 3504 Alexandria
3027 3450 3323 3502 excessisse
3378 3462 3520 3500 anno
3550 3444 3674 3497 356.
3719 3444 3822 3496 Sed
3860 3446 3985 3496 dum

2424 3544 2633 3615 Syriam
2676 3550 2928 3612 peragrat
2968 3538 3216 3604 Basilius,
3259 3537 3442 3591 videre
3488 3537 3657 3604 potuit
3698 3534 3755 3587 S.
3812 3533 3983 3588 Euse-

2424 3638 2570 3691 bium
2616 3636 3067 3695 Samosatensem,
3103 3644 3332 3698 quocum
3361 3638 3415 3682 et
3442 3638 3566 3679 ante
3613 3626 3982 3694 episcopatum

2426 3742 2582 3781 suum
2620 3736 2672 3779 et
2710 3728 2759 3778 in
2787 3727 3095 3794 episcopatu
3128 3721 3426 3776 arctissima
3459 3719 3697 3773 amicitia
3764 3715 3987 3783 conjun-

2429 3826 2545 3868 ctus
2572 3815 2690 3867 fuit.
2722 3814 2994 3867 Neminem
3027 3830 3153 3867 sane
3180 3816 3353 3876 video,
3376 3828 3532 3881 quem
3570 3811 3819 3864 libentius
3848 3810 3989 3862 inter

2426 3922 2517 3962 eos
2536 3921 2829 3971 numerem,
2857 3920 2989 3973 quos
3012 3919 3065 3957 se
3088 3905 3311 3956 Basilius
3338 3917 3543 3967 patrum
3571 3902 3686 3955 loco
3711 3903 3980 3963 habuisse,

2425 4010 2479 4055 et
2500 3999 2695 4053 anima:
2723 4013 2831 4051 sua:
2858 4000 3019 4051 duces
3046 4005 3287 4049 secutum
3320 4008 3437 4045 esse
3465 3995 3615 4046 dicit.

2506 4092 2568 4145 V.
2611 4089 2865 4143 Basiliam
2910 4084 3246 4141 Alexandriae
3278 4084 3493 4136 morbus
3526 4081 3754 4135 detinuit
3783 4095 3843 4134 ac
3875 4096 3987 4134 me-

2432 4192 2542 4234 tum
2569 4182 2755 4237 attulit
2789 4196 2854 4234 ne
2886 4181 2935 4233 in
2966 4179 3195 4247 patriam
3226 4175 3399 4229 hieme
3438 4173 3611 4228 redire
3642 4188 3746 4227 non
3780 4181 3983 4241 posset.

2432 4272 2567 4326 Dum
2604 4281 2779 4324 autem
2812 4271 2861 4322 in
2895 4270 2993 4323 hac
3026 4277 3266 4322 moratur
3296 4266 3426 4319 urbe
3455 4266 3538 4333 (ί),
3578 4265 3751 4319 allata:
3786 4275 3909 4320 sunt
3936 4265 3984 4317 ei

2430 4363 2628 4417 litterte
2683 4360 2989 4423 Eustathii,
3058 4359 3362 4429 philosophi
3412 4358 3686 4423 cujusdam
3744 4358 3982 4420 ethnici,

2432 4470 2589 4525 quem
2637 4454 2861 4508 Athenis
2908 4455 3114 4507 rediens
3163 4453 3399 4504 visurum
3444 4466 3501 4503 se
3554 4452 3605 4504 in
3648 4449 3985 4517 Cappadocia

2434 4556 2769 4617 speraverat,
2798 4545 2890 4599 sed
2914 4546 3195 4613 quaesitum
3230 4542 3470 4597 invenire
3497 4558 3598 4596 non
3621 4543 3807 4611 potuit.
3838 4539 3985 4593 Post-

2436 4650 2497 4689 ea
2529 4634 2700 4686 tnorbi
2731 4632 3077 4695 obstiterunt,
3103 4632 3388 4698 quominus
3415 4646 3533 4683 cum
3565 4631 3776 4683 viseret.
3806 4627 3988 4700 Neque

2433 4724 2599 4780 etiam
2636 4739 2755 4777 cum
2804 4738 2870 4777 eo
2905 4725 3135 4777 abeunte
3175 4721 3225 4773 in
3262 4722 3531 4776 Orientem
3580 4720 3842 4789 proficisci
3890 4741 3986 4791 po-

2434 4817 2551 4868 tuit.
2588 4813 2873 4883 Postquam
2910 4816 2960 4869 in
2992 4814 3199 4883 Syriam
3233 4816 3374 4869 venit
3403 4814 3644 4873 Basilius,
3676 4816 3839 4868 audiit
3872 4817 3987 4884 phi-

2436 4911 2715 4978 losophum
2756 4908 2879 4961 inde
2910 4905 3107 4961 abiisse
3136 4905 3185 4957 in
3230 4904 3537 4974 Egyptum.
3576 4904 3699 4957 llluc
3733 4906 3891 4957 etiam
3932 4919 3989 4957 se

2437 5003 2694 5065 contulit,
2749 5014 2811 5053 ac
2868 5014 2936 5053 ne
2990 4997 3100 5051 illic
3147 4998 3361 5066 quidem
3414 5008 3650 5065 Optatum
3689 4998 3985 5065 philosophi

2434 5107 2790 5159 congressum
2846 5090 3055 5157 assequi
3108 5088 3299 5158 potuit.
3352 5087 3400 5141 ls
3444 5090 3585 5141 enim
3618 5090 3682 5142 ad
3714 5087 3903 5139 Persas
3937 5098 3989 5137 et

2435 5192 2711 5237 extremos
2746 5183 3006 5235 barbaros
3040 5180 3266 5234 abierat.
3318 5177 3552 5232 Tandem
3590 5180 3652 5230 ab
3684 5192 3746 5229 eo
3782 5176 3990 5226 litteras

2438 5274 2648 5343 accepit
2699 5272 3062 5333 Alexandriae,
3115 5285 3180 5323 ex
3235 5267 3428 5334 quibus
3473 5268 3617 5321 illum
3667 5267 3718 5318 in
3760 5264 3986 5333 patriam

2429 5366 2651 5422 rediisse
2679 5365 2945 5435 cognovit.
2974 5362 3197 5430 Scripsit
3229 5363 3293 5415 ad
3317 5378 3435 5416 eum
3463 5359 3688 5413 Basilius
3711 5375 3774 5414 ex
3803 5360 3986 5412 cadent

2499 5543 2568 5611 (Γ)
2608 5543 2705 5611 Ep.
2738 5543 2861 5603 29.3.
2899 5561 2950 5594 ι..
2985 5544 3038 5598 2.

2499 5616 2573 5682 (g)
2618 5614 2847 5666 l’rouzm.
2886 5612 3097 5679 Moral.,
3130 5629 3178 5682 p.
3209 5613 3332 5668 213.

2498 5685 2573 5752 (It)
2619 5683 2715 5749 Ep.
2750 5683 2872 5749 “204,
2910 5700 2961 5736 tt.
2992 5685 3042 5735 6.

2495 5758 2553 5824 (i)
2604 5757 2695 5821 lati.
2726 5753 2774 5805 l.
