4206 6492
1602 448 1751 504 \‘l'l‘A
1800 447 1854 502 S.
1898 448 2157 505 BASllJI.

246 560 354 613 ube
381 561 679 628 cpistola!“
714 559 1009 627 leporibus
1040 562 1312 625 refertam,
1346 565 1394 615 in
1426 578 1528 630 qua
1567 579 1624 617 se
1657 566 1820 617 Athe-
1850 569 1895 624 Α

249 664 329 703 uas
372 651 666 713 reliquisse
697 688 712 710 ,
752 661 815 703 ut
846 651 1186 706 Eustathium
1240 652 1463 713 videret,
1518 668 1579 706 ac
1627 655 1815 708 eodem

251 738 466 795 consilio
509 738 564 791 in
629 739 918 797 Orientem
975 742 1369 810 peregrinatum
1401 757 1518 795 esse
1550 746 1727 813 lingit;
1764 752 1818 796 et

256 845 361 881 t‘tlttt
386 842 507 880 eum
534 839 616 884 tot
647 834 702 885 in
749 834 883 886 locis
915 834 1193 900 quaesitum
1232 850 1334 887 non
1378 835 1687 900 reperisset,
1722 835 1818 886 du-

260 924 447 974 bitasse
479 937 693 978 annon
744 926 859 976 fato
903 934 994 977 aut
1046 924 1258 980 fortuna
1306 925 1481 977 omnia
1540 936 1815 994 regantur.

260 1011 391 1072 HLEC,
417 1011 660 1081 inquam,
696 1016 764 1064 ab
788 1028 853 1065 eo
870 1025 1119 1081 peracute
1151 1015 1444 1083 finguntur,
1471 1031 1567 1070 nec
1596 1013 1818 1084 proinde

264 1101 475 1154 nimium
508 1104 698 1156 stricte
748 1104 915 1171 accipi
951 1104 1167 1159 debent.
1204 1106 1337 1156 Nam
1378 1108 1515 1170 quod
1548 1122 1605 1160 se
1647 1105 1815 1158 Athe-

258 1192 333 1244 nis
372 1193 699 1249 discessisse
736 1194 829 1258 ait,
862 1205 922 1248 ut
965 1196 1339 1265 philosophum
1372 1201 1599 1262 videret,
1654 1199 1817 1253 urba-

257 1285 470 1337 nissima
514 1292 598 1337 est
638 1286 797 1339 amici
846 1288 1093 1342 desiderii
1141 1289 1481 1357 significatio,
1527 1306 1631 1343 non
1676 1293 1816 1359 quod

257 1377 394 1427 aliud
428 1373 742 1429 discedendi
775 1376 1058 1432 consilium
1089 1395 1191 1432 non
1238 1380 1504 1435 habuerit.
1549 1380 1817 1438 Dultitatio

251 1474 427 1515 autem
478 1463 591 1529 illa,
631 1480 735 1534 qua
766 1479 823 1519 se
856 1466 1113 1534 agitatum
1164 1466 1331 1523 fuisse
1362 1469 1513 1530 dicit,
1558 1485 1661 1523 non
1714 1472 1817 1526 alio

248 1564 457 1621 spectat
488 1557 618 1621 nisi,
649 1568 707 1611 ut
734 1557 950 1612 ethnico
985 1560 1299 1630 philosopho
1330 1576 1505 1613 veram
1534 1563 1596 1615 de
1626 1563 1815 1617 Provi-

252 1646 426 1698 dentia
463 1648 789 1701 sententiam
823 1648 1029 1705 facilius
1066 1651 1319 1707 insinuet.
1353 1652 1500 1705 lianc
1536 1656 1812 1723 epistolam

248 1737 487 1789 omnium
560 1739 785 1804 primam
865 1740 1266 1807 collocavimns,
1322 1753 1506 1810 utpote
1559 1747 1811 1814 scriptam

250 1842 390 1878 anno
421 1826 556 1889 357,
589 1826 730 1882 inter
765 1827 945 1883 Basilii
975 1832 1448 1902 peregrinationes.

3418 489 3488 527 XV

2017 566 2263 621 Vulnerat
2300 570 2472 639 primo
2505 572 2733 628 Basilius
2766 575 2816 629 in
2850 577 3151 633 Tiberinant
3194 595 3310 635 sese
3350 588 3487 639 reci-

1933 675 2077 728 pere.
2121 659 2217 713 Est
2251 671 2430 715 autem
2468 664 2719 722 Tiberina
2766 668 2912 736 regio
2937 673 3176 739 quaedam
3216 670 3486 743 Cappado-

1925 754 2045 815 ciaz,
2075 753 2125 803 in
2151 768 2254 820 qua
2278 758 2411 808 sitas
2430 764 2512 809 est
2544 757 2804 815 Arianzus
2823 760 3061 829 Gregorii
3086 764 3261 817 natale
3285 770 3479 819 solum.

1938 842 2080 897 Num
2120 845 2278 912 igitur
2306 849 2520 916 cogitas,
2556 851 2727 919 inquit
2754 854 2805 906 in
2842 854 3000 923 epist.
3032 855 3118 916 M,
3147 873 3247 923 quo
3277 874 3367 926 ego
3392 874 3483 923 pe-

1928 933 2084 986 riculi
2119 938 2310 991 stultus
2353 942 2605 1002 venerim,
2651 958 2767 993 cum
2805 948 2973 998 sedem
3007 944 3304 1013 hujusmodi
3333 947 3483 1001 Tibe-

1926 1028 2050 1077 rina
2083 1027 2224 1079 orbis
2255 1041 2511 1083 terrarum
2537 1032 2783 1086 barathro
2809 1048 3122 1091 commutare
3152 1039 3484 1106 pertinaciter

1922 1116 2162 1170 vellem?
2203 1118 2421 1175 Videtur
2446 1138 2567 1191 spes
2595 1139 2713 1177 cum
2742 1126 2997 1194 Gregorio
3040 1130 3252 1183 vivendi
3289 1130 3481 1197 praeci-

1920 1224 2083 1277 puum
2129 1208 2294 1264 fuisse
2319 1230 2434 1267 com
2456 1216 2691 1279 modum,
2724 1220 2862 1286 quod
2904 1219 3004 1273 sibi
3032 1220 3260 1273 Basilius
3291 1220 3481 1289 prarfe-

1922 1300 2085 1352 renda
2128 1301 2249 1355 aliis
2304 1305 2433 1359 locis
2473 1306 2722 1361 Tiberina
2772 1320 3110 1380 proponeret.
3157 1311 3262 1367 Sed
3317 1315 3479 1381 ipsius

1920 1404 2090 1445 mater
2113 1403 2164 1445 et
2186 1409 2359 1457 soror,
2395 1416 2619 1467 quarum
2647 1402 2904 1456 intererat
2924 1420 3042 1457 eum
3066 1418 3167 1456 non
3194 1416 3298 1457 tam
3326 1404 3479 1472 longe

1918 1486 2188 1551 secedere,
2237 1487 2361 1541 huic
2409 1493 2663 1559 consilio,
2708 1503 2764 1546 ut
2805 1495 3092 1548 verisimile
3124 1504 3227 1555 est,
3259 1494 3482 1550 obstite-

1920 1588 2061 1640 runt,
2088 1594 2149 1633 ac
2188 1585 2402 1636 orando
2429 1594 2480 1636 et
2521 1586 2769 1641 instando
2794 1588 3082 1657 perfecere,
3117 1598 3173 1640 ut
3211 1587 3358 1640 illttm
3391 1597 3476 1641 al-

1922 1671 2196 1725 traherent
2228 1672 2278 1725 in
2319 1674 2494 1727 locum
2520 1677 2632 1730 solo
2654 1680 2869 1735 flumine
2912 1680 2980 1734 ab
3003 1694 3182 1733 earum
3214 1689 3479 1735 monaste-

1926 1763 2004 1814 rio
2034 1763 2303 1818 dissitum.

1996 1850 2282 1919 Postquam
2324 1852 2547 1920 degendi
2588 1867 2717 1907 cum
2760 1852 3014 1920 Gregorio
3064 1870 3187 1923 spes
3227 1858 3475 1923 evanuit,

316 1918 471 1986 Quod
506 1922 779 1977 metuebat
811 1921 1061 1988 Basilius,
1106 1926 1229 1978 dum
1263 1933 1408 1979 esset
1443 1925 1808 1992 Alexandria,
1844 1926 1885 1979 Β
1921 1939 1977 1991 do

1844 1926 1885 1979 Β
1921 1939 2154 1994 dolorem
2197 1958 2353 1996 suum
2386 1945 2610 1999 Basilius
2643 1959 2746 1997 non
2778 1944 2938 1996 corde
2969 1947 3185 2012 pressit,
3230 1950 3325 2002 sed
3362 1950 3477 2003 vio-

244 2026 312 2064 ne
345 2024 405 2063 se
436 2012 658 2067 morbus
687 2014 739 2066 in
765 2010 989 2080 patriam
1018 2012 1194 2068 hieme
1224 2015 1399 2070 redire
1433 2032 1537 2069 non
1568 2018 1804 2082 sineret;

243 2100 297 2153 id
332 2116 656 2170 argumento
698 2111 782 2156 est
811 2118 929 2156 eum
961 2108 1023 2161 de
1052 2106 1210 2161 celeri
1256 2122 1319 2161 ac
1361 2118 1606 2177 prompto
1638 2108 1808 2161 reditu

239 2194 515 2263 cogitasse
565 2208 685 2246 cum
720 2193 832 2247 haec
860 2197 1139 2262 scriberet,
1177 2213 1241 2251 ac
1280 2199 1502 2264 proinde
1536 2198 1645 2264 jam
1696 2214 1809 2253 mo-

241 2287 483 2339 nasteria
513 2285 831 2353 Palaestinas,
877 2289 1185 2357 C(elesyriae
1213 2300 1268 2343 et
1298 2289 1694 2359 MeSOpotamia:
1728 2293 1805 2345 vi-

236 2380 456 2432 sitasse.
490 2378 596 2431 Sed
622 2396 739 2433 eam
770 2397 912 2450 serpe
940 2380 1200 2449 ejusmodi
1233 2382 1434 2436 morbis
1460 2382 1805 2449 laboraverit,

238 2483 339 2523 nec
394 2470 601 2524 idcirco
646 2487 771 2525 suos
816 2472 1167 2525 intertniscrit
1220 2471 1449 2537 labores,
1505 2476 1799 2530 verisimile

236 2576 345 2614 non
388 2572 475 2615 est
520 2576 641 2613 eum
688 2562 870 2614 tandiu
911 2561 1244 2617 Alexandria:
1292 2565 1566 2619 detentum
1620 2565 1803 2623 fuisse.

236 2651 514 2705 Reversus
559 2661 738 2704 autem
773 2652 822 2704 in
872 2654 1119 2721 patriam,
1163 2669 1284 2707 eum
1316 2663 1458 2709 totus
1503 2658 1716 2709 arderet
1741 2673 1805 2710 ca

236 2742 487 2795 imitandi
528 2743 705 2797 studio
734 2743 835 2813 (ο),
865 2759 983 2811 quae
1023 2745 1073 2797 in
1116 2745 1337 2799 remotis
1380 2747 1692 2813 regionibus
1726 2750 1807 2800 vi-

237 2836 424 2898 derat,
472 2835 672 2887 nullam
712 2835 918 2889 videtur
940 2850 1143 2887 moram
1168 2837 1570 2904 interposuisse,
1590 2839 1681 2892 sed
1700 2848 1811 2892 sta-

239 2926 335 2978 tim
387 2928 679 2987 perlecisse
709 2926 1019 2989 consilium,
1059 2927 1199 2995 quod
1237 2927 1433 2981 dudum
1469 2929 1805 2996 extenderat,

236 3026 407 3067 utsua
429 3016 615 3070 omnia
640 3017 962 3085 pauperibus
992 3018 1342 3073 distribueret
1370 3034 1433 3073 ac
1476 3035 1594 3075 sese
1623 3020 1676 3075 in
1719 3036 1809 3076 so-

232 3108 518 3162 litudinem
551 3110 830 3178 reciperet.

307 3198 399 3253 Vl.
458 3199 661 3255 Locum
714 3201 876 3272 elegit
927 3200 1162 3257 secessui
1226 3202 1495 3273 idoneum,
1565 3215 1802 3261 montem

236 3293 528 3359 quemdam
555 3292 621 3345 ad
658 3293 803 3360 ripas
834 3290 989 3346 Iridis
1018 3291 1183 3357 fluvii,
1216 3295 1305 3364 qui
1341 3310 1405 3348 ex
1439 3295 1689 3351 Armenia
1715 3312 1804 3351 or-
1830 3280 1871 3336 (ἶ

235 3394 323 3436 tus
357 3384 582 3437 Pontum
626 3385 831 3452 irrigat,
862 3396 915 3436 et
957 3386 1005 3436 in
1042 3386 1307 3437 Euxinum
1342 3386 1567 3441 Pontum
1602 3388 1807 3441 delabi—

234 3484 321 3526 tur
353 3474 452 3544 (b).
489 3475 568 3525 Ad
602 3475 825 3527 alteram
875 3472 1019 3525 ﬂuvii
1070 3474 1239 3541 ripam
1272 3474 1373 3527 sita
1404 3484 1520 3528 erat
1568 3476 1714 3539 villa,
1750 3475 1802 3529 in

232 3580 343 3633 qua
372 3566 619 3627 Basilius,
650 3565 789 3635 apud
814 3565 987 3617 aviam
1013 3563 1301 3617 Macrinam
1326 3564 1584 3618 educatus
1608 3565 1798 3619 fuerat.

197 3654 349 3707 *Hac
393 3656 445 3707 in
497 3655 645 3720 villa,
684 3670 803 3723 qua:
846 3665 1066 3722 paterna
1115 3655 1397 3708 hacreditas
1430 3663 1549 3707 erat
1589 3653 1804 3710 familia:

227 3745 288 3799 S.
327 3744 539 3810 Basilii,
572 3754 627 3798 et
659 3753 779 3813 post
809 3756 1032 3799 mortem
1070 3743 1125 3798 S.
1160 3744 1430 3797 Einmelia:
1462 3745 1540 3813 (ε)
1574 3745 1630 3798 S.
1665 3744 1799 3798 Gre-

226 3839 389 3903 gorio
436 3834 684 3906 Nysseno
729 3836 915 3900 cessit,
959 3844 1331 3889 constructum
1368 3842 1485 3886 erat
1535 3842 1805 3886 monaste-

227 3933 376 3983 rium
416 3947 446 3985 a
482 3932 691 3999 virgine
726 3927 981 3990 Maerina,
1026 3929 1078 3978 in
1111 3943 1216 3995 quo
1260 3925 1478 3979 fratrem
1510 3942 1668 3981 suum
1705 3925 1805 3980 Pe-

230 4034 379 4076 trum
413 4039 441 4074 a
476 4025 675 4075 teneris
701 4023 767 4073 ad
796 4036 1009 4075 omnem
1043 4022 1297 4074 virtutem
1331 4021 1502 4085 ﬁnxit,
1539 4032 1594 4074 et
1620 4036 1802 4074 sacra-

228 4130 355 4167 rum
391 4115 691 4166 litterarum
724 4112 1029 4179 cognitione
1059 4110 1249 4164 imbuit
1273 4109 1372 4179 ('d).
1407 4112 1667 4166 ltemotus
1696 4127 1800 4165 non

226 4213 352 4258 erat
386 4204 476 4258 hic
509 4217 672 4271 pagus
706 4201 773 4255 ab
802 4203 930 4255 urbe
954 4201 1323 4266 Neocarsarea,
1366 4202 1506 4255 unde
1540 4202 1721 4256 Basilii
1748 4204 1801 4256 in

230 4295 382 4348 hunc
422 4293 597 4347 locum
630 4292 858 4345 adventu
886 4304 1026 4343 anno
1056 4290 1160 4343 375
1198 4300 1370 4343 terror
1402 4292 1631 4360 injectus
1666 4290 1802 4346 Neo-

228 4381 674 4445 caesariensibus,
719 4380 873 4449 quasi
922 4379 1148 4433 Basilius
1185 4382 1236 4432 in
1270 4395 1456 4433 eorum
1505 4382 1691 4434 urbem
1724 4384 1801 4436 in-

225 4473 386 4539 gredi
418 4480 659 4538 pararet.
693 4468 805 4523 Non
843 4479 1018 4523 tamen
1053 4469 1327 4539 subjectus
1363 4480 1482 4524 erat
1526 4471 1799 4525 Neocaesa-

228 4578 362 4627 reae,
397 4562 492 4614 sed
541 4562 731 4625 lborte,
761 4561 967 4631 exigua:
994 4562 1197 4615 civitati
1241 4578 1343 4617 non
1380 4564 1564 4632 procul
1607 4566 1800 4619 distan-

238 4656 279 4708 ti
308 4654 408 4725 (e),
456 4656 612 4723 cujus
658 4655 936 4722 episcOpas
986 4653 1216 4707 Araxius
1262 4654 1317 4709 S.
1362 4655 1611 4711 Macrina:
1653 4658 1794 4724 juSta

231 4744 501 4811 persolvit
524 4758 628 4795 una
658 4758 776 4796 cum
805 4744 861 4795 S.
888 4742 1148 4812 Gregorio
1180 4742 1423 4814 Nysseno
1446 4748 1534 4814 qtti
1562 4762 1680 4805 eum
1709 4764 1799 4801 vo-

234 4844 329 4885 cat
379 4834 621 4887 Iocorum
684 4831 893 4885 illorum
940 4836 1242 4901 episcopum
1271 4835 1359 4903 (Γ).
1405 4835 1554 4890 Hunc
1606 4852 1795 4905 pagum

237 4925 470 4977 Animos
544 4930 789 4975 vocatum
857 4924 1019 4977 fuisse
1073 4924 1423 4992 perspicimus
1487 4940 1550 4980 ex
1617 4926 1800 4981 Basilii

236 5014 396 5080 epist.
431 5014 486 5075 5,
515 5014 568 5065 in
599 5027 700 5079 qua
738 5012 968 5077 loquitur
997 5014 1061 5067 tle
1106 5013 1335 5081 quodam
1380 5016 1577 5084 agresti
1614 5033 1677 5069 ex
1714 5019 1799 5084 iis,

240 5104 433 5173 inquit,
460 5106 549 5173 qui
575 5103 841 5156 nobiscum
870 5104 1085 5156 Annesis
1116 5116 1522 5160 commorantur.
1549 5106 1671 5160 Haec
1707 5124 1802 5162 au-

243 5205 345 5247 tem
389 5196 455 5247 de
500 5210 639 5266 pago
673 5206 819 5251 trans
858 5198 1050 5252 Iridetn
1093 5198 1195 5254 sito
1232 5199 1400 5267 accipi
1444 5200 1638 5253 debere
1679 5199 1801 5253 inde

244 5290 581 5355 perspicitur,
627 5290 767 5358 quod
800 5291 982 5345 Basilii
1028 5293 1259 5346 solitudo
1302 5291 1369 5345 ab
1395 5291 1540 5345 omni
1571 5306 1791 5348 prorsus

250 5383 514 5438 hominum
540 5384 938 5439 consuetudine
970 5394 1172 5441 remota
1213 5394 1373 5441 esset.

312 5508 380 5569 (α)
411 5509 505 5578 Ep.
542 5508 670 5571 225,
713 5525 767 5561 tt.
800 5508 853 5578 ᾖ

313 5578 378 5643 (b)
417 5575 578 5647 C'reg.
618 5578 778 5648 Nyss.
822 5575 927 5630 Vit.
959 5575 1240 5648 S._A_lacr.,
1274 5594 1323 5648 p.
1370 5579 1485 5634 l82.

309 5653 373 5715 (c)
405 5651 495 5705 0r.
524 5646 576 5703 in
611 5646 680 5703 x1.
716 5656 897 5715 mam,
932 5662 981 5712 p.
1016 5646 1138 5699 ‘2“.

306 5714 376 5787 (tt;
406 5721 561 5791 Nyss.
609 5720 713 5770 Vit.
839 5715 1030 5779 Macra,
1064 5732 1115 5785 p.
1146 5717 1265 5791 181’}.

302 5792 363 5860 ir)
404 5787 560 5861 Nj'ss.
601 5791 697 5861 οε.
735 5787 790 5838 in
819 5801 883 5837 ιι
911 5787 1325 5861 maria-mg”.

406 5855 503 5918 Vit.
532 5863 598 5919 S.
636 5858 839 5918 Mart,
870 5870 923 5925 p.
954 5855 1076 5921 200,
1102 5856 1225 5914 202.

1834 4612 1874 4665 D

1917 2030 2073 2081 latam
2124 2031 2190 2083 ab
2235 2033 2409 2085 amico
2458 2035 2836 2101 promissorum
2902 2033 3057 2089 fidem
3109 2047 3331 2104 questus
3371 2050 3474 2093 est.

1915 2121 2026 2176 Non
2065 2123 2323 2177 habemus
2369 2123 2647 2192 epistolam
2687 2124 2737 2176 in
2774 2141 2876 2191 qua
2906 2127 3018 2179 haec
3040 2128 3341 2193 scribebat;
3376 2129 3471 2183 sed

1913 2222 2089 2266 exstat
2119 2211 2361 2283 Gregorii
2404 2214 2680 2281 responsio
2704 2214 2801 2283 (g),
2836 2217 2923 2284 qni
2954 2216 3219 2283 obiectum
3266 2220 3472 2273 crimen

1910 2319 2015 2357 non
2044 2304 2328 2359 inliciando
2348 2305 2577 2374 repellit,
2607 2304 2697 2358 sed
2718 2305 2931 2373 pietatis
2955 2306 3259 2374 parentibus
3285 2307 3475 2361 debitae

1908 2400 2423 2453 commemoratione
2474 2402 2789 2470 deprecatur
2832 2418 2845 2454 :
2903 2417 2964 2455 ac
3015 2400 3123 2455 litis
3164 2402 3476 2456 dirimenda:

1909 2505 2070 2543 causa
2102 2489 2202 2542 hoc
2243 2498 2726 2557 temperamentum
2766 2492 3036 2559 proponit,
3070 2503 3127 2545 ut
3173 2494 3367 2562 partim
3406 2496 3473 2549 ad

1909 2590 1965 2627 se
2001 2573 2245 2641 Basilius,
2280 2578 2479 2639 partim
2511 2578 2623 2645 ipse
2660 2580 2725 2632 ad
2752 2580 3003 2633 Basiliam
3031 2583 3277 2634 ventitet.

1982 2664 2153 2717 Aliam
2179 2667 2458 2721 amisimus
2487 2666 2666 2720 Basilii
2702 2671 3005 2736 epistolam,
3039 2672 3090 2724 in
3126 2687 3227 2740 qua
3252 2668 3473 2737 jocaba-

1911 2765 1995 2807 tur
2044 2756 2093 2808 in
2126 2756 2455 2813 Tiberinam.
2502 2758 2745 2812 Vicissim
2793 2775 2915 2814 eum
2948 2762 3235 2831 Gregorius
3278 2778 3466 2832 perur-

1908 2846 2065 2902 banis
2096 2848 2151 2903 in
2181 2849 2483 2903 Caesaream
2504 2851 2589 2905 ubi
2614 2862 2769 2906 natus
2796 2863 3006 2917 erat,et
3031 2856 3082 2908 in
3102 2856 3346 2910 Pontum.
3367 2872 3474 2924 quo

1909 2938 2210 3007 accedebat,
2244 2941 2481 2997 dicteriis
2528 2944 2799 2999 remordet
2840 2944 2917 3014 (It)
2960 2964 2973 2976 -
3025 2945 3177 3000 Ponti
3226 2949 3474 3003 tenebras

1911 3030 2169 3098 exagitat,
2200 3033 2288 3088 ubi
2321 3032 2487 3089 solem
2515 3036 2581 3088 ad
2616 3046 2822 3090 eertum
2854 3038 3065 3091 modum
3106 3039 3277 3107 accipi
3316 3040 3469 3096 dicit.

1915 3118 2063 3185 Quod
2087 3137 2293 3192 spectat
2318 3124 2381 3177 ad
2411 3124 2731 3191 Caesaream,
2778 3142 2875 3197 pro
2907 3127 3018 3181 luto
3054 3129 3238 3197 objicit
3268 3145 3471 3200 caupo-

1912 3227 2029 3276 nas,
2070 3222 2126 3267 et
2171 3214 2427 3282 quidquid
2459 3217 2618 3270 nrbes
2659 3226 2814 3286 turpe
2846 3229 2901 3273 et
2943 3220 3343 3275 ineonnnodum
3387 3222 3469 3276 fe-

1908 3314 2052 3356 runt.
2086 3302 2252 3357 Vocat
2284 3304 2537 3359 Basiliam
2565 3308 2661 3360 luti
2697 3320 2974 3377 expertem
3003 3312 3201 3376 virum,
3235 3322 3289 3366 et
3320 3327 3470 3366 sum-

1909 3392 2011 3446 mis
2051 3394 2280 3461 pedibus
2321 3394 2680 3464 incedentem,
2717 3410 3005 3469 pennatam
3052 3417 3117 3457 ac
3142 3403 3468 3471 pendulum,

1909 3495 1966 3537 ut
1996 3486 2240 3553 quamvis
2271 3487 2339 3540 sit
2376 3486 2683 3558 Cappadox,
2729 3489 3120 3558 Cappadociam
3171 3491 3356 3561 fugiat.
3394 3493 3472 3544 Ex

1906 3579 2100 3647 quibus
2130 3580 2308 3633 verbis
2346 3580 2540 3649 colligo
2577 3581 2835 3634 Basiliam
2872 3582 3107 3635 nondum
3140 3583 3468 3647 secessisse,

1906 3684 2025 3722 cum
2064 3671 2174 3722 haec
2214 3669 2474 3723 scriberet
2520 3670 2833 3740 Gregorius,
2881 3671 2973 3724 sed
3010 3678 3190 3724 tamen
3216 3672 3325 3737 jam
3360 3682 3471 3725 sta-

1910 3760 2071 3813 tuisse
2105 3758 2494 3829 Cappadociam
2538 3760 2721 3830 fagere
2750 3770 2804 3816 et
2850 3762 2901 3816 in
2940 3762 3169 3818 Pontum
3211 3778 3271 3819 se
3320 3764 3458 3819 reci-

1908 3865 2051 3919 pere.

1977 3941 2206 3995 Basilius
2248 3943 2496 3999 omnibus
2539 3945 2701 3999 rebus
2749 3944 2821 3998 ita
2867 3960 2985 4000 sese
3032 3945 3325 3999 nudaverat
3376 3945 3465 4015 (ἰ),

1908 4041 1967 4085 ιιι
1998 4033 2127 4085 nihil
2159 4034 2379 4087 haberet
2410 4042 2602 4103 pra-ter
2631 4051 2824 4104 corpus
2856 4044 2908 4089 et
2941 4037 3244 4089 necessaria
3275 4050 3467 4103 corpo-

1906 4124 1977 4177 ris
2001 4124 2389 4194 integutnenta.
2417 4124 2607 4178 Cilicio
2630 4140 2824 4192 corpus
2848 4126 3058 4192 tegebat
3076 4124 3163 4195 (λ’),
3188 4125 3279 4178 sed
3306 4135 3463 4178 noctu

1906 4222 2132 4278 tantum,
2184 4226 2243 4267 ut
2279 4215 2465 4268 oculos
2519 4215 2793 4268 hominum
2842 4216 3055 4269 vitaret.
3102 4215 3268 4271 Nemo
3317 4226 3461 4271 tanta

1906 4305 2078 4358 inedia
2112 4307 2342 4358 exstitit.
2376 4305 2508 4357 Erat
2533 4306 2635 4369 illi,
2663 4306 2832 4373 inquit
2856 4304 3253 4372 Nazianzenus,
3286 4309 3464 4361 tunica

1904 4412 2030 4457 una,
2076 4404 2123 4448 et
2158 4395 2377 4463 pallium
2416 4412 2595 4459 unum,
2641 4406 2686 4448 et
2726 4406 2923 4450 stratus
2971 4396 3116 4449 humi
3160 4397 3381 4450 lectulus
3418 4407 3466 4451 ot

1904 4486 2127 4550 illuvies,
2159 4497 2205 4539 et
2247 4487 2437 4555 vigilite
2468 4486 2597 4556 (illa
2618 4488 2730 4555 ejus
2755 4488 2940 4540 decora
2970 4499 3020 4540 et
3051 4488 3389 4555 ornamenta)
3417 4498 3465 4541 et

1905 4578 2212 4629 suavissima
2251 4592 2390 4629 aena
2422 4586 2467 4629 et
2516 4576 2805 4639 obsonium,
2846 4577 2998 4643 panis
3036 4584 3085 4629 et
3120 4576 3222 4641 sal,
3253 4593 3461 4644 novum,

1907 4646 2137 4728 inquam,
2169 4662 2298 4713 illud
2338 4661 2739 4723 condimentum,
2771 4669 2817 4711 et
2853 4662 2993 4724 potio
3019 4660 3190 4713 sobria
3226 4670 3275 4713 et
3315 4662 3466 4715 uber-

1909 4754 2065 4817 rima,
2111 4768 2268 4820 quam
2299 4753 2441 4803 nobis
2494 4750 2623 4802 nihil
2659 4750 3012 4804 laborantibus
3048 4752 3214 4820 fontes
3242 4753 3461 4820 profun-

1910 4844 2060 4894 dunt.
2109 4840 2190 4894 Ea:
2240 4844 2444 4910 quibus,
2489 4843 2594 4894 imo
2646 4858 2760 4894 cum
2793 4844 3003 4911 quibus,
3035 4844 3202 4895 morbi
3232 4860 3293 4896 ac
3321 4860 3462 4896 mor-

1912 4930 2090 4983 borum
2153 4932 2449 4985 curationes
2500 4942 2882 4999 pramanarunt
2937 4945 2955 4982 :
3013 4933 3149 4998 quod
3197 4948 3464 4985 commune

1920 5022 2185 5091 utriusque
2221 5034 2450 5075 nostrum
2482 5024 2710 5075 studium
2745 5022 2863 5090 fuit.

1978 5113 2223 5167 'l‘estatur
2254 5114 2412 5167 etiam
2439 5111 2710 5181 Nyssenas
2760 5112 3006 5166 Basiliam
3046 5111 3117 5181 (li)
3160 5111 3461 5180 parcissimi

1907 5206 2010 5260 cibi
2047 5205 2239 5267 fuisse,
2270 5214 2323 5258 et
2355 5220 2477 5257 cum
2509 5219 2671 5257 carne
2698 5219 2791 5257 sua
2826 5219 2927 5257 non
2958 5203 3133 5268 aliter,
3156 5217 3316 5272 quam
3341 5218 3462 5255 curn

1908 5312 2063 5351 servo
2088 5294 2311 5366 fugitivo
2332 5295 2715 5348 inexorabilem
2735 5296 3006 5349 dominum
3032 5295 3226 5363 egisse.
3253 5291 3461 5359 Quanto

1911 5391 2213 5443 sanctitatis
2244 5388 2293 5440 iu
2326 5387 2501 5439 anima
2540 5397 2585 5440 et
2620 5401 2841 5457 corpore
2869 5388 3149 5442 servanda:
3182 5386 3358 5442 studio
3384 5395 3461 5441 te-

1974 5510 2044 5579 (g)
2085 5510 2214 5563 Naz.
2241 5524 2326 5577 ep.
2358 5507 2409 5559 5.

1995 5582 2048 5645 lt)
2089 5582 2184 5647 Ep.
2218 5580 2269 5631 6.

1995 5652 2032 5715 i)
2088 5649 2212 5701 Nuz.
2246 5664 2327 5702 or.
2357 5647 2443 5700 20.

1973 5720 2039 5789 ω)
2078 5720 2205 5789 Ibid:

1972 5787 2044 5859 (lt)
2092 5788 2154 5843 In
2183 5787 2345 5842 Basil.
2380 5805 2426 5857 ρ.
2456 5787 2573 5853 490,
2607 5787 2726 5842 496.
