4206 6500
734 463 824 505 m
946 524 949 526 η
2078 442 2605 499 ammonens.

733 574 972 630 neretur,
1000 564 1235 636 perspici
1271 573 1448 635 potest
1472 581 1534 621 ex
1586 565 1669 619 his
1693 565 1938 621 Cassiani
1970 566 2045 635 (α)
2072 566 2253 624 verbis
2288 584 2299 617 :
2333 570 2377 625 Α
2410 566 2545 619 cium
2584 564 2832 618 ducebam
2866 579 3054 618 eorum
3085 578 3201 634 quia
3231 578 3333 615 non
3366 566 3625 632 uidentur,
3650 581 3710 619 ea
3755 578 3873 633 qum
3903 563 3972 619 rio

733 657 928 712 Fertur
981 656 1041 712 S.
1088 656 1299 721 Basilii,
1335 657 1525 726 inquit,
1577 654 1917 711 thsariensis
1957 659 2180 727 episcopi
2223 657 2306 708 tli-
2406 661 2612 713 dentur.

732 750 915 797 stricta
965 743 1240 797 sententia.
1292 743 1358 796 Et
1418 741 1708 806 mulierem,
1764 743 1954 812 inquit,
2000 744 2207 813 ignoro,
2255 752 2303 795 et

2477 753 2590 807 Non
2637 751 2793 807 video
2832 750 2957 822 quid
3002 748 3397 820 significantius
3439 752 3603 817 possit
3640 750 3967 821 lThomassi-

733 840 875 904 uirgo
908 852 1010 888 non
1057 850 1193 889 sum.
1247 834 1516 889 Intantum
1566 837 1816 891 intellexit
1864 834 2300 904 incorruptionem
2407 861 2509 900 nus
2542 844 2837 912 requirere,
2873 842 2963 897 vel
2997 843 3140 894 enim
3174 840 3302 896 nulli
3341 850 3467 896 tunc
3506 845 3755 898 monachi
3791 844 3964 902 fuere,

733 928 906 980 mntis
947 943 1048 981 ηοη
1102 937 1209 982 tam
1240 931 1294 981 ἱη
1344 928 1579 983 mulieris
1610 944 1718 982 me
1780 926 2117 993 αδδιίηοηιίαν
2148 942 2300 997 quam
2404 936 2490 991 vel
2535 935 2763 991 Basilius
2808 934 2926 990 fuit.
2982 931 3181 987 Statuit
3222 935 3360 989 bona
3400 935 3582 988 omnia
3635 939 3874 993 vendere
3918 948 3973 991 et

732 1017 785 1070 in
826 1016 1123 1086 integritate
1154 1017 1348 1079 cordis,
1376 1034 1493 1086 qua:
1525 1034 1637 1072 rere
1672 1016 2033 1084 incorruptam
2058 1026 2301 1085 perpetuo

2405 1028 2729 1098 pauperibus
2760 1027 3103 1082 distribuere.
3156 1025 3358 1092 anerit
3401 1029 3632 1099 aliquem
3678 1043 3741 1081 ex
3794 1030 3975 1085 fratri-

732 1108 1131 1161 sanctimoniam
1160 1111 1393 1176 corporis
1423 1110 1500 1163 uel
1549 1110 1733 1161 timore
1766 1106 1862 1161 Dei
1895 1109 1973 1162 vel
2010 1124 2187 1161 amore
2218 1123 2303 1160 ca-
2406 1120 2540 1186 bus,
2588 1122 2675 1190 qui
2728 1120 3085 1175 ηιοηαειίοιιηι
3152 1118 3456 1173 institutum
3516 1122 3853 1191 profiteatur,
3918 1134 3975 1177 ιιι

733 1198 927 1253 stitatis
958 1200 1238 1253 custodiat.

2406 1225 2525 1264 cum
2562 1225 2627 1265 eo
2680 1209 2899 1265 brevem
2944 1208 3103 1277 hujus
3136 1202 3260 1261 vile:
3302 1207 3518 1264 ﬂuctum
3551 1219 3809 1265 transeat.
3843 1213 3972 1277 Quis

1343 1309 1570 1367 CAPUT
1608 1310 1698 1369 ιν,
2406 1300 2459 1355 in
2494 1304 2594 1356 hoc
2630 1300 2852 1357 consilio
2904 1300 2987 1354 vel
3036 1297 3349 1354 facultatum
3404 1302 3842 1365 retinendarum,
3892 1303 3973 1355 Vel

734 1399 774 1453 l.
812 1398 913 1465 Qui
954 1396 1210 1452 Basiliam
1252 1412 1435 1470 negant
1479 1401 1798 1469 professione
1835 1400 2140 1454 monastica:
2186 1401 2305 1455 rita:
2409 1396 2691 1449 monastiei
2719 1391 2950 1448 instituti
2981 1394 3059 1447 “ad
3101 1401 3313 1461 tempus
3341 1392 3701 1462 amplectendi
3729 1393 3975 1449 volunta-

807 1470 1347 1558 obstrictuntt.fttisse,
1392 1470 1705 1558 rgfellnntur
1758 1472 2029 1558 ep'ipsius
2067 1472 2305 1558 testimo-
2408 1495 2468 1540 te,

2408 1495 2512 1540 tem
2543 1484 2899 1558 suspicetur?
2927 1484 3181 1552 Quamvis
3224 1494 3407 1540 autem
3438 1484 3668 1542 Basilius
3702 1504 3805 1542 non
3833 1486 3978 1540 dicat

807 1538 929 1591 uiis.
984 1540 1044 1591 ll.
1101 1538 1368 1591 Probatur
1412 1538 1672 1591 Basiliam
1725 1542 1857 1591 nihil
1897 1541 1995 1591 sibi
2054 1558 2118 1591 ex
2157 1542 2304 1591 bonis
2544 1538 2860 1591 "TW'VT.
2927 1538 2971 1588 .”
3266 1538 3287 1591 ί
3332 1538 3367 1540 ’⁷
3444 1538 3451 1539 ⁷
3490 1538 3493 1539 ⁷
3526 1538 3531 1539 ⁷
3570 1538 3805 1591 ⁷,ζ’,’”“’
3839 1538 3857 1590 ’,

807 1538 929 1591 uiis.
984 1540 1044 1592 ll.
1101 1538 1368 1593 Probatur
1412 1538 1672 1607 Basilium
1725 1542 1857 1593 nihil
1897 1541 1995 1593 sibi
2054 1558 2118 1594 ex
2157 1542 2304 1595 bonis
2416 1538 2450 1540 ⁷⁷

804 1611 914 1662 suis
942 1612 1197 1679 reliquum
1224 1610 1424 1677 fecisse.
1460 1610 1544 1663 ΙΙΙ.
1587 1610 1851 1679 Professio
1878 1611 2032 1665 etiam
2069 1613 2305 1664 nomiua-
2406 1592 2465 1679 cf]

2544 1538 2840 1558 Ὕητκμψ
2938 1538 2971 1552 η
3266 1538 3285 1539 ί
3332 1538 3367 1540 -,
3444 1538 3665 1542 ,.,,,,

2406 1579 2683 1648 conceptis
2714 1577 2892 1633 verbis
2926 1576 3194 1633 imitatum
3240 1590 3299 1631 se
3329 1591 3451 1631 esse
3492 1578 3788 1647 perfectum
3845 1577 3975 1632 illml

807 1679 982 1749 tim_et
1013 1668 1267 1749 conceptis
1300 1680 1462 1733 rerbis
1490 1696 1589 1733 non
1620 1668 1955 1749 pronuntiata
1992 1682 2176 1735 violari
2204 1698 2303 1733 non
2408 1668 2468 1720 νί¹

2408 1668 2618 1723 vivendi
2647 1685 2836 1739 genus,
2865 1668 3002 1739 quod
3030 1670 3080 1722 in
3104 1669 3268 1725 variis
3314 1669 3660 1723 monasteriis
3694 1684 3978 1739 perspexe-

808 1748 1031 1816 poterat.
1072 1748 1158 1801 IV.
1210 1748 2304 1825 Gregorius_media_m_interanachoretus
2408 1775 2464 1812 ιιιι

2408 1769 2511 1821 rat,
2541 1760 2635 1812 sed
2653 1770 2860 1815 tantum
2886 1760 3085 1815 imitari
3110 1762 3374 1816 statuisse
3399 1776 3414 1825 ;
3449 1775 3603 1815 nemo
3621 1770 3798 1813 tamen
3825 1759 3978 1813 dixe-

808 1828 857 1896 ες
912 1831 1118 1899 ascetas
1155 1831 1409 1901 .actuosos
1462 1822 1598 1873 ciam
1648 1820 2114 1903 elegit..bligades
2162 1822 2302 1888 apud
2410 1852 2469 1903 ﬁl

810 1887 1118 1958 Gregorium
1149 1892 1305 1955 tidem
1338 1907 1399 1943 ac
1438 1901 1627 1943 ascetw
1657 1900 1856 1943 aCltOttt
1890 1892 2073 1943 dediti.
2101 1890 2163 1943 Υ.
2197 1890 2305 1944 Ba-
2338 1917 2379 1958 η
2412 1952 2423 1958 _

2338 1917 2379 1958 η
2410 1852 2479 1903 rit
2508 1864 2631 1903 eum
2672 1852 2739 1905 ab
2778 1852 2992 1921 incepto
3016 1854 3245 1921 turpiter
3271 1852 3612 1913 discessisse,
3643 1860 3698 1905 et
3722 1864 3839 1920 qua:
3865 1860 3978 1905 sta-

810 1917 1118 1969 qreguumm
1149 1917 1305 1955 ursum
1338 1917 1407 1971 uc.
1438 1917 1626 1969 uocem:
1657 1917 1856 1971 autum
1890 1917 2073 1943 acum.
2111 1917 2163 1943 ν.
2197 1917 2305 1944 υιι-
2338 1917 2379 1971 Β
2730 1944 2741 1953 .
2903 1917 2915 1921 “
3107 1917 3121 1921 “
3335 1946 3345 1957 .
3394 1944 3407 1956 .
3707 1944 3718 1955 .
3741 1917 3749 1920 ’

810 1966 960 2012 stltus
1015 1976 1066 2012 tn
1102 1963 1433 2013 monasteriis
1462 1975 1571 2013 suis
1620 1960 1849 2012 medium
1895 1961 2031 2014 inter
2076 1962 2305 2015 anacho-
2411 1951 2519 1997 “"3
2556 1954 2616 1993 ac
2640 1941 2933 1996 dEI'bcmla
2962 1945 3246 2009 "iumen"
3278 1959 3500 2000 ¹¹¹¹¹¹¹¹¹¹θ
3522 1942 3835 2013 Ρ⁰ΓῘ⁸⁰¹⁵⁵⁰⁶

810 2040 944 2080 retas
966 2044 1028 2081 ac
1053 2030 1281 2098 migades
1313 2030 1513 2083 vivendi
1548 2046 1710 2098 genus
1742 2031 1972 2085 instituit
2480 2029 2623 2084 Nihil
2658 2045 2788 2085 sane
2815 2046 2951 2099 opus
3000 2041 3083 2087 est
3131 2035 3419 2101 exquisitis
3474 2035 3803 2106 argumentis
3832 2035 3884 2089 in
3921 2051 3982 2089 re

808 2120 847 2173 ς.
867 2118 1217 2176 Doctissimus
1239 2120 1470 2189 scriptor
1488 2121 1877 2179 Thomassiuus
1900 2141 2090 2178 novam
2117 2140 2298 2194 quam-
2409 2122 2725 2179 manifesta.
2761 2122 3168 2179 Monumentum
3227 2127 3492 2183 habemus
3525 2127 3837 2183 monasticae
3880 2127 3981 2181 Ba-

740 2211 862 2266 tiam
901 2213 965 2267 de
995 2212 1197 2267 Basilio
1229 2223 1281 2268 et
1315 2212 1578 2282 Gregorio
1621 2212 1964 2269 Nazianzeno
1996 2216 2303 2285 opinionem
2408 2214 2514 2268 silii
2566 2216 2916 2285 professionis
2954 2215 3339 2283 certissimum,
3377 2220 3523 2287 ipsas
3562 2219 3775 2290 regulas
3808 2218 3875 2273 ab
3913 2234 3979 2273 eo

743 2305 983 2367 invenit,
1012 2318 1131 2372 quae
1159 2306 1298 2374 apud
1334 2308 1586 2376 antiquos
1619 2307 1857 2361 inaudita
1882 2322 2100 2375 prorsus
2125 2316 2177 2362 et
2210 2310 2307 2363 im-
2410 2303 2709 2362 institutas.
2754 2306 2895 2363 Nihil
2928 2309 3169 2364 severius
3208 2318 3302 2361 aut
3341 2310 3584 2365 strictius
3620 2310 3833 2381 prmcipi
3888 2326 3984 2379 po-

743 2404 1061 2460 memorata,
1095 2396 1297 2466 placuit
1330 2408 1511 2453 tamen
1545 2399 1897 2454 celeberrimo
1926 2400 2106 2455 abbati
2137 2400 2306 2471 Trap-
2412 2406 2539 2462 test,
2580 2411 2737 2465 quam
2761 2415 2880 2469 qua;
2905 2415 2933 2452 a
2965 2400 3163 2455 Basilio
3187 2401 3251 2456 de
3278 2400 3527 2455 omnibus
3559 2415 3784 2468 prorsus
3816 2402 3981 2455 rebus

740 2486 914 2553 pensi.
952 2484 1205 2541 Summus
1237 2487 1355 2543 illos
1395 2491 1540 2545 viros
1585 2492 1783 2546 fatetur
1817 2492 2208 2548 Thomassinus
2254 2494 2304 2547 in
2412 2486 2781 2556 relinquendis
2819 2490 3219 2557 prarcipiuntur.
3254 2489 3312 2544 Ei
3368 2489 3457 2560 qui
3498 2489 3663 2544 semel
3697 2490 3836 2542 inter
3864 2489 3980 2541 fra-

748 2572 1094 2629 solitudinem
1130 2580 1443 2643 secessisse,
1478 2583 1569 2635 sed
1612 2580 1716 2635 illis
1752 2583 2036 2636 monastiei
2072 2583 2306 2637 instituti
2416 2588 2528 2633 tres
2560 2579 2872 2633 monasterii
2916 2580 3181 2648 ascriptus
3227 2591 3329 2646 est,
3393 2581 3592 2636 nullum
3626 2595 3847 2651 prorsus
3882 2596 3983 2635 ex-

744 2687 924 2727 veram
945 2672 1333 2743 professionem
1352 2672 1571 2729 invidet.
1596 2673 1848 2744 Negat(b)
1871 2688 1980 2726 vere
1998 2674 2307 2727 monachum
2409 2669 2572 2724 eundi
2601 2669 2775 2725 locum
2816 2671 3065 2740 relinquit
3094 2686 3109 2724 :
3140 2674 3234 2726 sed
3266 2676 3590 2745 sacrilegum
3636 2691 3758 2731 esse
3803 2675 3984 2731 deela-

739 2779 869 2829 esse,
913 2765 1013 2818 nisi
1059 2766 1149 2833 qui
1195 2782 1249 2819 se
1278 2764 1347 2818 ad
1390 2774 1553 2818 totum
1600 2766 1718 2818 υἱιω
1757 2774 1956 2831 tempus
1988 2766 2087 2817 hac
2127 2775 2310 2818 sancta
2414 2774 2497 2816 rat
2530 2761 2623 2835 (ο),
2655 2764 2745 2832 qui
2786 2765 2852 2817 ad
2881 2764 3029 2818 aliud
3058 2765 3178 2817 vita:
3206 2780 3375 2834 genus
3408 2768 3624 2831 transit,
3654 2778 3711 2819 ut
3753 2768 3844 2837 qui
3886 2768 3986 2821 do-

741 2855 1058 2924 professione
1082 2854 1396 2924 obstringat,
1427 2871 1582 2923 seque
1624 2854 1870 2909 omnibus
1898 2858 2309 2921 possessionibus
2414 2856 2623 2909 narium
2661 2855 2771 2910 Deo
2803 2865 3177 2911 consecratum
3225 2854 3526 2910 abstulerit.
3561 2859 3615 2910 Si
3644 2860 3765 2926 quis
3802 2868 3983 2912 autem

742 2949 925 3015 spoliet
955 2965 1015 3002 ac
1037 2949 1216 3003 nudet.
1253 2947 1474 3003 Ditiicile
1494 2947 1740 3017 proiecto
1766 2964 1869 3002 non
1896 2950 2002 3002 erit
2024 2960 2311 3020 utrumque
2413 2946 2621 3000 dubitet
2644 2962 2710 2999 an
2748 2946 2978 3003 Basilius
3004 2948 3190 3003 iisdem
3216 2948 3354 3003 votis
3386 2948 3681 3003 obstrictus
3708 2949 3889 3015 fuerit,
3921 2966 3988 3005 ac

745 3042 812 3093 de
847 3038 1050 3095 Basilio
1082 3046 1270 3094 nostro
1297 3047 1565 3103 astruere,
1608 3047 1663 3093 et
1701 3038 1843 3107 quod
1885 3039 2128 3093 eruditus
2165 3038 2309 3094 Tho-
2414 3037 2449 3090 ii
2492 3050 2628 3106 quos
2669 3039 2933 3105 regendos
2978 3049 3327 3106 susceperat;
3372 3040 3552 3111 legere
3597 3049 3773 3110 potest
3802 3056 3985 3111 proce-

748 3132 1020 3186 massinus
1072 3131 1283 3197 statuit,
1335 3139 1393 3183 ut
1441 3145 1565 3185 eum
1613 3130 1938 3186 monachum
1984 3146 2088 3185 non
2146 3130 2313 3186 fuisse
2416 3129 2582 3182 mium
2618 3128 2669 3181 in
2716 3129 2951 3197 Regulus
2988 3131 3257 3201 longiores
3285 3134 3423 3200 quod
3458 3134 3535 3187 sic
3574 3134 3761 3203 incipit
3792 3152 3805 3187 :
3842 3132 3986 3198 Quo-

747 3224 955 3292 probet,
992 3224 1045 3280 id
1102 3234 1420 3279 convertere
1462 3223 1515 3278 in
1563 3233 1936 3294 argumentum
1977 3238 2118 3279 verte
2169 3223 2312 3281 illius
2339 3256 2381 3313 ϐ
2416 3219 2556 3271 niam
2604 3217 2709 3272 Deo
2750 3218 2988 3287 juvante,
3036 3219 3087 3270 in
3135 3221 3343 3274 nomine
3399 3221 3609 3275 Domini
3645 3226 3810 3275 nostri
3855 3222 3987 3275 Jesu

746 3316 1056 3370 monasticae
1082 3316 1452 3384 professionis.
1494 3313 1625 3369 Nam
1667 3316 1719 3370 in
1773 3316 1856 3371 his
1900 3331 2022 3387 qute
2081 3316 2148 3371 ad
2178 3331 2310 3371 san-
2352 3310 2379 3313 ’⁷
2417 3310 2610 3366 Christi
2642 3310 2801 3365 simul
2849 3312 3179 3365 convenimus
3210 3328 3324 3375 nos,
3353 3314 3441 3381 qui
3471 3329 3630 3365 unum
3663 3322 3711 3365 et
3745 3314 3878 3367 idem
3912 3318 3986 3385 pii

743 3414 889 3459 ctum
918 3402 1239 3474 Gregorium
1270 3402 1668 3456 Nazianzenum
1695 3415 1947 3472 spectant
1974 3421 2077 3459 non
2122 3407 2314 3461 immo-
2417 3406 2641 3459 instituti
2673 3404 2993 3474 propositum
3019 3414 3268 3469 tenemus,
3302 3414 3403 3459 etc.
3425 3405 3600 3458 Οἱένα
3633 3406 3725 3458 καὶ
3748 3406 3837 3459 τὸν
3884 3409 3986 3462 αὐ-

748 3496 927 3559 rabor,
965 3495 1215 3566 quamvis
1248 3493 1481 3563 amplam
1523 3503 1759 3563 segetem
1812 3493 1958 3549 illius
1991 3511 2155 3563 opera
2182 3512 2311 3565 sup-

2423 3498 2512 3549 τὸν
2544 3499 2745 3551 σκοπὸν
2770 3496 2863 3549 τοῦ
2911 3495 3026 3566 βίου
3062 3495 3155 3548 τοῦ
3195 3497 3313 3549 κατ’
3340 3497 3616 3549 εὐσεϐείαν
3647 3498 3988 3569 ἐνστησάμε-

746 3589 989 3659 peditent
1019 3606 1033 3643 :
1077 3588 1170 3643 sed
1207 3588 1292 3642 his
1325 3586 1541 3641 erudito
1570 3585 1739 3640 sodali
1771 3585 1913 3640 illius
1945 3600 2165 3657 operum
2200 3589 2313 3641 edi-
2418 3604 2515 3639 νοι.
2550 3590 2718 3641 Dubia
2758 3588 2996 3658 profecto
3028 3604 3131 3642 non
3165 3599 3283 3642 erat
3314 3588 3593 3643 monachis
3624 3587 3985 3645 Ctesarieusi-

751 3682 948 3735 tionem
980 3678 1274 3735 elaboranti
1323 3679 1573 3744 servatis,
1608 3677 1861 3732 nonnulla
1902 3687 2109 3732 tantum
2144 3674 2322 3734 attinJ
2418 3680 2514 3733 bus
2544 3677 2724 3732 Basilii
2760 3678 3045 3747 professio,
3088 3682 3172 3733 cui
3218 3696 3571 3749 cummagna:
3597 3683 3857 3738 molestia:
3898 3700 3989 3737 ac-

746 3786 889 3842 gam,
924 3783 1044 3838 quae
1071 3783 1101 3821 ι
1132 3767 1333 3823 Basilio
1362 3779 1550 3823 nostro
1578 3769 1758 3824 divelli
1791 3783 1894 3822 non
1923 3779 2165 3838 possunt.
2416 3771 2676 3825 cidissent
2709 3770 2775 3824 ab
2803 3768 3033 3824 Eusebio
3056 3770 3313 3840 episcOpo
3336 3811 3352 3838 ,
3385 3771 3587 3824 factam
3615 3773 3681 3837 ei,
3719 3774 3807 3841 qui
3833 3775 3988 3840 prin-

816 3863 1071 3919 Basilium
1101 3862 1274 3932 ipsmn
1306 3861 1371 3914 de
1400 3876 1458 3915 se
1489 3862 1795 3929 loquentem
1825 3863 2132 3927 audiamus,
2166 3874 2317 3918 ante-
2419 3864 2650 3932 cipatum
2679 3862 2812 3915 inter
2841 3862 2979 3929 ipsos
3008 3860 3293 3925 obtinebat,
3316 3860 3565 3929 iniuriam
3591 3862 3827 3931 graviter
3852 3861 3990 3917 tule-

747 3971 908 4026 quam
935 3956 1160 4010 aliorum
1192 3952 1489 4008 referamus
1512 3953 1839 4007 testimonia.
1876 3951 1968 4007 Sic
2004 3966 2314 4023 susceptum
2420 3964 2545 4008 runt
2578 3952 2683 4024 td).
2720 3953 2817 4008 His
2846 3954 2981 4008 adde
3036 3962 3277 4007 veterum
3334 3952 3648 4007 testimonia
3700 3953 3789 4022 qui
3839 3952 3989 4008 Basi-

748 4065 777 4103 a
807 4064 869 4103 se
902 4048 1213 4103 monasticae
1242 4047 1366 4100 vitae
1406 4045 1739 4115 propositum
1780 4046 2006 4113 exponit
2056 4046 2107 4099 in
2153 4048 2312 4112 epist.
2421 4046 2548 4099 lium
2601 4055 2654 4098 et
2702 4042 3019 4113 Gregorium
3074 4045 3238 4096 vitam
3300 4044 3656 4097 monasticam
3710 4045 3990 4114 amplexos

748 4140 875 4204 225,
905 4157 958 4193 n.
987 4138 1053 4193 Ξῖ
1093 4137 1282 4208 Itaque
1320 4154 1435 4190 cum
1453 4138 1690 4207 legissem
1723 4136 2091 4205 Evangelium,
2119 4136 2313 4205 inquit,
2418 4148 2539 4187 esse
2576 4134 2838 4186 referunt.
2874 4134 3007 4187 Vide
3036 4133 3287 4187 Rufinum
3327 4135 3418 4189 lib.
3457 4152 3496 4201 t,
3528 4150 3574 4191 c.
3608 4135 3671 4201 9;
3703 4137 3987 4190 Socratem

750 4235 925 4301 ibique
951 4232 1325 4299 perspexissent
1370 4230 1659 4297 plurimum
1700 4230 1767 4281 ad
1807 4228 2172 4297 perfectionem
2228 4245 2314 4283 va-
2420 4225 2509 4279 lib.
2542 4240 2617 4286 tv.
2648 4239 2697 4281 c.
2729 4223 2831 4288 26;
2869 4225 3228 4279 Sonmenum
3271 4227 3364 4282 lib.
3399 4244 3473 4293 vt,
3504 4245 3553 4282 e.
3584 4228 3668 4283 Π.

750 4324 892 4385 lere,
939 4322 1073 4372 bona
1117 4335 1214 4373 sua
1242 4320 1541 4381 diuendere,
1593 4330 1640 4371 et
1687 4311 1804 4371 cum
1846 4320 2019 4388 egenis
2064 4320 2317 4385 fratribus
2492 4315 2552 4370 ll.
2598 4316 2924 4385 Paupertas,
2970 4332 3132 4385 quam
3212 4321 3440 4388 requirit
3489 4317 3876 4373 Thomassinns
3922 4323 3986 4375 a.l

752 4413 1228 4477 communicare,ac
1253 4411 1399 4464 nulla
1427 4427 1640 4480 prorsus
1663 4412 1819 4480 hujus
1837 4414 1954 4465 vitet
1970 4414 2320 4467 sollicitudine
2423 4409 2775 4463 monasticam
2809 4407 3222 4477 professionem,
3263 4410 3495 4462 maxime
3523 4409 3716 4463 enituit
3757 4410 3808 4464 in
3838 4410 3989 4465 Basi-

752 4509 1016 4576 distringi,
1055 4524 1145 4561 nec
1185 4507 1294 4560 ulla
1324 4506 1598 4575 affectione
1644 4507 1712 4557 ad
1770 4522 1849 4559 res
1882 4518 2113 4561 terrenas
2145 4510 2317 4560 animo
2430 4504 2520 4557 lio.
2554 4501 2806 4555 Testatur
2838 4498 3109 4571 Nysseuus
3141 4515 3261 4553 eum
3304 4503 3370 4553 ab
3401 4500 3554 4553 initio
3578 4504 3833 4557 statuisse
3856 4502 3989 4558 nihil

752 4602 1006 4663 converti;
1032 4600 1298 4664 cupiebam
1324 4598 1559 4652 invenire
1588 4598 1821 4667 aliquem
1844 4615 1911 4651 ea:
1938 4599 2193 4668 fratribus
2228 4600 2317 4668 qui
2349 4599 2396 4659 ι)
2425 4591 2722 4660 possidere,
2759 4599 2813 4644 et
2843 4598 3045 4659 petram
3089 4589 3421 4643 immobilem
3457 4591 3620 4644 fuisse
3659 4594 3760 4647 hoc
3800 4595 3983 4646 consi-

751 4695 886 4748 hanc
920 4694 1037 4749 rita
1064 4697 1196 4747 aiam
1246 4693 1503 4761 elegisset,
1535 4700 1592 4743 ut
1636 4708 1739 4743 una
1785 4707 1899 4743 cum
1944 4692 2057 4757 ipso
2118 4690 2315 4744 brevem
2424 4686 2572 4737 limit.
2626 4683 2769 4736 Idem
2825 4683 3081 4736 discimus
3125 4698 3187 4735 ex
3239 4680 3584 4736 Nazianzeuo
3614 4683 3682 4753 (e)
3732 4682 3984 4737 Basiliam

751 4787 908 4856 hujus
943 4788 1060 4840 vitae
1084 4787 1299 4855 ﬂuctuat
1336 4785 1633 4837 transirem.
1672 4784 1747 4834 Ac
1780 4783 1964 4835 ntultos
1993 4784 2202 4851 quidem
2240 4784 2319 4836 in-
2423 4783 2658 4835 omnibus
2696 4777 3053 4847 facultatibus,
3080 4796 3207 4848 quas
3262 4793 3489 4847 unquam
3534 4780 3802 4841 habuerat,
3839 4793 3986 4847 a’quo

752 4876 867 4930 veni
898 4876 1255 4941 Alexandriae,
1300 4874 1490 4926 multos
1534 4873 1689 4925 etiam
1723 4872 1779 4923 in
1810 4872 2007 4939 reliqua
2041 4870 2272 4941 digypto
2300 4888 2317 4925 :
2420 4876 2595 4925 animo
2628 4872 2891 4941 projectis,
2934 4869 3113 4923 leviter
3136 4867 3388 4937 facileque
3420 4869 3535 4920 vitm
3565 4868 3775 4936 pelagus
3810 4880 3986 4923 trans-

754 4980 799 5022 et
826 4970 877 5021 in
910 4966 1199 5020 Palaestina
1234 4967 1367 5019 alios
1397 4976 1442 5019 et
1466 4964 1750 5033 Ctelesyria
1782 4980 1842 5016 ac
1869 4962 2313 5031 Mesopotamia...
2424 4966 2647 5018 misisse.

758 5060 884 5114 Hac
921 5076 1038 5112 cum
1073 5060 1316 5121 mirarer,
1348 5074 1409 5111 ac
1440 5056 1641 5110 beatam
1679 5065 1915 5118 putarem
1971 5058 2197 5109 virorum
2239 5057 2317 5110 υἱ·
2504 5052 2795 5107 Existimat
2841 5050 3208 5106 Tillemontius
3256 5049 3507 5103 Basilium
3555 5049 3736 5103 statim
3771 5050 3985 5120 quidem

755 5166 886 5215 tam,
915 5151 1052 5223 quod
1087 5150 1240 5220 factis
1275 5155 1601 5203 ostenderent
1631 5165 1683 5203 se
1715 5147 2170 5216 mortificationem
2192 5147 2318 5201 Jesu
2427 5164 2522 5200 sua
2567 5147 2747 5199 onmia
2777 5147 3096 5214 pauperibus
3121 5158 3486 5203 consecrasse,
3521 5159 3623 5194 non
3660 5154 3843 5197 tamen
3880 5155 3989 5198 sta-

754 5247 808 5297 in
850 5260 1063 5311 corpore
1105 5242 1462 5310 circumferre,
1509 5241 1749 5310 optabam
1794 5250 1841 5293 et
1886 5242 2017 5308 ipse,
2068 5250 2319 5306 quantum
2432 5241 2523 5292 tim
2559 5236 2920 5298 distribuisse,
2958 5235 3050 5287 sed
3086 5249 3206 5287 eum
3238 5232 3341 5285 sibi
3373 5231 3580 5300 aliquid
3633 5244 3984 5295 reservasset,

755 5348 954 5399 possem
1002 5333 1279 5401 attingere,
1325 5332 1567 5383 imitator
1604 5347 1713 5384 esse
1768 5332 2033 5383 hominum
2083 5330 2317 5386 illorum.
2430 5331 2596 5382 variis
2623 5328 2952 5397 temporibus
2978 5325 3227 5378 rharitati
3270 5338 3381 5376 sua:
3414 5320 3760 5376 satisfecisse.
3794 5321 3986 5375 Nititur

758 5424 1107 5489 Quamobrem
1144 5440 1258 5477 cum
1293 5424 1533 5476 uidissem
1584 5423 1858 5475 nonnullos
1908 5425 1958 5474 in
2002 5424 2171 5489 patria
2205 5425 2322 5475 imi-
2431 5421 2778 5475 doctissiums
2814 5418 3044 5486 scriptor
3097 5418 3406 5469 testimonio
3462 5414 3711 5484 Nysseni,
3745 5416 3834 5482 qui
3887 5417 3987 5467 fra-

762 5518 860 5570 tari
883 5516 1093 5569 illorum
1120 5516 1363 5568 instituta
1386 5525 1654 5577 conantes,
1692 5515 1818 5566 mihi
1848 5516 1989 5568 visus
2015 5532 2128 5567 sum
2165 5515 2321 5583 adju-
2433 5526 2566 5567 trem
2603 5528 2759 5566 suum
2801 5520 3030 5563 testatur
3057 5509 3124 5577 (f)
3178 5507 3553 5575 patrimonium
3603 5507 3914 5573 pauperibus
3943 5512 3989 5556 et

760 5610 917 5664 menti
951 5608 1153 5677 aliquid
1187 5609 1431 5676 reperisse
1467 5607 1535 5659 ad
1587 5622 1755 5659 meam
1801 5608 2039 5671 salutem,
2077 5618 2125 5661 et
2178 5609 2320 5661 indi-
2434 5615 2555 5660 ante
2591 5604 2941 5657 sacerdotium
2971 5602 3320 5665 distribuisse,
3362 5609 3410 5653 et
3444 5600 3668 5654 maxime
3690 5598 3844 5668 famis
3872 5609 3990 5651 trut-

854 5742 908 5809 a)
947 5740 1186 5795 lnststut.
1223 5742 1313 5797 lib.
1344 5757 1419 5803 VI,
1448 5756 1494 5795 c.
1529 5743 1610 5798 i9.
2500 5737 2515 5806 (

1344 5757 1419 5803 vi,
1448 5756 1494 5795 c.
1529 5743 1610 5798 £9.
2500 5737 2576 5807 (ά)
2604 5736 2890 5809 Naz._or_a_t.
2916 5734 3002 5789 90.

854 5742 908 5809 o)
947 5740 1186 5795 lnststut.
1223 5742 1313 5797 lib.
1344 5757 1419 5803 VI,
1448 5756 1494 5795 c.
1529 5743 1610 5798 i9.
2500 5740 2576 5807 (ά)
2604 5740 2729 5788 Naz.
2758 5744 2890 5788 orat.
2916 5740 3003 5789 20.

830 5740 907 5882 ibi
945 5811 1220 5884 Bisciplin.
1255 5814 1437 5884 ecclcs.
1472 5824 1607 5884 part.
1644 5828 1704 5880 tl,
1736 5812 1825 5867 ιιι».
1861 5832 1895 5879 ι,
1926 5831 1969 5869 c.
2000 5815 2085 5867 46.
2505 5812 2571 5884 (e)
2616 5806 2676 5884 l_n
2710 5805 2873 5884 βαίη.
3071 5874 3172 5884 ’μ

846 5875 917 5954 (ε’)
959 5875 1220 5953 Ξηειὲιυσ.
1255 5883 1368 5939 ‘24.
1472 5875 1486 5884 ’
1693 5875 1701 5880 ⁷
1884 5875 1892 5879 ⁷

1693 5875 1701 5880 ⁷
1884 5875 1892 5879 ⁷
2511 5879 2579 5947 if)
2612 5876 2677 5929 In
2710 5876 2955 5939 Euneon,
2989 5890 3039 5943 p.
3071 5875 3192 5928 507.
