4206 6484
1539 412 1691 467 VITA
1736 412 1789 463 Β.
1836 411 2097 467 BASILII.

3320 429 3429 469 ινιι

206 554 332 603 pore,
357 549 469 586 rum
504 533 685 586 adhuc
738 550 866 591 esset
891 539 939 587 in
972 532 1388 602 presbyterorum
1427 535 1631 598 ordine,
1672 550 1760 586 nec
1791 542 1835 597 Α
1861 536 2232 605 professiones,
2274 535 2463 605 inquit,
2534 551 2632 589 non
2690 538 2944 601 novimus,
3001 545 3344 605 prreterquam
3380 534 3427 590 si

209 639 365 697 postea
386 641 589 689 eorum,
612 644 737 689 qua:
768 630 972 683 residua
1017 625 1251 692 fuerant,
1280 624 1454 679 minus
1494 625 1762 680 liberalem

209 720 371 786 fuisse.

269 805 503 873 Cotijecit
547 807 959 863 Tillemontium
1008 807 1059 859 in
1116 808 1255 862 hanc
1303 806 1610 875 opinionem
1664 818 1762 859 atza

207 897 370 949 minus
412 911 557 952 rei-ta
606 898 797 965 opinio
831 896 895 949 de
944 908 1112 951 morte
1156 898 1215 951 S.
1254 894 1555 960 Eminelize,
1604 911 1764 965 qnam

206 986 436 1057 episCOpo
463 988 669 1041 Basilio
699 994 853 1053 putat
878 987 1096 1042 obiisse.
1144 986 1250 1040 Sed
1302 985 1352 1039 id
1400 999 1524 1041 ante
1553 987 1765 1052 episco-

205 1087 369 1145 patum
402 1077 589 1132 Basilii
643 1078 962 1148 contigisse,
1003 1090 1059 1133 et
1104 1075 1263 1129 t'amis
1306 1087 1543 1149 tempore
1594 1078 1755 1130 conti-

206 1173 353 1239 gisse,
384 1183 502 1236 qua)
543 1166 733 1224 Basilii
768 1170 1019 1225 charitati
1068 1167 1347 1222 materiam
1382 1169 1549 1232 dedit,
1576 1171 1765 1223 certis-

204 1266 362 1325 simis,
405 1270 462 1311 ut
500 1260 636 1314 mihi
678 1263 892 1332 quidem
925 1260 1165 1322 videtur,
1193 1260 1528 1332 argumentis
1570 1259 1765 1328 proha-

202 1352 559 1415 bitur.0uare
606 1371 732 1411 cum
779 1353 1009 1407 Basilius
1053 1362 1351 1407 maternam
1398 1352 1764 1406 hereditatem

203 1445 347 1501 famis
377 1455 623 1513 tempore
669 1446 1011 1517 perceperit;
1068 1444 1221 1499 facile
1252 1445 1593 1515 perspicitur.
1634 1461 1765 1513 quo-

204 1541 349 1593 modo
374 1544 463 1608 qni
502 1556 564 1594 se
598 1541 713 1606 jam
767 1546 923 1590 antea
961 1537 1213 1593 omnibus
1251 1538 1409 1591 rebus
1445 1536 1761 1602 nudaverat,

203 1628 329 1682 idem
374 1640 498 1683 huic
550 1627 850 1683 eharitatis
900 1626 1170 1694 specimen
1222 1627 1579 1681 renovaverit.
1646 1626 1761 1681 Non

202 1722 451 1775 diflicilins
491 1720 803 1787 explicatur
854 1717 994 1787 quod
1044 1720 1121 1774 ait
1164 1718 1469 1789 Nyssenus,
1508 1717 1762 1772 Basiliam

200 1824 361 1879 postea
394 1827 579 1863 eorum
614 1828 734 1881 (ματ
770 1809 968 1876 reliqua
1008 1821 1155 1864 erant
1200 1824 1301 1862 non
1354 1812 1524 1863 minus
1566 1810 1763 1864 libera-

1866 630 1952 699 qui
2012 643 2067 680 se
2116 626 2217 692 ipsi
2281 628 2649 682 monachorum
2700 628 2873 680 ordini
2926 626 3257 692 ascripserint
3300 628 3431 693 :qui

1864 718 2071 787 quidem
2102 717 2258 770 tacite
2281 720 2440 771 vitam
2467 720 2694 772 cwlibem
2721 717 2961 771 videntur
2993 715 3298 781 suscepisse.
3338 712 3435 766 Ve-

1866 820 2159 862 rumtamen
2198 809 2249 860 in
2278 811 2387 863 illis
2418 825 2617 877 quoque
2640 810 2772 862 illud
2799 808 2985 875 opinor
3012 806 3259 874 prwmitti
3280 821 3433 873 apor-

1868 910 1992 959 tere,
2021 907 2075 947 ut
2099 899 2198 963 ipsi
2234 901 2639 963 interrogentur,
2677 901 3063 967 accipiatur-que
3100 914 3278 950 eorum
3312 912 3434 963 pro-

1866 990 2023 1059 fessio
2061 990 2201 1044 clara
2227 1002 2271 1045 et
2306 990 2579 1058 perspicua
2611 1006 2627 1043 :
2659 998 2710 1041 ut
2742 1006 2857 1042 cum
2892 1006 2947 1043 se
2976 990 3044 1041 ad
3086 987 3427 1041 libidinosam

1866 1084 2025 1135 vitam
2053 1085 2421 1145 converterint,
2454 1097 2633 1134 eorum
2675 1082 2763 1149 qui
2806 1080 3139 1148 fornicamur
3168 1081 3435 1147 partitioni

1866 1173 2237 1240 subjiciuntur.
2276 1175 2410 1230 Hinc
2442 1175 2493 1228 in
2533 1174 2735 1241 [tegula
2774 1174 2982 1238 fusiori,
3014 1177 3271 1242 interrog.
3301 1189 3353 1236 χ,
3380 1182 3434 1225 et

1865 1265 2024 1333 epist.
2048 1263 2139 1329 23,
2165 1282 2285 1334 qum
2316 1275 2442 1319 ante
2475 1280 2711 1319 canones
2740 1266 2952 1334 scriptae
2999 1274 3149 1327 sunt,
3182 1279 3285 1318 non
3331 1264 3433 1315 alia

1867 1357 2237 1425 prcescribitur
2272 1357 2539 1427 professio
2591 1356 2674 1409 his
2716 1357 2805 1424 qui
2862 1356 3213 1409 numastieam
3269 1354 3433 1407 vitam

1867 1445 2285 1516 antpleetuntur,
2318 1451 2419 1503 nisi
2447 1458 2503 1502 ut
2534 1450 2759 1502 fratrum
2790 1446 2968 1499 ordini
2996 1456 3116 1516 post
3138 1446 3433 1517 legitimam

1865 1538 2313 1607 approbationem
2374 1543 2739 1595 aseribantnr.
2786 1537 2953 1605 llnjns
3020 1550 3198 1593 autem
3253 1541 3433 1593 tacitae

1865 1630 2216 1701 professionis
2247 1646 2350 1683 non
2384 1634 2560 1685 mimis
2599 1635 2785 1685 stricta
2818 1638 2975 1685 erant
3008 1629 3241 1692 vincula,
3271 1645 3431 1697 quam

1866 1726 2006 1779 illius
2028 1725 2188 1778 clarae
2217 1733 2269 1777 et
2292 1724 2607 1792 perspicax.
2640 1723 2772 1775 Nam
2800 1724 3049 1788 Basilius,
3082 1732 3135 1775 ut
3157 1720 3267 1793 jam
3302 1722 3432 1781 dixi,

1864 1830 1983 1868 eum
2015 1815 2102 1883 qui
2142 1831 2199 1869 se
2237 1814 2435 1867 dicavit
2470 1811 2576 1865 Deo
2622 1824 2673 1866 et
2706 1813 2896 1864 deinde
2930 1814 2993 1863 ad
3022 1814 3163 1866 aliud
3195 1812 3315 1864 vita:
3340 1824 3434 1880 ge-

201 1904 288 1955 lem
322 1903 507 1969 fuisse.
546 1902 739 1972 Neque
770 1901 915 1955 enim
950 1903 1168 1965 ruirum,
1199 1900 1241 1954 si
1278 1901 1506 1971 amplam
1533 1900 1762 1955 ha:rcdi-
1799 1896 1838 1950 Β
1867 1920 1966 1959 nus
1999 1907 2240 1969 transiit,
2285 1907 2484 1958 factum
2522 1917 2643 1957 esse
2672 1900 3017 1965 sacrilegum,
3046 1911 3102 1953 et
3142 1916 3431 1953 consecra-

208 2002 359 2045 tatem
388 2008 493 2046 non
540 1995 733 2048 statim
766 2001 930 2045 totam
961 1992 1224 2062 percepit,
1257 1994 1350 2047 sed
1396 1991 1646 2045 nonnulla
1682 2004 1767 2041 se-

205 2084 324 2146 tius,
361 2098 414 2139 ut
454 2088 505 2139 in
544 2086 812 2153 ejusmodi
844 2086 1003 2141 rebus
1055 2085 1168 2140 fieri
1220 2084 1380 2147 solet,
1413 2084 1464 2137 in
1507 2082 1624 2152 ejus
1654 2097 1766 2133 ma-

203 2190 293 2227 nus
316 2186 708 2243 pervenerunt.

263 2265 387 2319 illud
418 2283 552 2334 ergo
583 2280 837 2323 constare
868 2270 1026 2323 debet
1055 2266 1316 2319 Basilium
1362 2264 1548 2321 sedulo
1582 2266 1763 2320 obser—

200 2373 345 2413 vasse
367 2362 509 2428 quod
541 2362 671 2416 aliis
698 2362 1027 2430 prmscripsit
1070 2362 1121 2413 in
1161 2358 1375 2427 Regalis
1418 2368 1527 2413 tum
1565 2360 1767 2428 longio-

202 2448 336 2505 ribus
363 2460 473 2505 tum
510 2452 889 2513 brevioribus;
922 2466 1093 2520 neque
1126 2468 1246 2506 eum
1293 2454 1395 2507 hac
1445 2453 1496 2505 in
1540 2467 1595 2503 re
1628 2451 1765 2503 infe-

202 2543 383 2597 riorem
414 2543 592 2595 fuisse
619 2540 857 2594 Macrina
884 2556 1093 2607 sorore,
1120 2559 1239 2612 quae
1266 2558 1324 2596 se
1348 2558 1412 2595 ex
1439 2541 1594 2595 bonis
1616 2555 1765 2607 :equa

201 2646 343 2703 parte
380 2635 528 2686 inter
565 2633 736 2699 ipsam
766 2647 830 2687 ac
859 2631 1057 2687 fratres
1089 2634 1273 2687 divisis
1310 2632 1445 2684 nihil
1491 2632 1591 2684 sibi
1646 2631 1768 2683 reli-

199 2736 352 2789 quum
404 2720 609 2775 fecisse
656 2729 879 2775 testatur
912 2722 1012 2792 (τι),
1071 2722 1163 2775 sed
1218 2720 1398 2773 omnia
1441 2734 1536 2789 per
1580 2734 1769 2773 manus

200 2812 484 2866 sacerdotis
528 2813 828 2867 secundum
901 2812 1140 2865 divinum
1211 2820 1533 2880 prmceptum
1592 2811 1769 2864 distri-

201 2902 385 2955 buisse.
427 2901 573 2957 Cum
615 2912 796 2955 autem
835 2900 970 2955 nihil
1014 2900 1234 2953 omnino
1282 2900 1581 2970 possideret
1617 2900 1768 2953 Basi-

201 2992 315 3057 lius,
348 2996 561 3048 vietnm
596 2994 643 3047 ei
674 3008 742 3047 ex
782 2994 895 3063 ipsa
929 2994 1105 3054 domo,
1140 2994 1189 3046 in
1234 3008 1337 3061 qua
1382 2994 1615 3047 nutritus
1649 2993 1765 3047 fue-

202 3093 295 3148 rat,
326 3095 504 3138 mater
536 3085 768 3153 benigne
792 3083 1020 3152 providit
1047 3083 1146 3154 (b),
1173 3083 1360 3138 saltem
1386 3096 1666 3155 postquam
1701 3086 1765 3137 ad

205 3178 500 3246 presbyteri
564 3178 786 3245 gradum
845 3186 1066 3229 evectus
1116 3186 1217 3228 est.
1287 3174 1418 3229 Nam
1478 3177 1764 3230 maximam

1871 2006 1977 2050 lttnt
2011 2000 2115 2051 Deo
2149 2000 2432 2050 donarium
2468 1996 2759 2050 abstulisse
2787 1992 3100 2062 pronuntiat
3127 1993 3220 2061 (ρ).
3257 1992 3435 2057 Quare

1867 2103 1987 2141 cum
2014 2088 2242 2140 Basilius
2269 2088 2654 2140 monachorum
2682 2087 2859 2139 ordini
2909 2100 3003 2154 per
3032 2094 3108 2138 tot
3133 2099 3303 2138 annos
3331 2101 3433 2137 non

1866 2183 2039 2232 solum
2072 2178 2344 2246 ascriptus
2378 2174 2564 2237 fuerit,
2617 2176 2712 2229 sed
2766 2176 2929 2227 etiam
2984 2174 3285 2243 prml'uerit;
3325 2191 3437 2226 ιιιυ-

1868 2270 2071 2326 nastiCa
2106 2271 2251 2325 illius
2279 2268 2549 2340 professio
2581 2266 2767 2336 negari
2794 2280 2897 2319 non
2930 2275 3143 2334 potest:
3172 2266 3437 2331 valdeque

1868 2363 2155 2418 absurdum
2196 2374 2281 2418 est
2311 2364 2469 2417 clara:
2497 2370 2551 2417 et
2581 2360 2902 2416 nominatim
2934 2364 3203 2426 concepta:
3234 2356 3437 2425 prolis-

1868 2460 2036 2511 sionis
2081 2459 2461 2510 necessitatem
2495 2457 2543 2510 ei
2577 2456 2875 2523 imponere,
2904 2464 3024 2521 qua:
3054 2449 3156 2502 illis
3182 2448 3437 2517 tempori-

1870 2549 1968 2602 bus
2018 2548 2240 2610 omissa,
2292 2547 2481 2600 saltem
2541 2547 2592 2600 in
2644 2542 3004 2614 Cappadocia,
3037 2540 3168 2593 nihil
3195 2539 3260 2591 de
3288 2548 3437 2591 voto-

1870 2653 1987 2692 rum
2021 2640 2073 2690 vi
2106 2636 2444 2689 detrahebat.

1938 2726 2025 2784 IV.
2069 2726 2355 2781 Existimat
2394 2724 2784 2780 Thomassiuns
2814 2722 3130 2794 Gregorium
3172 2722 3303 2777 nihil
3335 2722 3434 2775 1(ηοὶ

1869 2819 2150 2889 reliquisse
2189 2818 2511 2873 dubitationi
2552 2820 2605 2872 in
2648 2817 2891 2870 carmine
2925 2815 2999 2870 De
3032 2818 3139 2868 vita
3196 2832 3315 2877 sua,
3352 2813 3437 2866 ubi

1867 2928 1920 2967 se
1967 2912 2058 2965 diu
2108 2921 2423 2980 [luctantum
2470 2919 2696 2965 testatur
2731 2912 2927 2981 ecquod
2956 2912 3071 2963 vita:
3102 2923 3261 2980 genus
3301 2916 3439 2959 tene—

1868 3014 1963 3068 ret,
1995 3005 2131 3057 inter
2169 3005 2539 3057 monachorum
2572 3003 2793 3055 latibula
2822 3013 2869 3055 et
2913 3000 3119 3053 urbium
3146 3003 3438 3053 tumultua-

1869 3096 2054 3161 tiones,
2105 3098 2335 3148 medium
2384 3097 2592 3147 tandem
2637 3103 2871 3146 secutum
2913 3109 3022 3146 esse
3063 3093 3346 3157 tramitem,
3384 3102 3438 3142 ut

1871 3190 1989 3241 aliis
2018 3190 2093 3240 ita
2121 3190 2407 3255 prodesset,
2435 3194 2490 3238 ut
2521 3203 2583 3239 ne
2613 3187 2721 3253 ipse
2738 3202 2846 3240 sua:
2871 3186 3084 3254 officeret
3102 3184 3280 3237 saluti.
3302 3182 3439 3235 Tum

202 3280 397 3335 partem
452 3269 807 3324 servitiorum
864 3267 1007 3321 illius
1060 3267 1252 3322 domus
1299 3268 1623 3339 presbytero
1654 3270 1767 3321 Clll-
1796 3249 1837 3305 C
1871 3278 2076 3348 profcﬂ
2121 3249 2220 3331 'hos
2271 3249 2461 3331 vcrsrus
2486 3249 2729 3346 δειραὶ)ιῇ
2768 3294 2781 3330 ;

204 3360 337 3424 eam,
391 3363 670 3415 llorotheo
728 3362 963 3422 nomine,
1020 3360 1110 3429 qui
1164 3360 1349 3413 Basilii
1405 3361 1769 3416 collactaueus

202 3458 328 3509 erat,
368 3452 606 3517 ejusque
656 3452 881 3503 muricis
925 3452 1118 3502 unicus
1156 3449 1322 3511 filius,
1358 3465 1419 3503 ea
1462 3453 1769 3507 conditione

204 3540 432 3606 tradidit,
468 3550 529 3593 ut
566 3538 764 3592 Basilio
814 3541 1066 3593 alimenta
1104 3542 1493 3609 suppeditaret.
1539 3542 1628 3597 Sic
1672 3559 1768 3597 au-

206 3642 303 3684 tem
343 3634 591 3694 tradidit,
623 3644 679 3686 ut
724 3649 1059 3702 nequaquam
1098 3635 1296 3687 donum
1324 3645 1487 3699 esset,
1520 3636 1612 3690 sed
1640 3652 1768 3690 usus

203 3740 288 3791 per
312 3726 502 3779 vitam.
538 3724 708 3791 Quam
758 3726 970 3780 alienus
1021 3726 1183 3780 fuerit
1222 3725 1452 3781 Basilius
1480 3729 1549 3780 ab
1581 3741 1641 3780 ea
1689 3742 1769 3780 re-

206 3816 476 3880 missione,
513 3832 606 3870 seu
659 3818 835 3885 potius
874 3818 1251 3879 dissolutione,
1288 3834 1406 3886 quae
1448 3817 1518 3870 illi
1552 3817 1767 3886 aliingi-

206 3914 301 3969 lur,
342 3922 408 3961 ex
467 3910 569 3961 hoc
620 3906 863 3960 Cassiani
931 3895 1240 3960 testimonio
1292 3907 1613 3974 perspicitur
1639 3906 1761 3975 (c);

207 3993 394 4049 Fertur
429 3999 710 4060 sententia,
744 3997 937 4065 inquit,
974 3998 1142 4050 sancti
1185 3994 1373 4051 Basilii
1423 3996 1766 4053 Cwsariensis

205 4090 445 4156 episcopi,
476 4089 546 4141 ad
576 4090 854 4158 quemdam
884 4088 1088 4156 prolata
1133 4087 1475 4159 Syncletium,
1518 4092 1614 4143 tali
1661 4107 1762 4161 quo

206 4184 427 4235 diximus
473 4192 650 4250 tepore
694 4184 1133 4253 torpentem:qui
1177 4200 1295 4238 cum
1349 4201 1403 4238 se
1443 4186 1767 4239 renuntiasse

208 4276 387 4330 diceret
427 4276 550 4328 huic
580 4276 798 4337 ntundo,
835 4278 1074 4344 qua-dum
1103 4276 1202 4330 sibi
1229 4278 1291 4330 de
1326 4278 1553 4344 propriis
1589 4276 1764 4343 facul-

211 4367 391 4419 tatibus
422 4368 728 4427 reservavit,
768 4365 945 4417 nolens
992 4365 1235 4418 exercitio
1270 4380 1519 4415 manuum
1548 4379 1764 4414 suarum

207 4460 504 4521 sustentari,
535 4467 582 4510 et
616 4455 971 4508 Ittmtilitatem
1004 4470 1177 4508 veram
1228 4454 1467 4505 nuditate
1503 4463 1551 4505 et
1595 4453 1767 4520 operis

2081 3413 2258 3469 Media
2294 3418 2427 3468 inter
2455 3414 2591 3479 illos,
2622 3416 2816 3485 ltosqne
2850 3416 3072 3483 procedo
3101 3415 3206 3475 via,

1941 3485 2203 3541 Meditans
2251 3500 2303 3539 ut
2334 3488 2440 3550 isti,
2474 3483 2805 3538 commodam
2841 3487 3053 3538 illorum
3085 3483 3341 3537 u'mulans

1872 3647 2070 3701 Deinde
2092 3646 2241 3699 addit
2272 3662 2286 3698 :
2320 3644 2460 3714 Ergo
2488 3660 2604 3695 cum
2644 3646 2760 3696 oila’
2789 3645 2901 3710 ejus
2928 3643 3153 3709 scriptor
3186 3644 3283 3703 ait,
3321 3659 3437 3694 mn-

1869 3738 2027 3790 lnisse
2073 3752 2191 3789 eum
2248 3736 2560 3787 monac/tum
2612 3750 2743 3801 esse,
2781 3750 2939 3803 quam
3002 3734 3276 3786 swcularis
3322 3737 3440 3788 vita:

1868 3842 2160 3895 sequacem,
2196 3840 2473 3893 pauperem
2500 3841 2655 3889 quam
2698 3824 3019 3893 opulentum.
3075 3838 3177 3876 non
3222 3830 3285 3874 de
3320 3840 3434 3875 ma-

1871 3920 2071 3970 nastica
2113 3917 2320 3985 praprie
2359 3916 2683 3985 professione
2722 3917 3007 3982 capiendus
3038 3914 3187 3967 nobis
3221 3926 3316 3975 est,
3350 3916 3437 3965 sed

1868 4009 1931 4061 de
1965 4011 2068 4061 vita
2100 4008 2443 4061 swcularibus
2496 4007 2637 4059 curis
2675 4008 2940 4073 expedita,
2978 4015 3025 4058 et
3073 4006 3132 4056 de
3184 4006 3437 4071 frequenti

1868 4102 1932 4154 ab
1962 4099 2179 4152 urbibus
2207 4115 2433 4152 secessu.
2470 4098 2646 4166 Longe
2683 4100 2902 4150 aberrat
2932 4096 3275 4150 doctissimus
3304 4108 3442 4146 scrt-

1870 4203 1990 4261 plur
2022 4192 2089 4245 ab
2130 4191 2286 4258 hujus
2321 4191 2611 4245 lCSlitIIOItil
2654 4188 2943 4251 sententia,
2967 4190 3109 4257 quod
3141 4202 3260 4240 curn
3294 4186 3438 4237 llasi-

1872 4282 1923 4333 lii
1960 4283 2119 4334 rebus
2164 4280 2334 4334 lucem
2364 4279 2558 4334 afferre
2606 4282 2795 4349 possit,
2822 4278 2983 4347 paulo
3017 4276 3321 4330 accuratius
3358 4277 3437 4325 in-

1874 4374 2234 4439 vestigandurn
2268 4372 2417 4426 nobis
2453 4382 2530 4427 est

1944 4467 2192 4535 Gregorii
2239 4466 2421 4528 verba,
2456 4478 2576 4532 qua!
2611 4478 2790 4515 tncum
2847 4465 3085 4515 fecerunt
3115 4459 3435 4513 Thomassi-

207 4547 949 4616 contritione,monasteriique
983 4545 1300 4614 subjectione
1325 4545 1664 4613 conquirere:
1700 4543 1763 4596 Et
1802 4585 1841 4638 ο

1802 4585 1841 4638 ο
1874 4576 1961 4623 no,
1991 4575 2054 4613 ex
2088 4559 2327 4613 carmine
2373 4560 2547 4627 primo
2594 4558 2871 4623 desumpta
2932 4564 3077 4614 sunt,
3114 4552 3201 4604 ubi
3254 4562 3435 4605 narrat

207 4650 506 4696 senatorem.
533 4641 720 4708 inquit.
751 4638 999 4707 Syncleti,
1034 4636 1325 4703 perdidisti,
1370 4644 1419 4689 et
1457 4634 1763 4688 monac/tum

210 4749 297 4785 non
327 4734 516 4801 fecisti.

271 4826 350 4878 Ill.
383 4826 517 4878 Illud
552 4836 731 4877 autem
761 4822 1177 4878 Thomassinum
1209 4820 1261 4874 in
1285 4835 1525 4876 errorem
1554 4822 1765 4873 videtur

210 4916 535 4982 potissimum
582 4915 883 4975 induxisse,
908 4914 1051 4983 quod
1095 4912 1374 4975 Basiliam,
1415 4910 1759 4980 Gregorium,

210 5001 456 5060 Joannem
502 5008 948 5076 Cbrysostomum
1000 5015 1056 5060 et
1108 5003 1245 5057 alios
1299 5002 1563 5069 ejusmodi
1616 5003 1758 5054 nulla

209 5094 528 5160 professione
557 5094 877 5148 nominatim
907 5092 1198 5147 obstrictos
1234 5090 1406 5145 fuisse
1450 5091 1759 5151 crediderit,

210 5188 291 5240 sed
322 5186 621 5239 voluntaria
653 5187 852 5254 pietate
896 5183 1205 5251 perfecisse,
1241 5197 1359 5253 qua:
1392 5182 1638 5234 monachi
1671 5183 1763 5233 im-

210 5280 367 5345 pasita
397 5289 644 5333 votorum
690 5276 1011 5331 necessitate
1039 5275 1329 5331 faciebant.
1367 5274 1481 5329 Non
1509 5274 1763 5327 illusisset

212 5385 349 5423 error
372 5369 688 5424 doctissimo
730 5366 1008 5436 scriptori,
1043 5367 1085 5420 si
1118 5368 1343 5436 legisset
1374 5364 1629 5419 attentius
1669 5365 1759 5416 de-

213 5463 389 5517 cimum
424 5478 623 5518 nouum
649 5462 828 5517 Basilii
866 5474 1124 5517 canonetn
1153 5459 1252 5530 (Δ).
1296 5456 1543 5511 Virorum
1574 5464 1747 5509 autem

271 5695 340 5764 (rt)
378 5694 478 5750 va.
512 5695 686 5749 Μαεν.
714 5709 764 5763 p.
799 5693 921 5747 192.

268 5767 335 5831 (by
365 5766 540 5834 Ep.37
571 5778 627 5820 et
657 5766 741 5817 58.

271 5829 332 5906 (ε)
365 5829 597 5891 Instilttt.
644 5837 738 5892 lib.
779 5849 874 5899 VII,
909 5851 960 5888 (ζ.
999 5829 1057 5887 19

1874 4651 2175 4719 Theologus
2238 4650 2362 4710 sibi,
2410 4657 2531 4716 post
2581 4658 2794 4716 captum
2848 4661 2876 4699 a
2932 4661 3098 4700 carne
3156 4644 3435 4699 recedendi

1876 4744 2183 4802 consilium.
2234 4741 2501 4817 difﬁcilem
2550 4740 2803 4794 incidisse
2861 4738 3331 4799 deliberationem,
3372 4750 3439 4790 ex

1876 4837 2085 4890 duabus
2114 4836 2214 4889 viis
2262 4835 2368 4887 Deo
2401 4835 2569 4905 gratis
2618 4848 2862 4902 quietiam
2902 4842 3044 4883 esset
3074 4829 3434 4900 prmstantior,

1872 4943 2037 4997 seque
2080 4928 2229 4981 initis
2272 4926 2662 4996 subductisque
2704 4925 3006 4978 rationibus
3036 4923 3115 4976 sic
3144 4923 3285 4991 apud
3312 4922 3432 4974 ani-

1871 5037 2013 5075 mum
2044 5023 2295 5075 statuisse
2322 5039 2333 5074 :

1970 5179 2155 5249 Μέσην
2188 5181 2283 5231 τιν’
2312 5175 2472 5249 ἦλθον
2501 5183 2722 5249 ριςῡγων
2752 5178 2844 5230 καὶ
2868 5176 3127 5249 μιγάδων

1972 5250 2090 5301 Τῶν
2113 5243 2218 5320 ’μὲν
2248 5249 2307 5300 τὸ
2335 5243 2579 5304 ἆυκινοῦν.
2609 5243 2715 5300 τῶν
2740 5248 2796 5300 δὲ
2830 5243 2894 5299 ἐδ
2920 5243 3154 5317 χρηστὸν
3198 5243 3397 5317 φέρων.

1973 5384 2202 5436 Gradior
2242 5393 2442 5435 solutos
2475 5383 2610 5435 inter
2634 5394 2787 5450 atque
2810 5396 3069 5449 mtgaaes,

1975 5455 2217 5506 Meditari
2246 5464 2297 5506 ut
2325 5456 2401 5517 lii,
2438 5456 2683 5522 prodesse
2709 5465 2760 5506 ut
2788 5454 2862 5505 illi
2890 5454 3150 5520 coyituns.

1941 5688 2017 5759 (d)
2046 5687 2144 5759 ep.
2183 5688 2303 5743 l99.

1946 5756 2007 5827 (ej
2034 5756 2292 5827 lnterrog.
2330 5756 2410 5811 Η.
