4206 6516
736 434 865 472 XVIII

2061 410 2587 467 PROLEGOMENA.

733 538 864 588 Cum
895 548 955 587 ex
992 531 1075 587 his
1114 548 1231 604 quae
1278 531 1589 601 praecedunt
1624 538 1678 583 et
1723 538 2044 599 sequuntur,
2079 542 2187 584 tum
2230 543 2292 580 ex
2328 540 2373 590 Α
2402 528 2720 584 accuratius.
2767 528 2905 581 ldum
2960 528 3248 583 discrimen
3307 530 3625 585 observatur
3674 528 3725 584 in
3766 530 3974 583 oralio-

736 625 979 693 plurihus
1012 625 1131 677 aliis
1159 622 1407 693 Gregorii
1456 621 1590 676 locis
1638 620 2115 677 demonstrandum
2150 621 2302 675 nobis

734 725 817 767 est
852 715 1087 783 ἀζύγους
1130 714 1270 777 illos,
1303 714 1354 769 id
1397 722 1478 766 est
1529 712 1733 767 solutos
1775 723 1828 768 et
1872 710 1978 782 iugi
2030 721 2299 783 expertes,

737 809 1099 861 anachoretas
1134 802 1299 858 fuisse
1326 803 1438 856 sive
1463 801 1709 856 homines
1738 799 2178 869 contemplationi
2208 800 2301 853 de-

741 898 903 960 ditos,
939 895 1176 963 migades
1222 908 1370 957 vero,
1403 904 1616 946 ascetas
1649 893 1700 945 iu
1731 890 1952 959 agendis
2010 893 2170 945 rebus
2210 904 2303 943 oc-

741 994 1007 1054 cupatos:
1038 1001 1135 1040 nec
1169 984 1487 1050 Gregorium
1524 982 1859 1036 deliberasse
1903 988 2081 1033 utrum
2117 995 2305 1034 mona-

744 1075 937 1128 sticam
979 1076 1161 1135 vitam,
1195 1088 1262 1125 an
1314 1072 1603 1127 szeculares
1652 1070 1916 1124 tumultus
1951 1071 2305 1139 amplectere-

745 1176 858 1229 tur,
888 1168 981 1220 sed
1028 1180 1092 1218 ex
1143 1163 1352 1216 duobus
1398 1170 1702 1214 ascetarum
1732 1159 2042 1231 generibus,
2076 1175 2304 1228 quorum

747 1259 841 1313 alii
886 1253 1350 1323 contemplationi,
1406 1254 1493 1307 alii
1539 1253 1741 1309 actioni
1799 1260 1944 1307 t0los
1991 1264 2049 1305 se
2089 1252 2305 1314 dabant,

744 1362 924 1405 utrum
954 1360 1289 1416 sequeretur.

816 1442 960 1495 Luce
997 1441 1196 1495 clarius
1234 1452 1316 1496 est
1364 1438 1597 1507 ἀςύγους
1637 1446 1693 1491 et
1738 1436 1981 1507 migades
2012 1437 2116 1491 duo
2147 1436 2311 1491 fuisse

747 1534 992 1588 instituta
1034 1535 1308 1587 hominum
1342 1534 1449 1585 Deo
1500 1541 1960 1585 consecratorum.
2004 1529 2138 1585 Nam
2186 1547 2309 1585 cum

746 1623 1047 1693 Gregorius
1071 1624 1400 1678 deliberaret
1429 1633 1609 1675 utrum
1633 1623 1879 1692 eligeret,
1904 1622 2014 1692 jam
2047 1633 2313 1677 statuerat

752 1732 872 1773 sese
899 1718 1007 1771 Deo
1045 1728 1389 1782 consecrare,
1424 1724 1481 1768 ut
1514 1730 1582 1770 ex
1616 1716 1699 1771 his
1734 1716 1914 1772 verbis
1952 1716 2181 1785 perspici
2218 1728 2314 1782 po—

753 1821 854 1864 lCSl
884 1826 897 1862 ε

856 1922 1101 1975 Animum
1128 1931 1383 1987 premebat
1410 1936 1527 1971 nam
1557 1936 1726 1987 gravis
1748 1919 1894 1971 turbo
1923 1935 2091 1970 meum

857 1992 993 2045 Dum
1018 2008 1195 2061 qutero
1218 1994 1411 2061 primas
1441 1991 1493 2041 in
1526 1992 1670 2040 bonis
1696 1993 1942 2058 quidnam
1978 1991 2134 2057 lerat.

856 2064 898 2114 Α
940 2059 1094 2114 carne
1127 2064 1322 2113 dudum
1351 2059 1553 2127 longius
1589 2073 1822 2113 recedere

857 2132 1124 2185 Statutum
1156 2130 1423 2188 habebant,
1455 2142 1676 2196 tuncque
1705 2131 1957 2199 [it'utabar
1990 2130 2179 2199 magis.

856 2202 920 2253 At
950 2201 1195 2269 cogitanti
1226 2201 1289 2252 de
1315 2202 1409 2251 viis
1441 2202 1598 2267 grtttis
1632 2200 1761 2259 Deo.

860 2272 1287 2323 Prmtantiorem
1312 2287 1414 2323 non
1447 2280 1560 2323 erat
1588 2282 1879 2337 promptum
1905 2271 2033 2321 milii

859 2340 1116 2409 Reperire.

825 2450 1071 2504 Haerebat
1120 2464 1247 2520 ergo
1285 2449 1578 2519 Gregorius
1622 2464 1728 2501 non
1771 2448 1910 2503 inter
1955 2450 2311 2506 monasticam

756 2554 815 2599 et
844 2542 1156 2598 sarcularetn
1198 2544 1388 2608 vitam,
1421 2541 1514 2596 sed
1554 2542 1694 2595 inter
1728 2542 2167 2595 anachoreticam
2200 2544 2313 2597 sive

764 2633 1240 2699 contemplativam
1282 2643 1337 2686 et
1388 2643 1688 2687 actuosam.
1717 2630 1859 2698 Quos
1908 2632 2049 2687 enim
2080 2632 2318 2703 ἀζύγους

756 2734 935 2788 vocat,
990 2740 1177 2779 eorum
1236 2726 1465 2780 instituti
1520 2726 1762 2794 exempla
1810 2742 1877 2779 ex
1925 2725 2040 2780 Elia
2090 2737 2144 2782 et
2198 2728 2319 2780 ﬁliis

752 2816 995 2873 Jonadab
1019 2826 1074 2871 et
1097 2813 1302 2870 Joanne
1325 2810 1575 2884 Baptista‘
1595 2816 1807 2885 repetit.
1829 2817 2155 2871 Retrahebat
2176 2817 2317 2870 illum

761 2913 828 2964 ab
858 2911 960 2964 hac
991 2909 1101 2963 vita
1136 2908 1435 2962 litterarum
1480 2923 1758 2961 sacrarum
1809 2922 1982 2970 amor,
2015 2908 2206 2975 quibus
2236 2923 2323 2961 ex-

758 3005 1005 3061 colendis
1035 3019 1138 3058 non
1168 3003 1324 3059 valde
1363 3004 1641 3073 appositus
1670 3018 1887 3058 eremus
1915 3022 1927 3056 :
1962 3003 2196 3071 illudque
2229 3004 2313 3056 in-

758 3094 1030 3149 commodi
1072 3095 1124 3149 in
1174 3094 1436 3164 ejusmodi
1468 3094 1776 3148 hominibus
1818 3094 2145 3162 reperiebat,
2176 3094 2319 3163 quod

761 3184 989 3238 multum
1037 3185 1391 3255 sibimetipsis
1437 3185 1775 3255 prodessent,
1833 3193 1889 3237 at
1943 3182 2062 3239 aliis
2122 3198 2321 3252 nequa-

759 3288 943 3342 quam.
981 3272 1106 3327 Haec
1139 3276 1380 3342 profecto
1419 3275 1869 3329 anachoretarum
1904 3284 1960 3328 et
1994 3276 2324 3345 contempla-

765 3365 893 3419 tioni
927 3365 1231 3418 deditorum
1283 3364 1562 3418 hominum
1611 3365 1827 3433 propria
1865 3376 2013 3429 sunt,
2042 3382 2177 3434 quos
2212 3382 2317 3421 nte-

762 3455 871 3509 rito
901 3464 1055 3508 vocat
1085 3453 1340 3523 ἀζύγους,
1373 3466 1431 3508 ιιι
1458 3456 1547 3523 qui
1580 3458 1645 3506 ab
1680 3456 1827 3508 omni
1864 3455 1990 3523 jugo
2026 3456 2198 3517 liberi,
2228 3472 2327 3510 nec

765 3545 888 3600 ullis
910 3560 1125 3616 prorsus
1150 3546 1376 3600 vinculis
1417 3544 1626 3598 astricti
1677 3552 1877 3598 essent.
1914 3544 2066 3610 Quod
2114 3554 2323 3612 spectat

762 3637 831 3690 ad
864 3637 1119 3704 migades.
1148 3637 1260 3691 sive
1301 3650 1398 3689 eos
1430 3635 1521 3704 qui
1556 3650 1677 3688 cum
1720 3635 1840 3689 aliis
1872 3634 2186 3697 miscentur,
2213 3649 2317 3685 non

765 3724 997 3777 dtﬂicilis
1024 3735 1104 3777 est
1144 3726 1536 3791 interpretatio.
1573 3723 1698 3779 lllos
1737 3725 1880 3779 enim
1925 3724 2123 3778 ibidem
2170 3734 2325 3778 vocat

765 3810 1121 3884 πρακτικούς,
1152 3812 1204 3866 id
1235 3823 1317 3865 est
1354 3824 1629 3876 actuosos,
1659 3828 1860 3881 eosque
1889 3813 2178 3881 plurimum
2210 3812 2330 3866 aliis

764 3905 1040 3973 prodesse,
1087 3912 1141 3955 at
1199 3901 1250 3955 in
1302 3903 1509 3970 magnis
1566 3901 1882 3955 tumultibus
1916 3902 2123 3954 versari
2176 3902 2325 3955 dicit.

766 3998 943 4060 Quare
977 3995 1203 4048 mediam
1238 3994 1375 4046 inter
1403 4005 1659 4061 utrosque
1692 3995 1833 4046 viam
1866 4002 2081 4046 secutus
2112 4002 2215 4055 est,
2242 3992 2329 4045 vel

768 4089 948 4158 potius
979 4097 1265 4155 utrumque
1297 4087 1596 4139 institutum
1650 4083 1809 4138 simul
1854 4082 2156 4151 conjunxit,
2185 4092 2243 4135 ut
2275 4091 2331 4135 et

768 4182 1071 4234 litterarum
1111 4193 1387 4233 sacrarum
1438 4177 1631 4232 studiis
1664 4186 1718 4230 et
1748 4175 1989 4231 fovenda:
2035 4184 2325 4243 parentum

767 4273 1062 4325 senectutis
1082 4269 1254 4325 oﬂicio
1281 4268 1637 4325 satisfaceret.

840 4361 995 4431 Saepe
1027 4363 1160 4415 alias
1201 4365 1267 4415 de
1303 4364 1493 4416 iisdem
1526 4362 1827 4429 migadibus
1871 4361 1979 4430 agit
2013 4358 2328 4430 Gregorius,

772 4470 838 4509 ac
870 4454 1069 4524 ubique
1104 4454 1155 4507 in
1204 4469 1321 4508 eam
1366 4470 1526 4524 quam
1571 4454 1808 4507 diximus
1865 4455 2205 4507 sententiam.
2243 4450 2333 4505 Sic

2408 638 2471 677 ne
2498 622 2556 675 2|
2595 638 2606 673 ε
2640 624 2700 674 Οἱ
2750 620 3025 693 μοναδικοὶ
3056 625 3147 675 καὶ
3178 622 3422 693 μιγάδες,
3446 626 3494 675 οἱ
3542 629 3640 696 τῆς
3671 622 3976 691 ἁπλότητος

2406 715 2497 767 καὶ
2538 714 2638 783 τῆς
2684 713 2986 787 ἀκριϐείας,
3016 715 3129 767 ὅσοι
3161 717 3257 786 τῆς
3299 713 3530 783 θεωρίας
3576 718 3668 767 καὶ
3714 717 3831 769 ὅσοι
3876 712 3979 781 τῆς

2408 804 2679 876 πράξεως.
2738 803 2983 859 Solitarii
3020 815 3067 855 et
3101 808 3351 873 migades.
3394 804 3480 874 qui
3510 805 3814 868 simpliciter
3849 803 3981 857 vivi-

2408 897 2495 959 tis,
2525 905 2570 948 et
2601 894 2689 962 qui
2718 905 2995 958 accurate;
3020 895 3107 950 aui
3137 894 3579 965 contemplationi,
3607 904 3653 945 et
3685 896 3773 960 qui
3805 896 3979 947 actio—

2408 986 2463 1039 ni
2490 1003 2581 1039 vos
2616 984 2775 1037 datis.

2480 1077 2603 1132 Haec
2634 1085 2806 1131 autem
2838 1080 3023 1142 verba,
3052 1077 3103 1128 οἱ
3155 1076 3440 1147 μοναδικοι
3482 1078 3574 1130 καὶ
3618 1074 3861 1147 μιγάδες,
3898 1078 3980 1128 sic

2410 1171 2583 1225 reddit
2626 1170 2831 1230 Billius,
2865 1170 3106 1224 monachi
3149 1170 3275 1222 etin
3314 1170 3565 1222 sodalitio
3622 1171 3866 1223 viventes.
3909 1171 3979 1219 At

2408 1262 2658 1333 proiecto
2697 1263 2965 1330 migadum
3015 1261 3228 1315 nomine
3261 1274 3364 1312 non
3402 1259 3651 1327 intelligit
3678 1257 3981 1328 Gregorius

2411 1355 2730 1409 caanobitas.
2772 1352 2903 1406 Natu
2936 1353 3217 1409 ctenobita:
3249 1351 3478 1405 mediam
3513 1351 3657 1404 illam
3699 1353 3839 1405 viam
3891 1350 3975 1402 in-

2414 1453 2497 1497 ter
2532 1448 2884 1499 anachoretas
2936 1453 2991 1497 et
3033 1442 3274 1514 migades
3323 1443 3597 1505 tenebant,
3642 1459 3801 1510 quam
3866 1443 3983 1511 ipse

2413 1533 2705 1604 Gregorius
2733 1536 3059 1606 sequendam
3103 1535 3204 1589 sibi
3240 1548 3359 1588 esse
3398 1534 3573 1588 duxit.
3614 1532 3766 1587 Unde
3796 1534 3848 1587 in
3880 1548 3977 1586 ea-

2415 1626 2534 1679 dem
2568 1628 2813 1682 oratione
2850 1626 2927 1680 ait
2972 1626 3271 1679 ccenobitas
3317 1623 3369 1676 in
3418 1623 3647 1693 Egypto
3675 1622 3833 1675 simul
3858 1637 3985 1676 esse

2415 1719 2667 1772 eremitas
2695 1728 2753 1774 et
2793 1717 3049 1789 migades.
3098 1716 3214 1771 Duo
3261 1716 3403 1772 enim
3447 1715 3731 1786 distinguit
3787 1728 3982 1767 mona-

2418 1810 2640 1863 chorum
2674 1824 2869 1878 genera
2897 1810 2948 1862 in
2986 1805 3276 1861 solitudine
3302 1806 3595 1861 viventium
3623 1824 3637 1859 :
3668 1805 3731 1858 Οί
3757 1803 3856 1876 μὲν
3888 1804 3984 1857 τὸν

2348 1875 2390 1930 Β
2417 1900 2593 1969 πάντη
2629 1875 2909 1970 μοναδικόν
2953 1916 3013 1951 τε
3067 1898 3161 1950 καὶ
3215 1900 3443 1969 ἄμικτον
3473 1894 3811 1975 διαθλοῦντες
3842 1893 3980 1966 βίον,

2415 1996 2624 2057 ἑαυτοῖς
2660 1992 2833 2063 μόνοις
2858 1988 3280 2061 προσλαλοῦντες
3304 1993 3397 2045 καὶ
3419 1990 3496 2061 τῷ
3535 1986 3671 2057 Θεῷ,
3706 1989 3799 2039 καὶ
3824 1986 3987 2040 τοῦτο

2420 2086 2578 2154 μόνον
2615 2084 2816 2155 κόσμον
2858 2081 3073 2147 είδότες,
3105 2083 3227 2134 ὅσον
3271 2082 3328 2134 ὲν
3355 2086 3420 2153 τῇ
3451 2078 3653 2152 ἐρημίᾳ
3680 2076 3983 2147 γνωρίζου-

2419 2190 2522 2228 σιν.
2547 2175 2609 2226 Οἱ
2667 2174 2722 2225 δὲ
2778 2172 2938 2243 νόμον
2985 2170 3204 2239 ἀγάπης
3235 2171 3299 2239 τῇ
3358 2170 3608 2241 κοινωνίᾳ
3638 2166 3982 2238 στέργοντες,

2418 2266 2671 2336 ὲρημικοί
2717 2283 2777 2319 τε
2824 2265 2957 2337 ὁμοῦ
3006 2264 3098 2318 καὶ
3140 2262 3378 2333 μιγάδες.
3426 2262 3660 2325 Quorum
3704 2260 3797 2314 alii
3820 2260 3985 2313 vitam

2415 2371 2629 2424 prcrsus
2664 2356 2978 2423 solitariam,
3012 2366 3058 2410 et
3104 2355 3167 2408 ab
3214 2354 3478 2408 hominum
3516 2353 3761 2405 societate
3808 2367 3986 2405 remo-

2422 2461 2527 2505 tam
2582 2459 2762 2519 agunt,
2825 2451 2904 2501 sui
2956 2450 3190 2515 ipsorum
3248 2457 3451 2500 tantum
3513 2454 3557 2498 et
3592 2442 3689 2496 Dei
3726 2443 3989 2509 colloquio

2425 2543 2672 2610 fruentes,
2721 2552 2873 2607 atque
2924 2540 3057 2591 hanc
3126 2541 3382 2591 duntaxat
3428 2549 3579 2594 terra
3633 2544 3833 2605 partem
3891 2548 3990 2600 pro

2424 2635 2617 2688 mundo
2663 2633 2925 2689 habentes,
2980 2644 3137 2699 quam
3177 2630 3230 2680 in
3268 2629 3550 2682 solitudine
3595 2626 3858 2697 cognitam
3888 2628 3991 2676 Ita-

2427 2727 2561 2779 bent.
2587 2724 2697 2777 Alii
2740 2732 2907 2775 autem
2939 2720 3214 2773 charitatis
3251 2720 3412 2788 legem
3446 2736 3537 2786 per
3578 2717 3993 2771 communionem

2426 2827 2471 2869 et
2512 2817 2810 2867 societatem
2873 2812 3118 2875 colentes,
3170 2808 3397 2863 solitarii
3444 2809 3600 2862 simul
3651 2819 3698 2863 et
3756 2808 3994 2876 migades

2427 2915 2570 2958 sunt.
2605 2905 2736 2957 Illud
2771 2901 2936 2957 etiam
2968 2901 3216 2954 laudatur
3257 2914 3285 2951 a
3315 2898 3580 2968 Gregorio
3605 2898 3678 2969 (a)
3711 2898 3763 2949 in
3804 2909 3990 2948 mona-

2429 2997 2543 3050 chis
2588 2994 2942 3049 Nazianzenis
2970 3008 2985 3047 :
3012 2993 3200 3063 Μέτρα
3248 2991 3349 3060 τῆς
3381 2992 3462 3054 εἰς
3493 2992 3555 3044 τὸ
3600 2988 3773 3042 κοινὸν
3805 2988 3997 3057 ἐπιμι-

2430 3086 2547 3154 ξίας
2573 3089 2667 3141 καὶ
2701 3087 3121 3157 ὑποχωρήσεως,
3154 3084 3249 3154 τῆς
3286 3084 3384 3154 μὲν
3417 3084 3540 3145 τοὺς
3571 3081 3761 3143 ἄλλους
3794 3078 3994 3131 παιδα-

2429 3180 2730 3251 γωγούσης,
2761 3180 2858 3249 τῆς
2890 3178 2945 3230 δὲ
2976 3177 3053 3247 τῷ
3082 3175 3355 3246 Πνεύματι
3391 3170 3872 3245 μυσταγωγούσης,
3902 3171 3998 3225 καὶ

2426 3275 2523 3345 τῆς
2552 3272 2650 3343 μὲν
2695 3274 2752 3325 ὲν
2802 3270 2881 3340 τῷ
2930 3268 3093 3339 κοινῷ
3123 3268 3184 3321 τὸ
3216 3269 3429 3323 ἄκοινον
3476 3264 3866 3336 φυλαττούσης,
3896 3266 3995 3336 τῆς

2427 3364 2484 3417 δὲ
2512 3364 2569 3416 ὲν
2615 3360 2692 3433 τῷ
2738 3361 2951 3432 ἀμίκτῳ
2983 3360 3041 3413 τὸ
3086 3358 3401 3429 φιλάδελφον
3452 3358 3545 3412 καὶ
3594 3356 3994 3430 φιλάνθρωπον.

2432 3458 2620 3513 Modus
2656 3468 2766 3512 tum
2812 3462 2866 3511 in
2913 3473 3183 3511 commune
3211 3455 3522 3525 prodeundi,
3556 3464 3664 3509 tum
3694 3456 3992 3519 secedendi,

2428 3550 2580 3610 illud,
2638 3550 2706 3600 ad
2759 3549 2890 3601 alios
2939 3549 3306 3613 instituendos,
3360 3546 3475 3609 hoc,
3510 3556 3563 3599 ut
3611 3546 3712 3611 ipsi
3766 3545 3995 3614 Spiritus

2428 3636 2686 3705 mysteriis
2710 3637 3035 3701 imbuantur,
3075 3648 3230 3706 atque
3265 3640 3339 3690 ita
3366 3644 3661 3706 utrumque,
3688 3647 3733 3690 et
3769 3638 3822 3689 in
3852 3654 3997 3689 com-

2430 3729 2573 3781 muni
2602 3726 2935 3781 solitudinem
2964 3739 3185 3790 serrent,
3217 3738 3263 3779 et
3302 3729 3356 3780 in
3385 3728 3669 3780 solitudine
3709 3727 3997 3793 fraternam

2434 3819 2838 3872 benevolentiam
2881 3826 2927 3870 et
2982 3818 3312 3870 charitatem.
3370 3817 3623 3883 Quamvis
3657 3830 3785 3884 ergo
3825 3817 3998 3885 miga-

2435 3911 2529 3963 des
2553 3911 2713 3963 iidem
2748 3910 3017 3963 interdum
3054 3910 3164 3962 sint
3212 3910 3351 3977 apud
3387 3906 3669 3961 nonnullos
3705 3905 3999 3975 scriptores

2432 4016 2496 4055 ac
2526 4002 2830 4065 cmnobitaa,
2863 4011 2916 4054 at
2945 4010 3092 4055 certe
3124 4000 3383 4069 Gregorio
3411 4015 3515 4053 non
3547 4008 3724 4069 potest
3766 3998 3878 4052 haec
3912 3998 3997 4050 in-

2434 4091 2745 4157 terpretatio
2775 4089 2976 4158 alﬁngi,
3010 4092 3097 4159 qui
3126 4090 3177 4143 in
3209 4091 3491 4144 cmuobitis
3526 4090 3796 4156 migadum
3828 4090 3993 4143 vitam

2433 4196 2553 4235 cum
2612 4182 3065 4236 anachoretarum
3124 4182 3371 4235 instituto
3447 4180 3697 4249 conjungi
3759 4180 3996 4235 volebat.

2433 4273 2572 4338 Quin
2623 4274 2785 4326 etiam
2824 4272 3117 4325 Maximum
3172 4273 3570 4342 philosophum,
3612 4272 3703 4340 qui
3752 4272 3997 4341 proiecto

2436 4365 2703 4419 coenobita
2733 4379 2836 4418 non
2871 4375 3008 4429 erat,
3039 4364 3131 4418 sed
3165 4366 3342 4438 potius
3372 4379 3495 4419 erro
3524 4363 3740 4431 quidam
3768 4370 3821 4417 et
3849 4360 3996 4431 fugi-

2436 4457 2596 4522 tivus,
2629 4456 2767 4509 inter
2785 4456 3023 4524 migades
3050 4466 3296 4508 numerat
3319 4455 3414 4523 (ὁ).
3446 4453 3595 4507 Hunc
3616 4453 3759 4507 enim
3789 4454 4020 4522 laudat,

769 4546 1007 4614 loquitur
1039 4545 1091 4599 in
1126 4544 1373 4598 oratione
1413 4544 1438 4596 1
1469 4560 1484 4597 :
1512 4543 1630 4596 Κᾶν
1671 4544 1752 4595 ἔτι
1788 4544 2026 4613 ἀκριϐῶς
2051 4544 2327 4614 ὲεετάσῃς,
2361 4561 2406 4616 υ

2361 4561 2406 4616 υ
2436 4548 2574 4617 quod
2612 4547 2673 4599 τὸ
2703 4547 3017 4599 κοινωνικὸν
3045 4549 3139 4600 καὶ
3178 4546 3484 4615 ἐπίμικτον,
3511 4545 3829 4609 institutum,
3860 4548 3996 4612 quod

765 4638 891 4690 ὅσον
921 4636 982 4688 τὸ
1013 4635 1172 4706 μέσον
1196 4634 1303 4689 τῶν
1331 4636 1387 4688 ὲν
1414 4634 1692 4703 συζυγίαις
1719 4634 1852 4704 πρὸς
1877 4636 2003 4698 τοὺς
2050 4636 2332 4703 ἁγάμους;

767 4727 888 4782 Κᾶν
922 4726 1132 4791 τούτοις
1172 4725 1352 4789 πάλιν,
1378 4726 1483 4779 τῶν
1515 4727 1614 4796 τῆς
1645 4728 1876 4798 ἐρημίας
1902 4726 2034 4797 πρὸς
2068 4729 2193 4791 τοὺς
2218 4746 2332 4782 κοι-

767 4820 1027 4882 νωνικοὺς
1059 4820 1153 4871 καὶ
1191 4818 1417 4889 μιγάδας
1438 4836 1452 4848 ·
1477 4818 1584 4871 τῶν
1610 4819 1990 4889 ὲξητασμὲνων
2032 4820 2125 4871 καὶ
2154 4821 2333 4873 διαδε-

770 4912 1014 4983 δηκότων
1046 4912 1103 4962 ὲν
1139 4910 1359 4981 Θεωρία,
1400 4910 1534 4981 πρὸς
1581 4914 1707 4974 τοὺς
1741 4910 1927 4976 ἁπλῶς
1976 4913 2333 4966 κατευθύνον-

768 5020 888 5068 τας.
928 5004 1078 5069 Quod
1105 5004 1149 5056 si
1186 5006 1484 5057 accuratius
1516 5020 1622 5056 rem
1644 5006 1929 5071 expendas,
1960 5015 2217 5072 quantum
2247 5009 2330 5059 in—

771 5095 1045 5149 tervallum
1078 5095 1212 5146 inter
1251 5093 1558 5163 conjugatos
1587 5105 1634 5147 et
1656 5094 1900 5149 caelibes?
1932 5094 2014 5147 Ea:
2038 5094 2118 5147 his
2151 5112 2333 5150 rursus

768 5197 1027 5257 quantum
1048 5188 1181 5240 inter
1202 5200 1287 5238 eos
1322 5186 1410 5254 qui
1437 5190 1491 5238 in
1512 5201 1684 5238 eremo
1724 5196 2019 5251 versantur,
2052 5197 2098 5239 et
2130 5203 2215 5240 eos
2242 5188 2332 5256 qui

768 5294 1069 5332 communes
1108 5287 1223 5332 sunt
1264 5293 1325 5330 ac
1370 5278 1638 5346 migades:
1688 5278 1821 5330 inter
1844 5293 1930 5330 eos
1960 5280 2047 5347 qui
2086 5290 2334 5331 accurate

770 5372 963 5439 degunt
997 5381 1044 5423 et
1084 5371 1137 5424 in
1185 5369 1617 5439 contemplatione
1657 5369 2005 5437 profecerunt,
2034 5379 2082 5423 et
2128 5387 2214 5424 eos
2243 5373 2331 5440 qui

771 5464 1077 5532 simpliciter
1104 5475 1297 5517 rectam
1335 5463 1473 5515 viam
1512 5460 1716 5514 ineunt.
1759 5459 1996 5526 Migades
2032 5475 2159 5531 ergo
2190 5462 2331 5515 inter

771 5554 992 5609 caelibes
1024 5564 1079 5608 et
1128 5552 1468 5609 continentes
1505 5559 1877 5615 recensentur,
1914 5565 2020 5605 non
2064 5566 2222 5607 secus
2266 5568 2331 5606 ac

773 5644 872 5715 ipsi
909 5645 1285 5709 anachoreta;
1323 5643 1415 5699 sed
1460 5642 1617 5712 primi
1650 5641 1947 5711 simplicius
1996 5643 2199 5711 vivunt,
2237 5645 2323 5700 isti

847 5762 923 5830 (a)
957 5760 1048 5816 Or.
1091 5760 1177 5814 η.

845 5832 919 5903 (ὁ)
958 5832 1050 5886 0r.
1080 5832 1168 5885 9.3.
1210 5875 1221 5885 .

2420 4641 2743 4693 °societatem
2782 4640 2903 4692 colit
2955 4652 3000 4693 et
3029 4639 3388 4707 permiscetur,
3416 4638 3705 4694 eremiticar.
3735 4648 3788 4693 et
3812 4639 4000 4693 solita«

2440 4735 2531 4785 rize
2570 4733 2689 4785 vitae
2717 4733 3029 4801 praetulerit.

2512 4826 2570 4879 γ.
2610 4824 2732 4879 Haec
2774 4825 3012 4894 pluribus
3049 4822 3324 4877 referenda
3370 4822 3653 4890 duximus,
3711 4831 3767 4876 ut
3818 4833 3873 4877 et
3930 4826 3997 4880 de

2439 4916 2693 4986 Gregorio
2724 4928 2778 4970 et
2816 4917 2881 4971 de
2911 4916 3104 4969 Basilio
3134 4915 3416 4981 sciremus,
3444 4915 3710 4985 quodnam
3746 4914 3868 4968 vitae
3899 4931 3994 4985 ge-

2440 5022 2538 5061 nus
2570 5007 2706 5060 alter
2734 5006 2972 5077 elegerit,
3010 5005 3142 5058 alter
3184 5006 3235 5058 in
3270 5005 3621 5060 monasteriis
3644 5005 3757 5058 suis
3791 5007 3995 5059 consti-

2438 5096 2621 5149 tuerit.
2648 5094 2779 5148 Nam
2816 5097 3041 5149 medium
3078 5092 3201 5147 illud
3233 5094 3372 5147 inter
3405 5092 3757 5147 anachoretas
3803 5102 3859 5147 et
3893 5095 3988 5146 tui-

2438 5189 2600 5257 gades
2628 5188 2948 5252 institutum,
2972 5187 3110 5255 quod
3134 5185 3424 5256 Gregorius
3450 5185 3582 5239 tanti
3610 5184 3862 5252 faciebat,
3885 5187 3996 5255 ipse

2438 5280 2598 5331 etiam
2651 5278 2879 5332 Basilius
2922 5279 2972 5330 in
3020 5278 3359 5331 monasteriis
3402 5278 3515 5330 suis
3566 5276 3813 5331 instituit.
3883 5276 3995 5331 Non

2438 5370 2579 5423 enim
2616 5370 2757 5423 hanc
2789 5369 2964 5422 Basilii
2993 5367 3203 5421 laudem
3236 5368 3575 5436 prmtermisit
3604 5368 3917 5438 Gregorius,
3938 5378 3997 5421 ut

2440 5476 2505 5514 ex
2541 5461 2623 5514 his
2656 5461 2831 5515 verbis
2861 5460 3208 5528 perspicimus
3231 5459 3301 5525 (ε)
3338 5459 3483 5511 εΤοῦ
3507 5460 3682 5512 τοίνυν
3730 5458 3993 5530 ὲρημικοῦ

2432 5551 2548 5621 βίου
2591 5551 2805 5605 καὶτοῦ
2843 5552 3061 5623 μιγάδος
3093 5552 3411 5621 μαχομένων
3447 5551 3579 5621 πρὸς
3624 5550 3881 5621 ἀλλήλους
3920 5550 3992 5612 ὡς

2431 5646 2497 5697 sit
2527 5644 2695 5696 πολλὰ
2741 5646 2831 5696 καὶ
2865 5643 3235 5712 διϊσταμένων,
3272 5644 3363 5695 καὶ
3395 5642 3672 5713 οὐδετέρου
3707 5641 3919 5704 πάντως
3957 5642 3987 5711 ἢ

2516 5762 2581 5834 (ι’)
2624 5762 2771 5817 Orat.
2809 5763 2895 5814 2i}.
