4206 6486
1532 412 1690 467 VITA
1732 415 1788 468 S.
1832 414 2096 471 BASILII.
3326 427 3416 470 xxx

205 530 259 587 ab
282 526 455 595 καλὸν,
482 528 516 598 ἦ
539 527 601 582 οδ
630 528 841 599 φαῦλον
865 528 1212 601 ἀνεπίμικτον
1238 530 1447 600 ἔχοντος
1465 547 1477 560 ο
1508 530 1641 586 ἀλλὰ
1665 531 1758 584 τοῦ
1790 538 1834 594 Α
1863 559 1866 576 ‹

1790 538 1834 594 Α
1863 532 2155 587 eremiticze
2172 531 2293 586 vita:
2321 530 2631 586 commoda:
2656 529 2875 585 arcebat
2915 528 3249 584 incommoda
3275 528 3425 585 Basi-

208 621 295 692 μιν
336 618 557 689 ἡσυχίου
611 620 723 689 μὲν
754 620 903 682 ὄντος
948 618 1162 689 μᾶλλον,
1211 620 1306 673 καὶ
1342 619 1755 689 καθεστηκότος,

204 712 289 767 καὶ
326 710 447 781 Θεῷ
477 711 829 779 συνάγοντος·
854 711 952 764 οὐκ
971 710 1172 780 ἀτύφου
1189 711 1243 763 δὲ
1266 710 1352 763 διὰ
1369 711 1429 763 τὸ
1443 712 1539 780 τῆς
1557 710 1759 782 ἀρετῆς

203 802 541 855 ὰῦασάνιστον
570 802 671 854 καὶ
704 802 1032 873 ἀσύγκριτον
1057 818 1070 829 ·
1106 802 1199 855 τοῦ
1227 802 1282 854 δὲ
1316 801 1758 872 πρακτικωτέρου

205 896 291 965 μὲν
314 893 508 965 μᾶλλον
537 896 637 947 καὶ
664 896 1096 967 χρησιμωτέρου,
1114 895 1173 948 τὸ
1200 894 1501 967 θορυϐῶδες
1531 896 1592 947 ού
1626 895 1759 964 φεύ-

202 1003 390 1053 γοντες,
423 986 518 1038 καὶ
546 986 779 1050 τούτους
803 988 999 1057 ἄριστα.
1033 986 1361 1056 κατήλλαξεν
1392 986 1640 1056 ἀλλήλοις
1666 986 1761 1039 καὶ

201 1074 544 1147 συνεκέρασεν
562 1090 578 1105 ο
627 1077 937 1147 ἀσκητήρια
967 1076 1060 1129 καὶ
1089 1077 1419 1146 μοναστήρια
1442 1075 1761 1145 δειμάμενος

201 1166 310 1234 μὲν,
343 1166 399 1217 ού
426 1166 625 1237 πόρρω
652 1166 711 1218 δὲ
734 1167 841 1221 τῶν
870 1167 1197 1221 κοινωνικῶν
1225 1167 1319 1220 καὶ
1347 1167 1609 1237 μιγάδων,
1640 1166 1760 1220 οὐδὲ

198 1251 370 1323 ὦσπρ
383 1255 571 1324 τειχίῳ
595 1256 709 1309 τινὶ
740 1257 887 1326 μέσῳ
910 1256 1077 1309 ταῦτα
1105 1256 1393 1322 διαλαὸὼν,
1424 1258 1519 1309 καὶ
1548 1257 1641 1309 ἀπ’
1664 1256 1761 1310 άλ-

198 1344 657 1423 λήλωνιχωρίσας,
696 1347 833 1400 ἀλλὰ
877 1347 1100 1416 πλησίον
1134 1346 1375 1415 συνάψας
1422 1348 1513 1400 καὶ
1545 1346 1761 1412 διαζεύο

200 1436 287 1502 ξας
306 1452 321 1467 ·
356 1437 440 1489 ἵνα
471 1439 615 1507 μήτε
647 1438 710 1491 τὸ
743 1439 1024 1507 φιλόσοφον
1056 1437 1412 1507 ἀκοινώνητον
1433 1435 1493 1509 ᾖ,
1537 1440 1672 1510 μήτε
1701 1440 1763 1491 τὸ

200 1527 481 1596 πρακτικὸν
504 1528 864 1598 ἀφιλόσοφον.
906 1529 1034 1581 Cum
1074 1529 1237 1597 igitur
1267 1528 1505 1581 solitaria
1548 1530 1677 1595 uita,
1716 1540 1763 1583 et

198 1632 252 1668 ea
275 1632 387 1684 qua
416 1619 674 1671 societate
711 1618 922 1687 gaudet,
951 1626 1008 1669 ut
1046 1617 1327 1685 plurimum
1365 1618 1500 1670 inter
1527 1633 1580 1670 se
1604 1618 1764 1671 dissi-

198 1708 386 1773 derent,
424 1725 487 1761 ac
526 1719 826 1778 pugnarent
858 1724 876 1762 :
916 1719 1199 1779 neutraque
1236 1710 1465 1772 omnino,
1500 1710 1578 1763 uel
1624 1726 1765 1763 com-

201 1801 364 1865 ntoda,
406 1801 484 1854 uel
512 1801 853 1855 incommoda
883 1817 979 1855 sua
1004 1818 1137 1869 pura
1177 1811 1227 1856 et
1260 1803 1489 1855 immista
1520 1802 1763 1865 haberet;

1860 624 1917 678 lii
1945 639 2072 679 cura
2097 623 2151 677 in
2175 624 2256 678 eis
2286 622 2620 687 erudiendis;
2645 620 2800 690 cujus
2829 620 2907 675 rei
2933 619 3248 689 praeclarum
3284 619 3425 674 indi-

1860 714 1999 769 cium
2022 722 2105 768 est
2126 713 2351 783 epistola
2384 722 2595 777 octava,
2626 728 2785 782 quam
2815 712 3085 781 paulisper
3107 712 3297 767 abesse
3330 727 3423 769 eo-

1861 817 2014 861 actus
2051 806 2286 873 scripsit,
2323 814 2383 858 ut
2415 818 2509 857 eos
2532 806 2597 857 ad
2632 804 2950 857 evertendas
2978 804 3298 859 Arianorum
3332 819 3421 857 ar-

1860 895 2035 965 gutias
2058 894 2433 949 communiret.
2479 894 2706 947 Dubium
2752 908 2855 947 non
2897 902 2980 947 est
3025 894 3153 961 quin
3192 895 3321 949 socii
3365 903 3423 948 et

1860 986 2158 1041 imitatores
2193 984 2376 1038 Basilii
2409 984 2608 1038 l‘uerint
2652 997 2774 1038 cum
2822 984 2875 1037 in
2917 984 3020 1037 ﬁde
3066 982 3423 1047 defendenda,

1863 1087 1973 1131 tum
1999 1077 2051 1131 in
2085 1075 2205 1130 aliis
2224 1075 2407 1139 rebus,
2432 1090 2566 1143 quas
2602 1074 2853 1129 Ecclesia:
2877 1089 3039 1128 causa
3068 1075 3233 1143 gessit
3256 1075 3307 1127 in
3338 1088 3425 1129 so—

1862 1170 2111 1223 litudine.
2153 1167 2313 1221 Certe
2346 1180 2449 1219 non
2476 1164 2612 1219 alios
2636 1166 2904 1231 designat,
2935 1180 3055 1218 cum
3082 1164 3159 1216 ait
3190 1164 3243 1217 in
3261 1164 3420 1233 epist.

1861 1260 1952 1324 5i,
1977 1275 2029 1313 n.
2054 1259 2109 1322 2,
2146 1272 2203 1313 se
2232 1272 2352 1313 cum
2385 1256 2566 1310 multis
2604 1255 2656 1309 in
2697 1256 2864 1324 patria
2901 1255 3070 1309 Deum
3109 1256 3418 1310 timentibus

1862 1350 2213 1406 insolabiliter
2246 1348 2498 1415 doluisse,
2552 1348 2694 1416 quod
2742 1347 2958 1401 Dianius
3000 1346 3244 1400 formulae
3290 1344 3425 1400 Con-

1862 1442 2208 1511 stantinopoli
2259 1440 2430 1495 allatae
2477 1438 2909 1507 subscripsisset.
2937 1439 3115 1508 Atque
3155 1437 3273 1492 haec
3307 1437 3426 1507 qui-

1864 1531 1988 1592 dem
2012 1537 2077 1589 de
2099 1534 2294 1589 Basilio
2326 1533 2547 1602 ejusque
2569 1530 2864 1600 discipulis.

1934 1627 2002 1680 At
2024 1625 2163 1680 forte
2193 1624 2259 1679 de
2292 1622 2553 1693 Gregorio
2582 1621 2817 1675 dubitari
2851 1618 3043 1689 possit,
3066 1626 3243 1672 utrum
3274 1632 3333 1672 se
3366 1617 3419 1671 in

1864 1717 2249 1772 monasterium
2288 1714 2571 1781 receperit.
2626 1712 2819 1765 Verum
2866 1710 3079 1766 etiamsi
3133 1710 3424 1765 asceticnm

1866 1808 2164 1862 institutum
2200 1806 2253 1860 in
2285 1805 2523 1876 paternis
2556 1804 2760 1859 adibus
2803 1801 3147 1866 excoluisset,
3195 1802 3326 1857 nihil
3374 1802 3425 1855 id

200 1905 360 1943 rerum
386 1890 479 1944 illa
504 1892 683 1962 magis
704 1893 909 1958 quidem
940 1892 1225 1962 tranquilla
1264 1900 1310 1945 et
1352 1895 1638 1962 composita
1683 1908 1763 1947 es-
1794 1881 1837 1934 Β
1866 1900 1931 1953 de
1960 1899 2076 1965 ejus
2112 1908 2359 1952 votorum
2392 1897 2747 1966 perpetuitate
2770 1895 3101 1959 detraheret,
3133 1908 3232 1949 nec
3262 1894 3424 1949 idcir-

196 1991 288 2047 set,
326 1999 385 2036 ac
406 1982 517 2037 Deo
548 1984 760 2037 animos
782 1982 1045 2053 copularet
1074 1999 1093 2037 :
1125 1993 1369 2037 ceterum
1400 1986 1463 2037 ob
1486 2001 1601 2038 eam
1631 2000 1761 2037 cau-

198 2090 298 2126 sam
323 2073 465 2141 [astu
495 2090 606 2129 non
639 2085 872 2139 careret,
903 2076 1039 2145 quod
1065 2076 1226 2129 virtus
1251 2092 1352 2129 non
1379 2076 1761 2144 exploraretur,

197 2182 280 2218 nec
306 2167 359 2219 in
386 2168 848 2235 comparationem
875 2167 1069 2222 veniret
1088 2183 1107 2230 ,'
1128 2168 1238 2221 hac
1255 2179 1427 2222 autem
1450 2169 1618 2237 magis
1644 2167 1763 2237 qui-

195 2256 304 2313 dem
333 2268 567 2313 actuosa
599 2268 647 2313 et
684 2258 834 2312 utilis
855 2267 1009 2322 esset,
1046 2275 1220 2312 verum
1258 2276 1291 2313 a
1326 2260 1634 2314 tumultibus
1662 2263 1763 2315 mi-

197 2369 285 2406 nus
300 2351 465 2407 libera
490 2370 509 2406 :
537 2353 801 2421 praeclare
827 2365 915 2405 eas
946 2351 1069 2404 inter
1110 2368 1163 2404 se
1186 2352 1535 2406 reconciliavit
1569 2370 1631 2407 ac
1648 2370 1764 2419 per-

197 2447 413 2509 miscuit,
436 2446 661 2516 pietatis
686 2446 934 2499 nimirum
953 2446 1221 2516 gymnasia
1247 2453 1294 2497 et
1320 2444 1636 2497 monasteria
1667 2459 1760 2497 ex-

204 2552 421 2606 struens,
450 2557 569 2594 non
592 2550 764 2594 tamen
789 2540 938 2604 longe
964 2539 1313 2607 discrepantia
1339 2539 1404 2593 ab
1428 2540 1499 2593 iis
1527 2556 1642 2607 qua:
1668 2555 1757 2593 so-

197 2633 424 2686 cietatem
473 2630 686 2695 colunt,
730 2642 781 2685 et
822 2631 1227 2697 permiscentur;
1281 2646 1372 2684 nec
1433 2636 1571 2683 velut
1613 2645 1760 2683 muro

197 2725 425 2791 quopiam
462 2722 744 2793 interjecto
780 2723 890 2777 haec
922 2724 1159 2777 instituta
1193 2724 1521 2791 distinguens
1555 2730 1760 2791 atquea

198 2816 473 2870 uincirent
510 2830 783 2883 separaris,
811 2830 988 2867 verum
1015 2830 1171 2883 prope
1196 2813 1512 2881 conjungens
1542 2829 1604 2865 ac
1629 2812 1761 2864 diri-

198 2923 328 2961 utens
364 2924 383 2961 :
421 2917 479 2961 ut
525 2922 620 2960 nec
648 2906 1012 2974 contemplatio
1055 2906 1534 2959 communicationis
1572 2918 1758 2971 expers

197 3009 335 3059 esset,
390 3013 485 3050 nec
534 2996 675 3049 actio
728 2996 1155 3064 contemplatione
1207 3006 1425 3051 careret.
1476 2993 1761 3048 Existimat

203 3087 580 3143 'I'illemontius
614 3090 1058 3143 anaclioretarum
1086 3088 1227 3143 aedes
1253 3102 1424 3157 prope
1445 3086 1693 3142 cinnobia
1727 3102 1755 3140 a

200 3176 384 3233 Basilio
426 3179 608 3234 fuisse
652 3189 972 3234 exstructas.
1034 3178 1088 3232 In
1133 3194 1239 3246 quo
1288 3180 1502 3248 quidem
1552 3178 1759 3247 decepit

199 3281 309 3319 eum
339 3266 493 3321 Billii
514 3268 911 3336 interpretatio,
958 3268 1047 3335 qui
1096 3267 1182 3323 hic
1213 3283 1423 3337 quoque
1459 3269 1758 3323 cmuobitas

202 3358 471 3426 migadum
540 3358 756 3411 nomine
810 3358 1087 3413 intellexit.
1157 3357 1249 3412 Sic
1275 3359 1417 3411 enim
1479 3358 1754 3411 reddidit:

204 3445 416 3500 Pietatis
452 3447 701 3499 nimirum
726 3448 997 3517 gymnasia
1033 3456 1081 3501 et
1114 3448 1427 3500 monasteria
1462 3457 1753 3510 exstruens,

202 3546 494 3590 nontamen
528 3536 681 3607 longo
708 3536 976 3591 intervallo
1000 3536 1064 3589 ab
1097 3538 1159 3589 iis
1197 3538 1285 3606 qui
1317 3537 1370 3590 in
1408 3538 1648 3589 sodalitio
1683 3539 1757 3590 vi-

200 3636 330 3683 tiant.
357 3627 656 3683 Befellitur
680 3629 797 3682 haec
832 3627 1196 3696 interpretatio
1218 3642 1285 3681 ex
1323 3636 1429 3681 tota
1466 3626 1645 3681 Basilii
1674 3627 1757 3681 hi-

209 3720 389 3785 storia,
432 3733 595 3788 quem
621 3718 906 3773 coenobitis
928 3718 1203 3785 praefuisse
1228 3728 1457 3783 constat,
1497 3733 1601 3771 non
1627 3732 1758 3771 ana-

204 3810 433 3866 ch’oretis
481 3824 649 3879 prope
684 3809 981 3865 coenobitas
1017 3810 1338 3864 constitutis.
1381 3808 1582 3863 Deinde
1630 3824 1758 3863 vero

208 3903 471 3973 migadum
508 3901 729 3957 nomine
762 3917 867 3957 non
894 3902 1193 3968 cmnobitae,
1228 3901 1321 3956 sed
1358 3911 1555 3955 ascetae
1587 3904 1755 3956 actio-

205 3995 251 4046 ni
281 3993 469 4059 dediti,
496 4002 558 4047 ut
586 3994 639 4046 in
664 3993 1027 4062 superioribus
1057 3993 1209 4058 locis,
1232 3993 1579 4060 designantur
1610 4011 1624 4047 :
1660 4006 1759 4048 nec

206 4084 557 4138 anaehoretas
578 4083 809 4138 Basilius
842 4097 1011 4153 prope
1032 4084 1271 4154 migades
1301 4085 1577 4139 constituit
1612 4104 1625 4139 :
1663 4086 1757 4140 sed

205 4182 487 4242 utrumque
512 4174 814 4227 institutum
847 4174 991 4228 nullo
1020 4189 1239 4244 prorsus
1262 4190 1415 4229 muro
1436 4176 1756 4246 diremptum

206 4279 315 4320 esse
342 4267 535 4330 voluit,
574 4267 757 4337 sicque
791 4276 1093 4335 utrumque,
1116 4266 1374 4321 ctenobiis
1398 4269 1756 4333 exstruendis,

206 4356 505 4425 conjunxit,
555 4367 615 4408 ut
652 4369 754 4410 nec
781 4356 1226 4409 anachoretarum
1256 4355 1467 4409 deesset
1506 4356 1755 4421 solitudo,

207 4459 299 4499 nec
354 4444 642 4513 migailum-
682 4444 921 4499 ofllciosa
988 4443 1242 4509 Charitas,
1301 4446 1594 4514 primorum
1662 4461 1758 4499 au-

1863 2005 1928 2045 co
1957 1990 2129 2043 videri
2162 1989 2401 2052 deberet,
2437 1997 2531 2042 aut
2568 1987 2910 2043 continentiae
2950 1985 3280 2054 professione
3329 1984 3424 2039 ob-

1864 2083 2083 2137 strictus
2123 2096 2228 2136 non
2266 2080 2453 2144 fuisse,
2491 2088 2581 2133 aut
2617 2095 2722 2133 non
2761 2092 2819 2133 se
2853 2077 3103 2132 omnibus
3136 2076 3294 2130 rebus
3328 2089 3426 2144 pro

1862 2176 2079 2231 Christo
2120 2174 2370 2228 nudasse.
2418 2172 2558 2239 Quot
2602 2172 2745 2227 enim
2787 2170 2958 2226 tribus
2998 2168 3186 2239 primis
3216 2165 3426 2222 saculis

1861 2264 2122 2333 ejusmodi
2154 2266 2314 2317 vitam
2344 2272 2470 2317 ante
2498 2270 2771 2317 exstructa
2810 2260 3135 2315 monasteria
3178 2266 3423 2327 egerunt,

1862 2361 1929 2412 de
1981 2358 2174 2426 quibus
2213 2366 2393 2411 tamen
2427 2355 2531 2409 dici
2567 2370 2672 2409 non
2714 2362 2891 2423 potest
2929 2351 3071 2422 quod
3110 2352 3177 2406 de
3205 2350 3422 2416 Basilio,

1861 2447 2143 2517 Gregorio,
2179 2445 2384 2501 Joanne
2429 2446 2819 2515 Chrysos’temo
2863 2452 2917 2498 et
2962 2442 3081 2498 aliis
3113 2442 3425 2512 pronuntiat

1862 2536 2267 2600 Thomassinus,
2315 2538 2459 2591 nulla
2515 2552 2609 2591 eos
2654 2537 2764 2590 voti
2808 2535 3130 2591 necessitate
3175 2535 3427 2589 astrictos

1861 2628 2070 2682 fuisse?
2108 2627 2239 2693 Quis
2265 2627 2471 2681 dubitet
2497 2626 2625 2696 quin
2652 2625 2710 2681 S.
2741 2623 3041 2695 Cyprianus
3070 2630 3327 2694 perpetuo
3347 2638 3426 2679 se-

1860 2732 1918 2773 se
1960 2717 2274 2789 obligaverit
2316 2726 2462 2783 voto,
2508 2733 2627 2772 cum
2654 2718 2795 2771 bona
2828 2731 2924 2771 sua
2964 2715 3286 2786 pauperibus
3316 2715 3425 2769 dis-

1861 2810 2070 2873 tribuit,
2119 2825 2183 2864 ac
2214 2810 2598 2865 continentiam
2647 2809 2818 2863 adhuc
2849 2809 3268 2863 catechumenus
3307 2821 3426 2859 am-

1859 2902 2051 2971 plexus
2083 2901 2203 2956 est?
2230 2900 2453 2955 Miratur
2483 2900 2703 2955 Pontius
2729 2910 2932 2954 tantum
2958 2900 3009 2953 in
3037 2898 3426 2953 catecltumeno

1858 2990 2142 3047 fervorem.
2174 2990 2320 3045 Inter
2348 2991 2471 3059 ﬁdei
2501 3008 2631 3057 sum,
2678 2990 2869 3061 inquit,
2915 2992 3085 3059 prima
3125 2990 3422 3042 rudimenta

1859 3083 1988 3137 nihil
2015 3083 2161 3136 aliud
2193 3085 2413 3137 credidit
2457 3082 2566 3137 Deo
2594 3085 2832 3153 dignum,
2864 3098 3022 3151 quam
3069 3081 3114 3135 si
3160 3080 3426 3134 continen-

1786 3212 1826 3266 ϐ
1862 3177 1989 3227 tiam
2031 3182 2323 3227 tueretur...
2363 3172 2495 3239 Quis
2528 3190 2755 3243 unquam
2793 3174 2929 3227 tanti
2972 3173 3213 3225 miraculi
3243 3171 3425 3224 memi-

1862 3262 1977 3314 nit?
2026 3261 2206 3331 Inepta
2238 3277 2459 3331 prorsus
2507 3272 2563 3316 et
2604 3264 2833 3316 absurda
2873 3261 3121 3315 laudandi
3174 3261 3331 3326 ratio,
3376 3260 3419 3314 si

1860 3353 2240 3407 continentiam
2263 3353 2568 3423 Cyprianus
2590 3363 2900 3422 perpetuam
2926 3366 3031 3405 non
3060 3363 3298 3416 voverat,
3327 3351 3421 3406 sed

1860 3443 1924 3495 ad
1951 3453 2158 3510 tempus
2178 3443 2403 3497 colebat.
2435 3443 2612 3509 Quare
2637 3443 2851 3498 etiamsi
2897 3442 3212 3513 Gregorium
3240 3458 3424 3497 mona-

1860 3533 2021 3587 steria
2061 3548 2167 3587 non
2211 3534 2543 3597 habuissent,
2587 3549 2692 3588 non
2720 3533 2941 3607 idcirco
2990 3546 3240 3600 magnum
3292 3532 3422 3587 illud

1858 3632 2234 3677 ornamentum
2267 3625 2567 3678 monastico
2605 3624 2849 3679 instituto
2890 3623 3027 3693 eripi
3065 3633 3264 3693 posset.
3316 3624 3422 3679 Sed

1860 3724 2039 3768 tamen
2074 3714 2288 3783 probari
2322 3724 2494 3784 potest
2536 3729 2659 3769 eum
2705 3731 2810 3771 non
2842 3715 3119 3770 minimam
3145 3717 3268 3770 vitae
3296 3728 3423 3784 par-

1872 3812 1982 3859 tem
2024 3806 2075 3859 in
2104 3806 2426 3860 monasterio
2452 3806 2769 3861 traduxisse.
2794 3806 2848 3860 In
2877 3807 3202 3862 monasterio
3236 3806 3417 3861 Basilii

1857 3904 2218 3951 commoratus
2272 3904 2355 3950 est
2414 3894 2723 3964 aliquandiu
2782 3907 3069 3965 antequam
3138 3898 3420 3967 presbyter

1858 3997 2156 4050 crearetur,
2194 3996 2250 4041 et
2291 3986 2502 4055 qualem
2548 3989 2619 4042 ibi
2664 3989 2829 4042 vitam
2849 3998 3039 4055 egerat,
3070 3990 3283 4057 egregie
3314 3988 3411 4041 de-

1857 4078 2045 4134 scribit
2071 4078 2123 4131 in
2147 4092 2231 4145 ep.
2254 4076 2288 4131 8
2320 4088 2371 4132 et
2400 4078 2452 4133 9.
2480 4078 2633 4134 Unde
2670 4092 2774 4132 n0n
2807 4079 3074 4131 immerito
3100 4078 3330 4132 Basilius
3355 4077 3408 4130 in

1858 4167 2014 4237 epist.
2041 4166 2169 4231 223,
2193 4183 2248 4221 n.
2283 4166 2337 4234 5,
2371 4176 2595 4221 testatur
2633 4182 2812 4222 secum
2850 4168 2901 4220 in
2930 4168 3254 4221 monasterio
3282 4166 3415 4221 Gre-

1858 4259 2065 4325 gorium
2117 4258 2257 4313 idem
2295 4258 2418 4312 vita:
2458 4259 2759 4312 institutum
2804 4266 3045 4311 secutum
3089 4272 3227 4311 esse.
3265 4256 3420 4326 Fugit

1857 4348 2148 4417 Gregorius
2195 4349 2246 4403 in
2292 4350 2534 4405 eamdem
2572 4348 2909 4402 solitudinem
2947 4350 3225 4418 presbyter
3258 4362 3411 4401 crea-

1860 4448 1961 4493 tus.
2000 4438 2148 4492 llaud
2173 4439 2283 4493 scio
2313 4454 2379 4492 an
2403 4442 2455 4493 in
2489 4439 2826 4493 solitudinem
2850 4440 3159 4493 monasterii
3184 4453 3242 4492 se
3268 4452 3415 4491 rece-

207 4542 304 4588 lem
354 4534 566 4588 abesset
620 4531 787 4589 fastus
818 4533 1134 4602 periculum,
1180 4545 1235 4588 et
1272 4534 1626 4604 posteriorum
1671 4544 1753 4589 tu-
1784 4544 1829 4599 ι)
1856 4528 2014 4598 perit,
2039 4543 2159 4582 cum
2189 4544 2376 4583 rursus
2397 4529 2451 4583 in
2475 4539 2705 4583 montem
2730 4528 3002 4597 lugitpost
3025 4527 3413 4583 ordinationem

204 4624 414 4685 multus.

268 4715 409 4769 idem
443 4730 575 4783 ergo
623 4714 949 4784 propositum
1001 4714 1100 4770 fuit
1141 4714 1401 4785 Gregorio
1432 4723 1483 4771 et
1522 4714 1747 4771 Basilio.

205 4804 427 4878 Utrique
466 4807 810 4861 solitudinem
843 4822 961 4861 cum
997 4808 1167 4863 sacris
1205 4808 1399 4865 litteris
1432 4809 1755 4879 conjungere

206 4896 393 4951 volenti
424 4910 523 4949 nec
544 4897 988 4951 anachoretarum
1015 4898 1284 4953 arridebat
1306 4900 1410 4953 vita
1452 4915 1550 4954 nec
1583 4901 1755 4971 miga-

203 4989 341 5040 dum.
378 4985 457 5039 Ac
492 4985 560 5039 de
585 4986 782 5041 Basilio
806 4986 1019 5057 quidem
1062 4996 1209 5043 certa
1252 4997 1305 5043 et
1340 4989 1611 5058 explorata
1664 5004 1749 5044 res

202 5085 293 5140 est,
334 5090 457 5130 eum
507 5076 701 5131 vixisse
744 5076 799 5130 in
834 5078 1158 5133 monasterio
1208 5089 1261 5134 et
1312 5080 1588 5150 discipulis
1637 5081 1750 5135 suis

203 5166 435 5221 eamdem
486 5167 698 5220 vivendi
742 5166 968 5222 fortnam
1014 5169 1423 5239 praescripsisse,
1471 5185 1634 5240 quam
1694 5171 1748 5224 in

204 5268 461 5313 monaster
493 5288 533 5313 ..-.
563 5256 780 5329 Egyptl
812 5259 1042 5323 viderat,
1090 5260 1161 5313 ita
1193 5269 1251 5315 ut
1296 5275 1393 5315 nec
1431 5261 1752 5315 necessariis

207 5350 265 5403 ad
302 5364 483 5404 sacras
523 5349 736 5404 litteras
777 5350 1057 5419 praesidiis,
1097 5360 1152 5403 ut
1180 5352 1542 5420 anaclioretm,
1596 5368 1752 5407 carc-

206 5445 333 5499 rent,
379 5452 479 5491 nec
526 5447 585 5492 ut
636 5439 896 5508 migades,
951 5439 1171 5492 nimium
1223 5440 1500 5494 cliaritatis
1558 5441 1750 5496 ofﬁciis

206 5532 576 5587 mersarentur,
616 5525 713 5577 sed
742 5524 1131 5580 meditarentur
1154 5536 1209 5581 ut
1230 5528 1411 5597 primi,
1432 5530 1749 5595 prodessent

205 5616 253 5659 ut
282 5611 516 5665 secundi.
561 5609 683 5681 Ipse
721 5615 1030 5669 monasterii
1080 5616 1214 5671 situs
1265 5615 1522 5671 alfcrebat
1568 5620 1745 5673 omnia

258 5792 327 5865 (ti)
366 5799 543 5848 Larm.
580 5796 642 5847 de
672 5795 795 5847 vita.

1860 4618 2217 4673 Sasimensem
2246 4619 2343 4689 (a),
2381 4629 2473 4673 aut
2506 4634 2625 4672 cum
2661 4605 2801 4672 anno
2841 4617 2947 4671 375
2991 4616 3289 4672 Seleuciam
3325 4630 3414 4669 se-

1858 4710 2039 4775 cessit,
2071 4720 2128 4764 ut
2151 4712 2293 4780 quod
2328 4710 2522 4765 dudum
2558 4714 2871 4764 decreverat
2900 4710 3105 4764 amicos
3128 4717 3179 4763 et
3204 4707 3412 4777 negotia

1858 4798 2059 4868 lugere,
2091 4799 2143 4852 id
2170 4800 2381 4853 tandem
2407 4797 2705 4868 perliceret.
2740 4798 2844 4852 Sed
2865 4808 3010 4853 certe
3043 4796 3273 4851 dubitari
3309 4811 3411 4850 non

1857 4897 2032 4958 potest
2060 4889 2209 4957 quin,
2254 4889 2475 4957 abiectis
2521 4888 3121 4957 Constantinopolitanae
3161 4887 3412 4943 Ecclesia:

1856 4977 2253 5047 gubernaculis,
2285 4979 2394 5032 ruri
2422 4979 2666 5032 monachi
2693 4979 2854 5031 vitam
2882 4977 3070 5048 egerit,
3100 4986 3159 5032 ut
3187 4984 3414 5031 testatur

1856 5067 2233 5139 Hieronymus,
2268 5079 2324 5124 et
2358 5085 2479 5125 cum
2508 5068 2785 5124 monachis
2811 5068 3026 5123 vixerit.
3064 5078 3121 5122 ut
3156 5067 3411 5123 dist-imus

1854 5171 1920 5211 ex
1949 5158 2227 5226 Facundo,
2253 5159 2348 5215 lib.
2382 5176 2478 5226 vn,
2504 5175 2554 5216 c.
2588 5160 2645 5213 7.
2678 5179 2689 5189 -

2462 5251 2689 5308 CAPUT
2730 5250 2795 5307 γ.

1855 5340 1896 5396 1.
1938 5341 1994 5395 S.
2024 5342 2252 5397 Basilius
2278 5361 2395 5397 cum
2425 5343 2699 5397 Eustathio
2733 5343 3012 5397 Sebasteno
3040 5339 3274 5395 amicitia
3294 5355 3412 5392 con-

1918 5413 2181 5482 jungitur.
2232 5414 2289 5467 ll.
2336 5415 2519 5482 Qualis
2559 5416 2638 5468 vir
2694 5414 2889 5467 exstitit
2946 5410 3273 5482 Eustathius.
3321 5409 3406 5463 ΙΙΙ.

1925 5481 2135 5548 Decepi!
2166 5486 2320 5535 etiam
2351 5480 2409 5537 S.
2438 5482 2719 5537 Eusebium
2762 5482 3175 5537 Samosatensem
3214 5480 3409 5533 Eusta-

1925 5552 2063 5619 thius
2088 5553 2211 5617 ﬁdei
2248 5556 2478 5605 studium
2520 5564 2567 5608 et
2605 5558 2933 5607 sanctitatem
2970 5567 3079 5619 pra:
3114 5566 3176 5619 _se
3218 5554 3406 5617 terens.

1925 5618 2009 5673 ιν.
2044 5616 2331 5676 Damnatus
2366 5628 2564 5677 videtur
2590 5625 2746 5678 ’uisse
2775 5626 2826 5675 in
2849 5616 3066 5676 concilio
3097 5616 3403 5689 Gangrsnsi.
