4206 6508
794 442 864 482 xx
2128 426 2650 484 PBOLEGOMENA.

866 544 945 620 ν..
983 541 1256 620 Nonnulla
1301 542 1761 620 adversus__hanc_
1795 546 2114 620 sententiam.
2137 544 2355 620 _objecta_
2384 549 2430 604 Α
2456 544 2613 607 ciam,
2639 558 2701 599 ac
2724 543 2915 599 iterum
2947 559 3005 599 se
3036 546 3221 601 eodem
3245 548 3474 605 artiﬁcio
3497 551 3763 620 purgavit.
3791 552 4014 609 Addixit

868 614 1157 666 solvuntur.
1194 611 1277 667 Vl.
1314 613 1425 666 Non
1450 614 1590 667 Aetii
1626 613 1871 682 magister
1901 611 2232 678 Eustathius,
2266 616 2355 668 sed

866 684 1032 737 Aerii.

875 838 915 876 ι.
954 821 1173 875 Videtur
1203 820 1428 874 Basilius
1452 828 1579 873 tunc
1608 819 1835 889 primum
1878 816 2170 873 amicitiam
2201 816 2355 871 iniis-

797 925 857 966 se
917 926 1039 965 cum
1104 910 1380 964 Eustatbio
1442 909 1740 964 Sebasteno
1778 908 2005 977 ejusque
2058 908 2354 977 discipulis,

797 1018 919 1058 cum
967 1001 1125 1058 rediit
1166 1016 1229 1055 es
1270 1000 1507 1056 Oriente.
1557 999 1671 1068 Ipse
1717 1000 1857 1055 enim
1898 1002 1963 1054 ad
2009 999 2109 1054 hoc
2143 1008 2357 1071 tempus

798 1094 1008 1150 initium
1042 1092 1206 1147 refert
1233 1090 1390 1159 hujus
1415 1091 1831 1159 coniunctionis,
1864 1091 1933 1146 ob
1960 1106 2120 1161 quam
2146 1095 2354 1162 gravis-

796 1182 945 1238 sima:
977 1181 1025 1237 ei
1058 1182 1311 1237 molestia:
1342 1190 1396 1235 et
1441 1196 1470 1235 a
1512 1182 1749 1249 pluribus
1776 1180 1893 1235 aliis
1926 1196 1980 1236 et
2011 1181 2079 1237 ab
2104 1182 2219 1253 ipso
2257 1184 2354 1239 de-

796 1290 942 1329 mum
966 1274 1245 1330 Eustatbio
1268 1275 1594 1327 acciderunt.
1619 1272 1900 1343 Narrat(a)
1926 1288 1985 1328 se
2004 1288 2067 1328 ex
2095 1288 2358 1332 monaste-

796 1364 893 1420 riis
912 1364 1148 1421 Orientis
1179 1372 1234 1418 et
1261 1362 1479 1432 Egypti
1516 1363 1845 1429 redeuntem,
1888 1379 2009 1418 cum
2059 1367 2213 1433 hujus
2236 1369 2355 1423 vita:

798 1455 1092 1510 imitatores
1118 1455 1170 1508 in
1203 1456 1370 1524 patria
1407 1454 1714 1523 reperissel,
1740 1454 1940 1526 aliquid
1974 1456 2259 1524 adjumenti
2287 1460 2353 1513 ad

794 1547 1020 1602 salutem
1064 1546 1165 1600 sibi
1198 1547 1367 1599 visum
1404 1560 1523 1598 esse
1552 1548 1809 1613 reperire.
1851 1545 1998 1600 Multi
2038 1561 2157 1601 eum
2188 1548 2355 1603 abdu-

794 1640 987 1693 cebant
1028 1636 1097 1690 ab
1141 1636 1241 1689 hac
1270 1636 1675 1699 consuetudine,
1704 1645 1757 1689 et
1796 1649 1827 1688 a
1872 1635 2110 1689 moribus
2153 1651 2215 1690 ac
2252 1635 2355 1691 fide

792 1726 1055 1784 Lustathii
1091 1728 1387 1780 cavendum
1420 1726 1733 1778 monebant.
1757 1724 1863 1779 Sed
1887 1723 2116 1778 Basilius
2141 1725 2206 1778 de
2244 1724 2350 1776 vita

792 1817 1061 1872 Eustathii
1103 1813 1366 1884 judicium
1418 1813 1624 1868 ferebat
1669 1828 1735 1868 ex
1779 1814 1863 1869 his
1900 1828 2018 1881 qua:
2043 1812 2211 1869 oculis
2242 1814 2352 1868 suis

2457 648 2518 689 se
2540 634 2733 689 Basilio
2762 635 3068 705 Ancyrano,
3101 638 3262 706 eique
3288 654 3505 709 operam
3537 643 3750 697 navavit
3780 645 3833 698 in
3859 643 4016 698 refel-

2457 727 2615 781 lendo
2649 727 2827 789 Aetio,
2874 742 3030 795 quem
3083 726 3232 783 falsis
3261 730 3575 787 criminibus
3620 734 3757 801 apud
3801 733 4012 788 Gallum

2456 818 2719 874 Caesarem
2756 817 2809 870 in
2845 816 3095 871 invidiam
3133 820 3486 885 adduxerunt,
3527 822 3571 875 si
3601 822 3731 877 fides
3755 823 4011 878 adhiberi.

2456 906 2521 959 da
2566 904 2920 975 Pbilostorgio
2968 905 3067 976 (ιι).
3111 906 3384 963 Dedernnt
3418 911 3465 965 ei
3508 912 3713 973 Ariani,
3765 921 3901 967 teste
3954 914 4011 966 S.

2453 998 2744 1053 Athanasio
2765 996 2854 1070 (e),
2878 1000 3238 1069 episcOpatum
3256 998 3627 1068 Sebastenum,
3657 1014 3713 1058 ut
3736 1018 4013 1059 eum.c0n-

2454 1090 2699 1144 siliorum
2750 1105 2966 1145 suorum
3020 1090 3312 1159 adiutorem
3376 1093 3651 1148 haberent.
3704 1094 3809 1149 Sed
3855 1095 4014 1164 paulo

2457 1189 2582 1249 post
2624 1196 2747 1236 cum
2789 1180 3003 1250 plurimi
3032 1182 3264 1252 episcopi
3316 1184 3385 1238 ab
3429 1185 3641 1241 Arianis
3685 1186 4010 1256 impietatem

2456 1282 2640 1343 aperte
2668 1273 3085 1343 pradicantibus
3109 1290 3227 1332 sese
3257 1277 3638 1346 disjungerent,
3664 1292 3727 1333 ac
3754 1279 3926 1348 gratia
3960 1288 4014 1333 et

2454 1365 2776 1419 auctoritate
2825 1365 3111 1436 plurimum
3164 1367 3422 1432 valerent,
3460 1370 3639 1437 junxit
3687 1383 3745 1425 se
3781 1384 3903 1425 cum
3934 1371 4012 1425 eis

2456 1453 2790 1519 Eustathius,
2821 1470 3119 1525 eorumque
3144 1466 3325 1526 partes
3363 1468 3599 1514 sectatus
3624 1468 3706 1514 est
3738 1459 3788 1514 in
3825 1460 4011 1515 conci-

2454 1546 2524 1600 lio
2547 1546 2853 1617 Ancyrano,
2880 1546 2966 1600 ubi
2992 1546 3453 1602 Consubstantiale
3495 1550 4011 1604 anatliematizatum

2451 1646 2555 1700 est,
2588 1648 2641 1690 et
2670 1638 2724 1691 in
2752 1636 3101 1703 Seleuciensi,
3130 1638 3217 1693 ubi
3254 1639 3521 1707 proposita
3554 1649 3634 1693 est
3673 1640 4012 1695 Antiochena

2453 1727 2574 1781 fidei
2599 1726 2847 1781 formula.
2885 1726 3050 1781 Pauln
3087 1738 3208 1797 post
3234 1728 3449 1784 Arianis
3475 1729 3871 1783 dominantibus
3892 1745 4015 1784 suc-

2452 1818 2638 1872 cubuit
2680 1819 3018 1885 Eustathius,
3075 1834 3139 1874 ac
3181 1821 3443 1876 haeretica:
3482 1820 3723 1875 formula.-
3771 1821 4014 1875 subscri-

793 1908 1040 1973 videbat;
1069 1906 1390 1961 humilitatis
1418 1914 1791 1976 argumentum
1834 1919 1953 1960 esse
1994 1906 2225 1960 ducebat
2255 1906 2351 1959 bu-
2384 1915 2424 1970 η
2455 1911 2582 1979 psit,
2630 1923 2730 1964 nec
2772 1918 2952 1964 tamen
2999 1912 3383 1981 depositionem
3422 1920 3475 1965 et
3508 1911 3754 1965 exsilium
3804 1909 4011 1980 eﬂ‘ugit.

792 2001 972 2054 milem
1013 2008 1216 2054 vestem
1256 1997 1661 2066 :suspicionem
1708 2010 1920 2051 omnem
1974 1996 2230 2052 arcebant
2280 1997 2350 2051 ab

788 2092 908 2163 ejus
937 2092 1117 2146 animo
1139 2091 1511 2145 vestimentum
1544 2104 1811 2155 crassum,
1861 2103 2017 2155 zona,
2054 2103 2086 2145 e
2117 2090 2231 2143 rudi
2259 2104 2349 2143 co-

794 2187 875 2239 rio
921 2185 1310 2248 calceamenta,
1362 2193 1634 2237 austerum
1675 2181 1887 2235 vivendi
1922 2196 2109 2250 genus.
2165 2181 2350 2250 Itaque

795 2289 1040 2331 morosus
1082 2283 1201 2330 erat
1240 2274 1409 2329 laudis
1438 2273 1702 2328 Eustathii
1738 2273 2021 2339 defensor;
2066 2288 2128 2329 ac
2167 2289 2233 2327 ne
2261 2273 2349 2327 illa

791 2367 1005 2436 quidem
1039 2366 1318 2434 probabat,
1345 2380 1463 2436 quae
1488 2366 1555 2420 de
1576 2364 1716 2420 illius
1738 2367 1840 2421 [ide
1867 2366 2197 2429 dicebantur,
2225 2378 2346 2419 eum

788 2459 856 2514 ab
887 2459 1014 2512 Ario
1042 2459 1290 2513 edoctum
1321 2472 1460 2521 esse,
1500 2472 1565 2512 ac
1596 2458 1709 2511 Arii
1742 2459 1987 2529 dogmata
2022 2456 2160 2511 clam
2192 2471 2346 2524 sparv

787 2560 950 2615 gere;
980 2546 1073 2600 sed
1108 2560 1228 2599 cum
1269 2547 1383 2599 lucc
1418 2544 1645 2600 Basilius
1694 2561 1965 2615 nunquam
2005 2546 2119 2614 ipse
2159 2559 2256 2615 per
2288 2560 2347 2601 se

790 2637 1068 2700 audiisset,
1102 2638 1465 2707 sycophantas
1506 2651 1626 2693 esse
1664 2637 1903 2708 putabat,
1934 2640 2023 2706 qui
2060 2638 2173 2691 haec
2199 2647 2348 2691 nun—

792 2728 1015 2783 tiabant.
1039 2726 1296 2797 Equidem
1320 2741 1425 2782 non
1460 2728 1628 2784 miror
1657 2729 1711 2783 in
1738 2728 2022 2783 candidum
2045 2727 2226 2782 Basilii
2256 2742 2347 2799 pe-

790 2831 910 2875 ctus
934 2820 1136 2875 aditum
1176 2835 1280 2875 non
1312 2821 1582 2888 habuisse,
1621 2836 1740 2891 qua:
1772 2822 1841 2877 de
1879 2821 2159 2878 Eustathio
2204 2823 2348 2877 dice.

792 2913 1005 2966 bantur.
1038 2912 1283 2978 Accepta:
1324 2911 1466 2965 enim
1511 2912 1580 2965 ab
1620 2912 1751 2967 Ario
1788 2913 2079 2982 disciplina
2110 2921 2229 2980 post
2272 2922 2349 2967 tot

789 3018 959 3057 auritos
978 3004 1064 3057 vix
1088 3002 1199 3073 jam
1228 3001 1316 3056 ulli
1343 3011 1507 3057 testes
1540 3004 1591 3056 in
1614 3001 1951 3073 Cappadocia
1986 3013 2303 3074 supererant
2328 3022 2341 3058 :

788 3094 1053 3151 occultum
1100 3096 1336 3165 ejusdem
1388 3096 1604 3151 haeresis
1639 3097 1874 3153 studium
1922 3112 2025 3153 non
2059 3098 2211 3154 facile
2252 3099 2346 3153 de-

791 3187 1045 3259 prehendi
1072 3196 1301 3256 poterat.
1333 3186 1439 3241 Sed
1476 3202 1712 3243 amorem
1758 3189 1811 3242 in
1850 3188 2186 3245 Eustathium
2232 3188 2347 3244 lon-

2456 1999 2637 2053 Rediit
2656 2001 2756 2053 sub
2776 1997 3013 2062 Juliano,
3048 2015 3111 2054 ac
3134 2000 3296 2055 variis
3317 2002 3567 2069 deinceps
3600 1999 3843 2054 formulis
3881 2003 4014 2067 sub-

2454 2092 2667 2161 scripsit
2694 2092 2838 2146 Zelis
2864 2100 2915 2145 et
2943 2091 3243 2161 Lampsaci,
3274 2093 3488 2147 Arianis
3508 2107 3718 2161 semper
3745 2092 4010 2149 infensus.

2453 2191 2507 2236 et
2530 2198 2649 2237 cum
2678 2185 2744 2237 iis
2772 2184 2861 2252 qui
2899 2182 3220 2238 Semiariani
3254 2184 3589 2250 dicebantur,
3617 2193 3760 2238 arcte
3780 2184 4013 2253 conjun-

2453 2282 2595 2329 ctus.
2621 2272 2728 2328 Sed
2765 2282 2940 2327 tamen
2979 2274 3348 2343 persecutione
3378 2282 3499 2342 post
3529 2273 3814 2327 concilium
3844 2272 4013 2327 Lam-

2454 2379 2743 2435 psacenum
2774 2366 3194 2436 ingravescente,
3242 2366 3559 2435 subscripsit
3601 2366 3866 2420 bri-retice
3902 2366 4015 2422 for-

2454 2456 2611 2511 mulae
2642 2474 2658 2511 :
2693 2465 2747 2512 et
2771 2472 2889 2511 cum
2915 2471 2979 2511 ea
3008 2471 3095 2510 res
3123 2471 3370 2526 magnum
3407 2457 3523 2526 ejus
3551 2456 3749 2511 nomini
3776 2456 4014 2512 dedecus

2453 2548 2712 2612 inureret,
2746 2546 2971 2603 Romam
3003 2547 3175 2615 petiit,
3200 2548 3287 2603 ubi
3313 2548 3581 2603 Nicmnam
3624 2548 3778 2602 tidem
3803 2549 4015 2618 profes-

2450 2654 2546 2694 sus
2589 2646 2690 2702 est,
2743 2652 2807 2693 ac
2833 2653 2895 2692 ea
2931 2638 3236 2695 conditione
3267 2653 3299 2692 a
3329 2637 3543 2694 Liberio
3577 2654 3709 2709 papa
3742 2643 4013 2711 receptus.

2452 2728 2684 2784 Rediens
2707 2728 2960 2794 libellum,
2986 2730 3076 2799 qui
3099 2731 3341 2785 eamdem
3365 2729 3521 2784 ﬁdem
3550 2729 3886 2795 continebat,
3922 2732 4017 2787 ob-

2454 2819 2573 2873 tulit
2598 2820 2805 2890 synodo
2838 2818 3167 2889 Tbyanensi.
3198 2820 3380 2875 Crevit
3419 2821 3743 2875 Arianorum
3771 2823 4014 2890 potentia

2450 2910 2551 2965 sub
2581 2909 2827 2976 Valente,
2875 2925 2941 2965 ac
2982 2921 3181 2966 metum
3226 2911 3403 2965 intulit
3433 2910 3736 2975 Eustathio,
3792 2927 3859 2968 ne
3887 2929 4016 2969 sen-

2453 3002 2615 3055 tentia
2638 3002 2690 3055 in
2719 2994 2841 3056 eum
2876 3001 3007 3057 olim
3035 3001 3139 3056 lata
3173 3013 3540 3057 renovaretur.
3577 3002 3754 3070 Quare
3775 3005 4013 3059 medium

2449 3105 2508 3145 se
2526 3105 2647 3145 esse
2673 3090 2977 3149 Catholicos
3000 3092 3139 3146 inter
3168 3100 3221 3146 et
3251 3092 3533 3147 hereticos
3556 3093 3741 3157 voluit,
3768 3102 3826 3146 ut
3848 3103 3905 3149 et
3928 3093 4015 3147 fa-

2452 3194 2550 3234 mae
2581 3196 2691 3234 suae
2718 3180 3040 3245 consuleret,
3091 3195 3190 3236 nec
3221 3180 3452 3235 Arianos
3484 3181 3740 3235 irritaret.
3767 3181 4016 3237 Detraxit

790 3254 909 3352 gius
939 3254 1275 3346 promovebit
1309 3275 1559 3342 Basilius,
1604 3277 1694 3346 qui
1729 3293 1850 3331 cum
1890 3293 2010 3334 cum
2038 3276 2345 3333 Constanti-
2374 3254 2415 3324 (Ζ
2448 3272 2496 3325 ei
2532 3270 2757 3325 Basilius
2794 3272 2936 3325 hunc
2981 3271 3139 3325 medii
3172 3270 3402 3325 hominis
3439 3281 3636 3325 statum
3670 3281 3727 3326 et
3756 3273 3807 3326 in
3844 3274 4012 3329 verba

790 3368 968 3440 n0poll
1006 3366 1110 3422 labi
1154 3376 1207 3421 ct
1237 3369 1337 3421 sub
1369 3367 1593 3425 Valente
1624 3367 1786 3422 relabi
1818 3368 2040 3433 videbit,
2084 3370 2203 3422 licta
2232 3369 2347 3435 ejus

791 3460 1103 3531 paenitentia
1144 3461 1399 3529 deceptus
1431 3459 1498 3512 ab
1524 3475 1589 3514 eo
1616 3459 1885 3527 diligendo
1930 3468 1985 3514 et
2014 3460 2347 3515 defendendo

790 3566 894 3605 non
920 3549 1180 3613 discedet,
1206 3564 1305 3603 nec
1331 3550 1379 3604 ei
1407 3549 1834 3604 communionem
1867 3549 2211 3615 renuntiabit,
2245 3550 2343 3604 nisi

790 3656 912 3695 cum
944 3641 1093 3695 illius
1121 3641 1415 3711 nequitiam
1449 3654 1553 3694 non
1581 3640 1753 3694 solum
1788 3639 1956 3694 oculis
1998 3654 2061 3694 ac
2105 3640 2347 3694 manibus

790 3732 1226 3800 comprehendet.
1264 3732 1358 3787 sed
1395 3730 1558 3785 etiam
1583 3729 1928 3785 insanabilem
1963 3744 2081 3784 esse
2108 3730 2346 3784 animad-

791 3833 984 3877 vertet.

862 3910 928 3965 ll.
972 3908 1116 3964 Nihil
1148 3910 1292 3964 enim
1328 3906 1469 3964 aliud
1492 3908 1592 3963 fuit
1624 3909 1733 3963 vita
1764 3907 2047 3972 Eustatbii,
2092 3908 2190 3962 nisi
2222 3923 2345 3979 per-

789 4012 947 4075 petua
998 4002 1219 4056 haeresis
1271 4013 1326 4056 et
1376 4002 1653 4056 catholica
1704 4001 1963 4056 doctrina:
2016 4002 2345 4067 vicissitudo,

790 4105 949 4164 prout
987 4095 1297 4149 alterutrum
1347 4094 1649 4149 ambitiosis
1685 4093 1799 4163 ejus
1833 4093 2074 4149 consiliis
2114 4092 2342 4147 favebat.

791 4188 1049 4259 Egressus
1075 4184 1423 4248 Alexandria,
1464 4185 1553 4238 ubi
1604 4185 1741 4239 inter
1788 4186 2001 4240 intimos
2035 4183 2149 4238 Arii
2193 4183 2346 4238 disci-

788 4279 940 4349 pulos
977 4278 1170 4341 fuerat,
1213 4279 1266 4332 in
1310 4278 1514 4333 clerum
1549 4277 1941 4332 Antiochenum
1986 4287 2210 4332 conatus
2260 4286 2343 4332 est

784 4369 1050 4438 obrepere
1081 4368 1179 4439 (ὁ),
1225 4369 1425 4432 oblata,
1467 4378 1524 4421 ut
1556 4367 1844 4423 verisimile
1886 4377 1991 4432 est,
2035 4381 2180 4423 sana
2224 4368 2345 4423 fidei

785 4458 1148 4522 confessione,
1175 4460 1270 4514 sed
1307 4475 1336 4513 a
1368 4458 1427 4513 S.
1466 4458 1741 4513 Eustathio
1770 4460 1999 4527 rejectus
2035 4470 2118 4514 est
2146 4460 2215 4514 ob
2244 4461 2343 4513 im-

786 4549 1061 4620 pietatem.
1094 4546 1292 4604 Verum
1327 4551 1395 4604 ab
1436 4550 1649 4605 Arianis
1685 4559 1866 4619 postea
1899 4559 2146 4620 receptus
2171 4550 2346 4605 credi-

788 4650 898 4704 tur,
924 4656 987 4693 ac
1024 4640 1163 4695 forte
1191 4641 1260 4695 ab
1289 4640 1515 4705 Enlalio,
1546 4641 1636 4712 qui
1672 4640 1893 4697 Paulino
1916 4642 2176 4697 successit
2204 4658 2343 4698 anno

782 4733 911 4796 351,
941 4732 992 4785 in
1034 4732 1175 4786 hunc
1215 4732 1417 4786 clerum
1454 4733 1652 4789 ascitus
1687 4741 1789 4787 est.
1819 4731 2012 4789 Pulsus
2056 4734 2155 4789 hac
2187 4733 2341 4799 urbe,

786 4822 874 4875 ubi
918 4820 1129 4876 Aetium
1175 4821 1371 4875 dicitur
1404 4822 1669 4887 docuisse,
1710 4820 1866 4876 rediit
1905 4823 1956 4876 in
1996 4824 2244 4893 patriam,
2278 4838 2343 4879 ac

789 4910 1107 4979 Hermogeni
1162 4911 1489 4979 impietatem
1540 4911 1681 4966 illius
1729 4913 2106 4967 condemnanti
2158 4928 2340 4968 sanam

786 5000 908 5053 fidei
955 4999 1347 5053 confessionem
1392 5000 1587 5055 obtulit
1641 4998 1734 5071 (c),
1767 5009 1821 5055 et
1864 5000 1933 5054 ab
1959 5015 2023 5056 eo
2066 5003 2344 5058 ordinatus

785 5101 888 5146 est.
924 5090 999 5145 Eo
1025 5100 1234 5146 mortuo
1272 5092 1493 5146 contulit
1530 5106 1588 5149 se
1621 5093 1688 5146 ad
1729 5090 2012 5145 Eusebium
2038 5092 2340 5147 Constanti-

788 5182 1175 5251 nopolitanum,
1216 5196 1246 5235 a
1282 5196 1389 5252 quo
1417 5183 1601 5253 pulsus
1627 5184 1695 5238 ob
1721 5183 1929 5252 aliquas
1961 5198 2173 5248 causas,
2206 5198 2339 5253 quas

786 5270 1014 5325 Basilius
1064 5269 1264 5325 referre
1308 5270 1476 5323 uoluit
1509 5269 1830 5341 (depositum
1880 5268 2041 5324 fuisse
2068 5270 2141 5322 ait
2170 5269 2337 5325 Soro-

790 5378 977 5419 menus
1001 5377 1066 5417 eo
1096 5363 1239 5432 quod
1268 5363 1443 5417 minus
1467 5363 1634 5419 lldelis
1660 5363 1713 5417 ln
1737 5364 2039 5419 commissis
2060 5363 2336 5433 dispensa-

789 5455 1024 5511 tionibus
1072 5455 1431 5525 deprehensus
1476 5455 1683 5517 fuisset)
1762 5456 1918 5513 rediit
1965 5456 2018 5512 in
2060 5456 2337 5527 Cappado-

858 5637 936 5707 (α)
975 5636 1073 5704 Ep.
1094 5634 1222 5696 ass.
1257 5651 1309 5707 n_.
1331 5635 1386 5690 δ.

854 5704 932 5775 (hj
971 5707 1226 5775 Albanas.
1259 5704 1358 5773 Ep.
1389 5706 1457 5758 ad
1482 5706 1621 5762 salit.

860 5774 931 5845 ir)
972 5775 1065 5845 Ep.
1098 5774 1223 5837 224,
1254 5791 1307 5827 n.
1332 5774 1384 5827 9.

856 5844 936 5917 (ά)
974 5844 1089 5901 Lib.
1120 5860 1202 5905 ut.
1229 5860 1276 5897 c.
1314 5845 1398 5911 ιϐ,
1422 5846 1508 5900 27.

2446 3361 2656 3418 Nicena
2679 3365 2864 3430 iurare
2902 3363 3077 3431 coegit
3106 3376 3248 3417 anno
3274 3361 3398 3416 373.
3448 3363 3518 3415 At
3548 3361 3635 3415 ille
3666 3364 3754 3415 ubi
3777 3364 3910 3418 vidit
3943 3380 4010 3419 ex

2444 3467 2507 3507 ea
2538 3468 2597 3507 re
2649 3466 2902 3523 magnum
2948 3451 3163 3522 aliquod
3209 3452 3600 3507 incommodum
3648 3454 3778 3509 oriri
3827 3470 4009 3524 posse,

2446 3555 2659 3594 omnem
2682 3539 3032 3594 acerbitatem
3069 3540 3121 3593 in
3144 3538 3399 3593 Basiliam
3428 3536 3637 3603 effudit,
3680 3548 3737 3592 ut
3772 3540 4013 3609 placaret

2446 3629 2697 3683 Arianos.
2729 3628 2935 3683 Secuta:
2961 3636 3087 3683 sunt
3117 3628 3280 3683 varia:
3314 3627 3577 3693 formulae,
3620 3643 3846 3697 quarum
3877 3629 4013 3685 alte-

2450 3734 2590 3783 ram,
2619 3718 2833 3775 Gelasio
2865 3720 3094 3788 quodam
3127 3729 3490 3790 proponente,
3513 3721 3564 3773 in
3596 3720 3777 3775 Cilicia
3807 3724 4011 3791 recepit

2447 3813 2632 3867 eodem
2656 3826 2821 3879 anno,
2852 3812 3073 3866 alteram
3110 3812 3288 3882 Cynici
3329 3812 3539 3867 duobus
3578 3822 3694 3883 post
3715 3814 3890 3869 annis.
3922 3814 4013 3869 lu-

2450 3904 2607 3958 terini
2640 3913 2838 3965 tamen,
2862 3917 2962 3958 nec
2988 3903 3204 3957 Arianis
3233 3903 3483 3958 catholici
3519 3904 3783 3973 dogmatis
3818 3906 4008 3960 defer.-

2446 4006 2558 4057 sor,
2604 4008 2704 4049 nec
2743 3992 3035 4048 Catholicis
3067 3992 3296 4048 Arianus
3340 3994 3511 4049 videri
3562 3995 3791 4061 volebat,
3835 3995 4007 4051 donec

2449 4084 2665 4141 tandem
2694 4099 2836 4139 anno
2857 4084 2963 4139 575
2998 4098 3227 4141 exeunte
3249 4086 3529 4156 perfractis
3555 4088 3805 4142 omnibus
3837 4091 4006 4158 pudo-

2445 4179 2521 4233 ris
2551 4177 2819 4248 repagulis
2840 4192 2961 4233 sese
2987 4194 3106 4233 cum
3130 4176 3345 4233 Ariauis
3378 4179 3555 4248 palam
3579 4187 3635 4235 et
3665 4189 3849 4249 aperte
3870 4195 4005 4236 con-

2438 4269 2639 4336 junxit.

2512 4358 2601 4414 ιιι.
2639 4358 2785 4415 Talis
2818 4370 2938 4415 erat
2961 4360 3298 4427 Eustathius,
3347 4362 3432 4416 cui
3467 4360 3697 4417 Basilius
3728 4364 3779 4418 in
3828 4366 4002 4420 maxi-

2444 4451 2546 4507 mis
2612 4451 2773 4505 rebus
2841 4451 3141 4505 eonlidebat
3184 4453 3275 4521 (Ι).
3333 4452 3485 4521 cujus
3540 4454 3826 4524 discipulos
3877 4457 4001 4512 vita:

2445 4557 2555 4597 sum
2576 4541 2880 4612 praesidium
2902 4555 3023 4595 esse
3055 4543 3285 4595 ducebat
3318 4544 3414 4612 (g).
3448 4541 3552 4597 Sed
3589 4560 3691 4598 non
3722 4545 3819 4599 soli
3850 4545 4002 4603 Basi-

2446 4630 2517 4685 lio
2541 4630 2848 4685 Eustathius
2877 4629 3064 4686 illusit.
3089 4629 3288 4684 Pra'ter
3317 4634 3447 4687 duos
3484 4631 3849 4689 Czesarienses
3886 4637 4003 4708 epi-

2445 4736 2658 4792 scopos,
2714 4736 2851 4793 quos
2885 4736 3043 4791 supra
3096 4722 3332 4778 diximus
3368 4724 3648 4779 Eustatbio
3685 4725 3954 4795 ignovisse
3981 4772 3997 4796 ,

2452 4814 2765 4871 amicissimi
2786 4814 2957 4870 eidem
2978 4821 3135 4869 erant
3153 4816 3579 4884 prastantissimi
3598 4817 3718 4882 viri,
3747 4817 3999 4877 Silvanus

2448 4906 2750 4973 Tarsensis,
2804 4922 2869 4962 ac
2920 4905 3033 4975 ipse
3060 4905 3242 4970 etiam,
3296 4921 3452 4977 quem
3481 4907 3712 4965 Basilius
3747 4911 3999 4968 Ecclesiae

2445 5000 2607 5054 decus
2636 5006 2691 5052 et
2715 4996 2958 5053 columen
2982 5012 3100 5052 esse
3122 4999 3348 5062 sciebat,
3378 4999 3437 5053 S.
3466 4999 3724 5057 Eusebius
3745 5003 4000 5059 Samosa-

2447 5088 2631 5144 tensis.
2656 5086 2819 5142 Multa
2850 5088 2901 5141 in
2932 5087 3122 5143 litteris
3146 5086 3326 5142 Basilii
3364 5100 3575 5146 exstant
3613 5092 3860 5148 amicitia:
3890 5096 4000 5150 Eu-

2444 5180 2576 5236 sebii
2629 5187 2685 5234 et
2731 5178 2994 5233 Eustatbii
3044 5179 3236 5235 indicia
3271 5179 3371 5251 (ἡ).
3414 5181 3464 5237 ls
3512 5193 3818 5238 nascentem
3859 5186 3999 5241 inter

2443 5269 2695 5325 Basiliam
2731 5278 2787 5324 et
2819 5267 3154 5325 Eustathiun.
3198 5271 3521 5327 discordiam
3561 5276 3751 5330 sedare
3774 5289 3996 5331 conatus

2443 5372 2544 5417 est.
2592 5360 2824 5416 Vocatus
2866 5376 3006 5416 anno
3036 5361 3140 5416 572
3164 5363 3218 5417 in
3253 5365 3559 5420 Armeniam
3592 5364 3820 5424 Basilius
3854 5385 3883 5423 a
3935 5370 3993 5424 S.

2446 5454 2655 5508 Meletio
2676 5464 2730 5507 et
2756 5451 3054 5520 Theodoto,
3091 5465 3198 5510 tum
3233 5466 3290 5513 ut
3314 5458 3509 5514 festum
3532 5460 3819 5529 quemdam
3852 5459 3993 5515 diem

2539 5637 2591 5699 ε)
2620 5632 2748 5685 Ibid.

2540 5702 2585 5770 Γ)
2622 5701 2717 5768 Ep.
2752 5702 2872 5757 H9.

2518 5776 2591 5838 (g)
2630 5770 2725 5838 Ep.
2760 5773 2878 5826 131.

2519 5837 2594 5912 (ι.)
2627 5837 2720 5896 or.
2758 5842 2839 5895 τε.
