4206 6482
1575 430 1733 485 ΥΙΤᾹ
1776 432 1833 486 S.
1883 432 1918 483 Β
1938 427 2140 482 ‘tSlLii.

3379 446 3470 485 ιιι

242 569 348 608 cum
384 554 460 607 eis
506 548 843 614 celebraret,
883 559 990 605 tum
1036 558 1091 600 ιιι
1120 547 1184 601 de
1215 549 1492 603 Eustathio
1532 561 1804 622 ageretur.
1837 562 1881 619 Α
1914 554 1966 608 in
2000 550 2206 618 synodo
2259 547 2675 603 Ncocmsariensi
2716 544 3233 602 excommunicatum
3260 583 3275 607 ,
3326 554 3378 599 et
3417 547 3468 599 in

242 648 413 699 adesse
439 641 633 707 noluit,
671 657 960 715 propterea
999 643 1139 708 quod
1170 643 1452 702 Eusebius.
1490 660 1518 697 a
1553 660 1659 713 quo
1690 642 1805 711 plu-

242 738 419 788 rimum
468 737 712 803 pnesidii
785 739 850 787 ad
902 735 1161 789 Eustatltii
1215 736 1576 790 defensionem
1625 750 1806 803 spera-

241 827 322 879 bat
354 824 447 891 (a),
483 842 547 881 eo
582 828 779 880 venire
812 842 915 879 non
958 828 1143 892 potuit.
1192 826 1455 880 Habemus
1495 828 1545 881 in
1576 828 1802 896 cpistola

244 914 332 969 103
380 913 754 988 Sepltronium
817 916 1077 971 Eustatliii
1147 916 1460 983 discipulum
1522 921 1803 972 Samosata

237 1008 682 1076 proﬁciscentem,
736 1009 965 1075 visendi,
1018 1019 1073 1063 ut
1110 1008 1400 1063 verisimile
1434 1021 1537 1071 est,
1592 1010 1802 1063 Eusebii

237 1114 404 1156 causa.
434 1100 589 1155 lianc
622 1102 691 1154 de
726 1102 1011 1157 Eustathio
1040 1101 1309 1157 hominum
1338 1102 1802 1172 prtestantissimo-

238 1208 344 1248 rum
398 1194 716 1260 opinionem
764 1196 1136 1249 commovebat
1183 1193 1425 1247 simulata
1484 1208 1586 1245 non
1634 1193 1803 1245 solum

236 1286 538 1339 orthodoxze
579 1285 712 1339 ﬁdei
759 1288 1041 1354 professio.
1084 1284 1174 1336 sed
1206 1286 1363 1338 etiam
1415 1284 1675 1336 acerrima
1712 1286 1804 1336 de-

238 1374 416 1429 fensio.
454 1372 671 1430 Nemini
710 1394 843 1430 sane
890 1378 941 1429 in
973 1378 1072 1429 hoc
1103 1391 1298 1443 genere
1324 1375 1673 1433 concedebat,
1714 1374 1803 1426 ubi

237 1481 287 1519 se
321 1466 596 1522 catholicis
621 1470 913 1522 addicebat
950 1468 1218 1535 partibus;
1256 1486 1317 1521 ac
1357 1467 1583 1519 mirabili
1638 1466 1803 1520 animi

237 1558 416 1613 ardore
452 1562 919 1627 consequebatur,
962 1570 1017 1613 ut
1056 1568 1109 1612 et
1150 1560 1431 1629 prtclerita:
1478 1558 1617 1610 illius
1657 1558 1802 1611 labes

238 1646 525 1703 inﬁrmitati
573 1651 951 1703 tribuerentur
982 1651 1249 1715 humanm.
1286 1663 1381 1702 nec
1416 1663 1653 1717 prmscns
1697 1653 1800 1703 ulla

237 1740 283 1793 in
306 1744 668 1809 suspicionem
695 1744 919 1812 perﬁdia
951 1743 1174 1797 veniret.

298 1834 439 1896 Quod
492 1834 641 1887 enim
692 1833 1073 1889 subscribendo
1100 1833 1559 1903 Constantinopoli
1610 1851 1799 1903 perca—

1908 643 2241 698 Antiocltcna
2297 642 2595 695 convictum
2651 637 2890 711 pcrjnrii.
2945 638 3048 691 Sed
3100 640 3211 691 lucc
3241 638 3469 691 concilia

1910 735 2065 791 nobis
2095 734 2328 787 tenebrre
2358 742 2500 785 sunt.
2532 734 2706 804 Longe
2737 733 2929 787 clarior
2951 742 3006 787 et
3046 731 3306 784 illustrior
3334 746 3464 799 syn-

1907 828 2043 882 odus
2101 826 2429 895 Gangrensis
2471 824 2522 877 in
2567 826 2951 895 Paphlagonia.
3007 827 3071 880 ad
3137 840 3294 893 quam
3343 838 3466 877 eum

1906 916 2098 971 delata:
2131 916 2357 970 fuissent
2387 932 2589 987 magnae
2636 916 2701 968 de
2740 918 3003 973 Eustathii
3032 916 3306 986 discipulis
3336 930 3467 984 qne-

1910 1009 2066 1073 rclie,
2104 1008 2288 1074 viginti
2320 1023 2554 1061 canones
2586 1008 2651 1059 ad
2697 1008 2807 1060 ltrec
2842 1012 3126 1065 resecanda
3167 1009 3295 1063 vitia
3336 1022 3467 1061 con-

1908 1101 2102 1162 stituti,
2146 1114 2281 1167 quos
2328 1103 2562 1168 synodus
2599 1098 2865 1150 Armenice
2892 1100 3157 1168 episc0pis
3198 1098 3465 1153 inscribit.

1908 1193 2248 1245 Eustatltinm
2311 1192 2664 1245 Sebastenttm
2739 1189 2894 1254 hujus
2956 1191 3142 1258 synodi
3202 1191 3465 1243 sententia

1908 1293 2144 1336 notatum
2204 1282 2365 1336 fuisse
2427 1280 2663 1335 referunt
2713 1282 2960 1335 Socrates
3008 1284 3086 1349 (i)
3137 1280 3465 1337 ctSoznme~

1912 1389 2011 1427 nus
2036 1376 2102 1443 (j)
2132 1393 2145 1429 :
2178 1376 2267 1429 sed
2289 1390 2472 1428 eorum
2500 1374 2797 1427 lCSlilltOl‘tia
2828 1388 3048 1443 prorsus
3087 1377 3332 1440 rejiciunt
3366 1372 3463 1424 Ba-

1907 1469 2093 1520 ronius
2121 1468 2215 1537 (lt),
2238 1468 2473 1536 aninus
2506 1477 2559 1522 et
2588 1466 3015 1534 BlondellusU),
3046 1479 3267 1530 quorum
3287 1466 3465 1535 opinio

1907 1559 2059 1611 valde
2092 1560 2381 1628 probabilis
2406 1561 2615 1611 videtur
2638 1560 3001 1613 Tillemontio.
3039 1556 3144 1610 Sed
3178 1560 3465 1622 quominus

1906 1650 2129 1705 eruditis
2179 1649 2283 1702 illis
2314 1650 2446 1703 viris
2495 1654 2705 1717 penitus
2749 1652 3048 1714 assentiar,
3104 1650 3342 1703 detinent
3380 1666 3461 1703 me

1905 1741 2159 1797 nonnulla
2196 1742 2463 1795 rationum
2493 1751 2787 1795 momenta.

1977 1839 2035 1890 l-
2084 1836 2300 1890 Summa
2338 1846 2418 1889 est
2450 1836 2788 1889 necessitudo
2816 1844 3113 1901 temporum
3145 1846 3191 1885 et
3224 1835 3461 1887 locorum

234 1934 394 1987 verat,
440 1924 491 1979 id
520 1926 901 1980 celeberrimis
930 1937 1115 1979 contra
1144 1925 1461 1990 Eudoxium,
1494 1929 1796 1997 Euippium,
1832 1908 1871 1961 Β
1903 1941 2023 1981 cum
2074 1928 2353 1981 Eustathio
2404 1927 2721 1981 Sebasteno.
2764 1926 2810 1979 ls
2861 1926 3002 1979 enim
3054 1925 3331 1977 monastici
3384 1926 3463 1973 in-

235 2012 530 2087 Georgium,
562 2030 619 2069 et
642 2017 907 2068 Acacium
940 2016 1132 2070 litteris
1165 2016 1240 2087 (b)
1273 2019 1490 2086 expiare
1520 2020 1666 2069 visus
1694 2026 1794 2081 est,

235 2123 355 2177 quas
384 2113 447 2163 azl
475 2123 677 2164 omnes
710 2107 973 2162 Ecclesias
1004 2108 1167 2163 misit.
1201 2109 1437 2179 Negabat
1466 2122 1557 2160 eos
1585 2109 1792 2176 episco-

234 2215 320 2271 pos
350 2217 465 2255 esse
508 2211 565 2254 et
602 2200 845 2268 Spiritus
891 2201 1063 2256 sancti
1101 2201 1411 2269 participes.
1445 2198 1596 2253 Unde
1634 2200 1796 2253 etiam

235 2294 438 2345 minime
462 2293 631 2346 cessit
667 2292 784 2348 lata:
812 2295 864 2345 in
898 2308 953 2346 se
982 2291 1263 2343 sententia:
1282 2329 1297 2351 ,
1324 2291 1571 2358 quamvis
1594 2306 1621 2343 a
1649 2293 1799 2357 quin-

236 2385 393 2449 gentis
423 2386 699 2455 episcopis
741 2386 1024 2435 damnatus
1054 2390 1217 2434 esset.
1254 2379 1484 2436 Rediens
1529 2397 1557 2435 e
1596 2381 1798 2434 Darda-

236 2476 332 2541 nia,
358 2491 514 2545 quam
548 2476 603 2529 in
655 2471 924 2540 regionem
964 2470 1229 2541 relegatus
1268 2470 1473 2525 videtur
1504 2469 1691 2535 fuisse,
1722 2470 1799 2523 al-

234 2567 359 2619 taria
386 2564 639 2618 Basilidis
675 2564 869 2618 evertit
910 2573 963 2618 et
1002 2564 1053 2618 in
1094 2565 1325 2633 propriis
1357 2565 1557 2617 mensis
1590 2567 1797 2618 sacriti-

234 2657 361 2709 cavit
394 2654 485 2725 (ε).
540 2654 865 2723 Segregavit
906 2655 1068 2706 etiam
1100 2667 1128 2704 a
1165 2667 1258 2705 sua
1303 2655 1680 2707 communione
1711 2657 1795 2708 El-

235 2747 420 2813 pidium
468 2746 814 2801 Satalcnsetn
873 2744 1207 2814 episcopum,
1260 2759 1324 2801 eo
1380 2746 1521 2813 quod
1572 2747 1619 2801 is
1672 2762 1795 2801 cum

233 2840 460 2894 Amasene
507 2840 767 2908 episcopo
820 2838 1262 2893 communicaret.
1317 2837 1618 2903 Quinetiam
1688 2855 1794 2894 non

236 2932 389 2986 multo
433 2942 732 3001 antequam
782 2946 812 2984 a
845 2929 1027 2985 Basilii
1058 2931 1439 2985 communione
1471 2932 1793 2997 discederet,

233 3024 475 3077 ecclesias
494 3025 746 3077 Amasere
778 3032 832 3076 et
858 3021 1108 3076 Zelorum
1140 3021 1431 3074 insectatus
1467 3021 1663 3086 fuerat,
1695 3023 1795 3076 ibi-

231 3128 326 3181 que
367 3116 715 3184 presbyteros
756 3124 810 3168 et
850 3115 1108 3167 diaconos
1158 3114 1536 3167 constituerat.
1586 3114 1793 3183 Lapsus

232 3206 320 3261 sub
347 3204 718 3273 Valenti-.01),
756 3205 996 3259 fraudem
1044 3204 1144 3259 sibi
1194 3204 1390 3259 factam
1434 3206 1487 3260 in
1537 3210 1793 3262 concione

232 3296 516 3366 deploravit
539 3338 555 3363 ,
591 3306 752 3367 atque
778 3297 913 3351 hanc
942 3297 1202 3367 purgandi
1227 3299 1389 3352 errati
1418 3300 1678 3353 rationem
1708 3300 1790 3353 in-

230 3391 391 3456 venit,
432 3404 490 3445 ut
527 3392 751 3447 Romam
788 3390 1056 3458 prolectus
1092 3390 1216 3443 inde
1255 3391 1470 3443 Patrum
1514 3392 1673 3445 ﬁdem
1707 3406 1792 3445 re.-

233 3479 401 3536 l'erret.
448 3485 575 3549 Quo
607 3483 773 3550 magis
810 3482 1121 3533 crederetur
1149 3481 1273 3533 huic
1298 3480 1499 3533 homini
1534 3482 1617 3550 (e)
1645 3523 1660 3544 ,
1697 3482 1793 3535 ad-

227 3572 433 3641 juvabat
464 3583 749 3627 austerum
777 3571 989 3625 vivendi
1033 3588 1201 3640 genus
1226 3612 1240 3636 ,
1270 3583 1322 3627 et
1361 3574 1525 3627 multa
1574 3589 1792 3644 magna-

232 3682 338 3718 rum
369 3665 667 3720 simulacra
698 3665 980 3718 virtutum.
1006 3664 1234 3719 Tantam
1261 3666 1574 3719 cltarilatem
1600 3682 1706 3734 prze
1732 3680 1790 3720 se

231 3758 421 3813 ferebat
442 3759 532 3829 (ί)
560 3768 617 3811 ιιι
646 3774 741 3828 pro
767 3758 954 3828 quavis
981 3758 1159 3811 anima
1195 3758 1454 3812 sollicitus
1479 3759 1785 3823 videretur;

241 3852 311 3921 (ς)
348 3852 707 3908 constantiam
749 3852 801 3906 in
838 3852 942 3904 vita
973 3866 1210 3914 servare,
1257 3860 1309 3903 et
1336 3851 1669 3902 mendacium
1706 3851 1787 3904 vel

231 3942 279 3995 in
314 3944 551 3998 minimis
582 3946 741 3997 rebus
771 3951 827 3995 ut
863 3940 1119 3995 horribile
1151 3942 1402 4009 quiddam
1435 3943 1671 3995 aversari
1704 3942 1785 3994 vi-

229 4033 463 4088 debatur.
1596 4022 1599 4025 ’

290 4125 372 4179 ιν.
401 4124 720 4179 Eustathius
741 4125 1069 4180 Sebastenns
1091 4126 1232 4180 circa
1264 4124 1389 4180 illud
1421 4134 1648 4193 tempus,
1678 4140 1781 4193 quo

230 4230 280 4271 se
308 4215 539 4270 Basilius
572 4218 637 4268 ad
686 4217 803 4284 ejus
838 4217 1127 4271 amicitiam
1174 4220 1463 4287 applicuit,
1510 4220 1782 4285 depositus

229 4318 301 4363 est
342 4310 396 4363 in
438 4307 673 4363 concilio
701 4306 1047 4361 Melitinensi.
1102 4307 1205 4361 Sed
1241 4311 1352 4362 hzec
1379 4309 1665 4377 ignominia
1705 4310 1782 4361 ni-

230 4399 292 4452 bil
334 4411 464 4457 tunc
510 4400 690 4455 nocuit
721 4399 1024 4462 Eustatliio,
1073 4402 1162 4468 qui
1214 4402 1577 4469 episcOpatum
1626 4418 1778 4455 suum

230 4493 438 4545 retinuit
478 4510 492 4547 :
533 4493 640 4545 imo
674 4492 837 4545 decus
864 4492 910 4545 ei
941 4494 1079 4560 apud
1112 4494 1278 4547 bonos
1308 4494 1510 4545 addidit
1538 4536 1551 4558 ,
1600 4504 1780 4561 utpote

1903 2020 2072 2073 stituti
2109 2034 2298 2074 auctor
2324 2020 2530 2073 exstitit
2556 2019 2694 2087 apud
2729 2018 3011 2072 Armenios
3034 2057 3047 2081 ,
3079 2016 3228 2071 Ponti
3260 2014 3461 2069 incolas

1900 2120 1953 2164 et
1991 2094 2377 2180 Paphlagonas,
2405 2120 2458 2163 ut
2492 2126 2558 2165 ex
2601 2109 2901 2162 Sozomeno
2926 2110 3180 2162 discimus
3209 2110 3322 2177 (ut).
3357 2107 3458 2161 So-

1901 2204 2109 2257 zonteni
2146 2204 2510 2257 testimonium
2544 2202 2825 2256 conﬁrmat
2859 2201 3087 2255 Basilius
3135 2204 3211 2268 (η)
3236 2242 3249 2263 ,
3282 2202 3369 2267 qui
3402 2214 3459 2251 se

1902 2295 1966 2344 ad
1999 2294 2332 2347 Eustatliium
2356 2337 2370 2359 ,
2428 2305 2484 2347 ut
2520 2295 2846 2363 prcecipuum
2884 2294 2967 2346 his
3015 2292 3065 2345 in
3104 2292 3238 2346 locis
3270 2307 3455 2345 mona-

1900 2384 2048 2437 stica:
2083 2385 2205 2437 vita:
2243 2388 2591 2453 magistrum,
2642 2386 2892 2439 contulit.
2942 2384 3057 2439 Non
3104 2384 3259 2453 pauci
3302 2391 3459 2437 erant

1898 2476 2183 2530 Eustathio
2212 2478 2481 2544 discipuli.
2514 2493 2742 2544 quorum
2769 2477 3069 2531 charissimi
3096 2478 3295 2545 quique
3315 2492 3457 2530 sem-

1898 2588 1991 2641 per
2020 2588 2141 2627 cum
2173 2571 2369 2626 Basilio
2401 2572 2615 2626 luerunt
2644 2573 2716 2642 (ο)
2746 2592 2757 2625 :
2796 2572 3033 2626 nonnulli
3064 2589 3195 2625 vero
3228 2573 3302 2641 (ρ)
3334 2587 3457 2639 pra-

1900 2666 1978 2717 vis
2007 2667 2118 2718 suis
2152 2665 2393 2720 moribus
2422 2666 2777 2720 monasticum
2827 2666 3126 2718 institutum
3166 2664 3457 2718 dedecora-

1899 2766 2042 2809 ruut.
2100 2758 2254 2811 Plura
2290 2761 2614 2813 monasteria
2639 2801 2653 2825 ,
2695 2760 2808 2813 sive
2852 2760 3029 2826 plures
3068 2758 3451 2820 fraternilalc‘.

1898 2859 1958 2903 ut
1991 2850 2221 2919 appellat
2254 2852 2504 2915 Basilius,
2542 2853 2820 2905 liusrathio
2869 2852 3135 2919 subjectas
3171 2852 3333 2903 fuisse
3368 2852 3452 2901 Vel

1897 2941 2085 2993 saltem
2132 2942 2337 3009 magnis
2378 2958 2499 2996 cum
2538 2957 2601 2995 eo
2632 2942 3116 2997 necessitudinibus
3153 2942 3449 3005 devinctae,

1897 3031 2245 3086 observamus
2284 3034 2348 3085 ad
2397 3033 2553 3101 epist.
2582 3032 2722 3098 225,
2776 3051 2829 3086 ιι.
2862 3034 2909 3087 5.
2970 3034 3124 3087 Stare
3173 3051 3301 3102 ergo
3342 3049 3447 3087 non

1893 3134 2067 3191 porest
2100 3122 2310 3177 Baronii
2339 3126 2625 3186 sententia,
2660 3126 2747 3192 qui
2773 3140 2836 3177 ne
2864 3126 2912 3176 id
2943 3126 3152 3192 quidem
3180 3126 3455 3191 concedit,

1819 3248 1859 3303 Ο
1895 3214 2233 3267 Eustathinm
2298 3216 2652 3269 monasticam
2715 3215 2878 3267 vitam
2952 3214 3250 3283 professum
3310 3229 3447 3268 esse.

1893 3302 2095 3356 Praeter
2124 3301 2301 3355 Basdii
2352 3306 2726 3357 auctoritatem
2776 3305 3035 3358 habemus
3063 3304 3337 3372 Epiphanii
3372 3314 3451 3357 te-

1894 3394 2208 3447 stimonium
2247 3393 2357 3463 (q),
2387 3395 2477 3464 qui
2531 3394 2864 3449 Enstathium
2917 3406 2965 3449 ct
3013 3396 3231 3446 Aerium
3290 3396 3449 3448 simul

1892 3487 2175 3541 asceticam
2224 3487 2387 3540 vitam
2425 3488 2730 3541 exercuisse
2758 3487 2889 3539 dicit
2922 3525 2938 3551 ,
2971 3496 3025 3538 ut
3059 3486 3313 3540 adversus
3348 3486 3452 3538 Ba—

1892 3581 2100 3632 roninm
2138 3580 2391 3632 observat
2421 3578 2816 3633 Tillemontius.
2850 3580 3002 3645 Quod
3034 3589 3211 3633 autem
3245 3590 3453 3647 spectat

1892 3671 1957 3722 ad
1985 3669 2174 3738 synodi
2210 3668 2541 3735 Gangrensis
2593 3678 2822 3737 tempus,
2856 3686 3047 3740 magna
3088 3679 3172 3725 est
3201 3685 3261 3725 ea
3297 3672 3362 3726 de
3392 3687 3451 3727 re

1890 3763 2282 3817 sententiarum
2316 3763 2553 3817 varietas
2578 3802 2592 3824 ,
2635 3764 2753 3816 a'liis
2794 3764 2935 3817 circa
2971 3778 3167 3815 annum
3201 3763 3307 3816 M0
3332 3765 3451 3831 hoc

1890 3852 2174 3907 concilium
2208 3854 2625 3917 collocantibus,
2664 3852 2781 3905 aliis
2812 3862 2928 3922 post
2952 3868 3149 3906 annum
3174 3854 3312 3908 560:
3353 3855 3447 3907 sed

1887 3959 2044 3998 nemo
2090 3944 2217 3999 illud
2257 3946 2322 3999 ab
2366 3956 2524 3999 aetate
2574 3944 2837 3998 Enstathii
2893 3946 3171 3999 Sebasteni
3220 3945 3445 4001 divellit.

1884 4035 2017 4091 Cum
2046 4051 2175 4104 ergo
2202 4037 2439 4106 synodus
2476 4035 2806 4105 Gangrensis
2834 4036 3193 4100 Eustathium,
3226 4037 3311 4092 vel
3340 4040 3449 4093 sal-

1888 4140 1994 4184 tem
2029 4131 2170 4183 illius
2206 4130 2497 4198 discipulos
2531 4130 2795 4184 sententia
2826 4146 2918 4184 sua
2955 4132 3257 4199 notaverit;
3291 4148 3443 4186 cum-

1885 4234 1990 4289 que
2023 4221 2209 4274 iisdem
2244 4221 2293 4273 in
2340 4221 2474 4274 locis
2520 4221 2816 4288 eodemque
2868 4231 3105 4291 tempore
3134 4223 3445 4276 Eustathius

1887 4309 2217 4365 Sebastcnns
2245 4312 2531 4365 monastici
2562 4311 2787 4365 instituti
2821 4312 2921 4365 dux
2957 4323 3011 4365 et
3045 4322 3231 4366 auctor
3260 4312 3441 4376 fuerit,

1884 4418 1981 4456 cur
2019 4404 2155 4455 alius
2185 4413 2457 4471 qmeratur
2491 4404 2842 4457 Eustathius?

1956 4496 2015 4547 2°
2070 4493 2181 4548 Non
2212 4510 2396 4561 magna
2424 4508 2537 4548 erat
2566 4494 2703 4549 inter
2727 4494 2991 4548 Enstatltii
3017 4495 3301 4560 discipulos
3322 4510 3443 4550 sen-

228 4584 285 4639 ab
318 4585 581 4653 improbis
614 4585 831 4639 Arianis
886 4586 1083 4639 inusta.
1128 4586 1222 4640 llis
1270 4586 1411 4639 enim
1456 4588 1587 4641 adeo
1631 4588 1776 4641 cordi
1811 4592 1857 4650 ι)
1888 4587 2174 4639 lentiarum
2220 4587 2543 4638 consensio:
2580 4587 2719 4639 unde
2765 4584 3029 4638 nonnullis
3073 4586 3313 4653 quietiam
3358 4595 3441 4637 at-

228 4675 314 4730 l’uit
348 4680 463 4732 hare
516 4680 787 4747 synodus,
846 4689 902 4731 ut
951 4681 1195 4747 quamvis
1232 4679 1541 4732 Eustathius
1590 4695 1773 4733 eorum

228 4767 458 4824 formula:
488 4784 631 4823 anno
660 4770 763 4824 560
798 4773 1204 4839 subscripsisset
1234 4771 1326 4839 (Ii)
1353 4811 1367 4834 ,
1422 4786 1541 4825 eum
1593 4780 1768 4824 tamen

225 4864 523 4935 episcopatu
565 4865 778 4931 penitus
817 4864 1136 4931 deiecerint.
1179 4874 1457 4931 propterea
1497 4859 1634 4929 quod
1678 4877 1773 4913 an-

226 4965 299 5009 tea
329 4958 380 5009 in
406 4956 638 5011 concilio
673 4954 990 5011 Melitinensi
1023 4956 1297 5025 depositus
1335 4956 1526 5007 fuerat.
1579 4954 1773 5007 Narrat

224 5047 466 5103 Socrates
493 5065 614 5103 eum
643 5049 709 5101 ab
735 5048 937 5102 Eulalio
965 5060 1135 5115 patre.
1164 5046 1768 5115 episcopo~C:esariensi,

222 5140 523 5196 damnatum
554 5159 569 5194 :
599 5143 650 5195 id
676 5141 961 5196 conﬁrmat
987 5140 1337 5205 Suzomenus,
1370 5142 1621 5209 additque
1651 5154 1771 5191 eum

283 5319 353 5388 (α)
396 5319 493 5383 Ep.
523 5317 611 5377 98,
655 5334 706 5369 ιι.
740 5319 787 5369 1.

283 5385 352 5454 (υ)
385 5388 485 5456 Ep.
509 5388 636 5440 Ωιι.
674 5407 723 5440 ιι.
751 5395 815 5445 b;
877 5387 1003 5444 251.
1036 5402 1087 5437 ιι.
1116 5385 1167 5437 2.

505 5456 652 5541 ξῇϐ..
686 5475 737 5511 ιι.
762 5459 836 5541 3;
890 5458 1015 5517 iiii,
1052 5476 1101 5507 ιι.
1136 5456 1185 5509 5.

280 5526 354 5597 (ά)
392 5529 487 5593 Ep.
518 5526 645 5588 ξιιμ,
682 5544 729 5579 n.
758 5528 808 5579 5.

279 5599 360 5668 (e)
386 5598 483 5666 Ep.
508 5598 634 5659 215,
675 5616 725 5648 ιι.
757 5596 811 5647 '2.

275 5671 349 5737 (fl
385 5668 485 5735 Ερι
516 5668 602 5721 79-

275 5678 349 5805 υς
385 5678 602 5791 at
733 5736 763 5749 -

271 5758 348 5880 δῖ)
390 5755 485 5880 ιςξῖξ
518 5754 805 5880 εδὲδῗιέὲ

271 5826 348 5880 (ιι)
390 5826 485 5874 ιιι).
519 5826 643 5867 zoo,
685 5826 735 5857 ιι.
776 5826 827 5858 a.

270 5880 311 5951 (ἰ
338 5881 357 5947 )
388 5878 505 5933 Lib.
540 5894 601 5939 ιι.
635 5892 680 5928 c.
708 5878 790 5928 liti.

489 5994 749 6053 Parnm.
781 5992 897 6051 Gn.
929 5989 1163 6049 XXIX.

1889 4679 2077 4730 tribuit
2111 4680 2367 4745 synodus,
2402 4694 2518 4745 qua:
2545 4679 2595 4730 in
2630 4677 2761 4731 alios
2784 4692 2888 4730 non
2924 4677 3147 4731 confert.
3180 4680 3267 4729 Ait
3298 4680 3437 4732 enim

1883 4785 1984 4821 non
2028 4785 2347 4821 communem
2372 4786 2479 4822 esse
2502 4772 2728 4821 omnium
2761 4772 3064 4823 sententiam
3089 4810 3103 4831 ,
3133 4772 3219 4823 sed
3250 4787 3435 4822 unum-

1876 4876 2124 4927 quemque
2153 4861 2289 4927 quod
2311 4861 2407 4912 sibi
2432 4860 2681 4926 placuerit
2705 4864 2758 4913 id
2780 4862 3069 4922 asciscere;
3101 4864 3234 4914 unde
3263 4871 3312 4913 et
3336 4860 3439 4913 Ec-

1879 4953 2046 5005 clesia:
2078 4953 2330 5017 rituperia
2358 4963 2402 5003 et
2426 4954 2649 5019 sibiipsis
2681 4954 2927 5005 damnum
2952 4953 3233 5006 conciliant
3259 4970 3277 5006 :
3299 4951 3438 5005 Οὓτε

1880 5043 1986 5113 γὰρ
2015 5043 2163 5111 κοινὴ
2194 5042 2382 5112 γνώμη
2414 5043 2589 5094 αὐτῶν
2620 5044 2870 5095 ἁπάντων
2902 5042 3131 5109 ἐγένετο,
3163 5043 3276 5094 ἀλλ’
3310 5042 3437 5093 ἕκα-

1882 5152 2034 5196 στος,
2081 5136 2216 5202 ὅπερ
2267 5134 2330 5185 ἂν
2376 5134 2714 5203 ἐνεθυμήθη,
2771 5134 2923 5185 τοῦτο
2969 5134 3304 5202 προσέθηκεν
3348 5136 3433 5185 ἐπὶ

1951 5311 2028 5378 (j)
2070 5309 2186 5362 Lib.
2216 5325 2297 5371 ιιι,
2330 5310 2495 5361 c.14.

1947 5380 2019 5450 (It)
2072 5380 2149 5450 {\d
2183 5396 2306 5431 ann.
2329 5378 2457 5431 564.

1945 5448 2032 5514 (l)
2070 5449 2141 5501 De
2167 5452 2411 5514 primatu,
2452 5448 2652 5514 p.453.

1942 5522 2037 5591 (ml
2072 5520 2308 5591 Eib._t_tt,
2342 5533 2390 5570 c.
2425 5518 2504 5591 1}.

1940 5588 2041 5664 (ιι))
2072 5589 2407 5664 βρ.223,μιι.
2438 5589 2489 5641 3.

1942 5659 2017 5727 (ο)
2072 5660 2203 5711 Ibid.
2240 5676 2290 5711 ιι.

1944 5730 2018 5798 (ιι)
2071 5730 2164 5797 Ep.
2199 5728 2317 5781 119.

1933 5804 2004 5871 (q)
2069 5799 2267 5853 llmres.
2295 5812 2443 5852 Lxxv.
