4206 6492
753 433 863 471 XX"

2094 418 2624 475 l’RULEGOMENA.

752 536 966 606 διαϐολῇ
997 537 1092 605 τῆς
1136 535 1488 603 Ἐκκλησίας,
1536 536 1625 586 καὶ
1659 534 1850 585 ἑαυτοῦ
1890 534 2078 604 βλάϐῃ.
2129 538 2179 590 Id
2224 551 2366 594 au-t

2386 580 2392 594 ι
2424 556 2523 592 non
2556 556 2638 593 eos
2684 540 2939 593 abstinere
2982 543 3108 593 dicit
3150 543 3474 611 Epiphanius
3510 565 3527 601 :
3566 546 3828 603 Pliilaster
3867 566 3985 603 vero

754 641 858 682 tem
887 630 1141 698 praeclare
1186 628 1433 696 congruit
1465 643 1584 682 cum
1620 626 1877 681 littstathii
1912 626 2193 684 Sehasleni
2234 634 2311 685 itt-

751 724 974 784 stitutis,
1011 721 1144 789 qui,
1186 731 1241 773 ut
1272 719 1408 773 infra
1444 719 1760 782 videbimus,
1801 738 1905 777 non
1944 723 2185 776 cmuohia
2223 724 2309 775 ubi

750 830 937 869 omnes
972 815 1130 868 unius
1167 814 1431 882 praepositi
1472 822 1634 867 nutus
1668 814 1977 877 intuentur,
2023 816 2114 868 sed
2151 818 2307 870 aliam

748 905 981 971 Speciem
1016 904 1260 958 asceticze
1296 906 1447 967 vitm,
1502 906 1587 958 ubi
1636 902 1809 971 major
1854 904 2019 959 multo
2064 906 2305 967 libertas,

750 998 999 1052 instituit.

818 1091 873 1141 δ’
918 1090 972 1140 In
1001 1087 1259 1141 Eustalhii
1303 1084 1574 1152 discipulis
1614 1088 1727 1142 haec
1778 1086 2121 1155 reprehendit
2173 1102 2306 1157 syn-

748 1184 901 1244 odus,
934 1183 1072 1249 quod
1110 1180 1323 1247 nuptias
1346 1180 1732 1246 vitttpcrarent,
1765 1180 1907 1232 viros
1944 1182 2008 1236 ab
2028 1180 2302 1243 uxoribus,

746 1289 942 1327 uxores
974 1289 1001 1325 a
1035 1272 1167 1323 viris
1205 1271 1604 1330 ahslrahcrent,
1637 1272 1777 1323 unde
1806 1270 2068 1327 adulteria
2098 1288 2125 1324 a
2167 1286 2303 1324 non-

744 1368 906 1421 nullis
951 1365 1235 1418 commissa
1273 1382 1285 1417 :
1332 1365 1468 1431 quod
1510 1362 1600 1414 Dei
1662 1361 1848 1416 domos
1901 1372 2304 1417 contemnerent

746 1469 799 1511 et
828 1458 1067 1525 privatos
1100 1464 1396 1509 conventus
1421 1452 1706 1514 haberent,
1728 1453 2022 1506 oblationes
2054 1452 2107 1505 in
2140 1452 2303 1508 eccle-

742 1550 835 1601 siis
870 1549 980 1601 ﬁeri
1024 1548 1213 1601 solitas
1248 1546 1347 1599 sibi
1390 1555 1443 1599 et
1471 1544 1602 1607 suis,
1649 1554 1705 1597 ut
1730 1545 2089 1598 sanctioribus
2122 1545 2300 1599 vindi-

741 1650 936 1692 carent
971 1657 983 1692 :
1016 1638 1156 1707 quod
1186 1637 1459 1689 insolitum
1490 1636 1796 1689 vestimenti
1828 1649 1993 1703 genus
2010 1645 2298 1704 gestarent,

740 1729 995 1783 mulieres
1028 1728 1165 1780 virili
1200 1738 1346 1781 veste
1378 1728 1689 1792 induerent,
1729 1728 1962 1794 virgines
1994 1728 2299 1793 tenderent,

737 1834 921 1872 servos
965 1834 994 1871 a
1034 1818 1267 1873 dominis
1290 1817 1627 1871 abducerent
1661 1831 1674 1867 :
1712 1816 1850 1882 quod
1901 1816 1987 1868 die
2020 1815 2299 1869 Dominico

730 1912 1061 1980 jejunarent,
1107 1921 1160 1963 et
1201 1908 1402 1975 jejunia
1453 1909 1502 1960 in
1537 1906 1779 1961 ecclesiis
1816 1907 2128 1975 praescripta
2162 1922 2291 1962 con-
2328 1908 2369 1961 Β

742 2011 1039 2055 temnerent
1084 2014 1099 2053 :
1137 2001 1277 2069 quod
1328 2000 1567 2053 nonnulli
1608 2014 1793 2055 eorum
1835 1999 2077 2053 carnium
2118 2016 2292 2069 usum,

736 2104 789 2145 ut
824 2093 1191 2163 illegitimum,
1247 2102 1660 2157 aversarentur,
1700 2108 1753 2151 et
1801 2100 1853 2151 in
1891 2100 2137 2153 domibus
2167 2114 2292 2153 con-

727 2186 1036 2253 jugatorum
1064 2202 1130 2239 ne
1168 2200 1355 2254 preces
1380 2186 1593 2253 quidem
1626 2186 1739 2241 ﬁeri
1773 2189 1968 2245 debere
1997 2192 2292 2245 contende-

732 2287 851 2329 rcnt
876 2297 887 2330 :
917 2281 981 2330 de
1034 2278 1313 2331 sacriﬁciis
1355 2283 1529 2328 autem
1562 2275 1633 2331 ibi
1676 2294 1817 2348 saepe
1847 2281 2039 2336 oblatis
2075 2290 2294 2353 tangere

734 2371 969 2423 nollent:
999 2370 1363 2439 presbyteros,
1420 2372 1507 2439 qui
1552 2388 1746 2427 uxores
1779 2374 2007 2439 duxere,
2051 2388 2295 2432 contem-

733 2472 939 2524 ncreut,
991 2478 1087 2517 nec
1111 2478 1295 2518 eorum
1322 2466 1566 2519 sacrificii
1593 2468 1874 2534 participes
1909 2484 2025 2524 esse
2064 2470 2290 2524 vellent:

731 2564 1025 2625 tnartyrum
1075 2557 1322 2611 basilicas
1365 2568 1417 2611 et
1464 2574 1581 2625 qua:
1624 2559 1731 2612 illic
1762 2564 1929 2624 fiunt,
1972 2562 2293 2615 condemna-

732 2660 882 2712 rent,
917 2650 1143 2716 denique
1189 2649 1443 2703 divitibus
1490 2666 1594 2703 non
1626 2651 1801 2704 omnia
1834 2666 1926 2704 sua
1961 2652 2293 2719 projicienti-

728 2740 828 2792 bus
863 2754 1011 2805 spem
1052 2739 1191 2808 apud
1225 2740 1390 2795 Deum
1445 2743 1854 2810 prmeluderent.
1905 2743 2013 2797 Cur
2060 2744 2172 2798 haec
2226 2745 2294 2799 ad

737 2834 999 2887 Eustathii
1032 2833 1312 2888 Sehasteui
1348 2837 1641 2906 discipulos
1676 2836 1995 2902 referamus,
2032 2852 2137 2892 non
2174 2837 2291 2893 leve

726 2934 1101 2993 argumentum
1162 2930 1467 2995 suppeditat
1521 2930 1715 2983 Acrius
1774 2931 1825 2983 in
1882 2935 1983 2984 hoc
2042 2930 2293 2985 sodalitio

726 3018 881 3087 longe
940 3018 1353 3083 celeberrimus,
1411 3021 1490 3072 cui
1542 3020 1705 3073 multa
1760 3022 2071 3075 tribuuntur
2119 3022 2292 3075 simil-

729 3112 854 3164 lima
899 3112 962 3165 iis
1013 3128 1129 3181 qum
1184 3113 1414 3180 synodus
1455 3111 1780 3183 Gangrensis
1822 3113 2193 3183 reprehendit.
2247 3112 2292 3167 Is

726 3204 891 3263 enim,
919 3212 1053 3255 teste
1077 3202 1371 3270 Epiphanio
1400 3204 1497 3271 (a),
1518 3220 1762 3273 magnam
1786 3204 2063 3259 hominum
2090 3203 2292 3259 utrius-

726 3306 828 3355 que
866 3305 1025 3343 sexus
1060 3294 1457 3346 nmltitudinem
1492 3296 1789 3358 abstraxit,
1824 3296 2141 3364 quibuscum
2178 3296 2289 3366 pri-
2321 3269 2363 3328 δ

728 3390 883 3432 vatos
915 3390 1207 3432 conventus
1254 3380 1501 3432 habebat.
1554 3381 1771 3434 Pascha:
1811 3384 2175 3438 celebritatem
2212 3386 2289 3439 ri-

728 3472 927 3536 debat,
956 3472 1233 3540 ieiunabat
1260 3473 1344 3526 die
1382 3472 1658 3527 Dominica
1683 3512 1699 3538 ,
1727 3473 1921 3542 quibus
1955 3486 2135 3528 autem
2180 3478 2293 3530 die-

726 3566 825 3615 hus
850 3563 1048 3633 jejuuia
1096 3564 1401 3618 indicuntur
1443 3566 1509 3619 ab
1537 3565 1771 3620 Ecclesia
1800 3606 1814 3629 ,
1844 3565 2176 3620 vescebatur.
2224 3566 2290 3619 ll-

723 3652 827 3705 lius
855 3664 1152 3709 sectatores
1176 3656 1297 3707 vino
1316 3664 1369 3707 et
1389 3657 1642 3709 carnibus
1669 3655 2017 3726 indulgebant
2040 3657 2288 3723 diluculo,

727 3753 851 3795 tum.
876 3758 993 3796 cum
1032 3742 1211 3796 ﬁdeles
1254 3742 1450 3809 jejunla
1493 3747 1764 3811 paschalia
1795 3749 2149 3804 celebrarent.
2186 3748 2290 3803 lm-

728 3835 1059 3887 moderatum
1110 3833 1434 3904 paupertatis
1464 3834 1696 3888 studium
1725 3875 1739 3900 ,
1778 3838 1914 3903 quod
1953 3840 2293 3906 reprehendit

727 3926 982 3996 synodus,
1010 3927 1140 3981 satis
1168 3927 1369 3981 redolet
1400 3928 1666 3996 ingenium
1692 3928 1833 3981 Aerii
1865 3967 1879 3991 ,
1909 3929 1999 3996 qui
2027 3942 2148 3983 cum
2180 3944 2291 3983 ma-

724 4018 951 4088 gistrum
979 4033 1131 4071 suum
1162 4016 1497 4071 Eustathium
1541 4013 1745 4073 videret
1781 4018 2180 4073 ecclesiasticos
2206 4032 2290 4070 re-

725 4109 870 4159 ditus
905 4108 955 4159 in
988 4107 1235 4161 manibus
1284 4108 1607 4173 habentem,
1654 4111 1776 4165 inde
1820 4127 2003 4164 ansam
2049 4111 2292 4181 capiebat

724 4201 789 4251 de
816 4213 877 4250 eo
907 4197 1259 4260 detrahendi,
1305 4213 1368 4251 ac
1425 4201 1676 4253 omnibus
1727 4202 2004 4255 dictitandi
2039 4219 2143 4256 non
2172 4218 2291 4257 eum

722 4305 841 4344 esse
872 4290 959 4359 qui
997 4290 1258 4343 hactenus
1293 4290 1496 4353 fuerat,
1542 4291 1633 4345 sed
1666 4292 1730 4344 ad
1774 4307 1884 4345 rem
1916 4304 2176 4347 attentum
2197 4335 2213 4361 ,
2241 4304 2294 4349 et

722 4381 1058 4434 cumulandis
1102 4380 1289 4445 opibus
1336 4390 1502 4435 totum
1558 4383 1883 4438 incumbere.
1926 4383 2170 4440 Libertas
2212 4388 2291 4441 vi-

725 4473 875 4525 sendi
904 4473 967 4525 ad
994 4472 1273 4525 arbitrium
1297 4482 1350 4525 et
1373 4474 1657 4535 sentiendi,
1691 4490 1847 4543 quam
1868 4475 1917 4528 in
1944 4486 2085 4529 secta
2110 4492 2137 4529 a
2165 4493 2291 4546 syn-

719 4564 821 4613 odo
868 4562 1118 4613 damnata
1166 4562 1659 4627 animadvertimus,
1713 4579 1816 4617 non
1853 4566 2091 4619 aberata
2129 4581 2288 4635 grege

720 4655 885 4707 Acrii.
918 4653 1165 4708 Testatur
1193 4655 1335 4707 enim
1361 4654 1685 4723 Epiphanius
1709 4657 1989 4710 nonnullos
2015 4670 2284 4711 austerum

722 4744 936 4797 vivendi
978 4760 1145 4813 genus
1178 4744 1483 4809 retinuisse,
1518 4748 1757 4814 quamvis
1796 4746 2035 4815 plerique
2072 4750 2195 4802 vino
2235 4758 2289 4802 et

717 4835 972 4887 carnibus
1014 4849 1133 4888 sese
1182 4834 1592 4904 ingurgitarent.
1647 4838 2045 4890 Matrimonium
2077 4842 2143 4890 ab
2178 4839 2283 4892 Eu-

719 4927 902 4979 stathii
950 4926 1227 4995 discipulis
1267 4928 1557 4997 vituperari
1613 4940 1839 4984 testatur
1883 4930 2115 5000 synodus
2144 4930 2287 4986 Gan—

719 5019 923 5086 grensis
945 5036 959 5073 :
983 5019 1116 5072 idem
1138 5020 1202 5073 de
1217 5019 1378 5074 Aerio
1400 5035 1501 5074 non
1522 5022 1648 5075 dicit
1679 5033 1897 5076 sanctus
1917 5022 2243 5090 Epiphanius
2268 5040 2281 5077 :

716 5108 809 5159 sed
837 5120 1011 5161 tamen
1046 5108 1112 5161 ab
1141 5108 1282 5163 illius
1316 5120 1461 5164 secta
1494 5109 1647 5177 hujus
1692 5114 1895 5167 erroris
1920 5113 2281 5180 suspicionem

717 5216 821 5251 non
855 5199 1088 5255 abfuisse
1124 5201 1379 5255 discimus
1418 5218 1484 5256 ex
1527 5204 1609 5257 his
1644 5205 1816 5257 sancti
1849 5205 2128 5272 Augustini
2170 5220 2285 5258 ver-

714 5294 796 5346 bis
821 5293 894 5365 (b)
928 5312 941 5345 :
984 5294 1209 5357 Quidam
1248 5295 1513 5359 perhibent
1535 5298 1687 5359 istos,
1712 5296 1845 5350 sicut
1884 5294 2185 5349 Encratitas
2211 5296 2287 5348 vel

723 5387 1067 5450 Apotactitas,
1094 5405 1193 5439 non
1213 5390 1479 5441 admittere
1497 5389 1564 5439 ad
1589 5389 1995 5441 communionem
2022 5405 2166 5441 suam
2188 5388 2284 5439 nisi

715 5479 1056 5541 continentes,
1089 5490 1136 5531 et
1178 5495 1262 5531 eos
1296 5480 1383 5548 qui
1412 5480 1603 5533 sa'culo
1644 5481 1718 5533 ita
1764 5480 2189 5542 renuntiaverint,
2232 5489 2285 5532 ut

714 5572 922 5637 propria
970 5572 1114 5623 nulla
1163 5574 1483 5637 possideant.
1541 5574 1614 5625 Ab
1662 5590 1778 5628 esca
1825 5585 1996 5627 tamen
2041 5572 2279 5625 carnium

789 5708 865 5773 (a)
908 5707 1105 5762 "mres.
1142 5727 1300 5765 LXXV.

788 5782 859 5844 tu)
902 5778 1053 5833 Tom.
1090 5779 1220 5844 Vlll,
1258 5784 1441 5838 haeres.
1474 5800 1585 5839 Llll.

788 5854 855 5916 it“)
898 5848 1013 5904 Lib.
1050 5866 1129 5916 ιιι,
1166 5869 1214 5905 c.
1252 5853 1331 5910 Η.

2421 641 2465 680 et
2497 633 2630 683 hanc
2648 632 2719 682 eis
2756 634 2935 685 tribuit
2966 632 3351 689 abstinentiam.

2490 767 2620 819 Cum
2645 782 2772 835 ergo
2809 770 2938 823 nihil
2964 768 3073 824 fere
3109 773 3158 824 iu
3190 773 3453 827 Eustathii
3486 774 3757 845 discipulis
3790 795 3982 853 repre-

2418 857 2613 911 hendat
2654 863 2887 929 synodus
2915 862 3244 930 Gangrensis
3272 907 3285 931 ,
3326 868 3465 935 quod
3520 883 3623 922 non
3670 873 3873 936 pariter
3925 875 3979 928 in

2416 946 2576 1000 Acrio
2626 948 2888 1004 Eustathii
2946 950 3225 1005 Sebasteui
3293 955 3549 1021 discipulo
3600 957 3981 1025 reprehensmn

2417 1034 2611 1103 fuerit,
2653 1038 2863 1093 diﬁirile
2894 1052 2975 1095 est
3009 1042 3319 1097 existimare
3343 1044 3685 1118 Eustathium
3709 1085 3725 1111 ,
3774 1048 3839 1100 de
3871 1067 3981 1119 quo

2416 1128 2653 1194 synodus
2692 1128 2943 1198 loquitur,
2982 1146 3084 1184 nou
3135 1129 3296 1185 fuisse
3326 1134 3467 1186 Aerii
3502 1139 3836 1205 magistrum.
3885 1139 3981 1192 At-

2412 1232 2516 1284 que
2545 1219 2669 1273 hinc
2694 1222 2854 1274 etiam
2886 1233 3035 1289 patet
3067 1224 3332 1277 immerito
3358 1224 3746 1283 Tillemontium
3786 1227 3981 1283 existi-

2413 1324 2559 1362 mare
2605 1312 2740 1367 hanc
2774 1322 2973 1368 sectam
3011 1316 3119 1370 cito
3148 1317 3467 1370 exstinctam
3508 1317 3700 1387 fuisse,
3753 1336 3851 1376 nec
3892 1320 3977 1375 ul-

2412 1397 2514 1451 lam
2550 1401 2615 1453 de
2658 1401 2744 1454 illa
2781 1413 2898 1473 post
2941 1408 3202 1474 synodum
3228 1406 3590 1475 Gangrcnsem
3641 1412 3689 1464 in
3736 1412 3978 1467 historia:

2412 1495 2771 1548 monumentis
2812 1497 3130 1551 mentionem
3183 1514 3482 1553 occurrere.
3530 1500 3641 1555 Etsi
3689 1505 3831 1556 enim
3875 1504 3978 1557 sub

2414 1584 2679 1639 Eustathii
2717 1590 2932 1643 nomine
2978 1592 3187 1657 cognita
3228 1607 3327 1645 non
3371 1591 3470 1645 fuit
3503 1592 3829 1662 Epiphanio,
3856 1594 3976 1649 Au-

2409 1675 2621 1743 gttSllth
2656 1687 2708 1729 et
2736 1677 3022 1733 Philastrio
3046 1718 3060 1741 ,
3093 1693 3239 1736 certe
3276 1683 3339 1735 ab
3370 1682 3484 1747 ejus
3522 1686 3785 1754 discipulo
3809 1687 3976 1741 Aerio

2410 1764 2605 1816 famam
2637 1765 2870 1835 aliquam
2901 1778 2953 1822 et
2986 1783 3176 1823 nomen
3220 1770 3440 1837 accepit.

2470 1902 2733 1957 Eustalbii
2768 1903 3045 1959 Sebasteni
3093 1904 3380 1973 discipulos
3426 1907 3507 1961 his
3557 1910 3851 1963 canonibus
3893 1909 3973 1963 lo—

2403 2011 2521 2050 cum
2549 1997 2759 2051 dedisse
2790 1997 2912 2050 hinc
2944 1998 3108 2051 etiam
3142 1997 3462 2053 conﬁrmare
3486 2015 3789 2069 possumus,
3827 2003 3971 2071 quod

2402 2088 2513 2156 ipsa
2563 2089 2797 2160 synodus
2836 2090 2969 2143 nihil
3016 2092 3079 2143 de
3106 2090 3386 2143 Eustathio
3412 2135 3425 2153 ,
3463 2103 3518 2145 ut
3559 2092 3680 2145 mali
3725 2104 3968 2155 auctore,

2402 2182 2642 2249 asperius
2670 2188 2890 2235 statuat.
2927 2180 3017 2234 Sic
3045 2182 3186 2234 enim
3216 2181 3399 2249 incipit
3432 2183 3669 2252 synodus
3698 2201 3709 2235 :
3750 2183 3969 2253 Ἐπειδὴ

2403 2273 2726 2325 συνελθοῦσα
2777 2277 2808 2344 ἡ
2861 2275 3135 2344 ἀγιωτὰτη
3184 2273 3396 2335 σύνοδος
3429 2275 3534 2325 τῶν
3570 2276 3878 2328 ἐπισκόπων
3912 2279 3971 2327 ἐν

2400 2363 2462 2431 τῇ
2498 2360 2636 2412 κατὰ
2667 2361 2918 2433 Γάγγραν
2946 2363 3208 2433 ἐκκλησίᾳ
3232 2403 3246 2427 ,
3280 2362 3368 2415 διὰ
3412 2380 3559 2426 τινας
3590 2367 3969 2433 ἐκκλησιαστι-

2400 2453 2502 2515 xi;
2545 2452 2769 2523 χρείας,
2820 2454 3161 2525 ζητουμένων
3212 2456 3305 2509 καὶ
3349 2456 3454 2509 τῶν
3500 2458 3615 2508 κατ’
3648 2457 3967 2521 Εὑστάοιον,

2400 2545 2620 2615 εὕρισκε
2667 2544 2834 2597 πολλὰ
2903 2548 3153 2616 ἀΘέσμως
3203 2549 3456 2619 γινόμενα
3502 2548 3602 2601 ὑπὸ
3636 2548 3835 2601 τούτων
3869 2547 3970 2601 αὺ-

2398 2638 2507 2690 τῶν
2550 2638 2657 2689 τῶν
2696 2640 2825 2708 περὶ
2862 2639 3187 2691 Εὑστάθιον·
3239 2642 3547 2707 ἀναγκαίως
3596 2642 3824 2714 ὥρισεν,
3874 2640 3969 2693 καὶ

2400 2732 2532 2783 πᾶσι
2585 2731 2814 2800 φανερὸν
2873 2731 3094 2799 ποιῆσαι
3143 2731 3500 2796 ἐσπούδασεν,
3556 2735 3634 2795 εἰς
3687 2734 3969 2805 ἀναίρεσιν

2400 2823 2505 2876 τῶν
2545 2824 2633 2876 ὑπ’
2676 2822 2837 2876 αὐτοῦ
2879 2823 3063 2886 κακῶς
3105 2823 3422 2894 γινομένων.
3472 2822 3731 2889 Quoniam
3778 2838 3965 2875 conve-

2401 2920 2550 2971 niens
2598 2920 2927 2971 sanctissima
2974 2918 3198 2987 synodus
3251 2920 3601 2987 episcoporum
3646 2920 3698 2969 in
3746 2914 3966 2968 ecclesia

2401 3008 2693 3079 Gangrensi
2744 3021 2950 3077 propter
2988 3010 3364 3063 ecclesiasticas
3407 3010 3659 3077 quasdam
3699 3017 3744 3059 et
3788 3024 3967 3059 neces-

2398 3102 2568 3149 sarias
2605 3114 2828 3162 causas,
2872 3116 2987 3150 cum
3032 3108 3079 3150 et
3130 3100 3190 3149 de
3230 3099 3293 3149 iis
3346 3114 3460 3165 qua:
3509 3099 3574 3149 ad
3623 3096 3964 3150 Eustathium

2398 3196 2664 3256 spectant,
2693 3201 3009 3256 quwreretur
3030 3228 3042 3249 ,
3076 3188 3239 3240 multa
3280 3192 3467 3256 reperit
3504 3191 3702 3261 nefarie
3730 3195 3791 3244 ab
3834 3195 3963 3262 ipsis

2398 3281 2502 3335 illis
2534 3280 2800 3334 Ettstathii
2823 3281 3092 3347 discipulis
3115 3281 3265 3348 ﬁeri;
3296 3286 3582 3337 necessario
3604 3301 3665 3337 ea
3687 3286 3749 3337 de
3778 3301 3832 3337 re
3853 3297 3966 3338 sta-

2401 3375 2518 3440 tuit,
2558 3391 2617 3427 ac
2649 3384 2771 3427 nota
2802 3374 3038 3427 omnibus
3080 3373 3251 3443 facere
3296 3376 3547 3438 decrevit,
3584 3392 3698 3443 qua:
3736 3375 3869 3428 male
3894 3377 3963 3428 ab

2399 3481 2457 3517 eo
2483 3465 2638 3531 ﬁunt.
2682 3464 2991 3533 Legendum
3020 3479 3139 3519 esse
3179 3465 3270 3519 ὑπ’
3293 3466 3499 3527 αὐτῶν,
3535 3477 3585 3518 et
3619 3467 3960 3531 vertendum,

2398 3570 2513 3621 qua:
2547 3556 2679 3610 male
2718 3558 2779 3609 ab
2811 3556 2915 3609 illis
2954 3557 3110 3623 ﬁunt,
3152 3558 3471 3626 perspicitur
3504 3574 3568 3611 ex
3598 3558 3679 3611 his
3712 3572 3830 3627 quin
3871 3573 3963 3612 se-

2398 3653 2653 3714 quuntur,
2691 3650 2785 3699 καὶ
2823 3648 2928 3716 γὰρ
2958 3652 3021 3702 ἐκ
3045 3649 3136 3701 τοῦ
3174 3650 3624 3720 καταμέμφεσθαι
3650 3650 3845 3714 αὐτοὺς
3869 3650 3963 3705 τὸν

2398 3740 2572 3809 γάμον
2597 3756 2609 3768 ⁸
2646 3756 2767 3792 nam
2794 3756 2857 3792 ex
2893 3758 2948 3793 eo
2981 3744 3118 3807 quod
3152 3745 3359 3809 nuptias
3397 3744 3706 3811 vituperent,
3739 3753 3840 3798 etc.
3868 3742 3962 3797 Ni-

2400 3836 2473 3889 hil
2505 3849 2635 3890 sane
2674 3835 2727 3889 in
2766 3835 2869 3888 hac
2893 3836 3079 3904 synodi
3114 3834 3427 3903 prmfatione
3456 3838 3723 3904 reperias,
3754 3852 3820 3889 ex
3852 3851 3962 3906 quo

2400 3936 2711 3979 accusatum
2744 3926 2911 3980 fuisse
2941 3925 3275 3979 Eustathium
3308 3935 3507 3995 pateat.
3542 3924 3750 3995 Ubique
3789 3927 3840 3979 in
3877 3927 3961 3980 di-

2398 4015 2635 4082 scipulos
2673 4016 2898 4069 crimina
2928 4016 3265 4083 rejiciuntur,
3302 4016 3444 4070 nulla
3469 4017 3566 4085 ipsi
3597 4016 3773 4071 inusta
3805 4017 3955 4086 igno-

2396 4106 2582 4171 minia,
2619 4108 2863 4173 quamvis
2906 4108 3136 4160 maxima
3186 4106 3325 4161 inuri
3363 4109 3629 4173 debuerit,
3657 4110 3702 4163 si
3760 4108 3959 4163 facino—

2397 4214 2513 4253 rum
2564 4207 2750 4252 auctor
2791 4198 3129 4251 existimatus
3180 4198 3385 4251 fuisset.
3434 4200 3607 4268 Atque
3659 4201 3709 4254 id
3740 4203 3957 4269 quidem

2400 4288 2621 4343 miriﬁce
2651 4288 2901 4343 convenit
2948 4288 3229 4342 Eustathio
3264 4289 3590 4356 Sebasteno,
3632 4308 3787 4361 quem
3818 4307 3954 4347 non-

2399 4380 2550 4444 nulli,
2588 4389 2721 4433 teste
2752 4380 3050 4434 Sozomeno
3074 4378 3166 4449 (c),
3206 4379 3284 4434 sic
3310 4379 3703 4448 defendebant,
3747 4392 3805 4437 ut
3842 4382 3956 4437 eul-

2399 4486 2519 4538 pam
2548 4486 2759 4523 omnem
2796 4472 2846 4524 in
2885 4472 2999 4539 ejus
3033 4471 3323 4540 discipulos
3362 4471 3706 4539 conferrent,
3746 4489 3844 4529 nec
3873 4474 3958 4527 ul-

2406 4561 2508 4611 lam
2537 4561 2703 4627 ipsius
2732 4561 2931 4614 nomini
2952 4562 3049 4613 hac
3078 4561 3130 4613 in
3162 4576 3219 4614 re
3251 4561 3511 4615 maculam
3540 4563 3769 4618 insidere
3801 4574 3956 4633 pate-

2398 4664 2601 4707 rentur.
2627 4652 2837 4707 Pondus
2860 4654 3003 4707 addit
3028 4652 3150 4708 huic
3172 4656 3448 4709 sententia:
3483 4668 3703 4711 sanctus
3720 4656 3953 4725 Epipha-

2396 4745 2514 4798 nius
2555 4746 2653 4813 (d),
2682 4746 2775 4813 qui
2809 4745 3027 4799 Aerium
3062 4756 3291 4800 testatur
3311 4787 3325 4811 ,
3357 4761 3643 4819 postquam
3670 4753 3735 4807 ab
3760 4752 3953 4807 Eusta-

2389 4837 2499 4889 thio
2524 4850 2643 4890 sese
2674 4836 2955 4905 disjunxit,
3005 4838 3069 4891 ad
3104 4836 3335 4893 absurda
3381 4840 3468 4893 illa
3518 4842 3757 4895 instituta
3793 4844 3953 4899 deﬁe-

2386 4926 2546 4979 xissc.
2594 4926 2686 4981 His
2710 4927 3035 4981 novitatibus
3070 4926 3202 4982 alios
3230 4944 3449 4985 errores
3476 4930 3689 4999 adjecit.
3727 4931 3858 4986 Nam
3893 4945 3963 4989 et-

2384 5021 2612 5073 Arianus
2673 5030 2823 5085 erat,
2874 5032 2927 5075 et
2977 5036 3162 5088 preces
3206 5038 3302 5091 pro
3344 5026 3566 5078 mortuis
3614 5024 3835 5079 tollebat
3892 5038 3947 5081 et

2385 5114 2725 5180 presbyteros
2762 5113 3075 5181 adaequabat
3096 5114 3379 5184 episcopis.
3409 5114 3512 5169 Sed
3540 5117 3654 5170 ﬁeri
3690 5118 3948 5174 facillime

2386 5204 2573 5271 potuit,
2624 5214 2679 5257 ut
2722 5204 2775 5257 hi
2832 5219 3041 5259 errores
3080 5206 3387 5275 aliquandiu
3422 5208 3629 5263 occulte
3666 5213 3837 5279 sparsi
3878 5214 3945 5266 ad

2386 5298 2574 5364 synodi
2629 5311 2786 5349 aures
2838 5311 2939 5349 non
2990 5299 3351 5365 pervenirent.
3403 5297 3551 5365 Quod
3608 5301 3650 5354 si
3706 5316 3944 5356 canones

2385 5386 2723 5455 Gangrenses
2768 5388 2833 5441 ad
2860 5388 3075 5441 Aerium
3132 5388 3435 5454 referimus,
3492 5392 3785 5447 dill‘ereuda
3840 5396 3943 5449 erit

2388 5478 2499 5531 llil‘C
2528 5479 2794 5547 synodus,
2824 5489 2881 5532 ut
2909 5479 3116 5534 Socrati
3147 5484 3216 5551 (e)
3249 5491 3301 5535 et
3333 5482 3631 5538 Sozomeno
3663 5485 3729 5553 (Γ)
3766 5486 3941 5541 visum

2384 5578 2492 5632 est,
2518 5586 2688 5639 usque
2714 5571 2781 5623 ad
2817 5571 3184 5642 episcopatum
3217 5574 3504 5631 Eustathii.
3537 5576 3755 5633 Aerium
3796 5579 3941 5634 enim

2455 5710 2532 5782 (ά)
2571 5710 2769 5765 Ιῐτετεε.
2810 5728 2968 5766 Lxxv.

2475 5784 2521 5849 e)
2562 5782 2679 5833 Lib.
2715 5798 2770 5843 II,
2807 5799 2855 5835 c.
2880 5782 2966 5835 46.

2473 5854 2526 5921 f)
2557 5852 2671 5907 Lib.
2702 5868 2757 5907 In
2783 5892 2796 5918 ,
2831 5854 2989 5907 c.14.
