4206 6504
1556 453 1714 509 VlTA
1754 454 1808 507 S.
1852 452 2114 506 BASILII.

3316 470 3448 506 ΣΧΙΙΙ

254 586 304 636 ιιι
332 580 604 635 Eustathio
631 579 896 649 disjunxit
926 578 1118 633 invidia
1152 578 1247 648 (α),
1282 592 1437 647 quam
1469 588 1524 632 ut
1553 579 1785 649 placaret
1814 586 1860 640 Α
1888 593 1948 632 ea
1987 577 2125 642 quod
2145 574 2367 628 Basilius
2394 575 2468 643 (Α)
2495 583 2923 644 enm,postquam
2955 586 3104 628 ream
3129 575 3180 628 in
3199 576 3447 642 patriam,

242 669 554 733 Eustathius,
579 670 957 741 presbyterum
1012 669 1211 723 creavit
1254 670 1510 733 Aerium,
1566 671 1786 737 ptocho—

245 764 437 830 trephio
466 762 727 830 praefecit,
788 777 882 816 nec
923 761 1078 814 ullam
1127 761 1468 814 hmnanitatis
1515 772 1567 814 et
1597 763 1784 816 amici-

243 855 320 906 tize
340 852 784 921 signiﬁcationem
799 853 1156 924 praetermisit.
1174 851 1276 906 Sed
1302 853 1607 906 insanabilis
1630 856 1786 908 exsti-

245 946 301 998 tit
329 945 533 998 Acrius.

289 1035 356 1087 ‘Si
379 1035 492 1100 quis
533 1044 720 1090 tamen
772 1051 892 1091 cum
950 1036 1286 1091 Tillemontio
1332 1036 1618 1089 contendat
1655 1051 1778 1106 syn-

243 1128 387 1180 odum
413 1124 778 1196 Gangrensem
810 1142 932 1183 ante
959 1145 1152 1182 annum
1183 1129 1276 1182 541
1324 1127 1558 1181 habitam
1597 1127 1779 1191 fuisse,

242 1227 503 1284 propterea
532 1219 677 1285 quod
715 1219 853 1271 illius
875 1234 1107 1272 canones
1145 1219 1196 1271 in
1221 1217 1464 1272 omnibus
1513 1217 1781 1270 collectio-

241 1309 383 1362 nibus
407 1321 528 1363 ante
555 1311 920 1364 Antiochenos
946 1325 1177 1364 canones
1207 1309 1330 1361 anni
1353 1308 1449 1361 5H
1492 1323 1777 1362 recensen-

242 1410 335 1464 tur,
360 1403 600 1469 equidem
633 1402 759 1454 huic
794 1404 1073 1456 sententia:
1099 1417 1202 1456 non
1229 1403 1554 1470 repugnabo,
1586 1402 1779 1470 quippe

238 1508 344 1547 cum
374 1494 454 1549 his
492 1495 542 1548 in
593 1495 753 1548 rebus
788 1495 922 1548 nihil
956 1495 1240 1549 admodum
1279 1495 1411 1548 certi
1465 1496 1772 1549 habeamus.

239 1583 334 1638 Sed
371 1601 486 1639 cum
521 1586 688 1638 etiam
739 1597 864 1639 ante
899 1586 1026 1640 illud
1071 1598 1277 1655 tempus
1321 1587 1633 1641 Eusmthius
1680 1587 1777 1639 Se-

237 1678 469 1733 bastenus
512 1681 798 1734 ntonastiei
848 1681 1073 1735 instituti
1118 1691 1306 1735 auctor
1342 1682 1396 1735 in
1426 1683 1674 1735 Armenia
1721 1689 1776 1735 et

236 1769 572 1838 Paphlagonia
604 1783 659 1826 et
696 1771 867 1829 Ponto
915 1775 1216 1840 exstiterit,
1267 1776 1318 1828 in
1371 1775 1511 1829 hunc
1543 1775 1774 1828 maxime

236 1861 462 1914 videntur
487 1877 724 1917 canones
752 1864 1086 1932 Gangrenses
1112 1865 1421 1918 convenire.

1895 670 2189 721 beatissimo
2224 665 2476 719 Cwsarerc
2522 668 2760 733 episcopo
2817 665 3129 735 Hermogen‘i
3161 666 3446 732 confessio-

1893 779 2004 814 nem
2037 776 2179 813 same
2218 760 2340 827 ﬁdei
2386 759 2628 810 obtulisse
2665 759 2812 812 dicit.
2861 758 2987 812 lude
3035 759 3304 812 concludit
3352 759 3448 810 do-

1893 851 2160 904 ctissimus
2191 851 2421 918 scriptor
2447 850 2879 916 distinguendum
2924 850 3068 902 illum
3105 865 3222 903 esse
3250 851 3313 901 ab
3343 848 3449 900 alin

1891 941 2191 1004 Eustathio,
2225 955 2381 1007 quem
2419 942 2726 993 Armenium
2764 938 2927 992 fuisse
2970 955 3071 992 non
3104 940 3329 1002 dubitat,
3371 939 3448 991 si-

1891 1033 2104 1102 quidem
2130 1033 2365 1101 synodus
2389 1029 2716 1098 Gangrensis
2733 1031 3006 1096 epistolam
3026 1047 3172 1084 suam
3206 1030 3448 1085 inscrib‘t

1889 1126 2152 1193 episc0pis
2187 1125 2472 1185 Armenim,
2508 1139 2735 1191 quacum
2780 1121 3086 1175 Eustathius
3118 1123 3446 1176 Sebasténus

1889 1216 2086 1268 nullam
2120 1215 2325 1268 videtur
2347 1225 2468 1266 ante
2491 1215 2856 1281 episcopatum
2879 1213 3317 1266 necessitudinem
3346 1213 3443 1266 ha-

1887 1309 2084 1360 huisse.

1958 1396 2176 1448 Etiamsi
2208 1396 2514 1450 Eustathius
2537 1394 2885 1449 Ca:sariensis
2915 1405 3002 1447 aut
3028 1395 3214 1448 saltem
3246 1396 3445 1464 Cappa-

1885 1485 1992 1540 dox
2024 1486 2212 1539 fuisset
2231 1527 2244 1550 ,
2273 1501 2608 1554 nequaquam
2639 1485 2688 1538 id
2717 1486 3002 1554 prohibere
3028 1484 3208 1539 debuit
3235 1490 3446 1554 quomi-

1887 1593 1988 1632 nus
2019 1579 2251 1649 synodus
2303 1594 2452 1633 suam
2490 1579 2774 1648 epistolam
2819 1579 3138 1632 inscriberet
3179 1581 3444 1648 episcopis

1882 1669 2168 1736 Armenia},
2205 1672 2247 1725 si
2286 1671 2356 1725 ibi
2395 1672 2728 1740 potissimum
2764 1670 2905 1723 illius
2938 1671 3151 1739 vigebat
3178 1682 3344 1726 secta.
3376 1674 3446 1724 At

1885 1762 2222 1815 Eustatliium
2274 1761 2658 1816 GmSariensem
2717 1771 2807 1813 aut
2856 1763 3221 1829 Cappadocem
3279 1760 3444 1815 fuisse

1881 1868 1986 1906 non
2028 1862 2174 1906 certo
2202 1853 2541 1907 concluditur
2584 1869 2649 1907 cx
2699 1853 2874 1905 verbis
2913 1854 3066 1906 modo
3106 1852 3298 1907 allatis.
3331 1854 3444 1922 Ipse

297 1951 352 2004 ν.
386 1952 650 2019 Objicitur
685 1958 940 2010 adversus
977 1955 1112 2009 hanc
1151 1959 1471 2010 sententiam
1500 1971 1597 2010 nec
1628 1955 1773 2010 Basi-
1806 1953 1849 2008 B
1879 1943 1958 1997 Ba

1806 1953 1849 2008 Β
1879 1943 2108 1999 Basilius
2141 1960 2281 1997 nunc
2317 1945 2736 2013 Cappadociam,
2770 1957 2825 1999 ut
2861 1960 3018 2013 supra
3068 1946 3315 2012 vidimus,
3347 1963 3441 2014 pa-

233 2041 364 2106 lium,
408 2045 492 2112 qui
547 2047 734 2101 varios
777 2048 895 2099 vita:
924 2047 1186 2102 Eustathii
1230 2057 1454 2102 eventus
1484 2051 1771 2116 recensuit,

233 2150 319 2187 nec
349 2138 490 2191 varia
517 2141 752 2194 conculia
786 2153 904 2205 quae
945 2139 1279 2192 Eustathium
1309 2139 1605 2208 deposuere
1626 2182 1640 2205 ,
1677 2142 1773 2193 hu-

228 2225 306 2293 jus
337 2230 507 2295 probri
546 2229 876 2284 meminisse.
933 2230 1036 2284 Sed
1084 2233 1293 2286 etiamsi
1326 2232 1465 2287 hanc
1510 2235 1771 2288 maculam

229 2329 465 2387 perpetua
519 2317 806 2373 delevisset
853 2319 1072 2384 oblivio,
1125 2322 1318 2376 mirum
1354 2325 1404 2376 id
1451 2325 1616 2378 videri
1667 2340 1770 2378 non

229 2410 446 2476 deberet,
474 2428 597 2465 cum
625 2412 939 2469 Eustathius
962 2415 1042 2470 vel
1071 2425 1222 2470 extra
1254 2415 1461 2483 culpam
1502 2415 1682 2479 fuerit,
1716 2426 1772 2470 ut

227 2517 369 2570 supra
395 2503 656 2570 diximus,
684 2505 764 2558 vel
792 2506 1004 2570 saltem,
1031 2510 1092 2560 ut
1119 2507 1391 2560 existimat
1419 2504 1770 2571 Sozomenus,

227 2593 412 2660 synodo
460 2597 727 2664 paruerit.
787 2596 1009 2651 Videtur
1056 2608 1231 2650 tamen
1265 2598 1314 2650 ei
1358 2597 1585 2651 Basilius
1627 2600 1774 2668 obje-

227 2684 348 2736 cisse
387 2685 711 2756 discipulum
750 2688 966 2740 Aerium
1000 2706 1012 2739 :
1057 2701 1153 2741 nec
1192 2689 1426 2757 synodus
1465 2687 1772 2743 Constanti-

225 2774 510 2843 n0politana
566 2777 712 2830 inter
769 2779 945 2829 varias
1007 2777 1148 2830 illius
1205 2779 1503 2847 deponendi
1559 2795 1768 2845 causas,

226 2865 372 2920 latam
411 2871 475 2923 de
525 2870 620 2923 illo
666 2868 981 2922 sententiam
1012 2868 1308 2939 Gangrensi
1356 2871 1583 2925 concilio
1633 2887 1770 2940 pra:—

225 2960 470 3025 termisit,
517 2961 580 3014 si-
600 2969 775 3011 tamen
812 2960 938 3014 lides
986 2959 1281 3014 adhibenda
1331 2960 1635 3016 Sozomeno
1668 2962 1766 3031 (ὁ),

223 3053 304 3120 qui
333 3061 469 3107 totus
510 3061 684 3114 errat,
731 3065 850 3104 cum
891 3051 1227 3106 Eustathium
1281 3067 1313 3106 a
1359 3050 1767 3122 Gangrensibus

221 3144 511 3212 episcopatu
543 3151 763 3194 exutum
801 3143 947 3197 dicit.

282 3233 466 3300 Objlcit
508 3232 886 3288 Tillemontius
944 3235 1147 3287 nullum
1200 3249 1230 3286 a
1289 3234 1490 3302 synodo
1553 3232 1763 3286 titulum

1883 2036 2038 2089 trium
2083 2036 2343 2104 agnoscit,
2382 2051 2524 2088 nunc
2559 2037 2809 2101 Pontum,
2852 2037 3114 2090 interdum
3147 2038 3304 2090 etiam
3342 2039 3444 2089 Ar-

1883 2128 2137 2183 meniam.
2171 2127 2470 2182 llellenium
2495 2127 2784 2198 Gregorius
2821 2130 3129 2183 Armenium
3162 2144 3278 2182 esse
3306 2145 3441 2183 con-

1881 2218 2050 2286 ceptis
2076 2219 2256 2273 verbis
2279 2222 2514 2273 declarat
2539 2220 2605 2286 (e)
2644 2238 2656 2271 :
2698 2223 2943 2273 eumdem
2967 2230 3139 2274 tamen
3174 2220 3437 2285 hortatur,

1880 2318 1940 2360 ut
2000 2311 2231 2377 patriam
2274 2323 2328 2365 et
2367 2314 2671 2364 communia
2730 2313 2904 2365 studia
2960 2314 3181 2375 veritus,
3241 2313 3442 2370 Basilio

1881 2411 2103 2454 annuat.
2133 2404 2244 2456 Cur
2294 2418 2422 2474 ergo
2466 2405 2797 2473 Cappadocia
2836 2405 3096 2458 Eustathii
3135 2408 3306 2473 patria
3335 2407 3443 2463 dici

1879 2506 1985 2545 non
2017 2494 2208 2560 potuit,
2254 2498 2298 2548 si
2348 2498 2402 2550 in
2435 2498 2606 2552 vicina
2652 2498 2829 2565 aliqua
2877 2498 3091 2564 regione
3124 2508 3276 2551 natus
3320 2500 3440 2552 est?

1879 2585 2012 2638 Eum
2046 2586 2096 2639 in
2128 2588 2381 2641 Armenia
2434 2597 2614 2641 natum
2652 2589 2877 2643 libenter
2919 2590 3220 2659 colligerem
3264 2605 3328 2644 ex
3353 2592 3439 2647 bis

1880 2673 2122 2744 Gregorii
2171 2677 2492 2732 Nazianzeni
2530 2680 2741 2733 verbis;
2787 2682 3082 2742 Armenius,
3114 2683 3284 2750 inquit
3327 2683 3437 2748 ille,

1881 2766 2224 2822 Eustathium
2273 2772 2564 2841 designans
2600 2773 2692 2840 (f),
2741 2772 2895 2839 plane‘
2927 2772 3176 2824 barbarus
3203 2785 3296 2827 est.
3340 2777 3438 2827 Ar-

1878 2859 2040 2912 menii
2086 2862 2300 2915 nomine
2339 2855 2584 2915 similiter
2615 2863 2925 2931 designatur
2949 2881 2975 2916 a
3011 2862 3267 2934 Gregorio
3303 2865 3437 2934 Nys-

1877 2962 2007 3002 seno
2034 2949 2124 3004 lib.
2156 2968 2169 3004 ι
2200 2953 2251 3005 in
2284 2953 2622 3013 Eunomium,
2649 2969 2699 3022 p.
2730 2953 2855 3005 289.

1952 3059 2035 3115 Vl.
2072 3063 2202 3116 Illud
2234 3065 2394 3117 etiam
2429 3065 2493 3116 de
2536 3064 2816 3118 Eustathio
2846 3066 3078 3119 breviter
3123 3068 3436 3121 examinan-

1884 3151 2005 3204 dum
2031 3163 2132 3217 est,
2166 3164 2342 3207 utrum
2383 3153 2697 3222 discipulum
2742 3157 2984 3209 habuerit
3021 3158 3252 3209 Aetium.
3305 3158 3440 3211 Cum

1875 3242 2181 3299 Eustathius
2204 3245 2400 3299 Basilio
2425 3247 2594 3299 instar
2627 3247 2869 3300 criminis
2895 3249 3172 3314 epistolam
3195 3252 3258 3303 ad
3277 3252 3439 3318 Apol-

220 3316 481 3371 Eustathio
544 3319 739 3384 tribui;
772 3335 840 3371 ex
870 3334 974 3386 quo
1020 3323 1210 3376 laieum
1259 3321 1407 3374 illum
1447 3321 1614 3375 fuisse
1644 3337 1771 3376 con-o
1799 3304 1839 3360 (ἶ
1875 3333 1881 3386 1

1799 3304 1839 3360 Ο
1875 3333 2126 3387 liuarium
2194 3338 2448 3404 scriptam
2510 3337 2827 3404 obiecisset;
2891 3341 3223 3394 demonstrat
3283 3343 3433 3395 Basi-

221 3407 374 3462 cludit
421 3419 475 3464 et
518 3410 684 3462 alium
739 3410 807 3464 ab
843 3411 1122 3466 Eustathio
1154 3412 1480 3478 Sebasteno,
1521 3414 1610 3481 qui
1646 3425 1771 3467 tunc

218 3508 385 3569 utpote
426 3501 482 3555 in
536 3501 735 3556 clerum
771 3503 1160 3557 Antiochenam
1193 3518 1334 3558 anno
1369 3503 1465 3558 551
1499 3514 1764 3572 receptus,

218 3591 264 3644 in
298 3593 470 3662 aliquo
512 3595 732 3648 honoris
766 3594 934 3664 gradu
965 3596 1288 3649 consumtus
1332 3604 1449 3649 erat
1473 3635 1488 3661 ,
1523 3610 1586 3649 ac
1633 3595 1768 3647 forte

217 3684 366 3738 etiam
407 3687 695 3755 presbyter
722 3686 854 3752 fuit,
890 3687 934 3740 si
963 3685 1246 3741 concilium
1287 3687 1549 3741 referatur
1580 3683 1645 3736 ad
1673 3697 1766 3736 an-

218 3791 329 3829 num
357 3778 483 3832 540.

277 3883 387 3938 Non
425 3884 664 3940 diﬂieilis
711 3895 793 3941 est
814 3886 966 3953 hujus
997 3888 1075 3943 rei
1112 3888 1438 3958 explicatio:
1477 3891 1589 3943 sive
1621 3890 1764 3943 enim

217 3976 521 4034 Eustathius
555 3979 656 4032 hac
687 3979 737 4032 in
770 3995 825 4033 re
853 3990 1005 4034 extra
1038 3983 1245 4050 culpam
1294 3981 1392 4033 fuit
1421 4000 1434 4045 ;
1487 3982 1618 4034 satis
1649 3991 1767 4033 erat

216 4069 415 4127 aliunde
476 4081 782 4142 suspectus,
816 4082 874 4126 nt
930 4073 1127 4127 nullum
1180 4075 1227 4128 ei
1279 4072 1498 4127 honoris
1553 4073 1763 4125 titulum

213 4163 432 4234 episcopi
481 4166 780 4219 tribuerent
811 4184 824 4218 :
853 4167 964 4220 sive
1012 4181 1194 4220 eorum
1219 4206 1233 4227 ,
1281 4181 1398 4233 quae
1432 4181 1459 4218 a
1490 4163 1762 4230 discipulis

216 4253 418 4319 ﬁebant,
457 4266 649 4309 auctor
688 4265 780 4307 aut
829 4257 1074 4309 conscius
1107 4256 1342 4317 exstitit;
1378 4255 1544 4306 multo
1587 4256 1763 4306 minus

215 4342 448 4407 decebat,
481 4353 540 4394 ιιι
569 4343 617 4396 ei
649 4343 854 4410 signum
891 4343 1103 4411 aliquod
1134 4343 1524 4398 communionis
1561 4344 1760 4413 imper-

213 4434 412 4498 tiretur,
457 4444 745 4502 antequam
787 4437 1033 4490 absurdis
1068 4437 1323 4490 institutis
1353 4437 1678 4492 destitisset.
1699 4437 1764 4490 ll-

213 4523 307 4577 lum
337 4526 482 4580 enim
519 4525 698 4594 aliquo
733 4529 950 4583 honoris
979 4528 1326 4583 ecclesiastici
1362 4531 1516 4583 titulo
1543 4545 1758 4595 ornare,

1873 3426 1976 3479 lius
2004 3425 2075 3495 (g)
2100 3430 2302 3496 mquius
2326 3429 2488 3481 multo
2519 3445 2638 3482 esse
2668 3440 2742 3490 ut,
2791 3433 2832 3481 si
2873 3434 2985 3498 quis
3028 3434 3228 3485 Aetium
3261 3438 3436 3503 genuit

1873 3517 2196 3581 Invreticum,
2247 3523 2300 3570 in
2343 3530 2493 3584 caput
2541 3521 2769 3586 parentis
2803 3522 3032 3576 resiliunt
3064 3525 3163 3590 lilii
3189 3527 3436 3578 crimina-

1872 3609 2054 3658 tiones.
2087 3607 2150 3660 Et
2175 3610 2226 3662 in
2248 3611 2408 3678 epist.
2437 3612 2563 3675 ΞΗ,
2596 3631 2646 3666 n.
2689 3614 2721 3665 5
2756 3631 2767 3663 :
2799 3613 2852 3664 Is
2882 3616 2970 3680 qui
3016 3632 3094 3667 me
3124 3628 3330 3668 accusat
3373 3620 3436 3670 de

1871 3695 2218 3763 Apollinario,
2242 3703 2542 3766 respondeat
2568 3703 2710 3754 nobis
2734 3702 2796 3754 de
2820 3703 2944 3754 Ario
2960 3706 3166 3773 proprio
3187 3710 3434 3772 magistro

1871 3803 1964 3839 suo
1995 3797 2039 3838 et
2071 3791 2132 3839 de
2165 3789 2309 3841 Aetio
2331 3793 2537 3858 proprio
2563 3810 2655 3845 suo
2686 3794 2961 3858 discipulo.
2985 3795 3088 3847 Sed
3115 3796 3268 3849 hisin
3302 3799 3435 3852 locis

1869 3880 2299 3933 substituemlum
2351 3883 2557 3934 videtur
2605 3899 2794 3936 nomen
2850 3886 3010 3940 Aerii.
3065 3887 3194 3941 Nam
3237 3891 3339 3944 alio
3381 3895 3433 3945 in

1868 3971 1984 4025 loco
2025 3972 2098 4038 (lt)
2134 3974 2319 4024 eadem
2363 3976 2424 4025 de
2469 3991 2523 4026 re
2563 3992 2721 4042 agens
2758 3977 2983 4033 Basilius
3029 3995 3272 4035 neutrum
3315 3988 3434 4053 qui-

1868 4062 1985 4113 dem
2015 4063 2274 4126 nominat,
2309 4065 2399 4117 sed
2433 4081 2551 4133 qlia:
2580 4068 2707 4120 dicit
2744 4069 2840 4122 soli
2886 4073 3045 4123 Aerio
3070 4077 3422 4127 conveniunt.

1871 4148 2011 4205 Nam
2037 4169 2126 4206 nec
2160 4156 2268 4223 ipse
2299 4173 2505 4222 accuso,
2551 4158 2744 4225 inquit,
2782 4162 2824 4210 si
2856 4166 2969 4228 quis
3013 4181 3076 4215 ex
3113 4167 3354 4219 soi/alitro
3380 4186 3430 4220 in

1866 4244 2101 4297 heresim
2123 4247 2378 4298 abscissus
2397 4260 2468 4297 est
2491 4249 2721 4316 (omnino
2746 4260 2917 4303 autent
2937 4255 3166 4306 homines
3193 4260 3426 4317 noristis,

1867 4338 2068 4389 tametsi
2099 4339 2402 4389 nominatim
2432 4354 2530 4389 non
2553 4341 2797 4408 appello),
2823 4347 2940 4409 quin
2959 4348 3307 4413 unusquisque
3333 4367 3425 4401 suo

1865 4429 2028 4494 ipsius
2054 4439 2258 4496 peream
2297 4430 2570 4480 morietur.
2614 4431 2706 4484 llis
2739 4448 2866 4485 sane
2898 4435 3077 4489 verbis
3110 4439 3300 4505 aliquis
3351 4444 3428 4492 in-

1866 4520 2072 4572 dicatur
2097 4533 2163 4571 ex
2189 4519 2402 4586 pietatis
2429 4522 2707 4592 disciplina
2737 4525 2786 4574 in
2832 4525 3079 4578 haeresim
3109 4529 3285 4595 lapsus
3319 4547 3423 4583 non

211 4612 596 4665 communionis
626 4614 834 4681 signum
866 4617 1072 4670 fuisset,
1106 4615 1194 4670 Sic
1224 4617 1449 4672 Basilius
1483 4619 1552 4688 (ε)
1590 4619 1641 4672 in
1674 4621 1758 4672 lit-
1795 4647 1837 4699 D
1867 4611 2126 4679 probante
2154 4614 2429 4683 magistro.
2455 4617 2508 4668 ΙιΙ
2542 4627 2715 4667 autem
2752 4619 2953 4684 optime
2979 4624 3425 4689 ρυιινιδιιίιΛρῐίυ,

215 4701 330 4754 teris
361 4703 427 4756 de
454 4700 704 4772 Glycerio
728 4713 778 4756 et
810 4706 874 4756 ad
906 4706 1208 4776 Glycerium
1254 4710 1471 4775 scriptis
1497 4749 1512 4771 ,
1544 4710 1754 4762 diaconi

214 4788 414 4846 titulum
461 4795 512 4847 ei
543 4811 646 4848 non
682 4795 884 4859 tribuit,
917 4799 1159 4865 quamvis
1187 4799 1419 4851 nondum
1442 4815 1562 4853 eum
1597 4802 1756 4867 depo-

211 4882 412 4948 suisset,
465 4887 557 4940 sed
597 4897 800 4939 tantmn
833 4887 986 4952 hujus
1017 4906 1185 4959 pinna:
1227 4890 1398 4942 minas
1443 4893 1753 4953 intentaret,

211 4977 300 5030 nisi
345 4977 451 5030 cito
507 4980 706 5033 rediret
749 4993 867 5032 cum
904 4980 1196 5049 virginibus
1219 5023 1233 5044 ,
1264 4996 1397 5051 quas
1424 4997 1453 5035 e
1477 4992 1756 5050 parentum

211 5071 446 5123 domibus
482 5071 787 5126 abstractas
822 5073 870 5126 in
900 5088 1057 5125 unmn
1090 5077 1248 5130 veluti
1283 5090 1493 5146 gregem
1526 5077 1754 5144 college-

211 5171 300 5212 rat.
344 5162 471 5215 Vide
506 5172 618 5214 not.
651 5165 716 5215 ad
755 5167 912 5233 epist.
945 5165 1077 5226 1‘29,
1113 5184 1164 5235 p.
1193 5170 1314 5221 22:”.

271 5253 603 5308 Eustathium
663 5253 1010 5310 Sebastenum
1061 5257 1432 5316 Tillemontius
1485 5263 1745 5318 C;esare;e

206 5352 289 5395 aut
315 5346 500 5401 saltem
533 5348 582 5400 in
608 5344 945 5415 Cappadocia
971 5361 1151 5404 natum
1178 5353 1469 5417 existimat,
1505 5366 1752 5425 prepter-

270 5602 338 5668 (α)
375 5601 644 5671 Epiphan.
680 5606 868 5662 hmres.
904 5625 1056 5666 Lxxv.

269 5678 334 5742 (ιι)
374 5674 488 5726 Lib.
521 5690 598 5732 tv.
636 5692 685 5726 c.
716 5677 801 5729 M.

269 5753 329 5804 (τι
367 5745 460 5810 κν.
498 5744 616 5805 169,
647 5746 767 5813 ιτο,
803 5749 918 5804 171.

267 5818 333 5875 (ίί)
367 5818 456 5879 lup.
482 5817 605 5869 2155.

266 5891 326 5944 (ι’)
357 5886 533 5937 Curtii.
579 5887 660 5937 48.

1866 4703 1957 4768 qui
1988 4708 2334 4759 monasticam
2367 4709 2525 4759 vitam
2560 4724 2681 4760 cum
2725 4711 3003 4766 Eustathio
3053 4718 3424 4782 prolireliatur,

1866 4807 1922 4849 at
1947 4814 2281 4869 nequaquam
2310 4804 2484 4867 Aetio,
2523 4805 2612 4867 qui
2645 4821 2907 4858 summam
2942 4822 3152 4875 semper
3185 4811 3420 4876 impieta-

1867 4899 1971 4942 tem
2009 4907 2115 4958 pra:
2148 4908 2204 4944 se
2237 4893 2373 4957 tulit,
2402 4910 2498 4947 nec
2539 4897 2674 4949 ullus
2707 4898 2809 4950 nisi
2848 4899 2910 4950 ad
2957 4900 3281 4966 impietatem
3316 4918 3427 4953 ma-

1867 4982 2061 5048 gistros
2108 4984 2313 5035 habuit.
2349 4983 2560 5040 Primus
2608 4989 2747 5041 iliius
2786 4989 2970 5042 doctor
3010 4991 3231 5056 exstitit,
3292 5003 3427 5048 teste

1865 5073 2222 5143 PhilOstorgio
2254 5077 2351 5146 (ί),
2386 5077 2642 5133 Paulinus
2673 5082 3060 5135 Antioclienus.
3087 5086 3424 5141 Atedoctum

1864 5169 2026 5221 fuiSse
2078 5169 2143 5221 ab
2179 5169 2455 5224 Eustathio
2503 5186 2598 5224 nec
2656 5172 2941 5242 Gregorius
2983 5174 3275 5243 Nysseuus,
3334 5180 3422 5244 qui

1864 5277 1949 5314 res
1987 5261 2124 5313 Aetii
2171 5273 2417 5314 accurate
2469 5266 2806 5333 persequitur
2845 5265 2947 5332 ti),
2992 5281 3091 5318 nec
3126 5268 3260 5319 ullus
3288 5269 3424 5320 alius

1863 5364 2084 5406 testatus
2125 5363 2206 5406 est
2242 5356 2489 5421 scriptor.
2527 5357 2780 5421 Quamvis
2827 5374 2952 5425 ergo
3003 5361 3138 5425 apud
3169 5360 3421 5412 Basiliam

1930 5614 1996 5681 (ί)
2028 5614 2120 5679 ιιῑρ.
2159 5615 2272 5667 ire.

1927 5689 2000 5748 (ti)
2029 5685 2120 5750 Ep.
2159 5687 2282 5740 9.25.
2317 5705 2368 5738 ιι.
2402 5689 2452 5740 5.

1928 5755 2000 5817 (Ιι)
2039 5755 2128 5817 Ep.
2160 5756 2274 5817 151,
2311 5773 2360 5808 ιι.
2398 5759 2449 5812 2.

1924 5827 1980 5884 (ι)
2033 5824 2143 5873 Lib.
2175 5841 2251 5883 ιιι,
2285 5828 2437 5876 (1.15.

1929 5893 2001 5955 lj)
2031 5909 2041 5941 t
2069 5895 2116 5939 in
2155 5893 2373 5943 littltam.
