  <div class='ocr_page' id='page_1' title='image "/cluster/home/n/w/nwhite01/storage/ocr_20150623/29/uva.x004321530/047.png"; bbox 0 0 4206 6510; ppageno 0'>
   <div class='ocr_carea' id='block_1_1' title="bbox 752 480 874 517">
    <p class='ocr_par' dir='ltr' id='par_1_1' title="bbox 752 480 874 517">
     <span class='ocr_line' id='line_1_1' title="bbox 752 480 874 517; baseline -0.033 0"><span class='ocrx_word' id='word_1_1' title='bbox 752 480 874 517; x_wconf 64' lang='grc' dir='ltr'><strong>λκιν</strong></span> 
     </span>
    </p>
   </div>
   <div class='ocr_carea' id='block_1_2' title="bbox 2087 459 2587 516">
    <p class='ocr_par' dir='ltr' id='par_1_2' title="bbox 2087 459 2587 516">
     <span class='ocr_line' id='line_1_2' title="bbox 2087 459 2587 516; baseline 0.004 -4"><span class='ocrx_word' id='word_1_2' title='bbox 2087 459 2449 516; x_wconf 78' lang='lat' dir='ltr'><strong>PROLEGOM</strong></span> <span class='ocrx_word' id='word_1_3' title='bbox 2459 460 2587 514; x_wconf 80' lang='lat' dir='ltr'><strong>ENA</strong></span> 
     </span>
    </p>
   </div>
   <div class='ocr_carea' id='block_1_3' title="bbox 751 576 3970 649">
    <p class='ocr_par' dir='ltr' id='par_1_3' title="bbox 751 576 3970 649">
     <span class='ocr_line' id='line_1_3' title="bbox 751 576 3970 649; baseline 0 -16"><span class='ocrx_word' id='word_1_4' title='bbox 751 579 886 633; x_wconf 84' lang='lat' dir='ltr'><strong>Aetii</strong></span> <span class='ocrx_word' id='word_1_5' title='bbox 918 592 1110 633; x_wconf 87' lang='lat' dir='ltr'><strong>nomen</strong></span> <span class='ocrx_word' id='word_1_6' title='bbox 1164 578 1397 633; x_wconf 90' lang='lat' dir='ltr'><strong>habeant</strong></span> <span class='ocrx_word' id='word_1_7' title='bbox 1429 591 1614 632; x_wconf 89' lang='lat' dir='ltr'><strong>omnes</strong></span> <span class='ocrx_word' id='word_1_8' title='bbox 1660 577 1871 633; x_wconf 83' lang='lat' dir='ltr'><strong>codices</strong></span> <span class='ocrx_word' id='word_1_9' title='bbox 1917 590 2047 631; x_wconf 85' lang='lat' dir='ltr'><strong>mss.</strong></span> <span class='ocrx_word' id='word_1_10' title='bbox 2077 587 2131 632; x_wconf 94' lang='lat' dir='ltr'><strong>et</strong></span> <span class='ocrx_word' id='word_1_11' title='bbox 2162 578 2312 643; x_wconf 92' lang='lat' dir='ltr'><strong>editi,</strong></span> <span class='ocrx_word' id='word_1_12' title='bbox 2343 585 2389 639; x_wconf 83' lang='grc' dir='ltr'><strong>Α</strong></span> <span class='ocrx_word' id='word_1_13' title='bbox 2416 581 2558 635; x_wconf 89' lang='lat' dir='ltr'><strong>mine</strong></span> <span class='ocrx_word' id='word_1_14' title='bbox 2581 579 2647 633; x_wconf 90' lang='lat' dir='ltr'><strong>ad</strong></span> <span class='ocrx_word' id='word_1_15' title='bbox 2682 576 2978 632; x_wconf 83' lang='lat' dir='ltr'><strong>Hellenium</strong></span> <span class='ocrx_word' id='word_1_16' title='bbox 3028 578 3100 649; x_wconf 88' lang='lat' dir='ltr'><strong>(p.</strong></span> <span class='ocrx_word' id='word_1_17' title='bbox 3138 578 3278 647; x_wconf 86' lang='grc'><strong>106).</strong></span> <span class='ocrx_word' id='word_1_18' title='bbox 3336 578 3441 636; x_wconf 86' lang='lat' dir='ltr'><strong>Sed</strong></span> <span class='ocrx_word' id='word_1_19' title='bbox 3485 581 3639 637; x_wconf 81' lang='lat' dir='ltr'><strong>valde</strong></span> <span class='ocrx_word' id='word_1_20' title='bbox 3670 584 3858 641; x_wconf 87' lang='lat' dir='ltr'><strong>dubito</strong></span> <span class='ocrx_word' id='word_1_21' title='bbox 3904 601 3970 639; x_wconf 70' lang='lat' dir='ltr'><strong>an</strong></span> 
     </span>
    </p>
   </div>
   <div class='ocr_carea' id='block_1_4' title="bbox 749 670 1681 726">
    <p class='ocr_par' dir='ltr' id='par_1_4' title="bbox 749 670 1681 726">
     <span class='ocr_line' id='line_1_4' title="bbox 749 670 1681 726; baseline -0.002 -1"><span class='ocrx_word' id='word_1_22' title='bbox 749 670 1146 725; x_wconf 83' lang='lat' dir='ltr'><strong>substituendus</strong></span> <span class='ocrx_word' id='word_1_23' title='bbox 1172 674 1217 725; x_wconf 90' lang='lat' dir='ltr'><strong>ei</strong></span> <span class='ocrx_word' id='word_1_24' title='bbox 1237 671 1447 726; x_wconf 88' lang='lat' dir='ltr'><strong>videtur</strong></span> <span class='ocrx_word' id='word_1_25' title='bbox 1468 670 1681 726; x_wconf 84' lang='lat' dir='ltr'><strong>Aerius.</strong></span> 
     </span>
    </p>
   </div>
   <div class='ocr_carea' id='block_1_5' title="bbox 1358 783 1706 839">
    <p class='ocr_par' dir='ltr' id='par_1_5' title="bbox 1358 783 1706 839">
     <span class='ocr_line' id='line_1_5' title="bbox 1358 783 1706 839; baseline -0.003 0"><span class='ocrx_word' id='word_1_26' title='bbox 1358 783 1579 839; x_wconf 77' lang='lat' dir='ltr'><strong>CAPUT</strong></span> <span class='ocrx_word' id='word_1_27' title='bbox 1618 783 1706 838; x_wconf 83' lang='lat' dir='ltr'><strong>Vl.</strong></span> 
     </span>
    </p>
   </div>
   <div class='ocr_carea' id='block_1_6' title="bbox 749 874 2311 932">
    <p class='ocr_par' dir='ltr' id='par_1_6' title="bbox 749 874 2311 932">
     <span class='ocr_line' id='line_1_6' title="bbox 749 874 2311 932; baseline 0 -3"><span class='ocrx_word' id='word_1_28' title='bbox 749 875 788 932; x_wconf 90' lang='lat' dir='ltr'><strong>l.</strong></span> <span class='ocrx_word' id='word_1_29' title='bbox 825 876 1050 931; x_wconf 85' lang='lat' dir='ltr'><strong>Sanctus</strong></span> <span class='ocrx_word' id='word_1_30' title='bbox 1081 876 1311 930; x_wconf 80' lang='lat' dir='ltr'><strong>Basilius</strong></span> <span class='ocrx_word' id='word_1_31' title='bbox 1334 878 1645 931; x_wconf 74' lang='lat' dir='ltr'><strong>ctenobitica:</strong></span> <span class='ocrx_word' id='word_1_32' title='bbox 1662 876 1780 929; x_wconf 76' lang='lat' dir='ltr'><strong>vita:</strong></span> <span class='ocrx_word' id='word_1_33' title='bbox 1800 876 2047 929; x_wconf 87' lang='lat' dir='ltr'><strong>auctorin</strong></span> <span class='ocrx_word' id='word_1_34' title='bbox 2067 874 2235 929; x_wconf 81' lang='lat' dir='ltr'><strong>Ponto</strong></span> <span class='ocrx_word' id='word_1_35' title='bbox 2262 886 2311 929; x_wconf 91' lang='lat' dir='ltr'><strong>et</strong></span> 
     </span>
    </p>
   </div>
   <div class='ocr_carea' id='block_1_7' title="bbox 821 945 2311 1015">
    <p class='ocr_par' dir='ltr' id='par_1_7' title="bbox 821 945 2311 1015">
     <span class='ocr_line' id='line_1_7' title="bbox 821 945 2311 1015; baseline -0.002 -15"><span class='ocrx_word' id='word_1_36' title='bbox 821 948 1170 1015; x_wconf 79' lang='lat' dir='ltr'><strong>Cappadocia.</strong></span> <span class='ocrx_word' id='word_1_37' title='bbox 1209 948 1269 1000; x_wconf 93' lang='lat' dir='ltr'><strong>ll.</strong></span> <span class='ocrx_word' id='word_1_38' title='bbox 1298 948 1461 998; x_wconf 76' lang='lat' dir='ltr'><strong>Antea</strong></span> <span class='ocrx_word' id='word_1_39' title='bbox 1484 947 1562 999; x_wconf 83' lang='lat' dir='ltr'><strong>Itis</strong></span> <span class='ocrx_word' id='word_1_40' title='bbox 1605 949 1658 999; x_wconf 85' lang='lat' dir='ltr'><strong>in</strong></span> <span class='ocrx_word' id='word_1_41' title='bbox 1698 946 1819 998; x_wconf 83' lang='lat' dir='ltr'><strong>locis</strong></span> <span class='ocrx_word' id='word_1_42' title='bbox 1846 955 2031 999; x_wconf 81' lang='lat' dir='ltr'><strong>asceta:</strong></span> <span class='ocrx_word' id='word_1_43' title='bbox 2070 945 2173 999; x_wconf 86' lang='lat' dir='ltr'><strong>bini</strong></span> <span class='ocrx_word' id='word_1_44' title='bbox 2219 955 2311 998; x_wconf 86' lang='lat' dir='ltr'><strong>aut</strong></span> 
     </span>
    </p>
   </div>
   <div class='ocr_carea' id='block_1_8' title="bbox 823 1015 2311 1084">
    <p class='ocr_par' dir='ltr' id='par_1_8' title="bbox 823 1015 2311 1084">
     <span class='ocr_line' id='line_1_8' title="bbox 823 1015 2311 1084; baseline -0.001 -16"><span class='ocrx_word' id='word_1_45' title='bbox 823 1018 957 1069; x_wconf 87' lang='lat' dir='ltr'><strong>terni</strong></span> <span class='ocrx_word' id='word_1_46' title='bbox 984 1018 1250 1084; x_wconf 75' lang='lat' dir='ltr'><strong>degebant.</strong></span> <span class='ocrx_word' id='word_1_47' title='bbox 1283 1016 1367 1068; x_wconf 89' lang='grc'><strong>111.</strong></span> <span class='ocrx_word' id='word_1_48' title='bbox 1401 1016 1650 1083; x_wconf 78' lang='lat' dir='ltr'><strong>Gregorio</strong></span> <span class='ocrx_word' id='word_1_49' title='bbox 1679 1017 1875 1079; x_wconf 81' lang='lat' dir='ltr'><strong>scribit,</strong></span> <span class='ocrx_word' id='word_1_50' title='bbox 1912 1032 2128 1084; x_wconf 86' lang='lat' dir='ltr'><strong>eumque</strong></span> <span class='ocrx_word' id='word_1_51' title='bbox 2159 1015 2225 1068; x_wconf 84' lang='lat' dir='ltr'><strong>ad</strong></span> <span class='ocrx_word' id='word_1_52' title='bbox 2256 1031 2311 1067; x_wconf 86' lang='lat' dir='ltr'><strong>se</strong></span> 
     </span>
    </p>
   </div>
   <div class='ocr_carea' id='block_1_9' title="bbox 820 1086 2307 1153">
    <p class='ocr_par' dir='ltr' id='par_1_9' title="bbox 820 1086 2307 1153">
     <span class='ocr_line' id='line_1_9' title="bbox 820 1086 2307 1153; baseline 0 -14"><span class='ocrx_word' id='word_1_53' title='bbox 820 1086 1027 1139; x_wconf 76' lang='lat' dir='ltr'><strong>allicere</strong></span> <span class='ocrx_word' id='word_1_54' title='bbox 1048 1097 1282 1141; x_wconf 84' lang='lat' dir='ltr'><strong>conatur.</strong></span> <span class='ocrx_word' id='word_1_55' title='bbox 1316 1086 1511 1138; x_wconf 86' lang='lat' dir='ltr'><strong>Eorum</strong></span> <span class='ocrx_word' id='word_1_56' title='bbox 1544 1087 1742 1139; x_wconf 80' lang='lat' dir='ltr'><strong>vivendi</strong></span> <span class='ocrx_word' id='word_1_57' title='bbox 1773 1089 1907 1139; x_wconf 82' lang='lat' dir='ltr'><strong>ratio</strong></span> <span class='ocrx_word' id='word_1_58' title='bbox 1935 1096 1980 1139; x_wconf 88' lang='lat' dir='ltr'><strong>et</strong></span> <span class='ocrx_word' id='word_1_59' title='bbox 2012 1087 2307 1153; x_wconf 85' lang='lat' dir='ltr'><strong>occupatio.</strong></span> 
     </span>
    </p>
   </div>
   <div class='ocr_carea' id='block_1_10' title="bbox 817 1154 2309 1223">
    <p class='ocr_par' dir='ltr' id='par_1_10' title="bbox 817 1154 2309 1223">
     <span class='ocr_line' id='line_1_10' title="bbox 817 1154 2309 1223; baseline -0.001 -14"><span class='ocrx_word' id='word_1_60' title='bbox 817 1154 906 1209; x_wconf 76' lang='grc' dir='ltr'><strong>ιν.</strong></span> <span class='ocrx_word' id='word_1_61' title='bbox 961 1156 1144 1208; x_wconf 76' lang='lat' dir='ltr'><strong>Basilii</strong></span> <span class='ocrx_word' id='word_1_62' title='bbox 1196 1155 1395 1208; x_wconf 84' lang='lat' dir='ltr'><strong>labores</strong></span> <span class='ocrx_word' id='word_1_63' title='bbox 1451 1157 1752 1208; x_wconf 84' lang='lat' dir='ltr'><strong>monasterii</strong></span> <span class='ocrx_word' id='word_1_64' title='bbox 1784 1156 1976 1223; x_wconf 83' lang='lat' dir='ltr'><strong>finibus</strong></span> <span class='ocrx_word' id='word_1_65' title='bbox 2007 1172 2106 1207; x_wconf 86' lang='lat' dir='ltr'><strong>non</strong></span> <span class='ocrx_word' id='word_1_66' title='bbox 2139 1156 2309 1208; x_wconf 82' lang='lat' dir='ltr'><strong>couti-</strong></span> 
     </span>
    </p>
   </div>
   <div class='ocr_carea' id='block_1_11' title="bbox 818 1223 2306 1294">
    <p class='ocr_par' dir='ltr' id='par_1_11' title="bbox 818 1223 2306 1294">
     <span class='ocr_line' id='line_1_11' title="bbox 818 1223 2306 1294; baseline -0.001 -15"><span class='ocrx_word' id='word_1_67' title='bbox 818 1234 1026 1280; x_wconf 80' lang='lat' dir='ltr'><strong>nentur.</strong></span> <span class='ocrx_word' id='word_1_68' title='bbox 1060 1223 1121 1277; x_wconf 74' lang='grc' dir='ltr'><strong>ν.</strong></span> <span class='ocrx_word' id='word_1_69' title='bbox 1160 1226 1233 1278; x_wconf 88' lang='lat' dir='ltr'><strong>De</strong></span> <span class='ocrx_word' id='word_1_70' title='bbox 1261 1227 1497 1293; x_wconf 76' lang='lat' dir='ltr'><strong>pluribus</strong></span> <span class='ocrx_word' id='word_1_71' title='bbox 1527 1227 1754 1294; x_wconf 79' lang='lat' dir='ltr'><strong>epistolis</strong></span> <span class='ocrx_word' id='word_1_72' title='bbox 1777 1229 1827 1278; x_wconf 84' lang='lat' dir='ltr'><strong>in</strong></span> <span class='ocrx_word' id='word_1_73' title='bbox 1851 1242 2052 1279; x_wconf 78' lang='lat' dir='ltr'><strong>secessu</strong></span> <span class='ocrx_word' id='word_1_74' title='bbox 2078 1226 2306 1294; x_wconf 82' lang='lat' dir='ltr'><strong>scriptis.</strong></span> 
     </span>
    </p>
   </div>
   <div class='ocr_carea' id='block_1_12' title="bbox 818 1313 2310 1385">
    <p class='ocr_par' dir='ltr' id='par_1_12' title="bbox 818 1313 2310 1385">
     <span class='ocr_line' id='line_1_12' title="bbox 818 1313 2310 1385; baseline 0.002 -19"><span class='ocrx_word' id='word_1_75' title='bbox 818 1314 858 1368; x_wconf 92' lang='grc'><strong>1.</strong></span> <span class='ocrx_word' id='word_1_76' title='bbox 892 1314 1274 1369; x_wconf 81' lang='lat' dir='ltr'><strong>Testimonium</strong></span> <span class='ocrx_word' id='word_1_77' title='bbox 1304 1313 1546 1383; x_wconf 80' lang='lat' dir='ltr'><strong>Gregorii</strong></span> <span class='ocrx_word' id='word_1_78' title='bbox 1592 1316 1915 1371; x_wconf 76' lang='lat' dir='ltr'><strong>Nazianzeni</strong></span> <span class='ocrx_word' id='word_1_79' title='bbox 1975 1330 2135 1385; x_wconf 82' lang='lat' dir='ltr'><strong>supra</strong></span> <span class='ocrx_word' id='word_1_80' title='bbox 2180 1316 2310 1370; x_wconf 87' lang='lat' dir='ltr'><strong>alla-</strong></span> 
     </span>
    </p>
   </div>
   <div class='ocr_carea' id='block_1_13' title="bbox 750 1407 2307 1476">
    <p class='ocr_par' dir='ltr' id='par_1_13' title="bbox 750 1407 2307 1476">
     <span class='ocr_line' id='line_1_13' title="bbox 750 1407 2307 1476; baseline 0.001 -15"><span class='ocrx_word' id='word_1_81' title='bbox 750 1418 882 1471; x_wconf 90' lang='lat' dir='ltr'><strong>tum,</strong></span> <span class='ocrx_word' id='word_1_82' title='bbox 942 1407 994 1460; x_wconf 93' lang='lat' dir='ltr'><strong>in</strong></span> <span class='ocrx_word' id='word_1_83' title='bbox 1042 1422 1148 1476; x_wconf 89' lang='lat' dir='ltr'><strong>quo</strong></span> <span class='ocrx_word' id='word_1_84' title='bbox 1196 1407 1420 1462; x_wconf 80' lang='lat' dir='ltr'><strong>Basilius</strong></span> <span class='ocrx_word' id='word_1_85' title='bbox 1474 1409 1670 1464; x_wconf 89' lang='lat' dir='ltr'><strong>dicitur</strong></span> <span class='ocrx_word' id='word_1_86' title='bbox 1723 1408 2095 1464; x_wconf 73' lang='lat' dir='ltr'><strong>ccenobiticam</strong></span> <span class='ocrx_word' id='word_1_87' title='bbox 2145 1410 2307 1464; x_wconf 88' lang='lat' dir='ltr'><strong>vitam</strong></span> 
     </span>
    </p>
   </div>
   <div class='ocr_carea' id='block_1_14' title="bbox 748 1497 2307 1569">
    <p class='ocr_par' dir='ltr' id='par_1_14' title="bbox 748 1497 2307 1569">
     <span class='ocr_line' id='line_1_14' title="bbox 748 1497 2307 1569; baseline 0.001 -16"><span class='ocrx_word' id='word_1_88' title='bbox 748 1497 1070 1564; x_wconf 81' lang='lat' dir='ltr'><strong>instituisse,</strong></span> <span class='ocrx_word' id='word_1_89' title='bbox 1108 1498 1412 1553; x_wconf 85' lang='lat' dir='ltr'><strong>conﬁrmari</strong></span> <span class='ocrx_word' id='word_1_90' title='bbox 1448 1510 1624 1569; x_wconf 78' lang='lat' dir='ltr'><strong>potest</strong></span> <span class='ocrx_word' id='word_1_91' title='bbox 1655 1517 1717 1555; x_wconf 81' lang='lat' dir='ltr'><strong>ex</strong></span> <span class='ocrx_word' id='word_1_92' title='bbox 1754 1502 1913 1569; x_wconf 92' lang='lat' dir='ltr'><strong>epist.</strong></span> <span class='ocrx_word' id='word_1_93' title='bbox 1960 1501 2139 1556; x_wconf 80' lang='lat' dir='ltr'><strong>Basilii</strong></span> <span class='ocrx_word' id='word_1_94' title='bbox 2181 1500 2307 1569; x_wconf 86' lang='lat'><strong>207,</strong></span> 
     </span>
    </p>
   </div>
   <div class='ocr_carea' id='block_1_15' title="bbox 748 1591 2310 1663">
    <p class='ocr_par' dir='ltr' id='par_1_15' title="bbox 748 1591 2310 1663">
     <span class='ocr_line' id='line_1_15' title="bbox 748 1591 2310 1663; baseline 0.002 -16"><span class='ocrx_word' id='word_1_95' title='bbox 748 1608 803 1647; x_wconf 81' lang='grc' dir='ltr'><strong>η.</strong></span> <span class='ocrx_word' id='word_1_96' title='bbox 844 1592 898 1648; x_wconf 91' lang='lat'><strong>2.</strong></span> <span class='ocrx_word' id='word_1_97' title='bbox 946 1591 1181 1647; x_wconf 84' lang='lat' dir='ltr'><strong>Oderant</strong></span> <span class='ocrx_word' id='word_1_98' title='bbox 1211 1608 1331 1647; x_wconf 92' lang='lat' dir='ltr'><strong>eum</strong></span> <span class='ocrx_word' id='word_1_99' title='bbox 1376 1591 1857 1657; x_wconf 66' lang='lat' dir='ltr'><strong>Neocmsarienses,</strong></span> <span class='ocrx_word' id='word_1_100' title='bbox 1903 1595 2153 1663; x_wconf 89' lang='lat' dir='ltr'><strong>episcopo</strong></span> <span class='ocrx_word' id='word_1_101' title='bbox 2194 1594 2310 1663; x_wconf 92' lang='lat' dir='ltr'><strong>ipso</strong></span> 
     </span>
    </p>
   </div>
   <div class='ocr_carea' id='block_1_16' title="bbox 750 1683 2312 1742">
    <p class='ocr_par' dir='ltr' id='par_1_16' title="bbox 750 1683 2312 1742">
     <span class='ocr_line' id='line_1_16' title="bbox 750 1683 2312 1742; baseline 0.002 -4"><span class='ocrx_word' id='word_1_102' title='bbox 750 1699 843 1739; x_wconf 89' lang='lat' dir='ltr'><strong>eos</strong></span> <span class='ocrx_word' id='word_1_103' title='bbox 874 1686 928 1738; x_wconf 93' lang='lat' dir='ltr'><strong>in</strong></span> <span class='ocrx_word' id='word_1_104' title='bbox 972 1683 1224 1739; x_wconf 84' lang='lat' dir='ltr'><strong>Basilium</strong></span> <span class='ocrx_word' id='word_1_105' title='bbox 1270 1687 1623 1742; x_wconf 82' lang='lat' dir='ltr'><strong>incendente:</strong></span> <span class='ocrx_word' id='word_1_106' title='bbox 1668 1687 1775 1740; x_wconf 91' lang='lat' dir='ltr'><strong>odii</strong></span> <span class='ocrx_word' id='word_1_107' title='bbox 1823 1700 1996 1740; x_wconf 80' lang='lat' dir='ltr'><strong>causa:</strong></span> <span class='ocrx_word' id='word_1_108' title='bbox 2037 1687 2223 1741; x_wconf 91' lang='lat' dir='ltr'><strong>inanes</strong></span> <span class='ocrx_word' id='word_1_109' title='bbox 2259 1695 2312 1741; x_wconf 89' lang='lat' dir='ltr'><strong>et</strong></span> 
     </span>
    </p>
   </div>
   <div class='ocr_carea' id='block_1_17' title="bbox 750 1775 2306 1846">
    <p class='ocr_par' dir='ltr' id='par_1_17' title="bbox 750 1775 2306 1846">
     <span class='ocr_line' id='line_1_17' title="bbox 750 1775 2306 1846; baseline 0.004 -18"><span class='ocrx_word' id='word_1_110' title='bbox 750 1777 991 1830; x_wconf 64' lang='lat' dir='ltr'><strong>absurda:</strong></span> <span class='ocrx_word' id='word_1_111' title='bbox 1019 1775 1374 1845; x_wconf 83' lang='lat' dir='ltr'><strong>fingebantur,</strong></span> <span class='ocrx_word' id='word_1_112' title='bbox 1399 1778 1659 1846; x_wconf 83' lang='lat' dir='ltr'><strong>psallendi</strong></span> <span class='ocrx_word' id='word_1_113' title='bbox 1697 1778 1827 1832; x_wconf 91' lang='lat' dir='ltr'><strong>ritus</strong></span> <span class='ocrx_word' id='word_1_114' title='bbox 1856 1779 1905 1832; x_wconf 92' lang='lat' dir='ltr'><strong>in</strong></span> <span class='ocrx_word' id='word_1_115' title='bbox 1941 1777 2165 1832; x_wconf 88' lang='lat' dir='ltr'><strong>ecclesia</strong></span> <span class='ocrx_word' id='word_1_116' title='bbox 2193 1778 2306 1834; x_wconf 70' lang='lat' dir='ltr'><strong>Ca:-</strong></span> 
     </span>
    </p>
   </div>
   <div class='ocr_carea' id='block_1_18' title="bbox 749 1868 2307 1940">
    <p class='ocr_par' dir='ltr' id='par_1_18' title="bbox 749 1868 2307 1940">
     <span class='ocr_line' id='line_1_18' title="bbox 749 1868 2307 1940; baseline 0 -17"><span class='ocrx_word' id='word_1_117' title='bbox 749 1870 971 1923; x_wconf 87' lang='lat' dir='ltr'><strong>sariensi</strong></span> <span class='ocrx_word' id='word_1_118' title='bbox 1009 1878 1063 1925; x_wconf 90' lang='lat' dir='ltr'><strong>et</strong></span> <span class='ocrx_word' id='word_1_119' title='bbox 1099 1870 1279 1923; x_wconf 87' lang='lat' dir='ltr'><strong>Basilii</strong></span> <span class='ocrx_word' id='word_1_120' title='bbox 1310 1871 1575 1924; x_wconf 73' lang='lat' dir='ltr'><strong>ctenobia.</strong></span> <span class='ocrx_word' id='word_1_121' title='bbox 1613 1868 1889 1940; x_wconf 86' lang='lat' dir='ltr'><strong>Nunquam</strong></span> <span class='ocrx_word' id='word_1_122' title='bbox 1938 1868 2176 1939; x_wconf 81' lang='lat' dir='ltr'><strong>profeCto</strong></span> <span class='ocrx_word' id='word_1_123' title='bbox 2204 1870 2307 1923; x_wconf 79' lang='lat' dir='ltr'><strong>Ba-</strong></span> 
     </span>
    </p>
   </div>
   <div class='ocr_carea' id='block_1_19' title="bbox 2414 670 3970 744">
    <p class='ocr_par' dir='ltr' id='par_1_19' title="bbox 2414 670 3970 744">
     <span class='ocr_line' id='line_1_19' title="bbox 2414 670 3970 744; baseline 0.004 -22"><span class='ocrx_word' id='word_1_124' title='bbox 2414 687 2531 741; x_wconf 77' lang='lat' dir='ltr'><strong>quae</strong></span> <span class='ocrx_word' id='word_1_125' title='bbox 2563 673 2662 725; x_wconf 90' lang='lat' dir='ltr'><strong>hoc</strong></span> <span class='ocrx_word' id='word_1_126' title='bbox 2689 670 2807 725; x_wconf 88' lang='lat' dir='ltr'><strong>loco</strong></span> <span class='ocrx_word' id='word_1_127' title='bbox 2842 681 3025 724; x_wconf 82' lang='lat' dir='ltr'><strong>narrat</strong></span> <span class='ocrx_word' id='word_1_128' title='bbox 3052 671 3368 739; x_wconf 79' lang='lat' dir='ltr'><strong>Gregorius,</strong></span> <span class='ocrx_word' id='word_1_129' title='bbox 3415 671 3667 727; x_wconf 76' lang='lat' dir='ltr'><strong>Nazianzi</strong></span> <span class='ocrx_word' id='word_1_130' title='bbox 3712 686 3803 729; x_wconf 89' lang='lat' dir='ltr'><strong>aut</strong></span> <span class='ocrx_word' id='word_1_131' title='bbox 3833 676 3970 744; x_wconf 82' lang='lat' dir='ltr'><strong>Cap-</strong></span> 
     </span>
    </p>
   </div>
   <div class='ocr_carea' id='block_1_20' title="bbox 2414 763 3970 833">
    <p class='ocr_par' dir='ltr' id='par_1_20' title="bbox 2414 763 3970 833">
     <span class='ocr_line' id='line_1_20' title="bbox 2414 763 3970 833; baseline 0.003 -16"><span class='ocrx_word' id='word_1_132' title='bbox 2414 763 2647 833; x_wconf 78' lang='lat' dir='ltr'><strong>padocize</strong></span> <span class='ocrx_word' id='word_1_133' title='bbox 2670 763 2868 818; x_wconf 84' lang='lat' dir='ltr'><strong>finibus</strong></span> <span class='ocrx_word' id='word_1_134' title='bbox 2899 765 3134 818; x_wconf 89' lang='lat' dir='ltr'><strong>coerceri</strong></span> <span class='ocrx_word' id='word_1_135' title='bbox 3154 766 3401 820; x_wconf 84' lang='lat' dir='ltr'><strong>debeant.</strong></span> <span class='ocrx_word' id='word_1_136' title='bbox 3437 764 3509 820; x_wconf 92' lang='lat' dir='ltr'><strong>Ibi</strong></span> <span class='ocrx_word' id='word_1_137' title='bbox 3540 766 3681 820; x_wconf 93' lang='lat' dir='ltr'><strong>enim</strong></span> <span class='ocrx_word' id='word_1_138' title='bbox 3712 769 3970 821; x_wconf 88' lang='lat' dir='ltr'><strong>monasti-</strong></span> 
     </span>
    </p>
   </div>
   <div class='ocr_carea' id='block_1_21' title="bbox 2412 857 3970 928">
    <p class='ocr_par' dir='ltr' id='par_1_21' title="bbox 2412 857 3970 928">
     <span class='ocr_line' id='line_1_21' title="bbox 2412 857 3970 928; baseline 0.001 -18"><span class='ocrx_word' id='word_1_139' title='bbox 2412 872 2533 910; x_wconf 91' lang='lat' dir='ltr'><strong>cum</strong></span> <span class='ocrx_word' id='word_1_140' title='bbox 2564 857 2859 911; x_wconf 88' lang='lat' dir='ltr'><strong>institutum</strong></span> <span class='ocrx_word' id='word_1_141' title='bbox 2879 858 3172 925; x_wconf 88' lang='lat' dir='ltr'><strong>generatim</strong></span> <span class='ocrx_word' id='word_1_142' title='bbox 3194 858 3395 922; x_wconf 88' lang='lat' dir='ltr'><strong>laudat,</strong></span> <span class='ocrx_word' id='word_1_143' title='bbox 3428 867 3713 928; x_wconf 85' lang='lat' dir='ltr'><strong>antequam</strong></span> <span class='ocrx_word' id='word_1_144' title='bbox 3740 858 3970 913; x_wconf 86' lang='lat' dir='ltr'><strong>Nazian-</strong></span> 
     </span>
    </p>
   </div>
   <div class='ocr_carea' id='block_1_22' title="bbox 2413 948 3963 1007">
    <p class='ocr_par' dir='ltr' id='par_1_22' title="bbox 2413 948 3963 1007">
     <span class='ocr_line' id='line_1_22' title="bbox 2413 948 3963 1007; baseline 0.001 -7"><span class='ocrx_word' id='word_1_145' title='bbox 2413 962 2574 1002; x_wconf 83' lang='lat' dir='ltr'><strong>zenos</strong></span> <span class='ocrx_word' id='word_1_146' title='bbox 2606 948 2899 1002; x_wconf 89' lang='lat' dir='ltr'><strong>monachos</strong></span> <span class='ocrx_word' id='word_1_147' title='bbox 2948 950 3263 1003; x_wconf 86' lang='lat' dir='ltr'><strong>nominatim</strong></span> <span class='ocrx_word' id='word_1_148' title='bbox 3309 948 3549 1005; x_wconf 82' lang='lat' dir='ltr'><strong>Hellenio</strong></span> <span class='ocrx_word' id='word_1_149' title='bbox 3581 954 3925 1007; x_wconf 87' lang='lat' dir='ltr'><strong>commendet</strong></span> <span class='ocrx_word' id='word_1_150' title='bbox 3953 968 3963 1001; x_wconf 90' lang='lat'>:</span> 
     </span>
    </p>
   </div>
   <div class='ocr_carea' id='block_1_23' title="bbox 2410 1040 3969 1111">
    <p class='ocr_par' dir='ltr' id='par_1_23' title="bbox 2410 1040 3969 1111">
     <span class='ocr_line' id='line_1_23' title="bbox 2410 1040 3969 1111; baseline 0.003 -18"><span class='ocrx_word' id='word_1_151' title='bbox 2410 1048 2465 1094; x_wconf 89' lang='lat' dir='ltr'><strong>et</strong></span> <span class='ocrx_word' id='word_1_152' title='bbox 2495 1040 2633 1108; x_wconf 89' lang='lat' dir='ltr'><strong>quod</strong></span> <span class='ocrx_word' id='word_1_153' title='bbox 2664 1041 2737 1095; x_wconf 90' lang='lat' dir='ltr'><strong>ait</strong></span> <span class='ocrx_word' id='word_1_154' title='bbox 2764 1040 2840 1110; x_wconf 92' lang='lat' dir='ltr'><strong>(p.</strong></span> <span class='ocrx_word' id='word_1_155' title='bbox 2876 1040 3001 1107; x_wconf 84' lang='grc'><strong>107)</strong></span> <span class='ocrx_word' id='word_1_156' title='bbox 3030 1042 3314 1096; x_wconf 87' lang='lat' dir='ltr'><strong>monachos</strong></span> <span class='ocrx_word' id='word_1_157' title='bbox 3337 1043 3584 1111; x_wconf 90' lang='lat' dir='ltr'><strong>imperito</strong></span> <span class='ocrx_word' id='word_1_158' title='bbox 3609 1044 3789 1098; x_wconf 89' lang='lat' dir='ltr'><strong>studio</strong></span> <span class='ocrx_word' id='word_1_159' title='bbox 3816 1045 3969 1097; x_wconf 83' lang='lat' dir='ltr'><strong>abre-</strong></span> 
     </span>
    </p>
   </div>
   <div class='ocr_carea' id='block_1_24' title="bbox 2420 1133 3969 1204">
    <p class='ocr_par' dir='ltr' id='par_1_24' title="bbox 2420 1133 3969 1204">
     <span class='ocr_line' id='line_1_24' title="bbox 2420 1133 3969 1204; baseline 0.003 -19"><span class='ocrx_word' id='word_1_160' title='bbox 2420 1140 2540 1201; x_wconf 91' lang='lat' dir='ltr'><strong>ptos</strong></span> <span class='ocrx_word' id='word_1_161' title='bbox 2591 1142 2811 1188; x_wconf 87' lang='lat' dir='ltr'><strong>mortem</strong></span> <span class='ocrx_word' id='word_1_162' title='bbox 2856 1133 2955 1188; x_wconf 88' lang='lat' dir='ltr'><strong>sibi</strong></span> <span class='ocrx_word' id='word_1_163' title='bbox 2984 1134 3114 1203; x_wconf 85' lang='lat' dir='ltr'><strong>ipsis</strong></span> <span class='ocrx_word' id='word_1_164' title='bbox 3162 1135 3517 1201; x_wconf 77' lang='lat' dir='ltr'><strong>consciscere,</strong></span> <span class='ocrx_word' id='word_1_165' title='bbox 3555 1134 3687 1189; x_wconf 89' lang='lat' dir='ltr'><strong>alios</strong></span> <span class='ocrx_word' id='word_1_166' title='bbox 3736 1136 3969 1204; x_wconf 88' lang='lat' dir='ltr'><strong>propriis</strong></span> 
     </span>
    </p>
   </div>
   <div class='ocr_carea' id='block_1_25' title="bbox 2412 1220 3971 1299">
    <p class='ocr_par' dir='ltr' id='par_1_25' title="bbox 2412 1220 3971 1299">
     <span class='ocr_line' id='line_1_25' title="bbox 2412 1220 3971 1299; baseline 0.004 -27"><span class='ocrx_word' id='word_1_167' title='bbox 2412 1221 2659 1274; x_wconf 88' lang='lat' dir='ltr'><strong>manibus</strong></span> <span class='ocrx_word' id='word_1_168' title='bbox 2689 1229 2777 1273; x_wconf 90' lang='lat' dir='ltr'><strong>aut</strong></span> <span class='ocrx_word' id='word_1_169' title='bbox 2807 1220 2965 1289; x_wconf 88' lang='lat' dir='ltr'><strong>fame,</strong></span> <span class='ocrx_word' id='word_1_170' title='bbox 2998 1222 3130 1276; x_wconf 91' lang='lat' dir='ltr'><strong>alios</strong></span> <span class='ocrx_word' id='word_1_171' title='bbox 3168 1223 3357 1292; x_wconf 89' lang='lat' dir='ltr'><strong>laqueo</strong></span> <span class='ocrx_word' id='word_1_172' title='bbox 3398 1233 3489 1277; x_wconf 89' lang='lat' dir='ltr'><strong>aut</strong></span> <span class='ocrx_word' id='word_1_173' title='bbox 3521 1239 3641 1279; x_wconf 85' lang='lat' dir='ltr'><strong>sese</strong></span> <span class='ocrx_word' id='word_1_174' title='bbox 3672 1226 3971 1299; x_wconf 52' lang='lat' dir='ltr'><strong>praecipites</strong></span> 
     </span>
    </p>
   </div>
   <div class='ocr_carea' id='block_1_26' title="bbox 2412 1311 3970 1385">
    <p class='ocr_par' dir='ltr' id='par_1_26' title="bbox 2412 1311 3970 1385">
     <span class='ocr_line' id='line_1_26' title="bbox 2412 1311 3970 1385; baseline 0.003 -19"><span class='ocrx_word' id='word_1_175' title='bbox 2412 1312 2618 1377; x_wconf 88' lang='lat' dir='ltr'><strong>dando;</strong></span> <span class='ocrx_word' id='word_1_176' title='bbox 2674 1311 2880 1366; x_wconf 88' lang='lat' dir='ltr'><strong>videtur</strong></span> <span class='ocrx_word' id='word_1_177' title='bbox 2933 1313 2983 1367; x_wconf 92' lang='lat' dir='ltr'><strong>id</strong></span> <span class='ocrx_word' id='word_1_178' title='bbox 3044 1314 3108 1368; x_wconf 91' lang='lat' dir='ltr'><strong>de</strong></span> <span class='ocrx_word' id='word_1_179' title='bbox 3159 1315 3377 1370; x_wconf 88' lang='lat' dir='ltr'><strong>remotis</strong></span> <span class='ocrx_word' id='word_1_180' title='bbox 3430 1315 3739 1385; x_wconf 78' lang='lat' dir='ltr'><strong>regionibus</strong></span> <span class='ocrx_word' id='word_1_181' title='bbox 3792 1317 3970 1384; x_wconf 89' lang='lat' dir='ltr'><strong>potius</strong></span> 
     </span>
    </p>
   </div>
   <div class='ocr_carea' id='block_1_27' title="bbox 2410 1402 3965 1476">
    <p class='ocr_par' dir='ltr' id='par_1_27' title="bbox 2410 1402 3965 1476">
     <span class='ocr_line' id='line_1_27' title="bbox 2410 1402 3965 1476; baseline 0.001 -19"><span class='ocrx_word' id='word_1_182' title='bbox 2410 1418 2571 1473; x_wconf 90' lang='lat' dir='ltr'><strong>quam</strong></span> <span class='ocrx_word' id='word_1_183' title='bbox 2601 1404 2666 1458; x_wconf 87' lang='lat' dir='ltr'><strong>de</strong></span> <span class='ocrx_word' id='word_1_184' title='bbox 2690 1402 3116 1473; x_wconf 86' lang='lat' dir='ltr'><strong>Cappadocibus,</strong></span> <span class='ocrx_word' id='word_1_185' title='bbox 3138 1408 3408 1476; x_wconf 80' lang='lat' dir='ltr'><strong>magisque</strong></span> <span class='ocrx_word' id='word_1_186' title='bbox 3437 1407 3574 1462; x_wconf 83' lang='lat' dir='ltr'><strong>fama</strong></span> <span class='ocrx_word' id='word_1_187' title='bbox 3592 1419 3645 1463; x_wconf 89' lang='lat' dir='ltr'><strong>et</strong></span> <span class='ocrx_word' id='word_1_188' title='bbox 3674 1409 3965 1465; x_wconf 85' lang='lat' dir='ltr'><strong>auditione.</strong></span> 
     </span>
    </p>
   </div>
   <div class='ocr_carea' id='block_1_28' title="bbox 2412 1499 3971 1568">
    <p class='ocr_par' dir='ltr' id='par_1_28' title="bbox 2412 1499 3971 1568">
     <span class='ocr_line' id='line_1_28' title="bbox 2412 1499 3971 1568; baseline 0.002 -17"><span class='ocrx_word' id='word_1_189' title='bbox 2412 1514 2572 1568; x_wconf 91' lang='lat' dir='ltr'><strong>quam</strong></span> <span class='ocrx_word' id='word_1_190' title='bbox 2621 1500 2853 1568; x_wconf 88' lang='lat' dir='ltr'><strong>propriis</strong></span> <span class='ocrx_word' id='word_1_191' title='bbox 2884 1500 3054 1555; x_wconf 92' lang='lat' dir='ltr'><strong>oculis</strong></span> <span class='ocrx_word' id='word_1_192' title='bbox 3087 1510 3362 1568; x_wconf 89' lang='lat' dir='ltr'><strong>acceptum</strong></span> <span class='ocrx_word' id='word_1_193' title='bbox 3400 1516 3642 1555; x_wconf 90' lang='lat' dir='ltr'><strong>narrare.</strong></span> <span class='ocrx_word' id='word_1_194' title='bbox 3684 1499 3971 1554; x_wconf 85' lang='lat' dir='ltr'><strong>Probabile</strong></span> 
     </span>
    </p>
   </div>
   <div class='ocr_carea' id='block_1_29' title="bbox 2410 1590 3968 1661">
    <p class='ocr_par' dir='ltr' id='par_1_29' title="bbox 2410 1590 3968 1661">
     <span class='ocr_line' id='line_1_29' title="bbox 2410 1590 3968 1661; baseline -0.001 -16"><span class='ocrx_word' id='word_1_195' title='bbox 2410 1606 2538 1660; x_wconf 90' lang='lat' dir='ltr'><strong>ergo</strong></span> <span class='ocrx_word' id='word_1_196' title='bbox 2572 1605 2674 1645; x_wconf 91' lang='lat' dir='ltr'><strong>non</strong></span> <span class='ocrx_word' id='word_1_197' title='bbox 2704 1600 2785 1645; x_wconf 90' lang='lat' dir='ltr'><strong>est</strong></span> <span class='ocrx_word' id='word_1_198' title='bbox 2809 1593 3157 1647; x_wconf 88' lang='lat' dir='ltr'><strong>anachoretas</strong></span> <span class='ocrx_word' id='word_1_199' title='bbox 3178 1590 3346 1645; x_wconf 87' lang='lat' dir='ltr'><strong>fuisse</strong></span> <span class='ocrx_word' id='word_1_200' title='bbox 3377 1590 3637 1646; x_wconf 80' lang='lat' dir='ltr'><strong>Eustatliii</strong></span> <span class='ocrx_word' id='word_1_201' title='bbox 3661 1590 3968 1661; x_wconf 87' lang='lat' dir='ltr'><strong>discipulos.</strong></span> 
     </span>
    </p>
   </div>
   <div class='ocr_carea' id='block_1_30' title="bbox 2412 1682 3973 1755">
    <p class='ocr_par' dir='ltr' id='par_1_30' title="bbox 2412 1682 3973 1755">
     <span class='ocr_line' id='line_1_30' title="bbox 2412 1682 3973 1755; baseline 0 -19"><span class='ocrx_word' id='word_1_202' title='bbox 2412 1682 2546 1737; x_wconf 81' lang='lat' dir='ltr'><strong>Hinc</strong></span> <span class='ocrx_word' id='word_1_203' title='bbox 2566 1682 2797 1738; x_wconf 89' lang='lat' dir='ltr'><strong>Basilius</strong></span> <span class='ocrx_word' id='word_1_204' title='bbox 2835 1682 2908 1753; x_wconf 92' lang='lat' dir='ltr'><strong>(p.</strong></span> <span class='ocrx_word' id='word_1_205' title='bbox 2951 1684 3077 1755; x_wconf 76' lang='lat'><strong>539)</strong></span> <span class='ocrx_word' id='word_1_206' title='bbox 3114 1682 3437 1738; x_wconf 89' lang='lat' dir='ltr'><strong>monasteria</strong></span> <span class='ocrx_word' id='word_1_207' title='bbox 3482 1682 3761 1739; x_wconf 87' lang='lat' dir='ltr'><strong>Eustathio</strong></span> <span class='ocrx_word' id='word_1_208' title='bbox 3793 1682 3973 1752; x_wconf 90' lang='lat' dir='ltr'><strong>subje-</strong></span> 
     </span>
    </p>
   </div>
   <div class='ocr_carea' id='block_1_31' title="bbox 2411 1774 3969 1845">
    <p class='ocr_par' dir='ltr' id='par_1_31' title="bbox 2411 1774 3969 1845">
     <span class='ocr_line' id='line_1_31' title="bbox 2411 1774 3969 1845; baseline -0.002 -14"><span class='ocrx_word' id='word_1_209' title='bbox 2411 1788 2496 1831; x_wconf 87' lang='lat' dir='ltr'><strong>cta</strong></span> <span class='ocrx_word' id='word_1_210' title='bbox 2527 1786 2682 1831; x_wconf 90' lang='lat' dir='ltr'><strong>vocat</strong></span> <span class='ocrx_word' id='word_1_211' title='bbox 2708 1775 3071 1832; x_wconf 82' lang='lat' dir='ltr'><strong>fraternitates</strong></span> <span class='ocrx_word' id='word_1_212' title='bbox 3096 1779 3147 1831; x_wconf 92' lang='lat' dir='ltr'><strong>in</strong></span> <span class='ocrx_word' id='word_1_213' title='bbox 3178 1775 3405 1845; x_wconf 88' lang='lat' dir='ltr'><strong>epistola</strong></span> <span class='ocrx_word' id='word_1_214' title='bbox 3430 1774 3555 1829; x_wconf 81' lang='lat'><strong>225.</strong></span> <span class='ocrx_word' id='word_1_215' title='bbox 3594 1776 3645 1828; x_wconf 91' lang='lat' dir='ltr'><strong>In</strong></span> <span class='ocrx_word' id='word_1_216' title='bbox 3683 1777 3768 1831; x_wconf 92' lang='lat' dir='ltr'><strong>his</strong></span> <span class='ocrx_word' id='word_1_217' title='bbox 3794 1785 3969 1830; x_wconf 88' lang='lat' dir='ltr'><strong>tamen</strong></span> 
     </span>
    </p>
   </div>
   <div class='ocr_carea' id='block_1_32' title="bbox 2414 1866 3969 1921">
    <p class='ocr_par' dir='ltr' id='par_1_32' title="bbox 2414 1866 3969 1921">
     <span class='ocr_line' id='line_1_32' title="bbox 2414 1866 3969 1921; baseline 0 -2"><span class='ocrx_word' id='word_1_218' title='bbox 2414 1866 2834 1921; x_wconf 86' lang='lat' dir='ltr'><strong>fraternitatibus</strong></span> <span class='ocrx_word' id='word_1_219' title='bbox 2855 1881 2954 1919; x_wconf 92' lang='lat' dir='ltr'><strong>non</strong></span> <span class='ocrx_word' id='word_1_220' title='bbox 2981 1867 3226 1921; x_wconf 89' lang='lat' dir='ltr'><strong>videntur</strong></span> <span class='ocrx_word' id='word_1_221' title='bbox 3261 1867 3311 1919; x_wconf 92' lang='lat' dir='ltr'><strong>in</strong></span> <span class='ocrx_word' id='word_1_222' title='bbox 3346 1880 3549 1920; x_wconf 87' lang='lat' dir='ltr'><strong>morem</strong></span> <span class='ocrx_word' id='word_1_223' title='bbox 3581 1869 3969 1921; x_wconf 72' lang='lat' dir='ltr'><strong>cmuobitarum</strong></span> 
     </span>
    </p>
   </div>
   <div class='ocr_carea' id='block_1_33' title="bbox 748 1945 3971 2027">
    <p class='ocr_par' dir='ltr' id='par_1_33' title="bbox 748 1945 3971 2027">
     <span class='ocr_line' id='line_1_33' title="bbox 748 1945 3971 2027; baseline 0.001 -19"><span class='ocrx_word' id='word_1_224' title='bbox 748 1956 927 2008; x_wconf 87' lang='lat' dir='ltr'><strong>silium</strong></span> <span class='ocrx_word' id='word_1_225' title='bbox 958 1969 1022 2010; x_wconf 88' lang='lat' dir='ltr'><strong>eo</strong></span> <span class='ocrx_word' id='word_1_226' title='bbox 1064 1956 1278 2008; x_wconf 87' lang='lat' dir='ltr'><strong>nomine</strong></span> <span class='ocrx_word' id='word_1_227' title='bbox 1311 1954 1665 2019; x_wconf 79' lang='lat' dir='ltr'><strong>incusassent,</strong></span> <span class='ocrx_word' id='word_1_228' title='bbox 1695 1958 1736 2010; x_wconf 91' lang='lat' dir='ltr'><strong>si</strong></span> <span class='ocrx_word' id='word_1_229' title='bbox 1771 1965 1894 2010; x_wconf 87' lang='lat' dir='ltr'><strong>ante</strong></span> <span class='ocrx_word' id='word_1_230' title='bbox 1922 1970 2043 2009; x_wconf 90' lang='lat' dir='ltr'><strong>eum</strong></span> <span class='ocrx_word' id='word_1_231' title='bbox 2093 1959 2195 2010; x_wconf 90' lang='lat' dir='ltr'><strong>hoc</strong></span> <span class='ocrx_word' id='word_1_232' title='bbox 2226 1955 2309 2008; x_wconf 83' lang='lat' dir='ltr'><strong>in—</strong></span> <span class='ocrx_word' id='word_1_233' title='bbox 2342 1945 2384 1999; x_wconf 81' lang='grc' dir='ltr'><strong>Β</strong></span> <span class='ocrx_word' id='word_1_234' title='bbox 2413 1959 2510 2013; x_wconf 90' lang='lat' dir='ltr'><strong>sub</strong></span> <span class='ocrx_word' id='word_1_235' title='bbox 2541 1960 2695 2014; x_wconf 90' lang='lat' dir='ltr'><strong>unius</strong></span> <span class='ocrx_word' id='word_1_236' title='bbox 2724 1959 2931 2014; x_wconf 88' lang='lat' dir='ltr'><strong>abbatis</strong></span> <span class='ocrx_word' id='word_1_237' title='bbox 2956 1958 3179 2027; x_wconf 89' lang='lat' dir='ltr'><strong>imperio</strong></span> <span class='ocrx_word' id='word_1_238' title='bbox 3208 1958 3584 2013; x_wconf 87' lang='lat' dir='ltr'><strong>communibus</strong></span> <span class='ocrx_word' id='word_1_239' title='bbox 3616 1972 3825 2025; x_wconf 85' lang='lat' dir='ltr'><strong>semper</strong></span> <span class='ocrx_word' id='word_1_240' title='bbox 3853 1975 3971 2012; x_wconf 86' lang='lat' dir='ltr'><strong>mu-</strong></span> 
     </span>
    </p>
   </div>
   <div class='ocr_carea' id='block_1_34' title="bbox 747 2044 2309 2111">
    <p class='ocr_par' dir='ltr' id='par_1_34' title="bbox 747 2044 2309 2111">
     <span class='ocr_line' id='line_1_34' title="bbox 747 2044 2309 2111; baseline -0.001 -12"><span class='ocrx_word' id='word_1_241' title='bbox 747 2046 990 2099; x_wconf 85' lang='lat' dir='ltr'><strong>stitutum</strong></span> <span class='ocrx_word' id='word_1_242' title='bbox 1022 2044 1073 2099; x_wconf 88' lang='lat' dir='ltr'><strong>in</strong></span> <span class='ocrx_word' id='word_1_243' title='bbox 1092 2044 1259 2100; x_wconf 81' lang='lat' dir='ltr'><strong>Ponto</strong></span> <span class='ocrx_word' id='word_1_244' title='bbox 1286 2046 1603 2100; x_wconf 83' lang='lat' dir='ltr'><strong>exstitisset.</strong></span> <span class='ocrx_word' id='word_1_245' title='bbox 1627 2046 1764 2111; x_wconf 89' lang='lat' dir='ltr'><strong>Quin</strong></span> <span class='ocrx_word' id='word_1_246' title='bbox 1784 2047 1944 2099; x_wconf 88' lang='lat' dir='ltr'><strong>etiam</strong></span> <span class='ocrx_word' id='word_1_247' title='bbox 1964 2045 2214 2111; x_wconf 84' lang='lat' dir='ltr'><strong>Basilius,</strong></span> <span class='ocrx_word' id='word_1_248' title='bbox 2251 2054 2309 2099; x_wconf 92' lang='lat' dir='ltr'><strong>ut</strong></span> 
     </span>
    </p>
   </div>
   <div class='ocr_carea' id='block_1_35' title="bbox 749 2134 2307 2207">
    <p class='ocr_par' dir='ltr' id='par_1_35' title="bbox 749 2134 2307 2207">
     <span class='ocr_line' id='line_1_35' title="bbox 749 2134 2307 2207; baseline 0 -18"><span class='ocrx_word' id='word_1_249' title='bbox 749 2135 1001 2189; x_wconf 76' lang='lat' dir='ltr'><strong>invidiam</strong></span> <span class='ocrx_word' id='word_1_250' title='bbox 1040 2150 1069 2189; x_wconf 89' lang='lat' dir='ltr'><strong>a</strong></span> <span class='ocrx_word' id='word_1_251' title='bbox 1116 2152 1172 2190; x_wconf 92' lang='lat' dir='ltr'><strong>se</strong></span> <span class='ocrx_word' id='word_1_252' title='bbox 1204 2136 1473 2207; x_wconf 87' lang='lat' dir='ltr'><strong>propulset</strong></span> <span class='ocrx_word' id='word_1_253' title='bbox 1509 2136 1631 2190; x_wconf 89' lang='lat' dir='ltr'><strong>novi</strong></span> <span class='ocrx_word' id='word_1_254' title='bbox 1676 2134 1834 2203; x_wconf 88' lang='lat' dir='ltr'><strong>hujus</strong></span> <span class='ocrx_word' id='word_1_255' title='bbox 1871 2135 2127 2201; x_wconf 86' lang='lat' dir='ltr'><strong>instituti,</strong></span> <span class='ocrx_word' id='word_1_256' title='bbox 2166 2136 2307 2204; x_wconf 84' lang='lat' dir='ltr'><strong>quod</strong></span> 
     </span>
    </p>
   </div>
   <div class='ocr_carea' id='block_1_36' title="bbox 748 2227 2305 2299">
    <p class='ocr_par' dir='ltr' id='par_1_36' title="bbox 748 2227 2305 2299">
     <span class='ocr_line' id='line_1_36' title="bbox 748 2227 2305 2299; baseline -0.001 -17"><span class='ocrx_word' id='word_1_257' title='bbox 748 2228 1037 2282; x_wconf 80' lang='lat' dir='ltr'><strong>maximam</strong></span> <span class='ocrx_word' id='word_1_258' title='bbox 1069 2227 1281 2282; x_wconf 89' lang='lat' dir='ltr'><strong>laudem</strong></span> <span class='ocrx_word' id='word_1_259' title='bbox 1319 2228 1643 2293; x_wconf 87' lang='lat' dir='ltr'><strong>merebatur,</strong></span> <span class='ocrx_word' id='word_1_260' title='bbox 1686 2243 2023 2298; x_wconf 89' lang='lat' dir='ltr'><strong>nequaquam</strong></span> <span class='ocrx_word' id='word_1_261' title='bbox 2062 2228 2305 2299; x_wconf 81' lang='lat' dir='ltr'><strong>exempla</strong></span> 
     </span>
    </p>
   </div>
   <div class='ocr_carea' id='block_1_37' title="bbox 749 2317 2304 2391">
    <p class='ocr_par' dir='ltr' id='par_1_37' title="bbox 749 2317 2304 2391">
     <span class='ocr_line' id='line_1_37' title="bbox 749 2317 2304 2391; baseline 0.003 -20"><span class='ocrx_word' id='word_1_262' title='bbox 749 2322 813 2372; x_wconf 92' lang='lat' dir='ltr'><strong>ad</strong></span> <span class='ocrx_word' id='word_1_263' title='bbox 851 2333 1002 2373; x_wconf 90' lang='lat' dir='ltr'><strong>suam</strong></span> <span class='ocrx_word' id='word_1_264' title='bbox 1026 2317 1386 2374; x_wconf 90' lang='lat' dir='ltr'><strong>defensionem</strong></span> <span class='ocrx_word' id='word_1_265' title='bbox 1414 2322 1608 2390; x_wconf 82' lang='lat' dir='ltr'><strong>repetit</strong></span> <span class='ocrx_word' id='word_1_266' title='bbox 1649 2336 1714 2375; x_wconf 79' lang='lat' dir='ltr'><strong>ex</strong></span> <span class='ocrx_word' id='word_1_267' title='bbox 1751 2320 1907 2375; x_wconf 88' lang='lat' dir='ltr'><strong>Ponti</strong></span> <span class='ocrx_word' id='word_1_268' title='bbox 1938 2331 1991 2376; x_wconf 92' lang='lat' dir='ltr'><strong>et</strong></span> <span class='ocrx_word' id='word_1_269' title='bbox 2021 2320 2304 2391; x_wconf 88' lang='lat' dir='ltr'><strong>Cappado-</strong></span> 
     </span>
    </p>
   </div>
   <div class='ocr_carea' id='block_1_38' title="bbox 750 2411 2305 2483">
    <p class='ocr_par' dir='ltr' id='par_1_38' title="bbox 750 2411 2305 2483">
     <span class='ocr_line' id='line_1_38' title="bbox 750 2411 2305 2483; baseline 0.003 -18"><span class='ocrx_word' id='word_1_270' title='bbox 750 2411 846 2465; x_wconf 71' lang='lat' dir='ltr'><strong>ciae</strong></span> <span class='ocrx_word' id='word_1_271' title='bbox 879 2420 970 2465; x_wconf 89' lang='lat' dir='ltr'><strong>aut</strong></span> <span class='ocrx_word' id='word_1_272' title='bbox 1009 2411 1351 2466; x_wconf 86' lang='lat' dir='ltr'><strong>finitimarum</strong></span> <span class='ocrx_word' id='word_1_273' title='bbox 1409 2413 1645 2483; x_wconf 85' lang='lat' dir='ltr'><strong>gentium</strong></span> <span class='ocrx_word' id='word_1_274' title='bbox 1688 2414 1962 2477; x_wconf 88' lang='lat' dir='ltr'><strong>Ecclesiis,</strong></span> <span class='ocrx_word' id='word_1_275' title='bbox 1995 2415 2087 2468; x_wconf 90' lang='lat' dir='ltr'><strong>sed</strong></span> <span class='ocrx_word' id='word_1_276' title='bbox 2125 2414 2200 2468; x_wconf 91' lang='lat' dir='ltr'><strong>ait</strong></span> <span class='ocrx_word' id='word_1_277' title='bbox 2250 2430 2305 2469; x_wconf 77' lang='lat' dir='ltr'><strong>se</strong></span> 
     </span>
    </p>
   </div>
   <div class='ocr_carea' id='block_1_39' title="bbox 748 2504 2305 2576">
    <p class='ocr_par' dir='ltr' id='par_1_39' title="bbox 748 2504 2305 2576">
     <span class='ocr_line' id='line_1_39' title="bbox 748 2504 2305 2576; baseline 0.001 -21"><span class='ocrx_word' id='word_1_278' title='bbox 748 2504 1019 2557; x_wconf 86' lang='lat' dir='ltr'><strong>audivisse</strong></span> <span class='ocrx_word' id='word_1_279' title='bbox 1060 2504 1216 2557; x_wconf 91' lang='lat' dir='ltr'><strong>talem</strong></span> <span class='ocrx_word' id='word_1_280' title='bbox 1257 2519 1376 2559; x_wconf 88' lang='lat' dir='ltr'><strong>esse</strong></span> <span class='ocrx_word' id='word_1_281' title='bbox 1412 2506 1462 2558; x_wconf 94' lang='lat' dir='ltr'><strong>in</strong></span> <span class='ocrx_word' id='word_1_282' title='bbox 1499 2506 1729 2576; x_wconf 63' lang='lat' dir='ltr'><strong>Egypto</strong></span> <span class='ocrx_word' id='word_1_283' title='bbox 1766 2507 2000 2561; x_wconf 85' lang='lat' dir='ltr'><strong>virorum</strong></span> <span class='ocrx_word' id='word_1_284' title='bbox 2031 2506 2305 2570; x_wconf 83' lang='lat' dir='ltr'><strong>virtutem,</strong></span> 
     </span>
    </p>
   </div>
   <div class='ocr_carea' id='block_1_40' title="bbox 751 2593 2300 2666">
    <p class='ocr_par' dir='ltr' id='par_1_40' title="bbox 751 2593 2300 2666">
     <span class='ocr_line' id='line_1_40' title="bbox 751 2593 2300 2666; baseline 0.002 -20"><span class='ocrx_word' id='word_1_285' title='bbox 751 2593 978 2648; x_wconf 79' lang='lat' dir='ltr'><strong>fortasse</strong></span> <span class='ocrx_word' id='word_1_286' title='bbox 1023 2597 1182 2649; x_wconf 87' lang='lat' dir='ltr'><strong>etiam</strong></span> <span class='ocrx_word' id='word_1_287' title='bbox 1217 2596 1497 2650; x_wconf 89' lang='lat' dir='ltr'><strong>nonnullos</strong></span> <span class='ocrx_word' id='word_1_288' title='bbox 1527 2598 1576 2650; x_wconf 92' lang='lat' dir='ltr'><strong>in</strong></span> <span class='ocrx_word' id='word_1_289' title='bbox 1625 2598 1903 2651; x_wconf 81' lang='lat' dir='ltr'><strong>Palaestina</strong></span> <span class='ocrx_word' id='word_1_290' title='bbox 1932 2598 2300 2666; x_wconf 82' lang='lat' dir='ltr'><strong>evangelicam</strong></span> 
     </span>
    </p>
   </div>
   <div class='ocr_carea' id='block_1_41' title="bbox 750 2687 2305 2759">
    <p class='ocr_par' dir='ltr' id='par_1_41' title="bbox 750 2687 2305 2759">
     <span class='ocr_line' id='line_1_41' title="bbox 750 2687 2305 2759; baseline 0.003 -21"><span class='ocrx_word' id='word_1_291' title='bbox 750 2687 914 2739; x_wconf 87' lang='lat' dir='ltr'><strong>vitam</strong></span> <span class='ocrx_word' id='word_1_292' title='bbox 956 2687 1223 2748; x_wconf 81' lang='lat' dir='ltr'><strong>excolere,</strong></span> <span class='ocrx_word' id='word_1_293' title='bbox 1265 2697 1319 2741; x_wconf 90' lang='lat' dir='ltr'><strong>et</strong></span> <span class='ocrx_word' id='word_1_294' title='bbox 1362 2704 1545 2743; x_wconf 79' lang='lat' dir='ltr'><strong>rursus</strong></span> <span class='ocrx_word' id='word_1_295' title='bbox 1580 2690 1787 2759; x_wconf 86' lang='lat' dir='ltr'><strong>aliquos</strong></span> <span class='ocrx_word' id='word_1_296' title='bbox 1818 2691 1871 2743; x_wconf 91' lang='lat' dir='ltr'><strong>in</strong></span> <span class='ocrx_word' id='word_1_297' title='bbox 1922 2689 2305 2759; x_wconf 84' lang='lat' dir='ltr'><strong>Mesopotamia</strong></span> 
     </span>
    </p>
   </div>
   <div class='ocr_carea' id='block_1_42' title="bbox 749 2779 2308 2851">
    <p class='ocr_par' dir='ltr' id='par_1_42' title="bbox 749 2779 2308 2851">
     <span class='ocr_line' id='line_1_42' title="bbox 749 2779 2308 2851; baseline 0.001 -19"><span class='ocrx_word' id='word_1_298' title='bbox 749 2779 932 2833; x_wconf 91' lang='lat' dir='ltr'><strong>beatos</strong></span> <span class='ocrx_word' id='word_1_299' title='bbox 958 2794 1076 2835; x_wconf 91' lang='lat' dir='ltr'><strong>esse</strong></span> <span class='ocrx_word' id='word_1_300' title='bbox 1108 2789 1161 2833; x_wconf 84' lang='lat' dir='ltr'><strong>et.</strong></span> <span class='ocrx_word' id='word_1_301' title='bbox 1208 2780 1470 2848; x_wconf 88' lang='lat' dir='ltr'><strong>perfectos</strong></span> <span class='ocrx_word' id='word_1_302' title='bbox 1515 2781 1674 2835; x_wconf 86' lang='lat' dir='ltr'><strong>viros.</strong></span> <span class='ocrx_word' id='word_1_303' title='bbox 1724 2780 1839 2837; x_wconf 81' lang='lat' dir='ltr'><strong>Non</strong></span> <span class='ocrx_word' id='word_1_304' title='bbox 1880 2780 2129 2836; x_wconf 90' lang='lat' dir='ltr'><strong>videntur</strong></span> <span class='ocrx_word' id='word_1_305' title='bbox 2179 2797 2308 2851; x_wconf 87' lang='lat' dir='ltr'><strong>ergo</strong></span> 
     </span>
    </p>
   </div>
   <div class='ocr_carea' id='block_1_43' title="bbox 749 2870 2025 2928">
    <p class='ocr_par' dir='ltr' id='par_1_43' title="bbox 749 2870 2025 2928">
     <span class='ocr_line' id='line_1_43' title="bbox 749 2870 2025 2928; baseline 0.004 -6"><span class='ocrx_word' id='word_1_306' title='bbox 749 2870 993 2924; x_wconf 74' lang='lat' dir='ltr'><strong>ctenobia</strong></span> <span class='ocrx_word' id='word_1_307' title='bbox 1019 2871 1071 2923; x_wconf 92' lang='lat' dir='ltr'><strong>in</strong></span> <span class='ocrx_word' id='word_1_308' title='bbox 1102 2872 1272 2925; x_wconf 88' lang='lat' dir='ltr'><strong>Ponto</strong></span> <span class='ocrx_word' id='word_1_309' title='bbox 1308 2880 1427 2925; x_wconf 88' lang='lat' dir='ltr'><strong>ante</strong></span> <span class='ocrx_word' id='word_1_310' title='bbox 1452 2870 1703 2926; x_wconf 91' lang='lat' dir='ltr'><strong>Basilium</strong></span> <span class='ocrx_word' id='word_1_311' title='bbox 1729 2873 2025 2928; x_wconf 84' lang='lat' dir='ltr'><strong>exstitisse.</strong></span> 
     </span>
    </p>
   </div>
   <div class='ocr_carea' id='block_1_44' title="bbox 823 2960 2307 3033">
    <p class='ocr_par' dir='ltr' id='par_1_44' title="bbox 823 2960 2307 3033">
     <span class='ocr_line' id='line_1_44' title="bbox 823 2960 2307 3033; baseline 0.001 -18"><span class='ocrx_word' id='word_1_312' title='bbox 823 2960 983 3016; x_wconf 81' lang='lat' dir='ltr'><strong>Sedsi</strong></span> <span class='ocrx_word' id='word_1_313' title='bbox 1011 2960 1243 3016; x_wconf 82' lang='lat' dir='ltr'><strong>Basilius</strong></span> <span class='ocrx_word' id='word_1_314' title='bbox 1260 2964 1377 3031; x_wconf 88' lang='lat' dir='ltr'><strong>ejus</strong></span> <span class='ocrx_word' id='word_1_315' title='bbox 1403 2964 1631 3017; x_wconf 82' lang='lat' dir='ltr'><strong>instituti</strong></span> <span class='ocrx_word' id='word_1_316' title='bbox 1658 2978 1879 3033; x_wconf 88' lang='lat' dir='ltr'><strong>auctor,</strong></span> <span class='ocrx_word' id='word_1_317' title='bbox 1916 2964 2109 3019; x_wconf 91' lang='lat' dir='ltr'><strong>mirum</strong></span> <span class='ocrx_word' id='word_1_318' title='bbox 2141 2963 2307 3020; x_wconf 89' lang='lat' dir='ltr'><strong>videri</strong></span> 
     </span>
    </p>
   </div>
   <div class='ocr_carea' id='block_1_45' title="bbox 753 3054 2308 3128">
    <p class='ocr_par' dir='ltr' id='par_1_45' title="bbox 753 3054 2308 3128">
     <span class='ocr_line' id='line_1_45' title="bbox 753 3054 2308 3128; baseline 0.004 -23"><span class='ocrx_word' id='word_1_319' title='bbox 753 3054 940 3122; x_wconf 85' lang='lat' dir='ltr'><strong>possit,</strong></span> <span class='ocrx_word' id='word_1_320' title='bbox 968 3070 1064 3108; x_wconf 91' lang='lat' dir='ltr'><strong>cur</strong></span> <span class='ocrx_word' id='word_1_321' title='bbox 1090 3056 1405 3111; x_wconf 81' lang='lat' dir='ltr'><strong>Eustathius</strong></span> <span class='ocrx_word' id='word_1_322' title='bbox 1434 3074 1539 3111; x_wconf 92' lang='lat' dir='ltr'><strong>non</strong></span> <span class='ocrx_word' id='word_1_323' title='bbox 1568 3059 1737 3113; x_wconf 87' lang='lat' dir='ltr'><strong>solum</strong></span> <span class='ocrx_word' id='word_1_324' title='bbox 1762 3059 1900 3128; x_wconf 90' lang='lat' dir='ltr'><strong>apud</strong></span> <span class='ocrx_word' id='word_1_325' title='bbox 1937 3059 2222 3113; x_wconf 85' lang='lat' dir='ltr'><strong>Armenios</strong></span> <span class='ocrx_word' id='word_1_326' title='bbox 2253 3067 2308 3113; x_wconf 90' lang='lat' dir='ltr'><strong>et</strong></span> 
     </span>
    </p>
   </div>
   <div class='ocr_carea' id='block_1_46' title="bbox 752 3146 2308 3218">
    <p class='ocr_par' dir='ltr' id='par_1_46' title="bbox 752 3146 2308 3218">
     <span class='ocr_line' id='line_1_46' title="bbox 752 3146 2308 3218; baseline 0.003 -20"><span class='ocrx_word' id='word_1_327' title='bbox 752 3146 1140 3217; x_wconf 81' lang='lat' dir='ltr'><strong>Paphlagonas,</strong></span> <span class='ocrx_word' id='word_1_328' title='bbox 1178 3149 1270 3201; x_wconf 89' lang='lat' dir='ltr'><strong>sed</strong></span> <span class='ocrx_word' id='word_1_329' title='bbox 1310 3150 1468 3202; x_wconf 90' lang='lat' dir='ltr'><strong>etiam</strong></span> <span class='ocrx_word' id='word_1_330' title='bbox 1513 3151 1562 3201; x_wconf 92' lang='lat' dir='ltr'><strong>in</strong></span> <span class='ocrx_word' id='word_1_331' title='bbox 1595 3149 1783 3212; x_wconf 87' lang='lat' dir='ltr'><strong>Ponto,</strong></span> <span class='ocrx_word' id='word_1_332' title='bbox 1814 3161 1872 3203; x_wconf 89' lang='lat' dir='ltr'><strong>ut</strong></span> <span class='ocrx_word' id='word_1_333' title='bbox 1905 3151 1956 3203; x_wconf 90' lang='lat' dir='ltr'><strong>in</strong></span> <span class='ocrx_word' id='word_1_334' title='bbox 1981 3151 2308 3218; x_wconf 69' lang='lat' dir='ltr'><strong>praecedenti</strong></span> 
     </span>
    </p>
   </div>
   <div class='ocr_carea' id='block_1_47' title="bbox 2411 2049 3970 2117">
    <p class='ocr_par' dir='ltr' id='par_1_47' title="bbox 2411 2049 3970 2117">
     <span class='ocr_line' id='line_1_47' title="bbox 2411 2049 3970 2117; baseline 0 -14"><span class='ocrx_word' id='word_1_335' title='bbox 2411 2051 2513 2104; x_wconf 92' lang='lat' dir='ltr'><strong>niis</strong></span> <span class='ocrx_word' id='word_1_336' title='bbox 2544 2051 2730 2104; x_wconf 85' lang='lat' dir='ltr'><strong>intenti</strong></span> <span class='ocrx_word' id='word_1_337' title='bbox 2782 2051 2976 2117; x_wconf 77' lang='lat' dir='ltr'><strong>fuiSse,</strong></span> <span class='ocrx_word' id='word_1_338' title='bbox 3022 2051 3117 2105; x_wconf 85' lang='lat' dir='ltr'><strong>sed</strong></span> <span class='ocrx_word' id='word_1_339' title='bbox 3170 2051 3277 2106; x_wconf 90' lang='lat' dir='ltr'><strong>bini</strong></span> <span class='ocrx_word' id='word_1_340' title='bbox 3331 2058 3425 2105; x_wconf 85' lang='lat' dir='ltr'><strong>aut</strong></span> <span class='ocrx_word' id='word_1_341' title='bbox 3468 2050 3592 2104; x_wconf 88' lang='lat' dir='ltr'><strong>trini</strong></span> <span class='ocrx_word' id='word_1_342' title='bbox 3639 2049 3861 2104; x_wconf 87' lang='lat' dir='ltr'><strong>liberius</strong></span> <span class='ocrx_word' id='word_1_343' title='bbox 3891 2050 3970 2103; x_wconf 89' lang='lat' dir='ltr'><strong>vi-</strong></span> 
     </span>
    </p>
   </div>
   <div class='ocr_carea' id='block_1_48' title="bbox 2411 2144 2577 2196">
    <p class='ocr_par' dir='ltr' id='par_1_48' title="bbox 2411 2144 2577 2196">
     <span class='ocr_line' id='line_1_48' title="bbox 2411 2144 2577 2196; baseline 0 0"><span class='ocrx_word' id='word_1_344' title='bbox 2411 2144 2577 2196; x_wconf 84' lang='lat' dir='ltr'><strong>xisse.</strong></span> 
     </span>
    </p>
   </div>
   <div class='ocr_carea' id='block_1_49' title="bbox 2480 2229 3973 2290">
    <p class='ocr_par' dir='ltr' id='par_1_49' title="bbox 2480 2229 3973 2290">
     <span class='ocr_line' id='line_1_49' title="bbox 2480 2229 3973 2290; baseline -0.003 -3"><span class='ocrx_word' id='word_1_345' title='bbox 2480 2234 2673 2289; x_wconf 90' lang='lat' dir='ltr'><strong>Basilio</strong></span> <span class='ocrx_word' id='word_1_346' title='bbox 2711 2233 2853 2290; x_wconf 88' lang='lat' dir='ltr'><strong>enim</strong></span> <span class='ocrx_word' id='word_1_347' title='bbox 2893 2249 3157 2289; x_wconf 88' lang='lat' dir='ltr'><strong>secessum</strong></span> <span class='ocrx_word' id='word_1_348' title='bbox 3192 2232 3467 2289; x_wconf 88' lang='lat' dir='ltr'><strong>meditanti</strong></span> <span class='ocrx_word' id='word_1_349' title='bbox 3500 2230 3640 2287; x_wconf 86' lang='lat' dir='ltr'><strong>nulla</strong></span> <span class='ocrx_word' id='word_1_350' title='bbox 3674 2229 3744 2286; x_wconf 89' lang='lat' dir='ltr'><strong>ob</strong></span> <span class='ocrx_word' id='word_1_351' title='bbox 3784 2231 3973 2285; x_wconf 89' lang='lat' dir='ltr'><strong>oculos</strong></span> 
     </span>
    </p>
   </div>
   <div class='ocr_carea' id='block_1_50' title="bbox 2408 2326 3976 2399">
    <p class='ocr_par' dir='ltr' id='par_1_50' title="bbox 2408 2326 3976 2399">
     <span class='ocr_line' id='line_1_50' title="bbox 2408 2326 3976 2399; baseline -0.004 -15"><span class='ocrx_word' id='word_1_352' title='bbox 2408 2333 2759 2385; x_wconf 89' lang='lat' dir='ltr'><strong>versabantur</strong></span> <span class='ocrx_word' id='word_1_353' title='bbox 2798 2330 2881 2384; x_wconf 91' lang='lat' dir='ltr'><strong>his</strong></span> <span class='ocrx_word' id='word_1_354' title='bbox 2908 2330 2958 2381; x_wconf 91' lang='lat' dir='ltr'><strong>in</strong></span> <span class='ocrx_word' id='word_1_355' title='bbox 2997 2330 3126 2383; x_wconf 88' lang='lat' dir='ltr'><strong>locis</strong></span> <span class='ocrx_word' id='word_1_356' title='bbox 3168 2330 3408 2384; x_wconf 72' lang='lat' dir='ltr'><strong>cosnobia</strong></span> <span class='ocrx_word' id='word_1_357' title='bbox 3443 2328 3549 2399; x_wconf 89' lang='lat' dir='ltr'><strong>(e);</strong></span> <span class='ocrx_word' id='word_1_358' title='bbox 3599 2328 3693 2381; x_wconf 91' lang='lat' dir='ltr'><strong>sed</strong></span> <span class='ocrx_word' id='word_1_359' title='bbox 3724 2326 3976 2395; x_wconf 87' lang='lat' dir='ltr'><strong>cupiebat</strong></span> 
     </span>
    </p>
   </div>
   <div class='ocr_carea' id='block_1_51' title="bbox 2407 2417 3972 2491">
    <p class='ocr_par' dir='ltr' id='par_1_51' title="bbox 2407 2417 3972 2491">
     <span class='ocr_line' id='line_1_51' title="bbox 2407 2417 3972 2491; baseline -0.004 -14"><span class='ocrx_word' id='word_1_360' title='bbox 2407 2439 2573 2477; x_wconf 92' lang='lat' dir='ltr'><strong>unum</strong></span> <span class='ocrx_word' id='word_1_361' title='bbox 2597 2423 2830 2491; x_wconf 89' lang='lat' dir='ltr'><strong>aliquem</strong></span> <span class='ocrx_word' id='word_1_362' title='bbox 2864 2437 2929 2475; x_wconf 83' lang='lat' dir='ltr'><strong>ex</strong></span> <span class='ocrx_word' id='word_1_363' title='bbox 2968 2420 3226 2474; x_wconf 86' lang='lat' dir='ltr'><strong>fratribus</strong></span> <span class='ocrx_word' id='word_1_364' title='bbox 3261 2422 3523 2484; x_wconf 85' lang='lat' dir='ltr'><strong>invenire,</strong></span> <span class='ocrx_word' id='word_1_365' title='bbox 3560 2419 3650 2489; x_wconf 93' lang='lat' dir='ltr'><strong>qui</strong></span> <span class='ocrx_word' id='word_1_366' title='bbox 3684 2417 3972 2472; x_wconf 88' lang='lat' dir='ltr'><strong>ascetieam</strong></span> 
     </span>
    </p>
   </div>
   <div class='ocr_carea' id='block_1_52' title="bbox 2408 2509 3973 2584">
    <p class='ocr_par' dir='ltr' id='par_1_52' title="bbox 2408 2509 3973 2584">
     <span class='ocr_line' id='line_1_52' title="bbox 2408 2509 3973 2584; baseline -0.004 -14"><span class='ocrx_word' id='word_1_367' title='bbox 2408 2517 2573 2571; x_wconf 89' lang='lat' dir='ltr'><strong>vitam</strong></span> <span class='ocrx_word' id='word_1_368' title='bbox 2628 2514 2993 2584; x_wconf 89' lang='lat' dir='ltr'><strong>profiteretur,</strong></span> <span class='ocrx_word' id='word_1_369' title='bbox 3030 2521 3088 2565; x_wconf 93' lang='lat' dir='ltr'><strong>ut</strong></span> <span class='ocrx_word' id='word_1_370' title='bbox 3122 2526 3224 2564; x_wconf 88' lang='lat' dir='ltr'><strong>una</strong></span> <span class='ocrx_word' id='word_1_371' title='bbox 3268 2526 3388 2564; x_wconf 89' lang='lat' dir='ltr'><strong>cum</strong></span> <span class='ocrx_word' id='word_1_372' title='bbox 3438 2525 3501 2563; x_wconf 91' lang='lat' dir='ltr'><strong>eo</strong></span> <span class='ocrx_word' id='word_1_373' title='bbox 3541 2512 3756 2566; x_wconf 83' lang='lat' dir='ltr'><strong>brevem</strong></span> <span class='ocrx_word' id='word_1_374' title='bbox 3813 2509 3973 2577; x_wconf 84' lang='lat' dir='ltr'><strong>hujus</strong></span> 
     </span>
    </p>
   </div>
   <div class='ocr_carea' id='block_1_53' title="bbox 2407 2598 3975 2669">
    <p class='ocr_par' dir='ltr' id='par_1_53' title="bbox 2407 2598 3975 2669">
     <span class='ocr_line' id='line_1_53' title="bbox 2407 2598 3975 2669; baseline -0.003 -10"><span class='ocrx_word' id='word_1_375' title='bbox 2407 2607 2531 2660; x_wconf 65' lang='lat' dir='ltr'><strong>vitae</strong></span> <span class='ocrx_word' id='word_1_376' title='bbox 2563 2605 2783 2659; x_wconf 84' lang='lat' dir='ltr'><strong>ﬂuetum</strong></span> <span class='ocrx_word' id='word_1_377' title='bbox 2824 2604 3097 2657; x_wconf 83' lang='lat' dir='ltr'><strong>transiret.</strong></span> <span class='ocrx_word' id='word_1_378' title='bbox 3129 2600 3452 2669; x_wconf 88' lang='lat' dir='ltr'><strong>Speraverat</strong></span> <span class='ocrx_word' id='word_1_379' title='bbox 3479 2614 3536 2653; x_wconf 90' lang='lat' dir='ltr'><strong>se</strong></span> <span class='ocrx_word' id='word_1_380' title='bbox 3561 2616 3677 2651; x_wconf 85' lang='lat' dir='ltr'><strong>eum</strong></span> <span class='ocrx_word' id='word_1_381' title='bbox 3711 2598 3975 2669; x_wconf 77' lang='lat' dir='ltr'><strong>Gregorio</strong></span> 
     </span>
    </p>
   </div>
   <div class='ocr_carea' id='block_1_54' title="bbox 2408 2688 3972 2765">
    <p class='ocr_par' dir='ltr' id='par_1_54' title="bbox 2408 2688 3972 2765">
     <span class='ocr_line' id='line_1_54' title="bbox 2408 2688 3972 2765; baseline -0.003 -17"><span class='ocrx_word' id='word_1_382' title='bbox 2408 2699 2706 2757; x_wconf 87' lang='lat' dir='ltr'><strong>victurum;</strong></span> <span class='ocrx_word' id='word_1_383' title='bbox 2739 2697 2897 2765; x_wconf 90' lang='lat' dir='ltr'><strong>idque</strong></span> <span class='ocrx_word' id='word_1_384' title='bbox 2929 2696 3069 2749; x_wconf 79' lang='lat' dir='ltr'><strong>inter</strong></span> <span class='ocrx_word' id='word_1_385' title='bbox 3098 2708 3155 2749; x_wconf 91' lang='lat' dir='ltr'><strong>se</strong></span> <span class='ocrx_word' id='word_1_386' title='bbox 3188 2691 3328 2763; x_wconf 84' lang='lat' dir='ltr'><strong>pacti</strong></span> <span class='ocrx_word' id='word_1_387' title='bbox 3362 2688 3617 2743; x_wconf 82' lang='lat' dir='ltr'><strong>fuerant:</strong></span> <span class='ocrx_word' id='word_1_388' title='bbox 3653 2691 3747 2743; x_wconf 79' lang='lat' dir='ltr'><strong>sed</strong></span> <span class='ocrx_word' id='word_1_389' title='bbox 3784 2706 3972 2745; x_wconf 89' lang='lat' dir='ltr'><strong>eorum</strong></span> 
     </span>
    </p>
   </div>
   <div class='ocr_carea' id='block_1_55' title="bbox 2408 2780 3976 2855">
    <p class='ocr_par' dir='ltr' id='par_1_55' title="bbox 2408 2780 3976 2855">
     <span class='ocr_line' id='line_1_55' title="bbox 2408 2780 3976 2855; baseline -0.002 -16"><span class='ocrx_word' id='word_1_390' title='bbox 2408 2788 2691 2841; x_wconf 89' lang='lat' dir='ltr'><strong>consilium</strong></span> <span class='ocrx_word' id='word_1_391' title='bbox 2725 2787 3078 2854; x_wconf 82' lang='lat' dir='ltr'><strong>interpellavit</strong></span> <span class='ocrx_word' id='word_1_392' title='bbox 3119 2784 3366 2855; x_wconf 89' lang='lat' dir='ltr'><strong>imposita</strong></span> <span class='ocrx_word' id='word_1_393' title='bbox 3402 2780 3662 2850; x_wconf 89' lang='lat' dir='ltr'><strong>Gregorio</strong></span> <span class='ocrx_word' id='word_1_394' title='bbox 3681 2782 3976 2836; x_wconf 89' lang='lat' dir='ltr'><strong>necessitas</strong></span> 
     </span>
    </p>
   </div>
   <div class='ocr_carea' id='block_1_56' title="bbox 2414 2872 3971 2947">
    <p class='ocr_par' dir='ltr' id='par_1_56' title="bbox 2414 2872 3971 2947">
     <span class='ocr_line' id='line_1_56' title="bbox 2414 2872 3971 2947; baseline -0.004 -15"><span class='ocrx_word' id='word_1_395' title='bbox 2414 2880 2652 2933; x_wconf 73' lang='lat' dir='ltr'><strong>fovenda:</strong></span> <span class='ocrx_word' id='word_1_396' title='bbox 2688 2890 2965 2947; x_wconf 89' lang='lat' dir='ltr'><strong>parentum</strong></span> <span class='ocrx_word' id='word_1_397' title='bbox 2996 2879 3310 2936; x_wconf 90' lang='lat' dir='ltr'><strong>senectutis.</strong></span> <span class='ocrx_word' id='word_1_398' title='bbox 3350 2876 3533 2929; x_wconf 85' lang='lat' dir='ltr'><strong>Basilii</strong></span> <span class='ocrx_word' id='word_1_399' title='bbox 3578 2872 3971 2928; x_wconf 86' lang='lat' dir='ltr'><strong>monasterium</strong></span> 
     </span>
    </p>
   </div>
   <div class='ocr_carea' id='block_1_57' title="bbox 2412 2964 3970 3036">
    <p class='ocr_par' dir='ltr' id='par_1_57' title="bbox 2412 2964 3970 3036">
     <span class='ocr_line' id='line_1_57' title="bbox 2412 2964 3970 3036; baseline -0.007 -9"><span class='ocrx_word' id='word_1_400' title='bbox 2412 2989 2515 3028; x_wconf 93' lang='lat' dir='ltr'><strong>non</strong></span> <span class='ocrx_word' id='word_1_401' title='bbox 2563 2974 2767 3036; x_wconf 87' lang='lat' dir='ltr'><strong>statim,</strong></span> <span class='ocrx_word' id='word_1_402' title='bbox 2803 2981 2860 3025; x_wconf 92' lang='lat' dir='ltr'><strong>ut</strong></span> <span class='ocrx_word' id='word_1_403' title='bbox 2910 2972 3066 3025; x_wconf 88' lang='lat' dir='ltr'><strong>modo</strong></span> <span class='ocrx_word' id='word_1_404' title='bbox 3098 2971 3418 3035; x_wconf 86' lang='lat' dir='ltr'><strong>videbimus,</strong></span> <span class='ocrx_word' id='word_1_405' title='bbox 3468 2967 3699 3022; x_wconf 70' lang='lat' dir='ltr'><strong>emnobii</strong></span> <span class='ocrx_word' id='word_1_406' title='bbox 3743 2964 3970 3019; x_wconf 86' lang='lat' dir='ltr'><strong>formam</strong></span> 
     </span>
    </p>
   </div>
   <div class='ocr_carea' id='block_1_58' title="bbox 2411 3057 3970 3126">
    <p class='ocr_par' dir='ltr' id='par_1_58' title="bbox 2411 3057 3970 3126">
     <span class='ocr_line' id='line_1_58' title="bbox 2411 3057 3970 3126; baseline -0.007 -8"><span class='ocrx_word' id='word_1_407' title='bbox 2411 3065 2617 3118; x_wconf 85' lang='lat' dir='ltr'><strong>habuit.</strong></span> <span class='ocrx_word' id='word_1_408' title='bbox 2656 3062 2901 3117; x_wconf 77' lang='lat' dir='ltr'><strong>Monachi</strong></span> <span class='ocrx_word' id='word_1_409' title='bbox 2935 3061 3258 3116; x_wconf 79' lang='lat' dir='ltr'><strong>Nazianzeni</strong></span> <span class='ocrx_word' id='word_1_410' title='bbox 3287 3062 3569 3115; x_wconf 70' lang='lat' dir='ltr'><strong>cmuobita:</strong></span> <span class='ocrx_word' id='word_1_411' title='bbox 3585 3075 3689 3114; x_wconf 90' lang='lat' dir='ltr'><strong>non</strong></span> <span class='ocrx_word' id='word_1_412' title='bbox 3712 3065 3864 3112; x_wconf 87' lang='lat' dir='ltr'><strong>erant</strong></span> <span class='ocrx_word' id='word_1_413' title='bbox 3894 3057 3970 3126; x_wconf 78' lang='lat' dir='ltr'><strong>(p.</strong></span> 
     </span>
    </p>
   </div>
   <div class='ocr_carea' id='block_1_59' title="bbox 2412 3146 3973 3225">
    <p class='ocr_par' dir='ltr' id='par_1_59' title="bbox 2412 3146 3973 3225">
     <span class='ocr_line' id='line_1_59' title="bbox 2412 3146 3973 3225; baseline -0.008 -15"><span class='ocrx_word' id='word_1_414' title='bbox 2412 3154 2555 3225; x_wconf 78' lang='grc'>107).</span> <span class='ocrx_word' id='word_1_415' title='bbox 2576 3153 2706 3207; x_wconf 79' lang='lat' dir='ltr'><strong>Nam</strong></span> <span class='ocrx_word' id='word_1_416' title='bbox 2736 3151 3027 3221; x_wconf 78' lang='lat' dir='ltr'><strong>Gregorius</strong></span> <span class='ocrx_word' id='word_1_417' title='bbox 3048 3152 3100 3204; x_wconf 93' lang='lat' dir='ltr'><strong>in</strong></span> <span class='ocrx_word' id='word_1_418' title='bbox 3127 3150 3362 3203; x_wconf 88' lang='lat' dir='ltr'><strong>carmine</strong></span> <span class='ocrx_word' id='word_1_419' title='bbox 3380 3148 3442 3203; x_wconf 88' lang='lat' dir='ltr'><strong>ad</strong></span> <span class='ocrx_word' id='word_1_420' title='bbox 3466 3147 3760 3201; x_wconf 82' lang='lat' dir='ltr'><strong>llellenium</strong></span> <span class='ocrx_word' id='word_1_421' title='bbox 3788 3146 3973 3199; x_wconf 83' lang='lat' dir='ltr'><strong>decem</strong></span> 
     </span>
    </p>
   </div>
   <div class='ocr_carea' id='block_1_60' title="bbox 748 3236 3973 3332">
    <p class='ocr_par' dir='ltr' id='par_1_60' title="bbox 748 3236 3973 3332">
     <span class='ocr_line' id='line_1_60' title="bbox 748 3236 3973 3332; baseline -0.007 -23"><span class='ocrx_word' id='word_1_422' title='bbox 748 3240 925 3309; x_wconf 68' lang='grc' dir='ltr'><strong>ευρίιθ</strong></span> <span class='ocrx_word' id='word_1_423' title='bbox 983 3240 1228 3306; x_wconf 70' lang='lat' dir='ltr'><strong>Vidimus.</strong></span> <span class='ocrx_word' id='word_1_424' title='bbox 1280 3241 1627 3294; x_wconf 69' lang='lat' dir='ltr'><strong>monasticam</strong></span> <span class='ocrx_word' id='word_1_425' title='bbox 1679 3241 1839 3293; x_wconf 79' lang='lat' dir='ltr'><strong>vitam</strong></span> <span class='ocrx_word' id='word_1_426' title='bbox 1891 3242 2098 3294; x_wconf 85' lang='lat' dir='ltr'><strong>dicatur</strong></span> <span class='ocrx_word' id='word_1_427' title='bbox 2152 3242 2307 3296; x_wconf 86' lang='lat' dir='ltr'><strong>insti-</strong></span> <span class='ocrx_word' id='word_1_428' title='bbox 2334 3273 2378 3332; x_wconf 66' lang='grc' dir='ltr'><strong>ρ</strong></span> <span class='ocrx_word' id='word_1_429' title='bbox 2411 3246 2881 3316; x_wconf 57' lang='lat' dir='ltr'><strong>praestantissimos</strong></span> <span class='ocrx_word' id='word_1_430' title='bbox 2908 3252 3117 3297; x_wconf 87' lang='lat' dir='ltr'><strong>ascetas</strong></span> <span class='ocrx_word' id='word_1_431' title='bbox 3146 3249 3408 3306; x_wconf 89' lang='lat' dir='ltr'><strong>recenset,</strong></span> <span class='ocrx_word' id='word_1_432' title='bbox 3440 3239 3634 3309; x_wconf 90' lang='lat' dir='ltr'><strong>quibus</strong></span> <span class='ocrx_word' id='word_1_433' title='bbox 3660 3236 3973 3306; x_wconf 78' lang='lat' dir='ltr'><strong>singulatim</strong></span> 
     </span>
    </p>
   </div>
   <div class='ocr_carea' id='block_1_61' title="bbox 754 3331 2307 3400">
    <p class='ocr_par' dir='ltr' id='par_1_61' title="bbox 754 3331 2307 3400">
     <span class='ocr_line' id='line_1_61' title="bbox 754 3331 2307 3400; baseline 0 -15"><span class='ocrx_word' id='word_1_434' title='bbox 754 3334 938 3386; x_wconf 90' lang='lat' dir='ltr'><strong>tuisse.</strong></span> <span class='ocrx_word' id='word_1_435' title='bbox 983 3331 1352 3387; x_wconf 85' lang='lat' dir='ltr'><strong>Commentum</strong></span> <span class='ocrx_word' id='word_1_436' title='bbox 1400 3348 1519 3389; x_wconf 85' lang='lat' dir='ltr'><strong>esse</strong></span> <span class='ocrx_word' id='word_1_437' title='bbox 1566 3333 1836 3388; x_wconf 82' lang='lat' dir='ltr'><strong>existimat</strong></span> <span class='ocrx_word' id='word_1_438' title='bbox 1873 3331 2133 3387; x_wconf 87' lang='lat' dir='ltr'><strong>Baronius</strong></span> <span class='ocrx_word' id='word_1_439' title='bbox 2167 3334 2307 3400; x_wconf 91' lang='lat' dir='ltr'><strong>quod</strong></span> 
     </span>
    </p>
   </div>
   <div class='ocr_carea' id='block_1_62' title="bbox 752 3421 2307 3496">
    <p class='ocr_par' dir='ltr' id='par_1_62' title="bbox 752 3421 2307 3496">
     <span class='ocr_line' id='line_1_62' title="bbox 752 3421 2307 3496; baseline 0.001 -21"><span class='ocrx_word' id='word_1_440' title='bbox 752 3421 818 3478; x_wconf 88' lang='lat' dir='ltr'><strong>de</strong></span> <span class='ocrx_word' id='word_1_441' title='bbox 842 3424 1121 3477; x_wconf 85' lang='lat' dir='ltr'><strong>Eustathio</strong></span> <span class='ocrx_word' id='word_1_442' title='bbox 1148 3426 1282 3490; x_wconf 88' lang='lat' dir='ltr'><strong>apud</strong></span> <span class='ocrx_word' id='word_1_443' title='bbox 1317 3427 1672 3480; x_wconf 80' lang='lat' dir='ltr'><strong>Sozomcnum</strong></span> <span class='ocrx_word' id='word_1_444' title='bbox 1708 3426 1918 3496; x_wconf 80' lang='lat' dir='ltr'><strong>legitur.</strong></span> <span class='ocrx_word' id='word_1_445' title='bbox 1952 3424 2055 3479; x_wconf 90' lang='lat' dir='ltr'><strong>Sed</strong></span> <span class='ocrx_word' id='word_1_446' title='bbox 2101 3424 2307 3479; x_wconf 88' lang='lat' dir='ltr'><strong>clarum</strong></span> 
     </span>
    </p>
   </div>
   <div class='ocr_carea' id='block_1_63' title="bbox 751 3515 2308 3587">
    <p class='ocr_par' dir='ltr' id='par_1_63' title="bbox 751 3515 2308 3587">
     <span class='ocr_line' id='line_1_63' title="bbox 751 3515 2308 3587; baseline 0.002 -20"><span class='ocrx_word' id='word_1_447' title='bbox 751 3523 805 3568; x_wconf 88' lang='lat' dir='ltr'><strong>et</strong></span> <span class='ocrx_word' id='word_1_448' title='bbox 850 3515 1186 3584; x_wconf 87' lang='lat' dir='ltr'><strong>perspicuum</strong></span> <span class='ocrx_word' id='word_1_449' title='bbox 1227 3524 1311 3569; x_wconf 89' lang='lat' dir='ltr'><strong>est</strong></span> <span class='ocrx_word' id='word_1_450' title='bbox 1352 3517 1415 3569; x_wconf 92' lang='lat' dir='ltr'><strong>de</strong></span> <span class='ocrx_word' id='word_1_451' title='bbox 1450 3516 1728 3570; x_wconf 76' lang='lat' dir='ltr'><strong>Eustathio</strong></span> <span class='ocrx_word' id='word_1_452' title='bbox 1774 3518 1995 3586; x_wconf 82' lang='lat' dir='ltr'><strong>ejusque</strong></span> <span class='ocrx_word' id='word_1_453' title='bbox 2031 3516 2308 3587; x_wconf 88' lang='lat' dir='ltr'><strong>discipulis</strong></span> 
     </span>
    </p>
   </div>
   <div class='ocr_carea' id='block_1_64' title="bbox 753 3604 2309 3673">
    <p class='ocr_par' dir='ltr' id='par_1_64' title="bbox 753 3604 2309 3673">
     <span class='ocr_line' id='line_1_64' title="bbox 753 3604 2309 3673; baseline 0.001 -15"><span class='ocrx_word' id='word_1_454' title='bbox 753 3604 1005 3658; x_wconf 82' lang='lat' dir='ltr'><strong>Basilium</strong></span> <span class='ocrx_word' id='word_1_455' title='bbox 1035 3604 1199 3672; x_wconf 86' lang='lat' dir='ltr'><strong>loqui,</strong></span> <span class='ocrx_word' id='word_1_456' title='bbox 1228 3620 1348 3658; x_wconf 91' lang='lat' dir='ltr'><strong>cum</strong></span> <span class='ocrx_word' id='word_1_457' title='bbox 1386 3605 1460 3657; x_wconf 87' lang='lat' dir='ltr'><strong>ait</strong></span> <span class='ocrx_word' id='word_1_458' title='bbox 1494 3604 1570 3673; x_wconf 80' lang='grc' dir='ltr'>(α)</span> <span class='ocrx_word' id='word_1_459' title='bbox 1607 3619 1663 3658; x_wconf 89' lang='lat' dir='ltr'><strong>se</strong></span> <span class='ocrx_word' id='word_1_460' title='bbox 1700 3608 2007 3657; x_wconf 72' lang='lat' dir='ltr'><strong>monastic-:1:</strong></span> <span class='ocrx_word' id='word_1_461' title='bbox 2047 3608 2166 3660; x_wconf 71' lang='lat' dir='ltr'><strong>vita:</strong></span> <span class='ocrx_word' id='word_1_462' title='bbox 2194 3616 2309 3660; x_wconf 87' lang='lat' dir='ltr'><strong>stu-</strong></span> 
     </span>
    </p>
   </div>
   <div class='ocr_carea' id='block_1_65' title="bbox 752 3695 2310 3764">
    <p class='ocr_par' dir='ltr' id='par_1_65' title="bbox 752 3695 2310 3764">
     <span class='ocr_line' id='line_1_65' title="bbox 752 3695 2310 3764; baseline -0.001 -14"><span class='ocrx_word' id='word_1_463' title='bbox 752 3697 840 3750; x_wconf 89' lang='lat' dir='ltr'><strong>dio</strong></span> <span class='ocrx_word' id='word_1_464' title='bbox 863 3697 1193 3764; x_wconf 87' lang='lat' dir='ltr'><strong>flagrantem,</strong></span> <span class='ocrx_word' id='word_1_465' title='bbox 1225 3696 1311 3750; x_wconf 88' lang='lat' dir='ltr'><strong>ubi</strong></span> <span class='ocrx_word' id='word_1_466' title='bbox 1346 3696 1625 3751; x_wconf 83' lang='lat' dir='ltr'><strong>nonnullos</strong></span> <span class='ocrx_word' id='word_1_467' title='bbox 1651 3696 1781 3749; x_wconf 85' lang='lat' dir='ltr'><strong>vidit</strong></span> <span class='ocrx_word' id='word_1_468' title='bbox 1805 3695 1856 3748; x_wconf 92' lang='lat' dir='ltr'><strong>in</strong></span> <span class='ocrx_word' id='word_1_469' title='bbox 1885 3695 2057 3764; x_wconf 89' lang='lat' dir='ltr'><strong>patria</strong></span> <span class='ocrx_word' id='word_1_470' title='bbox 2086 3696 2173 3764; x_wconf 91' lang='lat' dir='ltr'><strong>qui</strong></span> <span class='ocrx_word' id='word_1_471' title='bbox 2209 3697 2310 3749; x_wconf 91' lang='lat' dir='ltr'><strong>hoc</strong></span> 
     </span>
    </p>
   </div>
   <div class='ocr_carea' id='block_1_66' title="bbox 754 3785 2311 3858">
    <p class='ocr_par' dir='ltr' id='par_1_66' title="bbox 754 3785 2311 3858">
     <span class='ocr_line' id='line_1_66' title="bbox 754 3785 2311 3858; baseline -0.003 -17"><span class='ocrx_word' id='word_1_472' title='bbox 754 3788 1049 3842; x_wconf 90' lang='lat' dir='ltr'><strong>institutum</strong></span> <span class='ocrx_word' id='word_1_473' title='bbox 1077 3788 1479 3858; x_wconf 86' lang='lat' dir='ltr'><strong>profitebantur,</strong></span> <span class='ocrx_word' id='word_1_474' title='bbox 1512 3802 1760 3855; x_wconf 82' lang='lat' dir='ltr'><strong>magnum</strong></span> <span class='ocrx_word' id='word_1_475' title='bbox 1800 3802 1865 3841; x_wconf 84' lang='lat' dir='ltr'><strong>ex</strong></span> <span class='ocrx_word' id='word_1_476' title='bbox 1916 3800 2101 3840; x_wconf 89' lang='lat' dir='ltr'><strong>eorum</strong></span> <span class='ocrx_word' id='word_1_477' title='bbox 2132 3785 2311 3839; x_wconf 86' lang='lat' dir='ltr'><strong>amici-</strong></span> 
     </span>
    </p>
   </div>
   <div class='ocr_carea' id='block_1_67' title="bbox 757 3861 2307 3947">
    <p class='ocr_par' dir='ltr' id='par_1_67' title="bbox 757 3861 2307 3947">
     <span class='ocr_line' id='line_1_67' title="bbox 757 3861 2307 3947; baseline 0.001 -16"><span class='ocrx_word' id='word_1_478' title='bbox 757 3879 828 3931; x_wconf 90' lang='lat' dir='ltr'><strong>tia</strong></span> <span class='ocrx_word' id='word_1_479' title='bbox 860 3861 913 3931; x_wconf 80' lang='grc' dir='ltr'><strong>εἷ</strong></span> <span class='ocrx_word' id='word_1_480' title='bbox 939 3879 1319 3932; x_wconf 84' lang='lat' dir='ltr'><strong>consuetudine</strong></span> <span class='ocrx_word' id='word_1_481' title='bbox 1348 3879 1650 3946; x_wconf 61' lang='lat' dir='ltr'><strong>praesidium</strong></span> <span class='ocrx_word' id='word_1_482' title='bbox 1683 3879 1747 3930; x_wconf 91' lang='lat' dir='ltr'><strong>ad</strong></span> <span class='ocrx_word' id='word_1_483' title='bbox 1780 3879 2004 3932; x_wconf 86' lang='lat' dir='ltr'><strong>salutem</strong></span> <span class='ocrx_word' id='word_1_484' title='bbox 2043 3891 2307 3947; x_wconf 86' lang='lat' dir='ltr'><strong>sperasse.</strong></span> 
     </span>
    </p>
   </div>
   <div class='ocr_carea' id='block_1_68' title="bbox 752 3968 2311 4037">
    <p class='ocr_par' dir='ltr' id='par_1_68' title="bbox 752 3968 2311 4037">
     <span class='ocr_line' id='line_1_68' title="bbox 752 3968 2311 4037; baseline 0.001 -15"><span class='ocrx_word' id='word_1_485' title='bbox 752 3969 869 4023; x_wconf 83' lang='lat' dir='ltr'><strong>Jam</strong></span> <span class='ocrx_word' id='word_1_486' title='bbox 904 3980 1012 4022; x_wconf 92' lang='lat' dir='ltr'><strong>tum</strong></span> <span class='ocrx_word' id='word_1_487' title='bbox 1040 3984 1165 4037; x_wconf 92' lang='lat' dir='ltr'><strong>ergo</strong></span> <span class='ocrx_word' id='word_1_488' title='bbox 1200 3968 1487 4037; x_wconf 89' lang='lat' dir='ltr'><strong>discipulos</strong></span> <span class='ocrx_word' id='word_1_489' title='bbox 1524 3969 1753 4023; x_wconf 82' lang='lat' dir='ltr'><strong>habebat</strong></span> <span class='ocrx_word' id='word_1_490' title='bbox 1779 3968 2110 4023; x_wconf 81' lang='lat' dir='ltr'><strong>Eustathius.</strong></span> <span class='ocrx_word' id='word_1_491' title='bbox 2133 3968 2311 4035; x_wconf 83' lang='lat' dir='ltr'><strong>Quare</strong></span> 
     </span>
    </p>
   </div>
   <div class='ocr_carea' id='block_1_69' title="bbox 754 4058 2308 4115">
    <p class='ocr_par' dir='ltr' id='par_1_69' title="bbox 754 4058 2308 4115">
     <span class='ocr_line' id='line_1_69' title="bbox 754 4058 2308 4115; baseline 0.001 -2"><span class='ocrx_word' id='word_1_492' title='bbox 754 4061 902 4113; x_wconf 89' lang='lat' dir='ltr'><strong>litem</strong></span> <span class='ocrx_word' id='word_1_493' title='bbox 945 4060 1021 4112; x_wconf 90' lang='lat' dir='ltr'><strong>sic</strong></span> <span class='ocrx_word' id='word_1_494' title='bbox 1046 4060 1249 4111; x_wconf 90' lang='lat' dir='ltr'><strong>dirimit</strong></span> <span class='ocrx_word' id='word_1_495' title='bbox 1295 4058 1663 4113; x_wconf 90' lang='lat' dir='ltr'><strong>Tillemontius</strong></span> <span class='ocrx_word' id='word_1_496' title='bbox 1695 4070 1749 4111; x_wconf 92' lang='lat' dir='ltr'><strong>ut</strong></span> <span class='ocrx_word' id='word_1_497' title='bbox 1786 4060 1984 4113; x_wconf 86' lang='lat' dir='ltr'><strong>Basilio</strong></span> <span class='ocrx_word' id='word_1_498' title='bbox 2018 4061 2308 4115; x_wconf 74' lang='lat' dir='ltr'><strong>ctenobiti-</strong></span> 
     </span>
    </p>
   </div>
   <div class='ocr_carea' id='block_1_70' title="bbox 754 4150 2307 4220">
    <p class='ocr_par' dir='ltr' id='par_1_70' title="bbox 754 4150 2307 4220">
     <span class='ocr_line' id='line_1_70' title="bbox 754 4150 2307 4220; baseline 0.001 -16"><span class='ocrx_word' id='word_1_499' title='bbox 754 4166 831 4204; x_wconf 71' lang='lat' dir='ltr'><strong>Cat:</strong></span> <span class='ocrx_word' id='word_1_500' title='bbox 858 4151 976 4203; x_wconf 73' lang='lat' dir='ltr'><strong>vita:</strong></span> <span class='ocrx_word' id='word_1_501' title='bbox 1015 4150 1312 4203; x_wconf 88' lang='lat' dir='ltr'><strong>institutum</strong></span> <span class='ocrx_word' id='word_1_502' title='bbox 1342 4160 1617 4220; x_wconf 87' lang='lat' dir='ltr'><strong>acceptum</strong></span> <span class='ocrx_word' id='word_1_503' title='bbox 1655 4150 1872 4214; x_wconf 85' lang='lat' dir='ltr'><strong>referat,</strong></span> <span class='ocrx_word' id='word_1_504' title='bbox 1904 4150 2175 4204; x_wconf 87' lang='lat' dir='ltr'><strong>Eustathii</strong></span> <span class='ocrx_word' id='word_1_505' title='bbox 2207 4166 2307 4205; x_wconf 88' lang='lat' dir='ltr'><strong>au-</strong></span> 
     </span>
    </p>
   </div>
   <div class='ocr_carea' id='block_1_71' title="bbox 754 4239 2307 4307">
    <p class='ocr_par' dir='ltr' id='par_1_71' title="bbox 754 4239 2307 4307">
     <span class='ocr_line' id='line_1_71' title="bbox 754 4239 2307 4307; baseline 0.001 -16"><span class='ocrx_word' id='word_1_506' title='bbox 754 4250 860 4293; x_wconf 85' lang='lat' dir='ltr'><strong>tem</strong></span> <span class='ocrx_word' id='word_1_507' title='bbox 913 4239 1201 4307; x_wconf 85' lang='lat' dir='ltr'><strong>discipulos</strong></span> <span class='ocrx_word' id='word_1_508' title='bbox 1239 4240 1290 4292; x_wconf 89' lang='lat' dir='ltr'><strong>in</strong></span> <span class='ocrx_word' id='word_1_509' title='bbox 1323 4240 1540 4293; x_wconf 87' lang='lat' dir='ltr'><strong>urbibus</strong></span> <span class='ocrx_word' id='word_1_510' title='bbox 1581 4248 1636 4292; x_wconf 90' lang='lat' dir='ltr'><strong>et</strong></span> <span class='ocrx_word' id='word_1_511' title='bbox 1682 4239 1887 4305; x_wconf 85' lang='lat' dir='ltr'><strong>oppidis</strong></span> <span class='ocrx_word' id='word_1_512' title='bbox 1936 4240 2018 4292; x_wconf 84' lang='lat' dir='ltr'><strong>vel</strong></span> <span class='ocrx_word' id='word_1_513' title='bbox 2054 4240 2219 4293; x_wconf 80' lang='lat' dir='ltr'><strong>etiarn</strong></span> <span class='ocrx_word' id='word_1_514' title='bbox 2255 4241 2307 4293; x_wconf 92' lang='lat' dir='ltr'><strong>in</strong></span> 
     </span>
    </p>
   </div>
   <div class='ocr_carea' id='block_1_72' title="bbox 757 4329 1984 4385">
    <p class='ocr_par' dir='ltr' id='par_1_72' title="bbox 757 4329 1984 4385">
     <span class='ocr_line' id='line_1_72' title="bbox 757 4329 1984 4385; baseline 0 -3"><span class='ocrx_word' id='word_1_515' title='bbox 757 4331 1128 4383; x_wconf 88' lang='lat' dir='ltr'><strong>remotioribus</strong></span> <span class='ocrx_word' id='word_1_516' title='bbox 1148 4329 1277 4384; x_wconf 92' lang='lat' dir='ltr'><strong>locis</strong></span> <span class='ocrx_word' id='word_1_517' title='bbox 1312 4331 1451 4385; x_wconf 89' lang='lat' dir='ltr'><strong>solos</strong></span> <span class='ocrx_word' id='word_1_518' title='bbox 1475 4331 1669 4385; x_wconf 82' lang='lat' dir='ltr'><strong>vixisse</strong></span> <span class='ocrx_word' id='word_1_519' title='bbox 1697 4330 1984 4383; x_wconf 73' lang='lat' dir='ltr'><strong>existimet.</strong></span> 
     </span>
    </p>
   </div>
   <div class='ocr_carea' id='block_1_73' title="bbox 826 4420 2313 4490">
    <p class='ocr_par' dir='ltr' id='par_1_73' title="bbox 826 4420 2313 4490">
     <span class='ocr_line' id='line_1_73' title="bbox 826 4420 2313 4490; baseline 0.001 -16"><span class='ocrx_word' id='word_1_520' title='bbox 826 4422 887 4475; x_wconf 92' lang='lat' dir='ltr'><strong>ll.</strong></span> <span class='ocrx_word' id='word_1_521' title='bbox 934 4420 1211 4476; x_wconf 87' lang='lat' dir='ltr'><strong>Libentius</strong></span> <span class='ocrx_word' id='word_1_522' title='bbox 1269 4422 1583 4476; x_wconf 88' lang='lat' dir='ltr'><strong>crediderim</strong></span> <span class='ocrx_word' id='word_1_523' title='bbox 1620 4422 1885 4477; x_wconf 87' lang='lat' dir='ltr'><strong>Eustatbii</strong></span> <span class='ocrx_word' id='word_1_524' title='bbox 1940 4421 2226 4490; x_wconf 82' lang='lat' dir='ltr'><strong>discipulos</strong></span> <span class='ocrx_word' id='word_1_525' title='bbox 2259 4423 2313 4476; x_wconf 91' lang='lat' dir='ltr'><strong>in</strong></span> 
     </span>
    </p>
   </div>
   <div class='ocr_carea' id='block_1_74' title="bbox 756 4514 2315 4585">
    <p class='ocr_par' dir='ltr' id='par_1_74' title="bbox 756 4514 2315 4585">
     <span class='ocr_line' id='line_1_74' title="bbox 756 4514 2315 4585; baseline 0.001 -18"><span class='ocrx_word' id='word_1_526' title='bbox 756 4518 903 4584; x_wconf 81' lang='lat' dir='ltr'><strong>pagis</strong></span> <span class='ocrx_word' id='word_1_527' title='bbox 929 4525 981 4569; x_wconf 87' lang='lat' dir='ltr'><strong>et</strong></span> <span class='ocrx_word' id='word_1_528' title='bbox 1017 4516 1226 4585; x_wconf 88' lang='lat' dir='ltr'><strong>oppidis</strong></span> <span class='ocrx_word' id='word_1_529' title='bbox 1259 4516 1413 4570; x_wconf 91' lang='lat' dir='ltr'><strong>binos</strong></span> <span class='ocrx_word' id='word_1_530' title='bbox 1448 4523 1539 4567; x_wconf 91' lang='lat' dir='ltr'><strong>aut</strong></span> <span class='ocrx_word' id='word_1_531' title='bbox 1564 4523 1738 4569; x_wconf 89' lang='lat' dir='ltr'><strong>ternos</strong></span> <span class='ocrx_word' id='word_1_532' title='bbox 1779 4514 1992 4580; x_wconf 81' lang='lat' dir='ltr'><strong>vixisse,</strong></span> <span class='ocrx_word' id='word_1_533' title='bbox 2019 4515 2092 4569; x_wconf 91' lang='lat' dir='ltr'><strong>ita</strong></span> <span class='ocrx_word' id='word_1_534' title='bbox 2135 4523 2315 4569; x_wconf 90' lang='lat' dir='ltr'><strong>utnec</strong></span> 
     </span>
    </p>
   </div>
   <div class='ocr_carea' id='block_1_75' title="bbox 2415 3326 3977 3401">
    <p class='ocr_par' dir='ltr' id='par_1_75' title="bbox 2415 3326 3977 3401">
     <span class='ocr_line' id='line_1_75' title="bbox 2415 3326 3977 3401; baseline -0.006 -11"><span class='ocrx_word' id='word_1_535' title='bbox 2415 3338 2807 3401; x_wconf 84' lang='lat' dir='ltr'><strong>immunitatem</strong></span> <span class='ocrx_word' id='word_1_536' title='bbox 2854 3351 2883 3388; x_wconf 88' lang='lat' dir='ltr'><strong>a</strong></span> <span class='ocrx_word' id='word_1_537' title='bbox 2943 3334 3155 3389; x_wconf 88' lang='lat' dir='ltr'><strong>tributis</strong></span> <span class='ocrx_word' id='word_1_538' title='bbox 3210 3333 3363 3401; x_wconf 88' lang='lat' dir='ltr'><strong>petit,</strong></span> <span class='ocrx_word' id='word_1_539' title='bbox 3411 3346 3569 3401; x_wconf 90' lang='lat' dir='ltr'><strong>quam</strong></span> <span class='ocrx_word' id='word_1_540' title='bbox 3605 3330 3735 3383; x_wconf 87' lang='lat' dir='ltr'><strong>satis</strong></span> <span class='ocrx_word' id='word_1_541' title='bbox 3785 3326 3977 3382; x_wconf 83' lang='lat' dir='ltr'><strong>fuisset</strong></span> 
     </span>
    </p>
   </div>
   <div class='ocr_carea' id='block_1_76' title="bbox 2415 3417 3978 3491">
    <p class='ocr_par' dir='ltr' id='par_1_76' title="bbox 2415 3417 3978 3491">
     <span class='ocr_line' id='line_1_76' title="bbox 2415 3417 3978 3491; baseline -0.004 -14"><span class='ocrx_word' id='word_1_542' title='bbox 2415 3425 2510 3479; x_wconf 90' lang='lat' dir='ltr'><strong>toti</strong></span> <span class='ocrx_word' id='word_1_543' title='bbox 2541 3427 2790 3479; x_wconf 62' lang='lat' dir='ltr'><strong>coenobio</strong></span> <span class='ocrx_word' id='word_1_544' title='bbox 2814 3426 2978 3477; x_wconf 91' lang='lat' dir='ltr'><strong>semel</strong></span> <span class='ocrx_word' id='word_1_545' title='bbox 3007 3436 3207 3491; x_wconf 88' lang='lat' dir='ltr'><strong>petere,</strong></span> <span class='ocrx_word' id='word_1_546' title='bbox 3236 3425 3279 3475; x_wconf 89' lang='lat' dir='ltr'><strong>si</strong></span> <span class='ocrx_word' id='word_1_547' title='bbox 3303 3424 3355 3475; x_wconf 91' lang='lat' dir='ltr'><strong>in</strong></span> <span class='ocrx_word' id='word_1_548' title='bbox 3398 3423 3586 3474; x_wconf 91' lang='lat' dir='ltr'><strong>iisdem</strong></span> <span class='ocrx_word' id='word_1_549' title='bbox 3625 3433 3811 3472; x_wconf 90' lang='lat' dir='ltr'><strong>omnes</strong></span> <span class='ocrx_word' id='word_1_550' title='bbox 3846 3417 3978 3471; x_wconf 79' lang='lat' dir='ltr'><strong>aedi-</strong></span> 
     </span>
    </p>
   </div>
   <div class='ocr_carea' id='block_1_77' title="bbox 2410 3506 3978 3569">
    <p class='ocr_par' dir='ltr' id='par_1_77' title="bbox 2410 3506 3978 3569">
     <span class='ocr_line' id='line_1_77' title="bbox 2410 3506 3978 3569; baseline -0.005 0"><span class='ocrx_word' id='word_1_551' title='bbox 2410 3515 2509 3569; x_wconf 86' lang='lat' dir='ltr'><strong>bus</strong></span> <span class='ocrx_word' id='word_1_552' title='bbox 2535 3512 2778 3567; x_wconf 89' lang='lat' dir='ltr'><strong>fuissent.</strong></span> <span class='ocrx_word' id='word_1_553' title='bbox 2802 3510 2937 3566; x_wconf 92' lang='lat' dir='ltr'><strong>Hinc</strong></span> <span class='ocrx_word' id='word_1_554' title='bbox 2962 3511 3124 3564; x_wconf 90' lang='lat' dir='ltr'><strong>etiam</strong></span> <span class='ocrx_word' id='word_1_555' title='bbox 3153 3525 3288 3563; x_wconf 91' lang='lat' dir='ltr'><strong>unus</strong></span> <span class='ocrx_word' id='word_1_556' title='bbox 3319 3525 3385 3562; x_wconf 80' lang='lat' dir='ltr'><strong>ex</strong></span> <span class='ocrx_word' id='word_1_557' title='bbox 3420 3508 3523 3561; x_wconf 90' lang='lat' dir='ltr'><strong>illis</strong></span> <span class='ocrx_word' id='word_1_558' title='bbox 3549 3506 3786 3559; x_wconf 85' lang='lat' dir='ltr'><strong>Eulalius</strong></span> <span class='ocrx_word' id='word_1_559' title='bbox 3813 3508 3978 3561; x_wconf 87' lang='lat' dir='ltr'><strong>amis-</strong></span> 
     </span>
    </p>
   </div>
   <div class='ocr_carea' id='block_1_78' title="bbox 2410 3596 3971 3671">
    <p class='ocr_par' dir='ltr' id='par_1_78' title="bbox 2410 3596 3971 3671">
     <span class='ocr_line' id='line_1_78' title="bbox 2410 3596 3971 3671; baseline -0.008 -9"><span class='ocrx_word' id='word_1_560' title='bbox 2410 3622 2472 3662; x_wconf 89' lang='lat' dir='ltr'><strong>so</strong></span> <span class='ocrx_word' id='word_1_561' title='bbox 2510 3605 2675 3661; x_wconf 88' lang='lat' dir='ltr'><strong>fratre</strong></span> <span class='ocrx_word' id='word_1_562' title='bbox 2705 3601 2945 3659; x_wconf 85' lang='lat' dir='ltr'><strong>llelladio</strong></span> <span class='ocrx_word' id='word_1_563' title='bbox 2971 3602 3043 3671; x_wconf 91' lang='lat' dir='ltr'><strong>(p.</strong></span> <span class='ocrx_word' id='word_1_564' title='bbox 3083 3598 3227 3669; x_wconf 82' lang='grc'>108),</span> <span class='ocrx_word' id='word_1_565' title='bbox 3266 3614 3422 3667; x_wconf 90' lang='lat' dir='ltr'><strong>quem</strong></span> <span class='ocrx_word' id='word_1_566' title='bbox 3459 3598 3694 3667; x_wconf 86' lang='lat' dir='ltr'><strong>ejusdem</strong></span> <span class='ocrx_word' id='word_1_567' title='bbox 3734 3596 3971 3649; x_wconf 89' lang='lat' dir='ltr'><strong>instituti</strong></span> 
     </span>
    </p>
   </div>
   <div class='ocr_carea' id='block_1_79' title="bbox 2412 3686 3974 3759">
    <p class='ocr_par' dir='ltr' id='par_1_79' title="bbox 2412 3686 3974 3759">
     <span class='ocr_line' id='line_1_79' title="bbox 2412 3686 3974 3759; baseline -0.007 -9"><span class='ocrx_word' id='word_1_568' title='bbox 2412 3698 2613 3750; x_wconf 90' lang='lat' dir='ltr'><strong>socium</strong></span> <span class='ocrx_word' id='word_1_569' title='bbox 2645 3696 2929 3757; x_wconf 89' lang='lat' dir='ltr'><strong>habuerat,</strong></span> <span class='ocrx_word' id='word_1_570' title='bbox 2955 3689 3165 3746; x_wconf 72' lang='lat' dir='ltr'><strong>afﬂicta:</strong></span> <span class='ocrx_word' id='word_1_571' title='bbox 3181 3700 3235 3745; x_wconf 89' lang='lat' dir='ltr'><strong>et</strong></span> <span class='ocrx_word' id='word_1_572' title='bbox 3263 3697 3475 3759; x_wconf 73' lang='lat' dir='ltr'><strong>:egrota:</strong></span> <span class='ocrx_word' id='word_1_573' title='bbox 3502 3686 3656 3740; x_wconf 88' lang='lat' dir='ltr'><strong>matri</strong></span> <span class='ocrx_word' id='word_1_574' title='bbox 3682 3686 3974 3739; x_wconf 89' lang='lat' dir='ltr'><strong>assidebat.</strong></span> 
     </span>
    </p>
   </div>
   <div class='ocr_carea' id='block_1_80' title="bbox 2413 3778 3978 3855">
    <p class='ocr_par' dir='ltr' id='par_1_80' title="bbox 2413 3778 3978 3855">
     <span class='ocr_line' id='line_1_80' title="bbox 2413 3778 3978 3855; baseline -0.006 -14"><span class='ocrx_word' id='word_1_575' title='bbox 2413 3787 2665 3841; x_wconf 85' lang='lat' dir='ltr'><strong>Testatur</strong></span> <span class='ocrx_word' id='word_1_576' title='bbox 2695 3788 2858 3841; x_wconf 89' lang='lat' dir='ltr'><strong>abbas</strong></span> <span class='ocrx_word' id='word_1_577' title='bbox 2892 3786 3129 3855; x_wconf 86' lang='lat' dir='ltr'><strong>Pyamon</strong></span> <span class='ocrx_word' id='word_1_578' title='bbox 3186 3784 3325 3853; x_wconf 90' lang='lat' dir='ltr'><strong>apud</strong></span> <span class='ocrx_word' id='word_1_579' title='bbox 3365 3781 3681 3836; x_wconf 84' lang='lat' dir='ltr'><strong>Cassianum</strong></span> <span class='ocrx_word' id='word_1_580' title='bbox 3721 3778 3825 3848; x_wconf 85' lang='lat' dir='ltr'><strong>(f),</strong></span> <span class='ocrx_word' id='word_1_581' title='bbox 3865 3786 3978 3832; x_wconf 87' lang='lat' dir='ltr'><strong>ter—</strong></span> 
     </span>
    </p>
   </div>
   <div class='ocr_carea' id='block_1_81' title="bbox 2415 3870 3973 3945">
    <p class='ocr_par' dir='ltr' id='par_1_81' title="bbox 2415 3870 3973 3945">
     <span class='ocr_line' id='line_1_81' title="bbox 2415 3870 3973 3945; baseline -0.007 -13"><span class='ocrx_word' id='word_1_582' title='bbox 2415 3879 2543 3932; x_wconf 89' lang='lat' dir='ltr'><strong>tium</strong></span> <span class='ocrx_word' id='word_1_583' title='bbox 2570 3891 2738 3945; x_wconf 86' lang='lat' dir='ltr'><strong>genus</strong></span> <span class='ocrx_word' id='word_1_584' title='bbox 2756 3877 3161 3936; x_wconf 78' lang='lat' dir='ltr'><strong>monachorum,</strong></span> <span class='ocrx_word' id='word_1_585' title='bbox 3192 3874 3280 3942; x_wconf 87' lang='lat' dir='ltr'><strong>qui</strong></span> <span class='ocrx_word' id='word_1_586' title='bbox 3310 3872 3616 3943; x_wconf 68' lang='lat' dir='ltr'><strong>Sarabayta:</strong></span> <span class='ocrx_word' id='word_1_587' title='bbox 3633 3870 3973 3933; x_wconf 87' lang='lat' dir='ltr'><strong>dicebantur,</strong></span> 
     </span>
    </p>
   </div>
   <div class='ocr_carea' id='block_1_82' title="bbox 2410 3964 3977 4033">
    <p class='ocr_par' dir='ltr' id='par_1_82' title="bbox 2410 3964 3977 4033">
     <span class='ocr_line' id='line_1_82' title="bbox 2410 3964 3977 4033; baseline -0.009 -7"><span class='ocrx_word' id='word_1_588' title='bbox 2410 3982 2463 4025; x_wconf 88' lang='lat' dir='ltr'><strong>et</strong></span> <span class='ocrx_word' id='word_1_589' title='bbox 2497 3970 2605 4026; x_wconf 86' lang='lat' dir='ltr'><strong>bini</strong></span> <span class='ocrx_word' id='word_1_590' title='bbox 2638 3976 2730 4021; x_wconf 89' lang='lat' dir='ltr'><strong>aut</strong></span> <span class='ocrx_word' id='word_1_591' title='bbox 2762 3966 2899 4020; x_wconf 90' lang='lat' dir='ltr'><strong>terni</strong></span> <span class='ocrx_word' id='word_1_592' title='bbox 2942 3964 3227 4033; x_wconf 76' lang='lat' dir='ltr'><strong>degebant,</strong></span> <span class='ocrx_word' id='word_1_593' title='bbox 3274 3965 3546 4016; x_wconf 86' lang='lat' dir='ltr'><strong>abundare</strong></span> <span class='ocrx_word' id='word_1_594' title='bbox 3592 3977 3654 4015; x_wconf 91' lang='lat' dir='ltr'><strong>ac</strong></span> <span class='ocrx_word' id='word_1_595' title='bbox 3695 3974 3860 4030; x_wconf 88' lang='lat' dir='ltr'><strong>prope</strong></span> <span class='ocrx_word' id='word_1_596' title='bbox 3886 3976 3977 4014; x_wconf 81' lang='lat' dir='ltr'><strong>so-</strong></span> 
     </span>
    </p>
   </div>
   <div class='ocr_carea' id='block_1_83' title="bbox 2412 4052 3973 4123">
    <p class='ocr_par' dir='ltr' id='par_1_83' title="bbox 2412 4052 3973 4123">
     <span class='ocr_line' id='line_1_83' title="bbox 2412 4052 3973 4123; baseline -0.006 -8"><span class='ocrx_word' id='word_1_597' title='bbox 2412 4064 2520 4117; x_wconf 90' lang='lat' dir='ltr'><strong>lum</strong></span> <span class='ocrx_word' id='word_1_598' title='bbox 2562 4075 2680 4116; x_wconf 88' lang='lat' dir='ltr'><strong>esse</strong></span> <span class='ocrx_word' id='word_1_599' title='bbox 2711 4060 2764 4113; x_wconf 84' lang='lat' dir='ltr'><strong>in</strong></span> <span class='ocrx_word' id='word_1_600' title='bbox 2796 4056 3107 4111; x_wconf 88' lang='lat' dir='ltr'><strong>civitatibus</strong></span> <span class='ocrx_word' id='word_1_601' title='bbox 3146 4068 3278 4123; x_wconf 89' lang='lat' dir='ltr'><strong>quas</strong></span> <span class='ocrx_word' id='word_1_602' title='bbox 3316 4053 3634 4114; x_wconf 90' lang='lat' dir='ltr'><strong>diaconiam,</strong></span> <span class='ocrx_word' id='word_1_603' title='bbox 3659 4063 3718 4103; x_wconf 92' lang='lat' dir='ltr'><strong>ut</strong></span> <span class='ocrx_word' id='word_1_604' title='bbox 3746 4052 3856 4119; x_wconf 92' lang='lat' dir='ltr'><strong>jam</strong></span> <span class='ocrx_word' id='word_1_605' title='bbox 3888 4053 3973 4106; x_wconf 75' lang='lat' dir='ltr'><strong>di—</strong></span> 
     </span>
    </p>
   </div>
   <div class='ocr_carea' id='block_1_84' title="bbox 2410 4142 3976 4217">
    <p class='ocr_par' dir='ltr' id='par_1_84' title="bbox 2410 4142 3976 4217">
     <span class='ocr_line' id='line_1_84' title="bbox 2410 4142 3976 4217; baseline -0.007 -10"><span class='ocrx_word' id='word_1_606' title='bbox 2410 4156 2609 4217; x_wconf 82' lang='lat' dir='ltr'><strong>ximus,</strong></span> <span class='ocrx_word' id='word_1_607' title='bbox 2640 4153 2689 4206; x_wconf 90' lang='lat' dir='ltr'><strong>in</strong></span> <span class='ocrx_word' id='word_1_608' title='bbox 2724 4149 2951 4205; x_wconf 91' lang='lat' dir='ltr'><strong>Pontum</strong></span> <span class='ocrx_word' id='word_1_609' title='bbox 2992 4157 3041 4203; x_wconf 90' lang='lat' dir='ltr'><strong>et</strong></span> <span class='ocrx_word' id='word_1_610' title='bbox 3087 4145 3395 4201; x_wconf 81' lang='lat' dir='ltr'><strong>Armeniam</strong></span> <span class='ocrx_word' id='word_1_611' title='bbox 3439 4142 3684 4197; x_wconf 88' lang='lat' dir='ltr'><strong>deferens</strong></span> <span class='ocrx_word' id='word_1_612' title='bbox 3718 4156 3976 4211; x_wconf 86' lang='lat' dir='ltr'><strong>peragra-</strong></span> 
     </span>
    </p>
   </div>
   <div class='ocr_carea' id='block_1_85' title="bbox 2409 4236 3974 4312">
    <p class='ocr_par' dir='ltr' id='par_1_85' title="bbox 2409 4236 3974 4312">
     <span class='ocr_line' id='line_1_85' title="bbox 2409 4236 3974 4312; baseline -0.005 -13"><span class='ocrx_word' id='word_1_613' title='bbox 2409 4248 2508 4299; x_wconf 87' lang='lat' dir='ltr'><strong>vit.</strong></span> <span class='ocrx_word' id='word_1_614' title='bbox 2563 4246 2811 4299; x_wconf 88' lang='lat' dir='ltr'><strong>Canones</strong></span> <span class='ocrx_word' id='word_1_615' title='bbox 2858 4242 3223 4312; x_wconf 86' lang='lat' dir='ltr'><strong>Gangrenses.</strong></span> <span class='ocrx_word' id='word_1_616' title='bbox 3266 4238 3355 4307; x_wconf 91' lang='lat' dir='ltr'><strong>qui</strong></span> <span class='ocrx_word' id='word_1_617' title='bbox 3389 4236 3655 4291; x_wconf 68' lang='lat' dir='ltr'><strong>Armeniae</strong></span> <span class='ocrx_word' id='word_1_618' title='bbox 3707 4238 3974 4306; x_wconf 84' lang='lat' dir='ltr'><strong>episcnpis</strong></span> 
     </span>
    </p>
   </div>
   <div class='ocr_carea' id='block_1_86' title="bbox 2414 4328 3970 4402">
    <p class='ocr_par' dir='ltr' id='par_1_86' title="bbox 2414 4328 3970 4402">
     <span class='ocr_line' id='line_1_86' title="bbox 2414 4328 3970 4402; baseline -0.005 -12"><span class='ocrx_word' id='word_1_619' title='bbox 2414 4336 2657 4402; x_wconf 89' lang='lat' dir='ltr'><strong>inscripti</strong></span> <span class='ocrx_word' id='word_1_620' title='bbox 2699 4345 2843 4400; x_wconf 88' lang='lat' dir='ltr'><strong>sunt,</strong></span> <span class='ocrx_word' id='word_1_621' title='bbox 2872 4335 3121 4387; x_wconf 89' lang='lat' dir='ltr'><strong>dubitare</strong></span> <span class='ocrx_word' id='word_1_622' title='bbox 3152 4345 3256 4383; x_wconf 91' lang='lat' dir='ltr'><strong>non</strong></span> <span class='ocrx_word' id='word_1_623' title='bbox 3282 4328 3463 4382; x_wconf 90' lang='lat' dir='ltr'><strong>sinunt</strong></span> <span class='ocrx_word' id='word_1_624' title='bbox 3504 4329 3631 4399; x_wconf 87' lang='lat' dir='ltr'><strong>quin</strong></span> <span class='ocrx_word' id='word_1_625' title='bbox 3664 4339 3970 4383; x_wconf 88' lang='lat' dir='ltr'><strong>ascetarum</strong></span> 
     </span>
    </p>
   </div>
   <div class='ocr_carea' id='block_1_87' title="bbox 2416 4421 3971 4495">
    <p class='ocr_par' dir='ltr' id='par_1_87' title="bbox 2416 4421 3971 4495">
     <span class='ocr_line' id='line_1_87' title="bbox 2416 4421 3971 4495; baseline -0.004 -15"><span class='ocrx_word' id='word_1_626' title='bbox 2416 4421 2607 4481; x_wconf 75' lang='lat' dir='ltr'><strong>in&#39;hae</strong></span> <span class='ocrx_word' id='word_1_627' title='bbox 2648 4429 2863 4495; x_wconf 81' lang='lat' dir='ltr'><strong>regione</strong></span> <span class='ocrx_word' id='word_1_628' title='bbox 2916 4440 3107 4493; x_wconf 86' lang='lat' dir='ltr'><strong>magna</strong></span> <span class='ocrx_word' id='word_1_629' title='bbox 3166 4422 3329 4475; x_wconf 90' lang='lat' dir='ltr'><strong>fuerit</strong></span> <span class='ocrx_word' id='word_1_630' title='bbox 3373 4422 3634 4476; x_wconf 89' lang='lat' dir='ltr'><strong>sentiendi</strong></span> <span class='ocrx_word' id='word_1_631' title='bbox 3668 4436 3731 4474; x_wconf 90' lang='lat' dir='ltr'><strong>ac</strong></span> <span class='ocrx_word' id='word_1_632' title='bbox 3757 4422 3971 4475; x_wconf 78' lang='lat' dir='ltr'><strong>vivendi</strong></span> 
     </span>
    </p>
   </div>
   <div class='ocr_carea' id='block_1_88' title="bbox 2426 4512 3974 4587">
    <p class='ocr_par' dir='ltr' id='par_1_88' title="bbox 2426 4512 3974 4587">
     <span class='ocr_line' id='line_1_88' title="bbox 2426 4512 3974 4587; baseline -0.002 -17"><span class='ocrx_word' id='word_1_633' title='bbox 2426 4519 2666 4571; x_wconf 90' lang='lat' dir='ltr'><strong>libertas.</strong></span> <span class='ocrx_word' id='word_1_634' title='bbox 2696 4517 2796 4571; x_wconf 80' lang='lat' dir='ltr'><strong>Vix</strong></span> <span class='ocrx_word' id='word_1_635' title='bbox 2824 4532 2948 4587; x_wconf 85' lang='lat' dir='ltr'><strong>ergo</strong></span> <span class='ocrx_word' id='word_1_636' title='bbox 2974 4518 3187 4571; x_wconf 90' lang='lat' dir='ltr'><strong>dubium</strong></span> <span class='ocrx_word' id='word_1_637' title='bbox 3211 4514 3339 4583; x_wconf 86' lang='lat' dir='ltr'><strong>quin</strong></span> <span class='ocrx_word' id='word_1_638' title='bbox 3376 4515 3625 4569; x_wconf 79' lang='lat' dir='ltr'><strong>instituta:</strong></span> <span class='ocrx_word' id='word_1_639' title='bbox 3646 4513 3729 4567; x_wconf 90' lang='lat' dir='ltr'><strong>his</strong></span> <span class='ocrx_word' id='word_1_640' title='bbox 3762 4512 3814 4565; x_wconf 90' lang='lat' dir='ltr'><strong>in</strong></span> <span class='ocrx_word' id='word_1_641' title='bbox 3839 4512 3974 4567; x_wconf 88' lang='lat' dir='ltr'><strong>locis</strong></span> 
     </span>
    </p>
   </div>
   <div class='ocr_carea' id='block_1_89' title="bbox 756 4604 3972 4684">
    <p class='ocr_par' dir='ltr' id='par_1_89' title="bbox 756 4604 3972 4684">
     <span class='ocr_line' id='line_1_89' title="bbox 756 4604 3972 4684; baseline -0.001 -23"><span class='ocrx_word' id='word_1_642' title='bbox 756 4610 1092 4661; x_wconf 75' lang='lat' dir='ltr'><strong>anachoreta:</strong></span> <span class='ocrx_word' id='word_1_643' title='bbox 1136 4608 1333 4661; x_wconf 89' lang='lat' dir='ltr'><strong>fuerint</strong></span> <span class='ocrx_word' id='word_1_644' title='bbox 1381 4622 1480 4662; x_wconf 88' lang='lat' dir='ltr'><strong>nec</strong></span> <span class='ocrx_word' id='word_1_645' title='bbox 1537 4608 1833 4662; x_wconf 69' lang='lat' dir='ltr'><strong>ctenohitaz.</strong></span> <span class='ocrx_word' id='word_1_646' title='bbox 1866 4608 2114 4662; x_wconf 85' lang='lat' dir='ltr'><strong>Testatur</strong></span> <span class='ocrx_word' id='word_1_647' title='bbox 2148 4608 2313 4663; x_wconf 79' lang='lat' dir='ltr'><strong>Sozo-</strong></span> <span class='ocrx_word' id='word_1_648' title='bbox 2343 4630 2387 4684; x_wconf 78' lang='grc' dir='ltr'>ι)</span> <span class='ocrx_word' id='word_1_649' title='bbox 2419 4610 2757 4666; x_wconf 64' lang='lat' dir='ltr'><strong>caanobitica:</strong></span> <span class='ocrx_word' id='word_1_650' title='bbox 2792 4612 2913 4664; x_wconf 70' lang='lat' dir='ltr'><strong>vitae</strong></span> <span class='ocrx_word' id='word_1_651' title='bbox 2962 4609 3128 4680; x_wconf 87' lang='lat' dir='ltr'><strong>gloria</strong></span> <span class='ocrx_word' id='word_1_652' title='bbox 3177 4623 3279 4660; x_wconf 88' lang='lat' dir='ltr'><strong>non</strong></span> <span class='ocrx_word' id='word_1_653' title='bbox 3327 4607 3600 4661; x_wconf 87' lang='lat' dir='ltr'><strong>Eustathio</strong></span> <span class='ocrx_word' id='word_1_654' title='bbox 3630 4604 3972 4659; x_wconf 87' lang='lat' dir='ltr'><strong>attribuenda</strong></span> 
     </span>
    </p>
   </div>
   <div class='ocr_carea' id='block_1_90' title="bbox 756 4699 2309 4771">
    <p class='ocr_par' dir='ltr' id='par_1_90' title="bbox 756 4699 2309 4771">
     <span class='ocr_line' id='line_1_90' title="bbox 756 4699 2309 4771; baseline 0.001 -18"><span class='ocrx_word' id='word_1_655' title='bbox 756 4716 943 4754; x_wconf 89' lang='lat' dir='ltr'><strong>menus</strong></span> <span class='ocrx_word' id='word_1_656' title='bbox 965 4699 1040 4771; x_wconf 90' lang='lat' dir='ltr'><strong>(b)</strong></span> <span class='ocrx_word' id='word_1_657' title='bbox 1067 4701 1116 4751; x_wconf 92' lang='lat' dir='ltr'><strong>in</strong></span> <span class='ocrx_word' id='word_1_658' title='bbox 1141 4700 1345 4753; x_wconf 86' lang='lat' dir='ltr'><strong>Galatia</strong></span> <span class='ocrx_word' id='word_1_659' title='bbox 1379 4709 1433 4754; x_wconf 91' lang='lat' dir='ltr'><strong>et</strong></span> <span class='ocrx_word' id='word_1_660' title='bbox 1454 4699 1785 4769; x_wconf 86' lang='lat' dir='ltr'><strong>Cappadocia</strong></span> <span class='ocrx_word' id='word_1_661' title='bbox 1822 4711 1877 4753; x_wconf 91' lang='lat' dir='ltr'><strong>et</strong></span> <span class='ocrx_word' id='word_1_662' title='bbox 1909 4699 2150 4754; x_wconf 86' lang='lat' dir='ltr'><strong>finitimis</strong></span> <span class='ocrx_word' id='word_1_663' title='bbox 2187 4716 2309 4769; x_wconf 88' lang='lat' dir='ltr'><strong>pro-</strong></span> 
     </span>
    </p>
   </div>
   <div class='ocr_carea' id='block_1_91' title="bbox 753 4789 2304 4861">
    <p class='ocr_par' dir='ltr' id='par_1_91' title="bbox 753 4789 2304 4861">
     <span class='ocr_line' id='line_1_91' title="bbox 753 4789 2304 4861; baseline 0 -16"><span class='ocrx_word' id='word_1_664' title='bbox 753 4793 941 4848; x_wconf 91' lang='lat' dir='ltr'><strong>vinciis</strong></span> <span class='ocrx_word' id='word_1_665' title='bbox 968 4792 1199 4847; x_wconf 77' lang='lat' dir='ltr'><strong>maxime</strong></span> <span class='ocrx_word' id='word_1_666' title='bbox 1227 4806 1405 4845; x_wconf 91' lang='lat' dir='ltr'><strong>rarum</strong></span> <span class='ocrx_word' id='word_1_667' title='bbox 1455 4806 1573 4845; x_wconf 89' lang='lat' dir='ltr'><strong>esse</strong></span> <span class='ocrx_word' id='word_1_668' title='bbox 1617 4789 2059 4845; x_wconf 87' lang='lat' dir='ltr'><strong>anachoretarum</strong></span> <span class='ocrx_word' id='word_1_669' title='bbox 2117 4806 2304 4861; x_wconf 86' lang='lat' dir='ltr'><strong>genus,</strong></span> 
     </span>
    </p>
   </div>
   <div class='ocr_carea' id='block_1_92' title="bbox 756 4881 2307 4953">
    <p class='ocr_par' dir='ltr' id='par_1_92' title="bbox 756 4881 2307 4953">
     <span class='ocr_line' id='line_1_92' title="bbox 756 4881 2307 4953; baseline 0.001 -17"><span class='ocrx_word' id='word_1_670' title='bbox 756 4886 881 4951; x_wconf 84' lang='lat' dir='ltr'><strong>quia</strong></span> <span class='ocrx_word' id='word_1_671' title='bbox 916 4898 1009 4951; x_wconf 90' lang='lat' dir='ltr'><strong>per</strong></span> <span class='ocrx_word' id='word_1_672' title='bbox 1041 4882 1257 4953; x_wconf 84' lang='lat' dir='ltr'><strong>frigoris</strong></span> <span class='ocrx_word' id='word_1_673' title='bbox 1287 4882 1633 4935; x_wconf 85' lang='lat' dir='ltr'><strong>acerbitatem</strong></span> <span class='ocrx_word' id='word_1_674' title='bbox 1659 4882 1707 4933; x_wconf 94' lang='lat' dir='ltr'><strong>in</strong></span> <span class='ocrx_word' id='word_1_675' title='bbox 1739 4881 1965 4934; x_wconf 86' lang='lat' dir='ltr'><strong>desertis</strong></span> <span class='ocrx_word' id='word_1_676' title='bbox 1987 4881 2118 4937; x_wconf 89' lang='lat' dir='ltr'><strong>locis</strong></span> <span class='ocrx_word' id='word_1_677' title='bbox 2146 4884 2307 4951; x_wconf 84' lang='lat' dir='ltr'><strong>dege-</strong></span> 
     </span>
    </p>
   </div>
   <div class='ocr_carea' id='block_1_93' title="bbox 757 4970 2302 5041">
    <p class='ocr_par' dir='ltr' id='par_1_93' title="bbox 757 4970 2302 5041">
     <span class='ocr_line' id='line_1_93' title="bbox 757 4970 2302 5041; baseline 0.001 -15"><span class='ocrx_word' id='word_1_678' title='bbox 757 4990 813 5026; x_wconf 88' lang='lat' dir='ltr'><strong>re</strong></span> <span class='ocrx_word' id='word_1_679' title='bbox 836 4988 939 5027; x_wconf 89' lang='lat' dir='ltr'><strong>non</strong></span> <span class='ocrx_word' id='word_1_680' title='bbox 970 4973 1111 5026; x_wconf 86' lang='lat' dir='ltr'><strong>licet.</strong></span> <span class='ocrx_word' id='word_1_681' title='bbox 1146 4972 1199 5026; x_wconf 91' lang='lat' dir='ltr'><strong>ld</strong></span> <span class='ocrx_word' id='word_1_682' title='bbox 1234 4972 1516 5026; x_wconf 87' lang='lat' dir='ltr'><strong>confirmat</strong></span> <span class='ocrx_word' id='word_1_683' title='bbox 1552 4973 1715 5026; x_wconf 89' lang='lat' dir='ltr'><strong>abbas</strong></span> <span class='ocrx_word' id='word_1_684' title='bbox 1750 4970 2008 5041; x_wconf 81' lang='lat' dir='ltr'><strong>Pyamon,</strong></span> <span class='ocrx_word' id='word_1_685' title='bbox 2040 4974 2129 5041; x_wconf 90' lang='lat' dir='ltr'><strong>qui</strong></span> <span class='ocrx_word' id='word_1_686' title='bbox 2165 4975 2302 5041; x_wconf 86' lang='lat' dir='ltr'><strong>apud</strong></span> 
     </span>
    </p>
   </div>
   <div class='ocr_carea' id='block_1_94' title="bbox 754 5061 2299 5132">
    <p class='ocr_par' dir='ltr' id='par_1_94' title="bbox 754 5061 2299 5132">
     <span class='ocr_line' id='line_1_94' title="bbox 754 5061 2299 5132; baseline 0.001 -15"><span class='ocrx_word' id='word_1_687' title='bbox 754 5064 1066 5118; x_wconf 79' lang='lat' dir='ltr'><strong>Cassianum</strong></span> <span class='ocrx_word' id='word_1_688' title='bbox 1093 5063 1161 5132; x_wconf 82' lang='grc' dir='ltr'><strong>(ε)</strong></span> <span class='ocrx_word' id='word_1_689' title='bbox 1190 5071 1369 5116; x_wconf 88' lang='lat' dir='ltr'><strong>narrat</strong></span> <span class='ocrx_word' id='word_1_690' title='bbox 1393 5076 1452 5115; x_wconf 89' lang='lat' dir='ltr'><strong>se</strong></span> <span class='ocrx_word' id='word_1_691' title='bbox 1483 5061 1533 5113; x_wconf 93' lang='lat' dir='ltr'><strong>in</strong></span> <span class='ocrx_word' id='word_1_692' title='bbox 1560 5062 1864 5132; x_wconf 87' lang='lat' dir='ltr'><strong>regionibus</strong></span> <span class='ocrx_word' id='word_1_693' title='bbox 1891 5078 2023 5130; x_wconf 89' lang='lat' dir='ltr'><strong>quas</strong></span> <span class='ocrx_word' id='word_1_694' title='bbox 2056 5065 2155 5117; x_wconf 87' lang='lat' dir='ltr'><strong>sub</strong></span> <span class='ocrx_word' id='word_1_695' title='bbox 2197 5063 2299 5118; x_wconf 84' lang='lat' dir='ltr'><strong>Va-</strong></span> 
     </span>
    </p>
   </div>
   <div class='ocr_carea' id='block_1_95' title="bbox 755 5152 2275 5224">
    <p class='ocr_par' dir='ltr' id='par_1_95' title="bbox 755 5152 2275 5224">
     <span class='ocr_line' id='line_1_95' title="bbox 755 5152 2275 5224; baseline 0 -16"><span class='ocrx_word' id='word_1_696' title='bbox 755 5157 895 5208; x_wconf 84' lang='lat' dir='ltr'><strong>lente</strong></span> <span class='ocrx_word' id='word_1_697' title='bbox 926 5156 1243 5224; x_wconf 88' lang='lat' dir='ltr'><strong>peragravit,</strong></span> <span class='ocrx_word' id='word_1_698' title='bbox 1295 5164 1350 5208; x_wconf 91' lang='lat' dir='ltr'><strong>ut</strong></span> <span class='ocrx_word' id='word_1_699' title='bbox 1381 5152 1636 5208; x_wconf 86' lang='lat' dir='ltr'><strong>fratribus</strong></span> <span class='ocrx_word' id='word_1_700' title='bbox 1666 5156 1718 5207; x_wconf 89' lang='lat' dir='ltr'><strong>in</strong></span> <span class='ocrx_word' id='word_1_701' title='bbox 1760 5153 1987 5209; x_wconf 87' lang='lat' dir='ltr'><strong>Pontum</strong></span> <span class='ocrx_word' id='word_1_702' title='bbox 2024 5164 2077 5207; x_wconf 86' lang='lat' dir='ltr'><strong>et</strong></span> <span class='ocrx_word' id='word_1_703' title='bbox 2112 5156 2275 5208; x_wconf 84' lang='lat' dir='ltr'><strong>Anne</strong></span> 
     </span>
    </p>
   </div>
   <div class='ocr_carea' id='block_1_96' title="bbox 753 5245 2305 5317">
    <p class='ocr_par' dir='ltr' id='par_1_96' title="bbox 753 5245 2305 5317">
     <span class='ocr_line' id='line_1_96' title="bbox 753 5245 2305 5317; baseline 0 -15"><span class='ocrx_word' id='word_1_704' title='bbox 753 5250 897 5303; x_wconf 88' lang='lat' dir='ltr'><strong>niam</strong></span> <span class='ocrx_word' id='word_1_705' title='bbox 936 5245 1183 5315; x_wconf 89' lang='lat' dir='ltr'><strong>relegatis</strong></span> <span class='ocrx_word' id='word_1_706' title='bbox 1229 5247 1530 5303; x_wconf 87' lang='lat' dir='ltr'><strong>diaconiam</strong></span> <span class='ocrx_word' id='word_1_707' title='bbox 1581 5245 1764 5311; x_wconf 84' lang='lat' dir='ltr'><strong>ferret,</strong></span> <span class='ocrx_word' id='word_1_708' title='bbox 1798 5263 1865 5302; x_wconf 91' lang='lat' dir='ltr'><strong>ne</strong></span> <span class='ocrx_word' id='word_1_709' title='bbox 1894 5248 2065 5317; x_wconf 90' lang='lat' dir='ltr'><strong>ipsum</strong></span> <span class='ocrx_word' id='word_1_710' title='bbox 2094 5248 2305 5315; x_wconf 85' lang='lat' dir='ltr'><strong>quidem</strong></span> 
     </span>
    </p>
   </div>
   <div class='ocr_carea' id='block_1_97' title="bbox 754 5338 2307 5408">
    <p class='ocr_par' dir='ltr' id='par_1_97' title="bbox 754 5338 2307 5408">
     <span class='ocr_line' id='line_1_97' title="bbox 754 5338 2307 5408; baseline 0.001 -15"><span class='ocrx_word' id='word_1_711' title='bbox 754 5340 1199 5393; x_wconf 82' lang='lat' dir='ltr'><strong>anaclioretarum</strong></span> <span class='ocrx_word' id='word_1_712' title='bbox 1239 5354 1429 5393; x_wconf 89' lang='lat' dir='ltr'><strong>nomen</strong></span> <span class='ocrx_word' id='word_1_713' title='bbox 1463 5338 1703 5393; x_wconf 89' lang='lat' dir='ltr'><strong>auditum</strong></span> <span class='ocrx_word' id='word_1_714' title='bbox 1729 5341 2076 5408; x_wconf 88' lang='lat' dir='ltr'><strong>comperisse.</strong></span> <span class='ocrx_word' id='word_1_715' title='bbox 2112 5338 2307 5395; x_wconf 83' lang='lat' dir='ltr'><strong>Existi-</strong></span> 
     </span>
    </p>
   </div>
   <div class='ocr_carea' id='block_1_98' title="bbox 754 5423 2307 5498">
    <p class='ocr_par' dir='ltr' id='par_1_98' title="bbox 754 5423 2307 5498">
     <span class='ocr_line' id='line_1_98' title="bbox 754 5423 2307 5498; baseline 0.005 -21"><span class='ocrx_word' id='word_1_716' title='bbox 754 5436 865 5477; x_wconf 89' lang='lat' dir='ltr'><strong>mat</strong></span> <span class='ocrx_word' id='word_1_717' title='bbox 893 5423 1261 5480; x_wconf 88' lang='lat' dir='ltr'><strong>Tillemontius</strong></span> <span class='ocrx_word' id='word_1_718' title='bbox 1296 5427 1370 5497; x_wconf 85' lang='lat' dir='ltr'><strong>(d)</strong></span> <span class='ocrx_word' id='word_1_719' title='bbox 1413 5426 1693 5480; x_wconf 89' lang='lat' dir='ltr'><strong>nonnullos</strong></span> <span class='ocrx_word' id='word_1_720' title='bbox 1750 5442 1776 5480; x_wconf 91' lang='lat' dir='ltr'><strong>a</strong></span> <span class='ocrx_word' id='word_1_721' title='bbox 1822 5438 2006 5483; x_wconf 89' lang='lat' dir='ltr'><strong>sancto</strong></span> <span class='ocrx_word' id='word_1_722' title='bbox 2047 5427 2307 5498; x_wconf 90' lang='lat' dir='ltr'><strong>Gregorio</strong></span> 
     </span>
    </p>
   </div>
   <div class='ocr_carea' id='block_1_99' title="bbox 752 5516 2303 5587">
    <p class='ocr_par' dir='ltr' id='par_1_99' title="bbox 752 5516 2303 5587">
     <span class='ocr_line' id='line_1_99' title="bbox 752 5516 2303 5587; baseline 0.006 -19"><span class='ocrx_word' id='word_1_723' title='bbox 752 5516 1093 5571; x_wconf 79' lang='lat' dir='ltr'><strong>Nazianzeno</strong></span> <span class='ocrx_word' id='word_1_724' title='bbox 1123 5516 1463 5587; x_wconf 80' lang='lat' dir='ltr'><strong>Cappadoces</strong></span> <span class='ocrx_word' id='word_1_725' title='bbox 1496 5520 1847 5574; x_wconf 88' lang='lat' dir='ltr'><strong>anachoretas</strong></span> <span class='ocrx_word' id='word_1_726' title='bbox 1876 5522 2076 5577; x_wconf 89' lang='lat' dir='ltr'><strong>laudari</strong></span> <span class='ocrx_word' id='word_1_727' title='bbox 2109 5520 2163 5576; x_wconf 89' lang='lat' dir='ltr'><strong>in</strong></span> <span class='ocrx_word' id='word_1_728' title='bbox 2187 5535 2303 5577; x_wconf 83' lang='lat' dir='ltr'><strong>car-</strong></span> 
     </span>
    </p>
   </div>
   <div class='ocr_carea' id='block_1_100' title="bbox 820 5696 1335 5771">
    <p class='ocr_par' dir='ltr' id='par_1_100' title="bbox 820 5696 1335 5771">
     <span class='ocr_line' id='line_1_100' title="bbox 820 5696 1335 5771; baseline 0.006 -21"><span class='ocrx_word' id='word_1_729' title='bbox 820 5699 898 5771; x_wconf 77' lang='lat' dir='ltr'><strong>(a)</strong></span> <span class='ocrx_word' id='word_1_730' title='bbox 923 5696 1020 5771; x_wconf 83' lang='lat' dir='ltr'><strong>_Ep.</strong></span> <span class='ocrx_word' id='word_1_731' title='bbox 1051 5700 1173 5760; x_wconf 71' lang='lat'><strong>225,</strong></span> <span class='ocrx_word' id='word_1_732' title='bbox 1207 5716 1257 5752; x_wconf 85' lang='grc' dir='ltr'><strong>η.</strong></span> <span class='ocrx_word' id='word_1_733' title='bbox 1284 5701 1335 5755; x_wconf 78' lang='grc'><strong>5.</strong></span> 
     </span>
    </p>
   </div>
   <div class='ocr_carea' id='block_1_101' title="bbox 819 5768 1331 5842">
    <p class='ocr_par' dir='ltr' id='par_1_101' title="bbox 819 5768 1331 5842">
     <span class='ocr_line' id='line_1_101' title="bbox 819 5768 1331 5842; baseline 0.006 -21"><span class='ocrx_word' id='word_1_734' title='bbox 819 5768 893 5842; x_wconf 78' lang='lat' dir='ltr'><strong>(b)</strong></span> <span class='ocrx_word' id='word_1_735' title='bbox 1071 5785 1142 5832; x_wconf 72' lang='grc' dir='ltr'><strong>γι,</strong></span> <span class='ocrx_word' id='word_1_736' title='bbox 1170 5788 1217 5842; x_wconf 76' lang='lat' dir='ltr'><strong>e.</strong></span> <span class='ocrx_word' id='word_1_737' title='bbox 1246 5771 1331 5824; x_wconf 66' lang='grc'><strong>54.</strong></span> 
     </span>
    </p>
   </div>
   <div class='ocr_carea' id='block_1_102' title="bbox 822 5839 1393 5908">
    <p class='ocr_par' dir='ltr' id='par_1_102' title="bbox 822 5839 1393 5908">
     <span class='ocr_line' id='line_1_102' title="bbox 822 5839 1393 5908; baseline 0.007 -19"><span class='ocrx_word' id='word_1_738' title='bbox 822 5839 891 5908; x_wconf 76' lang='grc' dir='ltr'><strong>(ε)</strong></span> <span class='ocrx_word' id='word_1_739' title='bbox 922 5839 1109 5908; x_wconf 63' lang='grc' dir='ltr'><strong>ΩυΙΙθι.</strong></span> <span class='ocrx_word' id='word_1_740' title='bbox 1147 5841 1225 5908; x_wconf 85' lang='lat' dir='ltr'><strong>l8,</strong></span> <span class='ocrx_word' id='word_1_741' title='bbox 1264 5858 1309 5893; x_wconf 89' lang='lat' dir='ltr'><strong>c.</strong></span> <span class='ocrx_word' id='word_1_742' title='bbox 1347 5842 1393 5893; x_wconf 87' lang='lat'><strong>7.</strong></span> 
     </span>
    </p>
   </div>
   <div class='ocr_carea' id='block_1_103' title="bbox 826 5906 1382 5983">
    <p class='ocr_par' dir='ltr' id='par_1_103' title="bbox 826 5906 1382 5983">
     <span class='ocr_line' id='line_1_103' title="bbox 826 5906 1382 5983; baseline 0.007 -22"><span class='ocrx_word' id='word_1_743' title='bbox 826 5906 899 5983; x_wconf 57' lang='grc' dir='ltr'><strong>(ιι)</strong></span> <span class='ocrx_word' id='word_1_744' title='bbox 927 5906 1077 5964; x_wconf 87' lang='lat' dir='ltr'><strong>Tom.</strong></span> <span class='ocrx_word' id='word_1_745' title='bbox 1102 5907 1187 5977; x_wconf 70' lang='lat' dir='ltr'><strong>lX,</strong></span> <span class='ocrx_word' id='word_1_746' title='bbox 1213 5927 1263 5980; x_wconf 83' lang='lat' dir='ltr'><strong>p.</strong></span> 
     </span>
    </p>
   </div>
   <div class='ocr_carea' id='block_1_104' title="bbox 2418 4695 3975 4767">
    <p class='ocr_par' dir='ltr' id='par_1_104' title="bbox 2418 4695 3975 4767">
     <span class='ocr_line' id='line_1_104' title="bbox 2418 4695 3975 4767; baseline -0.003 -12"><span class='ocrx_word' id='word_1_747' title='bbox 2418 4702 2507 4763; x_wconf 86' lang='lat' dir='ltr'><strong>sit,</strong></span> <span class='ocrx_word' id='word_1_748' title='bbox 2542 4698 2635 4754; x_wconf 80' lang='lat' dir='ltr'><strong>sed</strong></span> <span class='ocrx_word' id='word_1_749' title='bbox 2671 4698 2884 4766; x_wconf 88' lang='lat' dir='ltr'><strong>Basilio,</strong></span> <span class='ocrx_word' id='word_1_750' title='bbox 2925 4698 3075 4767; x_wconf 88' lang='lat' dir='ltr'><strong>cujus</strong></span> <span class='ocrx_word' id='word_1_751' title='bbox 3110 4698 3402 4751; x_wconf 83' lang='lat' dir='ltr'><strong>maximum</strong></span> <span class='ocrx_word' id='word_1_752' title='bbox 3426 4697 3631 4751; x_wconf 82' lang='lat' dir='ltr'><strong>exstitit</strong></span> <span class='ocrx_word' id='word_1_753' title='bbox 3661 4695 3819 4764; x_wconf 92' lang='lat' dir='ltr'><strong>hujus</strong></span> <span class='ocrx_word' id='word_1_754' title='bbox 3849 4712 3975 4765; x_wconf 92' lang='lat' dir='ltr'><strong>pro-</strong></span> 
     </span>
    </p>
   </div>
   <div class='ocr_carea' id='block_1_105' title="bbox 2414 4787 3973 4864">
    <p class='ocr_par' dir='ltr' id='par_1_105' title="bbox 2414 4787 3973 4864">
     <span class='ocr_line' id='line_1_105' title="bbox 2414 4787 3973 4864; baseline -0.001 -19"><span class='ocrx_word' id='word_1_755' title='bbox 2414 4792 2640 4864; x_wconf 86' lang='lat' dir='ltr'><strong>pagandi</strong></span> <span class='ocrx_word' id='word_1_756' title='bbox 2670 4792 2896 4846; x_wconf 90' lang='lat' dir='ltr'><strong>instituti</strong></span> <span class='ocrx_word' id='word_1_757' title='bbox 2929 4789 3181 4844; x_wconf 87' lang='lat' dir='ltr'><strong>studium.</strong></span> <span class='ocrx_word' id='word_1_758' title='bbox 3218 4788 3348 4844; x_wconf 92' lang='lat' dir='ltr'><strong>Illud</strong></span> <span class='ocrx_word' id='word_1_759' title='bbox 3380 4790 3537 4859; x_wconf 87' lang='lat' dir='ltr'><strong>longe</strong></span> <span class='ocrx_word' id='word_1_760' title='bbox 3579 4790 3650 4859; x_wconf 87' lang='lat' dir='ltr'><strong>(g)</strong></span> <span class='ocrx_word' id='word_1_761' title='bbox 3684 4787 3973 4855; x_wconf 51' lang='lat' dir='ltr'><strong>praeferen-</strong></span> 
     </span>
    </p>
   </div>
   <div class='ocr_carea' id='block_1_106' title="bbox 2414 4881 3975 4952">
    <p class='ocr_par' dir='ltr' id='par_1_106' title="bbox 2414 4881 3975 4952">
     <span class='ocr_line' id='line_1_106' title="bbox 2414 4881 3975 4952; baseline -0.003 -13"><span class='ocrx_word' id='word_1_762' title='bbox 2414 4887 2536 4939; x_wconf 90' lang='lat' dir='ltr'><strong>dum</strong></span> <span class='ocrx_word' id='word_1_763' title='bbox 2584 4898 2699 4937; x_wconf 90' lang='lat' dir='ltr'><strong>esse</strong></span> <span class='ocrx_word' id='word_1_764' title='bbox 2730 4882 3196 4939; x_wconf 80' lang='lat' dir='ltr'><strong>demonstratvita:</strong></span> <span class='ocrx_word' id='word_1_765' title='bbox 3225 4884 3515 4948; x_wconf 76' lang='lat' dir='ltr'><strong>solitarizn;</strong></span> <span class='ocrx_word' id='word_1_766' title='bbox 3552 4887 3654 4935; x_wconf 89' lang='lat' dir='ltr'><strong>duo</strong></span> <span class='ocrx_word' id='word_1_767' title='bbox 3681 4881 3758 4952; x_wconf 71' lang='lat' dir='ltr'><strong>(Ii)</strong></span> <span class='ocrx_word' id='word_1_768' title='bbox 3800 4884 3851 4935; x_wconf 90' lang='lat' dir='ltr'><strong>in</strong></span> <span class='ocrx_word' id='word_1_769' title='bbox 3880 4897 3975 4935; x_wconf 90' lang='lat' dir='ltr'><strong>eo-</strong></span> 
     </span>
    </p>
   </div>
   <div class='ocr_carea' id='block_1_107' title="bbox 2411 4974 3974 5044">
    <p class='ocr_par' dir='ltr' id='par_1_107' title="bbox 2411 4974 3974 5044">
     <span class='ocr_line' id='line_1_107' title="bbox 2411 4974 3974 5044; baseline -0.001 -14"><span class='ocrx_word' id='word_1_770' title='bbox 2411 4976 2529 5030; x_wconf 90' lang='lat' dir='ltr'><strong>dem</strong></span> <span class='ocrx_word' id='word_1_771' title='bbox 2562 4989 2695 5044; x_wconf 87' lang='lat' dir='ltr'><strong>pago</strong></span> <span class='ocrx_word' id='word_1_772' title='bbox 2741 4974 3063 5030; x_wconf 83' lang='lat' dir='ltr'><strong>monasteria</strong></span> <span class='ocrx_word' id='word_1_773' title='bbox 3094 4989 3213 5028; x_wconf 88' lang='lat' dir='ltr'><strong>esse</strong></span> <span class='ocrx_word' id='word_1_774' title='bbox 3255 4989 3359 5027; x_wconf 88' lang='lat' dir='ltr'><strong>non</strong></span> <span class='ocrx_word' id='word_1_775' title='bbox 3402 4974 3610 5041; x_wconf 90' lang='lat' dir='ltr'><strong>probat,</strong></span> <span class='ocrx_word' id='word_1_776' title='bbox 3642 4976 3733 5028; x_wconf 87' lang='lat' dir='ltr'><strong>sed</strong></span> <span class='ocrx_word' id='word_1_777' title='bbox 3778 4989 3974 5029; x_wconf 88' lang='lat' dir='ltr'><strong>omnes</strong></span> 
     </span>
    </p>
   </div>
   <div class='ocr_carea' id='block_1_108' title="bbox 2412 5065 3977 5133">
    <p class='ocr_par' dir='ltr' id='par_1_108' title="bbox 2412 5065 3977 5133">
     <span class='ocr_line' id='line_1_108' title="bbox 2412 5065 3977 5133; baseline -0.002 -12"><span class='ocrx_word' id='word_1_778' title='bbox 2412 5076 2619 5121; x_wconf 89' lang='lat' dir='ltr'><strong>ascetas</strong></span> <span class='ocrx_word' id='word_1_779' title='bbox 2651 5068 2749 5122; x_wconf 90' lang='lat' dir='ltr'><strong>sub</strong></span> <span class='ocrx_word' id='word_1_780' title='bbox 2777 5084 2882 5122; x_wconf 91' lang='lat' dir='ltr'><strong>uno</strong></span> <span class='ocrx_word' id='word_1_781' title='bbox 2912 5074 2966 5119; x_wconf 89' lang='lat' dir='ltr'><strong>et</strong></span> <span class='ocrx_word' id='word_1_782' title='bbox 2994 5067 3176 5121; x_wconf 89' lang='lat' dir='ltr'><strong>eodem</strong></span> <span class='ocrx_word' id='word_1_783' title='bbox 3208 5065 3493 5133; x_wconf 68' lang='lat' dir='ltr'><strong>praeposito</strong></span> <span class='ocrx_word' id='word_1_784' title='bbox 3536 5066 3807 5121; x_wconf 76' lang='lat' dir='ltr'><strong>existimat</strong></span> <span class='ocrx_word' id='word_1_785' title='bbox 3838 5079 3977 5119; x_wconf 89' lang='lat' dir='ltr'><strong>con-</strong></span> 
     </span>
    </p>
   </div>
   <div class='ocr_carea' id='block_1_109' title="bbox 2408 5158 3969 5230">
    <p class='ocr_par' dir='ltr' id='par_1_109' title="bbox 2408 5158 3969 5230">
     <span class='ocr_line' id='line_1_109' title="bbox 2408 5158 3969 5230; baseline -0.001 -17"><span class='ocrx_word' id='word_1_786' title='bbox 2408 5159 2725 5230; x_wconf 77' lang='lat' dir='ltr'><strong>jungendos.</strong></span> <span class='ocrx_word' id='word_1_787' title='bbox 2752 5158 2990 5228; x_wconf 88' lang='lat' dir='ltr'><strong>Perspiei</strong></span> <span class='ocrx_word' id='word_1_788' title='bbox 3028 5160 3189 5214; x_wconf 87' lang='lat' dir='ltr'><strong>etiam</strong></span> <span class='ocrx_word' id='word_1_789' title='bbox 3231 5167 3407 5226; x_wconf 85' lang='lat' dir='ltr'><strong>potest</strong></span> <span class='ocrx_word' id='word_1_790' title='bbox 3438 5159 3576 5213; x_wconf 89' lang='lat' dir='ltr'><strong>illius</strong></span> <span class='ocrx_word' id='word_1_791' title='bbox 3605 5158 3869 5213; x_wconf 87' lang='lat' dir='ltr'><strong>sententia</strong></span> <span class='ocrx_word' id='word_1_792' title='bbox 3902 5174 3969 5213; x_wconf 80' lang='lat' dir='ltr'><strong>ex</strong></span> 
     </span>
    </p>
   </div>
   <div class='ocr_carea' id='block_1_110' title="bbox 2414 5252 3971 5323">
    <p class='ocr_par' dir='ltr' id='par_1_110' title="bbox 2414 5252 3971 5323">
     <span class='ocr_line' id='line_1_110' title="bbox 2414 5252 3971 5323; baseline -0.003 -14"><span class='ocrx_word' id='word_1_793' title='bbox 2414 5255 2569 5323; x_wconf 86' lang='lat' dir='ltr'><strong>epist.</strong></span> <span class='ocrx_word' id='word_1_794' title='bbox 2594 5252 2717 5317; x_wconf 83' lang='lat'><strong>295,</strong></span> <span class='ocrx_word' id='word_1_795' title='bbox 2745 5254 2797 5307; x_wconf 89' lang='lat' dir='ltr'><strong>in</strong></span> <span class='ocrx_word' id='word_1_796' title='bbox 2830 5269 2934 5322; x_wconf 91' lang='lat' dir='ltr'><strong>qua</strong></span> <span class='ocrx_word' id='word_1_797' title='bbox 2979 5265 3185 5308; x_wconf 88' lang='lat' dir='ltr'><strong>ascetas</strong></span> <span class='ocrx_word' id='word_1_798' title='bbox 3236 5253 3287 5304; x_wconf 93' lang='lat' dir='ltr'><strong>in</strong></span> <span class='ocrx_word' id='word_1_799' title='bbox 3319 5254 3503 5307; x_wconf 86' lang='lat' dir='ltr'><strong>eodem</strong></span> <span class='ocrx_word' id='word_1_800' title='bbox 3538 5253 3748 5321; x_wconf 88' lang='lat' dir='ltr'><strong>quidem</strong></span> <span class='ocrx_word' id='word_1_801' title='bbox 3782 5268 3971 5307; x_wconf 87' lang='lat' dir='ltr'><strong>mona-</strong></span> 
     </span>
    </p>
   </div>
   <div class='ocr_carea' id='block_1_111' title="bbox 2413 5340 3968 5406">
    <p class='ocr_par' dir='ltr' id='par_1_111' title="bbox 2413 5340 3968 5406">
     <span class='ocr_line' id='line_1_111' title="bbox 2413 5340 3968 5406; baseline -0.002 -9"><span class='ocrx_word' id='word_1_802' title='bbox 2413 5342 2600 5406; x_wconf 85' lang='lat' dir='ltr'><strong>sterio,</strong></span> <span class='ocrx_word' id='word_1_803' title='bbox 2625 5343 2716 5395; x_wconf 89' lang='lat' dir='ltr'><strong>sed</strong></span> <span class='ocrx_word' id='word_1_804' title='bbox 2755 5358 2857 5397; x_wconf 91' lang='lat' dir='ltr'><strong>non</strong></span> <span class='ocrx_word' id='word_1_805' title='bbox 2892 5357 3038 5396; x_wconf 90' lang='lat' dir='ltr'><strong>more</strong></span> <span class='ocrx_word' id='word_1_806' title='bbox 3081 5340 3447 5396; x_wconf 71' lang='lat' dir='ltr'><strong>cmnobiorum</strong></span> <span class='ocrx_word' id='word_1_807' title='bbox 3500 5340 3736 5396; x_wconf 88' lang='lat' dir='ltr'><strong>viventes</strong></span> <span class='ocrx_word' id='word_1_808' title='bbox 3776 5343 3968 5396; x_wconf 85' lang='lat' dir='ltr'><strong>horta-</strong></span> 
     </span>
    </p>
   </div>
   <div class='ocr_carea' id='block_1_112' title="bbox 2413 5432 3971 5496">
    <p class='ocr_par' dir='ltr' id='par_1_112' title="bbox 2413 5432 3971 5496">
     <span class='ocr_line' id='line_1_112' title="bbox 2413 5432 3971 5496; baseline 0.001 -10"><span class='ocrx_word' id='word_1_809' title='bbox 2413 5444 2519 5496; x_wconf 90' lang='lat' dir='ltr'><strong>tur,</strong></span> <span class='ocrx_word' id='word_1_810' title='bbox 2552 5442 2608 5486; x_wconf 89' lang='lat' dir='ltr'><strong>ut</strong></span> <span class='ocrx_word' id='word_1_811' title='bbox 2633 5434 2698 5487; x_wconf 90' lang='lat' dir='ltr'><strong>ab</strong></span> <span class='ocrx_word' id='word_1_812' title='bbox 2729 5433 2828 5487; x_wconf 91' lang='lat' dir='ltr'><strong>hac</strong></span> <span class='ocrx_word' id='word_1_813' title='bbox 2850 5433 2955 5487; x_wconf 90' lang='lat' dir='ltr'><strong>vita</strong></span> <span class='ocrx_word' id='word_1_814' title='bbox 2986 5432 3209 5487; x_wconf 89' lang='lat' dir='ltr'><strong>testibus</strong></span> <span class='ocrx_word' id='word_1_815' title='bbox 3235 5443 3455 5488; x_wconf 86' lang='lat' dir='ltr'><strong>carente</strong></span> <span class='ocrx_word' id='word_1_816' title='bbox 3493 5432 3558 5486; x_wconf 91' lang='lat' dir='ltr'><strong>ad</strong></span> <span class='ocrx_word' id='word_1_817' title='bbox 3591 5434 3971 5488; x_wconf 75' lang='lat' dir='ltr'><strong>ccenobiticam</strong></span> 
     </span>
    </p>
   </div>
   <div class='ocr_carea' id='block_1_113' title="bbox 2414 5523 3966 5594">
    <p class='ocr_par' dir='ltr' id='par_1_113' title="bbox 2414 5523 3966 5594">
     <span class='ocr_line' id='line_1_113' title="bbox 2414 5523 3966 5594; baseline -0.002 -15"><span class='ocrx_word' id='word_1_818' title='bbox 2414 5532 2704 5579; x_wconf 82' lang='lat' dir='ltr'><strong>transeant.</strong></span> <span class='ocrx_word' id='word_1_819' title='bbox 2745 5523 2945 5578; x_wconf 77' lang='lat' dir='ltr'><strong>Praeter</strong></span> <span class='ocrx_word' id='word_1_820' title='bbox 2991 5525 3315 5591; x_wconf 78' lang='lat' dir='ltr'><strong>eteuobium,</strong></span> <span class='ocrx_word' id='word_1_821' title='bbox 3368 5526 3507 5594; x_wconf 90' lang='lat' dir='ltr'><strong>quod</strong></span> <span class='ocrx_word' id='word_1_822' title='bbox 3541 5526 3591 5579; x_wconf 92' lang='lat' dir='ltr'><strong>in</strong></span> <span class='ocrx_word' id='word_1_823' title='bbox 3636 5524 3805 5579; x_wconf 83' lang='lat' dir='ltr'><strong>Ponto</strong></span> <span class='ocrx_word' id='word_1_824' title='bbox 3843 5537 3966 5577; x_wconf 87' lang='lat' dir='ltr'><strong>ron-</strong></span> 
     </span>
    </p>
   </div>
   <div class='ocr_carea' id='block_1_114' title="bbox 2492 5701 2839 5775">
    <p class='ocr_par' dir='ltr' id='par_1_114' title="bbox 2492 5701 2839 5775">
     <span class='ocr_line' id='line_1_114' title="bbox 2492 5701 2839 5775; baseline 0.012 -22"><span class='ocrx_word' id='word_1_825' title='bbox 2492 5701 2558 5775; x_wconf 80' lang='lat' dir='ltr'><strong>(e)</strong></span> <span class='ocrx_word' id='word_1_826' title='bbox 2594 5702 2686 5770; x_wconf 83' lang='lat' dir='ltr'><strong>Ep.</strong></span> <span class='ocrx_word' id='word_1_827' title='bbox 2719 5703 2839 5757; x_wconf 69' lang='lat'><strong>2:23.</strong></span> 
     </span>
    </p>
   </div>
   <div class='ocr_carea' id='block_1_115' title="bbox 2489 5773 3056 5841">
    <p class='ocr_par' dir='ltr' id='par_1_115' title="bbox 2489 5773 3056 5841">
     <span class='ocr_line' id='line_1_115' title="bbox 2489 5773 3056 5841; baseline 0.004 -16"><span class='ocrx_word' id='word_1_828' title='bbox 2489 5773 2553 5841; x_wconf 80' lang='grc'><strong>(1)</strong></span> <span class='ocrx_word' id='word_1_829' title='bbox 2594 5776 2779 5841; x_wconf 37' lang='grc' dir='ltr'><strong>(έυιιιιι.</strong></span> <span class='ocrx_word' id='word_1_830' title='bbox 2825 5776 2903 5835; x_wconf 91' lang='lat' dir='ltr'><strong>l8,</strong></span> <span class='ocrx_word' id='word_1_831' title='bbox 2933 5790 2978 5827; x_wconf 91' lang='lat' dir='ltr'><strong>c.</strong></span> <span class='ocrx_word' id='word_1_832' title='bbox 3008 5775 3056 5827; x_wconf 85' lang='lat'><strong>7.</strong></span> 
     </span>
    </p>
   </div>
   <div class='ocr_carea' id='block_1_116' title="bbox 2483 5839 2955 5909">
    <p class='ocr_par' dir='ltr' id='par_1_116' title="bbox 2483 5839 2955 5909">
     <span class='ocr_line' id='line_1_116' title="bbox 2483 5839 2955 5909; baseline 0.013 -18"><span class='ocrx_word' id='word_1_833' title='bbox 2483 5839 2553 5909; x_wconf 84' lang='lat' dir='ltr'><strong>(g)</strong></span> <span class='ocrx_word' id='word_1_834' title='bbox 2593 5839 2716 5909; x_wconf 67' lang='lat' dir='ltr'><strong>Reg.</strong></span> <span class='ocrx_word' id='word_1_835' title='bbox 2761 5844 2863 5907; x_wconf 68' lang='lat' dir='ltr'><strong>fus.</strong></span> <span class='ocrx_word' id='word_1_836' title='bbox 2905 5846 2955 5897; x_wconf 87' lang='lat'><strong>7.</strong></span> 
     </span>
    </p>
   </div>
   <div class='ocr_carea' id='block_1_117' title="bbox 2481 5908 2975 5983">
    <p class='ocr_par' dir='ltr' id='par_1_117' title="bbox 2481 5908 2975 5983">
     <span class='ocr_line' id='line_1_117' title="bbox 2481 5908 2975 5983; baseline 0.024 -24"><span class='ocrx_word' id='word_1_837' title='bbox 2481 5908 2555 5981; x_wconf 80' lang='lat' dir='ltr'><strong>(li)</strong></span> <span class='ocrx_word' id='word_1_838' title='bbox 2594 5908 2719 5983; x_wconf 65' lang='lat' dir='ltr'><strong>Reg.</strong></span> <span class='ocrx_word' id='word_1_839' title='bbox 2750 5916 2851 5981; x_wconf 74' lang='grc' dir='ltr'><strong>[ιω.</strong></span> <span class='ocrx_word' id='word_1_840' title='bbox 2887 5913 2975 5974; x_wconf 74' lang='lat'><strong>55.</strong></span> 
     </span>
    </p>
   </div>
  </div>
