4206 6532
1608 466 1769 521 γιτΑ
1812 467 1868 522 S.
1908 465 1989 521 BA
2000 463 2163 519 SILIl.

3379 492 3478 528 XXV

264 588 463 647 struxit,
520 582 665 638 aliud
721 584 793 638 ab
851 600 915 640 eo
954 581 1224 637 conditum
1270 582 1320 635 in
1374 581 1627 636 snburbio
1652 581 1900 655 Ctesa-A
1930 595 2033 651 que
2090 586 2336 642 tractum,
2392 590 2449 632 ut
2495 582 2641 637 locus
2674 588 2969 648 prmruptus
3015 596 3333 654 aequaretur.
3390 592 3480 646 llis

263 676 406 734 rieusi
450 674 709 730 discimus
744 691 818 729 ex
871 675 1025 744 epist.
1056 673 1121 727 95
1148 684 1199 727 et
1235 672 1355 727 150.
1411 671 1687 728 Probabile
1736 682 1817 727 est

260 767 623 822 ((BllOblllCllm
686 768 1007 821 institutum
1059 766 1217 819 etiam
1283 773 1407 816 ante
1454 766 1815 834 episcopatum

260 861 408 913 abeo
440 858 491 914 in
550 860 863 912 Ecclesiam
915 858 1297 913 Caesariensem
1351 855 1645 912 inductum.
1702 856 1814 912 Non

259 951 465 1003 deerant
505 950 728 1017 quidetu
780 948 907 1003 huic
944 949 1180 1004 ecclesiae
1207 947 1475 1015 monachi,
1520 961 1813 1013 eorumque

259 1045 478 1097 studium
500 1040 712 1095 exarsit
749 1042 805 1095 in
840 1043 1015 1096 Basilii
1036 1058 1214 1103 causa,
1236 1047 1294 1093 ut
1323 1041 1459 1096 infra
1489 1039 1813 1107 videbimus,

257 1135 500 1189 adversus
529 1133 831 1189 Eusebium
863 1136 1164 1205 episcopum
1190 1132 1517 1190 defendenda
1550 1150 1561 1184 :
1598 1133 1688 1186 sed
1722 1149 1815 1189 no-

260 1233 303 1275 ta
340 1224 438 1275 illis
495 1238 602 1275 non
658 1226 920 1277 videntur
974 1224 1135 1277 fuisse
1172 1225 1492 1279 cmttobitica
1550 1222 1811 1278 instituta.

261 1317 394 1370 Unde
427 1313 656 1370 Basilius
702 1317 811 1385 (a),
865 1330 983 1369 cum
1030 1315 1242 1383 quidam
1277 1316 1531 1371 Caesarea:
1562 1317 1815 1371 monasti-

255 1421 363 1459 cum
394 1406 708 1461 institutum
742 1408 993 1477 amplecti
1027 1406 1200 1471 vellet,
1230 1423 1392 1477 seque
1422 1406 1498 1459 illi
1523 1411 1811 1477 regendum

254 1511 303 1551 et
332 1496 739 1553 informandum
791 1503 1046 1562 traderet,
1099 1501 1307 1555 mittere
1351 1514 1471 1552 eum
1526 1499 1710 1553 maluit
1761 1502 1814 1554 in

255 1588 394 1642 Ponti
444 1591 865 1645 monasterium.
902 1592 1190 1658 Gregorius
1236 1600 1437 1655 autent,
1470 1606 1592 1643 cum
1623 1606 1815 1645 mona-

254 1680 388 1735 sticm
422 1681 554 1750 legis
586 1681 964 1737 institutiones
992 1698 1020 1733 a
1057 1682 1249 1738 Basilio
1272 1683 1585 1751 presbytero
1615 1695 1817 1739 etvoce

252 1782 302 1826 et
332 1774 544 1840 scriptis
575 1775 814 1829 traditas
843 1774 1043 1839 laudat,
1083 1775 1353 1829 inductam
1397 1774 1463 1827 ab
1486 1789 1548 1831 eo
1581 1776 1816 1831 coenobi-

256 1864 403 1917 ticam
436 1863 787 1934 disciplinam
828 1864 1036 1919 videtur
1066 1865 1302 1920 laudare.

1925 672 2074 727 addit
2129 670 2197 743 (e)
2250 669 2510 739 lignorum
2562 674 3011 741 comportatioiies
3047 688 3098 730 et
3142 677 3476 751 lapidicinas,

1926 762 2177 814 arborum
2223 760 2550 815 consitiones
2578 771 2630 813 et
2659 764 3023 834 irrigationes,
3061 766 3321 837 imprimis
3354 787 3479 829 vero

1924 852 2197 922 platanum
2251 867 2347 907 sua
2390 866 2547 905 manu
2591 856 2906 922 plantatum.

1999 942 2151 1009 Quod
2174 958 2454 1015 supererat
2481 945 2576 1000 otii
2610 945 2675 999 ab
2712 949 2959 1003 ascetica:
2992 951 3109 1006 vitae
3133 955 3348 1021 muniis,
3374 957 3477 1012 im-

1924 1039 2226 1106 pendebant
2258 1040 2309 1092 in
2336 1036 2657 1093 meditandis
2691 1040 2859 1093 sacris
2892 1040 3086 1095 litteris
3114 1042 3179 1114 (ι’)
3218 1060 3230 1096 :
3266 1055 3313 1098 et
3355 1062 3474 1102 cum

1924 1130 1975 1183 in
2007 1130 2107 1184 hoc
2131 1130 2308 1183 studio
2336 1131 2452 1200 plus
2471 1130 2708 1199 antiquis
2735 1129 3105 1198 scriptoribus,
3133 1150 3290 1203 quam
3327 1137 3474 1206 inge-

1922 1222 2013 1276 nio
2053 1237 2152 1277 suo
2185 1222 2501 1287 tribuerent,
2529 1223 2861 1292 collegerunt
2881 1236 2945 1275 ex
2976 1223 3207 1295 Origene
3251 1228 3478 1295 plurima

1921 1312 2296 1368 observatione
2342 1313 2519 1382 digna,
2564 1329 2682 1382 qua:
2726 1314 2778 1367 in
2826 1328 2987 1366 ttuunt
3029 1331 3222 1387 corpus
3267 1320 3477 1374 redacta

1922 1403 2268 1460 Pliilocaliam
2296 1404 2716 1473 appellaverunt.
2764 1404 2916 1459 llunc
2951 1406 3138 1461 librum
3164 1411 3304 1465 dono
3336 1411 3478 1465 misit

1922 1492 2209 1563 Gregorius
2228 1494 2509 1548 Theodoro
2547 1494 2847 1563 Tliyaueusi
2869 1495 2965 1568 (g),
2990 1506 3045 1549 ut
3071 1514 3201 1567 opus
3223 1503 3324 1556 sibi
3357 1514 3475 1553 cum

1921 1599 2110 1643 sancto
2140 1588 2333 1643 Basilio
2370 1603 2675 1644 commune.

1994 1678 2082 1737 IV.
2115 1681 2297 1734 Basilii
2323 1682 2537 1736 labores
2567 1684 2880 1737 monasterii
2927 1685 3123 1740 ﬁnibus
3155 1700 3258 1739 non
3298 1686 3475 1741 conti-

1925 1775 2211 1831 nebantur.
2238 1772 2372 1827 Nam
2404 1788 2522 1828 cum
2564 1776 2822 1842 ejusmodi
2866 1777 3166 1832 institutum
3203 1780 3477 1846 amplexus

1923 1873 2087 1929 esset,
2129 1865 2181 1918 in
2229 1879 2337 1934 quo
2377 1872 2432 1918 et
2466 1865 2709 1919 meditari
2760 1875 2959 1933 posset,
3011 1878 3067 1921 ut
3118 1869 3473 1934 anachoreta,

316 1954 397 2007 lll.
436 1954 538 2011 Ubi
565 1960 812 2028 primum
856 1968 1099 2011 secessus
1132 1956 1350 2012 delicias
1376 1957 1677 2029 degustavit
1706 1958 1806 2011 Ba-
1841 1972 1885 2033 Β
1914 1962 1967 2004 el
2002 1955 2279 2021 prodesse.
2338 1964 2395 2007 ul
2424 1953 2479 2009 hi
2516 1969 2649 2023 quos
2685 1955 2917 2010 diXimUS
2954 1954 3221 2022 miﬂades;
3257 1973 3359 2011 ηοη
3392 1974 3477 2012 se-

251 2046 424 2111 silius,
474 2048 810 2119 Gregorium
871 2049 970 2105 loci
1028 2050 1384 2119 descriptione
1456 2062 1682 2106 conatus
1734 2061 1814 2108 est

252 2137 479 2195 allicere.
519 2140 830 2207 Respondit
886 2141 1175 2210 Gregorius
1202 2157 1259 2197 se
1286 2142 1385 2197 loci
1430 2141 1601 2195 forma
1628 2152 1680 2197 et
1706 2145 1813 2199 situ

252 2245 427 2299 parum
461 2234 701 2297 moveri,
738 2235 841 2289 nisi
870 2236 1030 2290 etiam
1048 2236 1113 2288 de
1139 2234 1347 2289 vivendi
1384 2236 1590 2291 ratione
1610 2236 1811 2305 aliquid

250 2319 461 2374 ediscat.
500 2318 807 2393 Utramque
854 2324 1133 2392 epistolam
1181 2324 1477 2379 amisimus.
1516 2326 1619 2380 Sed
1651 2327 1811 2381 aliam

250 2408 516 2478 habemus,
559 2429 734 2483 quam
780 2413 1008 2466 Basilius
1058 2413 1135 2481 (b)
1166 2415 1349 2468 statim
1406 2424 1526 2485 post
1564 2426 1811 2485 acceptas

249 2498 481 2572 Gregorii
511 2504 733 2556 litteras
760 2503 992 2571 scripsit,
1022 2514 1079 2558 ιιι
1110 2504 1157 2558 ei
1185 2506 1546 2573 satisfaceret,
1571 2522 1634 2562 ac
1654 2522 1806 2561 suam

249 2592 450 2645 vivendi
485 2592 761 2645 rationem
802 2604 1117 2663 exponeret.
1156 2595 1387 2651 Diurnas
1416 2612 1476 2651 ac
1520 2608 1807 2651 nocturnas

251 2694 448 2748 preces,
492 2681 785 2737 lectionem
820 2682 1242 2751 Scripturarum,
1275 2685 1512 2739 laborem
1556 2702 1806 2742 manuum

252 2770 653 2827 describit.Sed
680 2774 808 2827 nihil
834 2775 885 2827 in
921 2774 1019 2829 hac
1051 2776 1273 2843 epistola
1303 2777 1589 2841 reperitur,
1622 2793 1684 2830 ex
1703 2794 1807 2847 quo

252 2875 363 2915 eum
400 2866 801 2920 cenobitarum
846 2881 994 2921 more
1040 2868 1235 2921 vixisse
1271 2866 1552 2935 conjicias.
1615 2868 1808 2924 Preces

253 2961 367 3007 ante
412 2967 467 3010 et
509 2969 643 3026 post
669 2959 848 3013 cibum
902 2960 1185 3028 praecipit:
1221 2968 1272 3012 at
1304 2959 1437 3012 nihil
1482 2973 1701 3027 prorsus
1741 2960 1809 3013 de

254 3041 474 3102 lectione
504 3050 659 3103 ittter
683 3050 947 3103 edendum
984 3051 1306 3105 adhibenda.
1332 3052 1421 3105 Ait
1446 3060 1649 3107 tantum
1691 3052 1805 3106 ani-

255 3152 385 3191 uiam
432 3155 499 3195 ne
552 3150 689 3194 tunc
724 3141 935 3208 quidem
988 3157 1016 3195 a
1064 3143 1153 3195 Dei
1209 3143 1528 3209 cogitatione
1577 3145 1803 3201 otiosam

253 3242 361 3283 esse
392 3234 614 3296 debere,
654 3232 747 3287 sed
795 3248 863 3287 ex
906 3233 1015 3303 ipsa
1052 3234 1425 3290 alimentorum
1466 3246 1521 3291 et
1561 3239 1804 3306 corporis

1916 2044 2035 2113 gnis
2066 2042 2167 2096 fuit
2223 2045 2273 2098 in
2302 2048 2679 2111 promovendis
2708 2047 2960 2101 Ecclesia:
3000 2049 3339 2105 utilitatibus.
3372 2050 3477 2105 Ba-

1912 2134 2060 2187 silius
2099 2132 2257 2187 Ponti
2296 2135 2463 2200 urbes,
2520 2136 2692 2204 inquit
2736 2137 2959 2191 Ruﬁnus
2995 2137 3092 2208 (lt),
3138 2151 3183 2193 et
3218 2158 3342 2194 rura
3377 2143 3480 2195 cir-

1912 2227 2163 2287 cumiens,
2196 2226 2397 2279 desides
2430 2227 2594 2294 gentis
2630 2226 2773 2279 illius
2800 2231 3000 2281 animos
3024 2239 3069 2281 et
3095 2246 3276 2296 parum
3303 2234 3364 2285 de
3390 2247 3477 2298 spe

1912 2317 2092 2383 futura
2120 2317 2371 2372 sollicitos
2395 2318 2664 2371 stimulare
2692 2320 2854 2373 verbis
2879 2330 2926 2374 et
2953 2321 3323 2390 pra’dicatioue
3356 2339 3480 2375 suc-

1912 2408 2148 2471 cendere,
2204 2407 2499 2475 collumque
2531 2408 2590 2458 ab
2635 2406 2713 2459 Itis
2766 2408 2930 2477 longae
2961 2410 3281 2480 negligentia:
3326 2410 3475 2479 rupit

1912 2496 2118 2549 abolere
2148 2513 2164 2547 :
2190 2499 2510 2567 subegitque,
2538 2498 2759 2568 objectis
2785 2500 3017 2552 inanium
3048 2519 3215 2554 rerum
3238 2513 3282 2556 et
3315 2520 3476 2556 siccu-

1910 2585 2103 2637 larium
2156 2586 2316 2650 curis,
2381 2589 2565 2639 suimet
2624 2589 2864 2652 notitiam
2917 2591 3159 2657 recipere,
3208 2591 3261 2641 in
3317 2607 3477 2643 unum

1909 2678 2067 2739 coire,
2111 2679 2428 2730 monasteria
2468 2687 2785 2743 construere,
2824 2680 3059 2746 psalmis,
3091 2692 3136 2734 et
3178 2682 3399 2751 hymnis,
3427 2689 3476 2735 et

1908 2771 2232 2823 orationibus
2275 2770 2457 2823 docuit
2497 2786 2699 2834 uacare,
2740 2787 3025 2839 pauperum
3062 2789 3240 2826 curant
3277 2789 3470 2842 gerere.

1907 2861 2076 2928 eisque
2113 2860 2415 2912 habitacula
2446 2860 2681 2924 honesta,
2708 2873 2752 2914 et
2774 2878 2889 2930 qua:
2918 2863 2986 2915 ad
3016 2862 3204 2916 victum
3241 2880 3475 2917 necessa-

1908 2949 1986 3000 ria
2010 2959 2150 3012 sunt,
2170 2949 2411 3018 prazbere,
2439 2950 2661 3019 virgines
2694 2951 2981 3013 instituere,
2999 2953 3238 3017 pudicam
3261 2965 3475 3005 castam.-

1903 3058 2001 3112 que
2052 3043 2209 3095 vitam
2257 3042 2492 3096 omnibus
2540 3058 2665 3109 pene
2720 3041 3111 3096 desiderabilem
3154 3042 3341 3110 facere.
3380 3042 3467 3096 Ita

1905 3135 2039 3188 brevi
2064 3143 2359 3203 permutata
2388 3144 2461 3186 est
2486 3134 2641 3186 totius
2674 3134 2951 3201 provincia?
2975 3133 3154 3202 facies,
3193 3145 3245 3187 ut
3277 3137 3328 3188 in
3361 3137 3475 3188 ari-

1904 3226 1970 3278 do
1998 3235 2044 3278 et
2070 3224 2327 3294 squalenti
2354 3240 2533 3291 campo
2554 3226 2809 3278 videretur
2831 3242 2970 3293 seges
2999 3226 3242 3293 fecunda,
3267 3243 3327 3279 ac
3352 3227 3473 3279 lwta

254 3334 309 3370 ea
334 3324 690 3392 suscipiam;
729 3336 922 3379 ηηιυη
960 3328 1240 3381 materiam
1279 3327 1371 3381 Dei
1402 3328 1650 3383 laudandi
1686 3344 1807 3384 esse
1836 3319 1876 3375 (ἶ
1912 3317 2061 3370 vinea
2085 3317 2396 3369 surrexisse.
2427 3316 2677 3370 Testatur
2713 3318 2874 3369 etiam
2908 3316 3234 3372 Sozomenus
3260 3318 3321 3389 (ἱ)
3366 3319 3470 3373 Ba-

252 3412 571 3465 ducendam.
615 3415 775 3469 Forte
814 3430 943 3485 ergo
976 3432 1095 3470 cum
1130 3434 1233 3472 uno
1264 3429 1355 3473 aut
1395 3422 1566 3474 altero
1598 3436 1663 3474 ex
1702 3422 1805 3475 Eu-

254 3498 426 3554 statltii
478 3502 768 3573 discipulis
805 3506 1051 3577 degebat,
1085 3516 1142 3561 ut
1174 3508 1262 3562 alii
1302 3509 1489 3565 harum
1531 3512 1805 3580 regionum

253 3600 457 3647 ascetae.

318 3680 416 3737 Sed
446 3685 563 3739 cito
594 3684 658 3738 ad
688 3702 808 3739 eum
842 3689 990 3744 multi
1020 3689 1417 3758 conﬂuxerunt,
1453 3709 1615 3763 seque
1648 3696 1723 3749 illi
1750 3698 1802 3749 in

255 3771 586 3843 disciplinam
627 3776 975 3834 tradiderunt.
1014 3780 1285 3851 Ejusmodi
1325 3784 1465 3836 enim
1524 3784 1806 3853 discipulos

256 3859 471 3917 habebat
500 3879 647 3919 anno
677 3864 780 3921 360
810 3884 837 3919 a
866 3868 1058 3934 quibus
1084 3882 1147 3919 ne
1178 3869 1243 3920 ad
1276 3868 1653 3921 brevissimum
1679 3870 1801 3938 qui-

255 3954 361 4005 dem
391 3963 609 4022 tempus
639 3958 758 4011 sine
798 3971 985 4025 magna
1023 3956 1235 4012 illorum
1268 3959 1507 4014 molestia
1532 3958 1806 4017 discedere

256 4053 472 4111 poterat,
516 4054 574 4098 ut
623 4046 971 4115 perspicimus
1014 4062 1080 4101 ex
1126 4049 1346 4117 epistola
1393 4050 1446 4105 8.
1492 4050 1607 4105 Jam
1665 4052 1805 4107 illius

256 4138 635 4191 monasterium
697 4138 810 4194 suis
863 4142 1101 4195 numeris
1150 4141 1452 4197 absolutum
1501 4152 1636 4209 erat,
1681 4160 1802 4198 cum

257 4223 544 4298 Gregorius
574 4230 641 4284 ad
668 4244 788 4285 eum
816 4246 874 4285 se
900 4233 1144 4294 contulit,
1173 4234 1313 4301 quod
1342 4235 1555 4302 quidem
1594 4236 1803 4289 videtur

256 4316 433 4375 fecisse
460 4337 604 4375 anno
635 4322 737 4377 358
773 4332 865 4375 aut
908 4323 1029 4377 559.
1082 4322 1211 4377 Nam
1259 4327 1396 4379 inter
1429 4340 1489 4379 ea
1514 4341 1631 4394 quae
1669 4342 1726 4381 se
1751 4328 1800 4381 itt

255 4408 347 4464 hoc
371 4415 706 4467 monasterio
734 4415 929 4469 vidisse
957 4419 1295 4483 meminerat,
1328 4418 1509 4472 laudat
1538 4419 1802 4489 imprimis

256 4499 509 4569 fratrum,
556 4522 691 4575 quos
752 4506 975 4561 Basilius
1024 4509 1087 4562 ad
1140 4510 1392 4577 pietatem
1458 4511 1786 4579 instituebat,

254 4596 491 4651 eximiam
530 4599 894 4653 concordiam.
929 4599 1163 4654 Meminit
1196 4603 1517 4670 psalmorum
1546 4614 1596 4659 et
1646 4606 1799 4675 hym-

1912 3409 2091 3463 silium
2125 3407 2280 3463 Ponti
2322 3410 2482 3465 urbes
2531 3412 2977 3472 circumeuntem,
3011 3411 3174 3463 multa
3212 3412 3317 3465 illic
3348 3414 3471 3466 ω(ιί-

1913 3500 2105 3556 licasse
2137 3502 2488 3562 monasteria;
2522 3513 2576 3554 et
2595 3502 2800 3569 populis
2824 3501 3221 3570 prtedicantem,
3245 3512 3299 3557 ut
3320 3518 3469 3557 eam-

1908 3591 2031 3645 dent
2072 3607 2191 3644 cum
2228 3592 2341 3657 ipso
2376 3591 2675 3644 doctrinam
2720 3591 2840 3645 ﬁdei
2868 3604 3219 3660 sequerentur
3249 3608 3469 3661 persua-

1909 3680 2063 3734 sisse.
2120 3679 2241 3733 llrec
2278 3681 2583 3735 confirmari
2634 3692 2854 3750 possunt
2894 3684 3169 3752 ulriusque
3226 3683 3468 3755 Gregorii

1911 3770 2237 3825 testimonio.
2274 3771 2525 3825 Testatur
2558 3770 2827 3842 Nyssenus
2868 3772 2937 3842 (j)
2980 3775 3320 3829 solitudinem
3370 3776 3469 3829 sub

1912 3861 2109 3917 Basilio
2145 3864 2210 3919 ad
2259 3863 2610 3921 imitationem
2636 3864 2857 3923 Joannis
2899 3866 3149 3937 Baptista:
3182 3869 3232 3922 in
3282 3869 3466 3924 urbem

1911 3973 2225 4013 conversam
2281 3975 2399 4015 esse
2434 3962 2504 4017 ob
2554 3961 2952 4015 multitudinem
3012 3976 3196 4015 eorum
3253 3964 3341 4032 qui
3400 3966 3468 4017 ad

1908 4049 2157 4104 Basiliam
2193 4053 2553 4107 conﬂuebant.
2610 4052 2900 4121 Gregorius
2946 4050 3313 4109 Nazianzenus
3353 4055 3464 4122 jam

1910 4144 2073 4197 multa
2114 4144 2265 4196 illum
2293 4144 2355 4196 ad
2384 4143 2671 4197 utilitatem
2699 4142 2949 4197 Ecclesiae
2980 4160 3207 4199 navasse
3231 4146 3361 4199 dicit
3390 4146 3463 4215 (μ.

1909 4235 2053 4304 353i),
2094 4249 2213 4287 cum
2244 4235 2309 4287 ad
2345 4234 2641 4304 presbyteri
2678 4235 2899 4304 gradum
2928 4246 3144 4290 evectus
3179 4245 3280 4290 est.
3309 4236 3462 4290 lianc

1910 4327 2184 4395 multiplex
2240 4326 2337 4381 Dei
2377 4328 2683 4397 benignitas,
2727 4328 2917 4396 inquit,
2947 4346 3065 4381 cum
3102 4329 3277 4381 multis
3310 4340 3463 4382 antea

1910 4422 2058 4471 rebus
2107 4421 2266 4487 gestis
2305 4420 2505 4472 clarum
2555 4420 2823 4487 e/fecisset,
2872 4419 2961 4472 διὰ
3002 4419 3209 4471 πολλῶν
3254 4419 3359 4471 τῶν
3408 4422 3463 4472 ἐν

1911 4512 2057 4581 μέσῳ
2106 4511 2435 4582 γνωρίσασα,
2473 4514 2747 4565 ittsacrum
2791 4514 3199 4581 presbyterorum
3232 4513 3461 4564 ordinent

1908 4605 2141 4657 ascribit.

256 4700 430 4741 norum
467 4703 533 4743 ex
567 4690 963 4757 quibusmiram
1005 4695 1317 4747 suavitatem
1356 4706 1664 4762 perceperat
1704 4698 1791 4767 (c).
1834 4677 1877 4732 υ
1978 4696 2042 4754 γ.
2076 4697 2217 4752 lnter
2257 4698 2531 4765 epistolas,
2561 4711 2693 4767 quas
2729 4694 2956 4749 Basilius
3000 4696 3216 4763 scripsit
3251 4695 3301 4748 in
3331 4694 3462 4749 solt-

252 4774 351 4832 Nan
381 4781 499 4834 sine
518 4780 701 4849 lepore
718 4782 957 4835 meminit
980 4783 1030 4835 in
1059 4784 1159 4837 alia
1179 4785 1403 4853 epistola
1441 4786 1795 4855 td):pauperis

254 4868 383 4933 Vite,
431 4885 591 4937 quam
625 4870 699 4923 ibi
736 4872 1062 4935 traduxerat,
1107 4888 1224 4925 cum
1274 4875 1427 4943 panis
1474 4878 1604 4929 adeo
1632 4876 1796 4929 durus

252 4973 597 5029 apponeretur
652 4973 710 5015 ut
755 4962 941 5019 dentes
993 4964 1292 5035 frangeret;
1353 4982 1415 5019 ac
1457 4977 1597 5021 tanta
1653 4978 1794 5022 esset

251 5056 479 5108 omnium
513 5070 695 5109 rerum
727 5056 927 5124 in0pia,
964 5066 1019 5111 ut
1055 5059 1155 5113 nisi
1186 5070 1356 5113 mater
1384 5059 1563 5112 Basilii
1596 5070 1791 5129 Oppor-

253 5152 365 5198 tune
387 5147 762 5211 succurrisset,
787 5146 925 5201 fatue
951 5149 1279 5203 moriendum
1309 5150 1513 5204 luisset.
1551 5150 1793 5206 Comme-

250 5245 415 5290 morat
441 5238 604 5290 etiatn
638 5237 877 5293 laborem
912 5254 1183 5303 manuum,
1216 5240 1402 5310 Augize
1426 5239 1605 5293 lituum
1637 5254 1665 5294 c
1694 5240 1789 5293 du-

248 5342 323 5380 tuo
364 5339 705 5399 exportatum
751 5341 809 5385 ut
849 5332 987 5386 horti
1040 5333 1246 5387 steriles
1304 5331 1673 5401 itnplerentur,
1728 5346 1789 5387 ac

246 5415 464 5474 immane
508 5422 807 5489 plaustrum
839 5438 933 5478 sua
958 5432 1011 5478 et
1038 5421 1216 5479 Basilii
1256 5426 1466 5481 cervice
1512 5424 1786 5479 manibus-

304 5538 372 5587 (η)
397 5536 487 5597 Ep.
515 5538 607 5591 ’ὶὸ.

324 5602 373 5674 b)
407 5606 499 5673 Ep.
540 5607 592 5660 2.

325 5678 367 5741 ε)
403 5678 532 5728 Ral.
561 5693 646 5746 ep.
675 5678 722 5735 9.

322 5747 373 5807 ά)
409 5747 501 5813 Bp.
528 5750 580 5799 8.

319 5814 363 5879 e)
402 5816 493 5882 ἣν.
527 5820 574 5873 9.

300 5889 371 5954 ui
405 5886 535 5941 Ibid.

1903 4789 2104 4857 tudine,
2154 4790 2477 4843 numeranda
2511 4789 2773 4858 imprimis
2810 4785 2881 4857 (lt)
2910 4786 3130 4856 epistola
3161 4787 3225 4841 ad
3270 4786 3461 4841 Candi-

1900 4881 2138 4935 dianum.
2173 4880 2430 4937 Rusticus
2461 4882 2675 4951 quidam
2729 4896 2793 4935 ex
2844 4881 2928 4945 iis,
2977 4879 3065 4948 qui
3102 4894 3219 4933 cum
3262 4877 3459 4932 Basilio

1898 4973 2127 5028 Aunesis
2150 4974 2518 5039 morabantur,
2550 4981 2761 5027 mortuo
2795 4970 2977 5025 Basilii
3012 4970 3228 5034 famulo,
3269 4986 3372 5024 non
3398 4985 3456 5023 se

1902 5062 2408 5131 negotiiquidquam
2449 5079 2569 5117 cum
2607 5067 2705 5117 hoc
2760 5060 2955 5115 {amulo
3009 5060 3258 5114 habuisse
3299 5058 3453 5121 dixit,

1901 5168 2003 5207 non
2033 5154 2097 5207 ad
2128 5152 2381 5209 Basiliam
2415 5154 2672 5219 accessit,
2708 5168 2813 5207 non
2854 5160 3175 5222 conquestus
3216 5156 3316 5214 est,
3351 5164 3453 5201 non

1900 5245 2125 5313 rogavit,
2164 5254 2219 5298 ut
2250 5260 2276 5299 a
2323 5245 2532 5300 volente
2569 5247 2853 5314 acciperet,
2887 5258 2991 5298 non
3025 5242 3259 5295 minatus
3287 5250 3368 5295 est
3396 5255 3454 5294 se

1897 5337 2002 5389 vim
2058 5338 2320 5391 iacturum
2368 5338 2470 5391 nisi
2506 5338 2790 5408 acciperet,
2841 5338 2933 5391 sed
2965 5334 3142 5390 subito
3170 5347 3290 5387 cum
3316 5346 3451 5386 non.

1902 5427 2060 5481 nullis
2114 5429 2193 5482 sui
2251 5428 2517 5485 similibus
2573 5430 2785 5485 domum
2835 5428 3050 5493 invasit,
3099 5426 3454 5493 mulieresque

1967 5541 2040 5610 (g)
2074 5540 2200 5593 Νη.
2232 5556 2315 5608 ep.
2349 5542 2435 5595 87.

1964 5612 2037 5680 (It)
2071 5610 2181 5662 Lib.
2206 5626 2278 5673 XI,
2312 5627 2357 5665 c.
2378 5612 2428 5665 9.

1990 5682 2038 5748 i)
2074 5680 2188 5731 Lib.
2225 5696 2295 5741 vt,
2321 5697 2367 5735 ('.
2397 5681 2475 5732 17.

1990 5694 2038 5748 ι)
2074 5694 2188 5731 ιλιι».
2225 5696 2295 5741 vt,

1963 5694 2036 5819 ii)
2072 5749 2124 5801 ltt
2158 5749 2315 5802 Basil.

1962 5822 2031 5891 (te)
2064 5819 2224 5888 Epist.
2256 5820 2307 5872 5.
