4206 6490
746 450 872 490 XXVI

2077 444 2254 494 I’liOl.
2265 444 2602 496 EGOMENA.

745 563 862 614 qua-
899 560 1014 600 eam
1050 546 1448 613 custodiebant,
1495 548 1806 604 verberibus
1841 553 2100 611 contudit.
2126 571 2189 609 ac
2224 556 2304 609 ef-
2333 565 2381 619 Α
2411 560 2474 610 ad
2536 559 2673 610 hanc
2730 555 3040 627 dignitatem
3103 557 3363 620 pervenit.
3428 552 3543 610 Non
3601 556 3966 627 improhabilis

742 639 932 692 fractis
980 639 1188 693 foribus
1228 643 1526 709 exportavit
1576 644 1776 706 omnia,
1821 648 2014 711 partim
2051 649 2148 702 sibi
2193 651 2301 718 ipse

740 731 980 799 rapiens.
1017 733 1207 799 partim
1252 734 1316 783 ad
1348 733 1701 801 diripiendum
1733 738 1946 790 cuilibet
1979 754 2298 806 proponens.

740 822 959 876 Veritus
989 824 1165 892 itaque
1199 823 1442 889 Basilius,
1490 843 1553 879 uc
1586 829 1774 883 domus
1818 847 1907 883 sua
1939 833 2183 887 omnibus
2217 835 2299 886 in-

734 913 894 981 juriis
919 925 1143 984 pateret,
1183 919 1226 972 si
1278 918 1596 984 impunitum
1653 920 1860 974 facinus
1890 922 2296 991 relinqueretur.

739 999 896 1073 opem
932 1007 1181 1073 implorat
1219 1008 1556 1070 Candidiaui,
1591 1011 1671 1063 cui
1728 1027 1812 1066 res
1845 1029 1966 1068 suas
2006 1018 2152 1071 cordi
2185 1032 2299 1073 esse

735 1093 844 1156 iam
878 1112 1018 1166 saepe
1045 1113 1411 1168 perspexerat.
1441 1103 1545 1154 Ilac
1571 1113 1743 1156 autem
1772 1106 1966 1160 muleta
1990 1120 2296 1163 contentum
2347 1152 2356 1162 .

740 1204 798 1241 se
832 1188 947 1244 fore
973 1192 1223 1254 declarat,
1262 1194 1302 1247 si
1346 1194 1569 1256 agrestis
1619 1210 1645 1245 a
1680 1197 1800 1262 pagi
1837 1201 2120 1267 przeposito
2147 1214 2295 1253 com—

737 1279 1054 1345 prehensus,
1111 1287 1261 1335 brevi
1321 1294 1552 1349 tempore
1610 1285 1660 1336 in
1705 1301 1923 1341 carcere
1978 1290 2294 1353 includatur.

737 1369 863 1422 Iltec
897 1373 1120 1434 domus,
1161 1387 1220 1428 ut
1273 1390 1428 1441 supra
1487 1376 1738 1442 diximus,
1783 1396 1884 1433 nou
1932 1392 2056 1434 erat
2083 1388 2296 1452 propria

740 1458 921 1514 Basilii
960 1467 1249 1531 possessio,
1292 1467 1380 1532 qui
1415 1481 1530 1518 sese
1571 1469 1819 1520 omnibus
1862 1471 2019 1521 rebus
2061 1472 2297 1526 nudave-

740 1565 825 1606 rat
852 1556 946 1624 (a),
983 1558 1074 1611 sed
1105 1576 1167 1612 ex
1208 1575 1288 1621 ea,
1316 1559 1503 1611 matris
1536 1575 1646 1612 sua;
1677 1559 1896 1627 provido
1927 1564 2172 1630 consilio,
2197 1568 2297 1619 ali-

740 1654 921 1696 menta
953 1650 1296 1716 percipiebat.

816 1736 984 1805 Ilujus
1030 1750 1202 1790 autem
1253 1739 1567 1793 Candidiani
1622 1743 1856 1798 amicitia
1908 1761 2028 1798 cum
2078 1746 2292 1809 Basilio,

739 1831 902 1882 animi
948 1831 1240 1883 moderatio
1274 1831 1323 1882 in
1358 1833 1566 1900 magnis
1603 1835 1910 1888 honoribus.
1964 1852 2113 1890 amor
2153 1839 2294 1891 litte-

2411 649 2715 717 conjectura
2750 659 2831 702 est
2875 649 3014 701 hunc
3051 649 3354 703 Nectarium
3404 648 3646 703 eumdem
3679 667 3799 703 esse
3831 650 3969 704 Con-

2409 738 2901 805 stantinopolitano.
2929 738 3015 790 Ille
3041 741 3182 792 enim
3208 755 3271 795 ex
3301 741 3477 807 ampla
3506 750 3556 792 et
3579 739 3740 792 nobili
3759 741 3966 796 Cilicia:

2409 833 2564 886 domo
2594 844 2746 886 ortus
2775 842 2910 887 erat.
2953 832 3092 885 Idem
3132 833 3254 887 huic
3295 841 3476 886 nostro
3505 833 3771 903 congruit,
3798 836 3969 902 siqui-

2407 927 2527 978 dem
2560 926 2699 979 illius
2729 924 2820 976 filii
2849 940 3008 989 mors,
3025 933 3082 976 ut
3109 925 3183 977 ait
3206 923 3434 979 Basilius
3454 925 3554 992 (ά),
3579 925 3726 994 plaga
3755 927 3965 978 exstitit

2407 1019 2630 1072 duarum
2681 1017 3094 1087 provinciarum,
3147 1018 3345 1072 Cilicia:
3382 1025 3435 1070 et
3463 1016 3964 1086 Cappadocize.Nee

2408 1107 2574 1162 refert
2625 1116 2761 1178 quod
2793 1103 3416 1174 Constantinopolitanus
3462 1121 3629 1174 usque
3652 1110 3716 1161 ad
3749 1121 3964 1174 episco-

2406 1214 2585 1268 patum
2628 1202 3043 1255 catechumenus
3075 1199 3248 1261 fuerit,
3283 1200 3325 1252 is
3357 1208 3551 1258 autem,
3586 1201 3648 1250 ad
3673 1214 3828 1267 quem
3858 1197 3963 1250 Ba-

2407 1291 2554 1343 silius
2575 1291 2767 1344 scribit
2807 1288 2897 1357 (ei,
2938 1289 2989 1341 in
3026 1290 3292 1342 Christum
3324 1290 3540 1342 credere
3567 1288 3794 1343 dicatur.
3824 1287 3960 1341 Nam

2407 1379 2554 1430 multi
2581 1379 2663 1430 his
2698 1380 3048 1448 temporibus,
3079 1390 3136 1433 ut
3163 1381 3413 1434 observat
3437 1379 3826 1446 Tillemontius,
3857 1380 3961 1434 etsi

2405 1471 2660 1536 baptizati
2691 1486 2795 1524 non
2831 1479 3002 1533 erant,
3052 1476 3102 1524 in
3132 1470 3400 1525 Christum
3434 1481 3610 1526 tamen
3641 1472 3956 1531 credebant,

2403 1571 2457 1613 et
2495 1560 2851 1616 Christianam
2890 1562 3194 1622 religionem
3234 1563 3638 1628 profitebantur.
3663 1562 3959 1630 Gregorius

2404 1661 2456 1703 et
2489 1650 2720 1706 Basilius
2758 1668 2876 1707 cum
2909 1663 3087 1707 essent
3131 1653 3374 1717 Athenis,
3413 1653 3548 1707 nihil
3581 1653 3769 1717 majori
3813 1653 3958 1707 laudi

2403 1741 2691 1807 ducebant,
2731 1758 2888 1812 quam
2947 1754 3005 1796 ut
3049 1743 3339 1798 Christiani
3386 1755 3563 1797 essent
3607 1755 3661 1800 et
3709 1744 3957 1798 diceren-

2403 1843 2487 1885 tur
2527 1834 2617 1903 (ι’),
2663 1838 2907 1902 quamvis
2961 1833 3191 1888 nondum
3250 1845 3428 1891 essent
3477 1836 3646 1890 sacris
3685 1835 3956 1908 mysteriis

738 1936 917 1971 rarum
971 1935 1031 1972 ac
1066 1928 1257 1974 mentis
1303 1925 1663 1992 tranquillitas
1696 1928 1745 1978 in
1792 1927 1907 1994 ipso
1958 1932 2293 1998 negotiorum
2330 1926 2370 1978 Β
2400 1923 2618 1977 ίιιὶιίδιῖο

737 2021 871 2064 :rstn
919 2028 977 2067 ac
1011 2029 1220 2067 summa
1268 2017 1491 2085 publicie
1528 2019 1930 2086 tranquillitatis
1981 2037 2108 2077 cura
2143 2027 2294 2078 miri-

738 2103 838 2157 ﬁce
878 2108 1100 2173 probant
1132 2108 1376 2159 eumdem
1407 2125 1624 2176 prorsus
1663 2126 1780 2166 esse
1810 2112 2194 2169 Candidianum
2231 2118 2292 2171 ad

736 2211 894 2259 quem
933 2207 1110 2248 CX>l3l
1158 2196 1401 2264 Gregorii
1439 2201 1763 2257 Nazianzeni
1808 2207 2030 2272 epistola
2077 2209 2194 2262 194.
2238 2210 2291 2262 lu

737 2303 801 2337 eo
828 2287 966 2338 enim
1007 2287 1295 2357 Gregorius
1331 2292 1518 2346 eadem
1559 2296 1812 2361 prtedicat
1841 2309 2157 2352 ornamenta
2183 2304 2293 2354 vir-

734 2387 930 2441 tutum,
981 2394 1041 2432 ac
1072 2381 1264 2433 similia
1321 2385 1537 2438 adhibet
1574 2400 1636 2439 ex
1691 2387 1928 2454 profanis
1980 2390 2174 2446 litteris
2216 2409 2295 2461 pt-

735 2479 970 2537 gineuta,
1000 2480 1056 2522 ut
1084 2472 1134 2524 in
1164 2474 1377 2527 cthnico
1415 2476 1677 2530 laudando
1707 2494 1802 2545 par
1832 2492 1964 2535 erat.
1996 2482 2044 2537 Is
2079 2485 2127 2537 in
2153 2485 2290 2555 Cap-

734 2563 955 2626 padocia
987 2573 1138 2615 natus
1181 2578 1316 2626 erat,
1359 2580 1585 2636 eamque
1622 2575 1719 2624 sub
1749 2572 1956 2628 Juliano
2005 2579 2164 2641 re-xit,
2197 2582 2289 2631 sed

733 2663 875 2702 tanta
911 2653 1071 2704 animi
1113 2654 1436 2724 integritate,
1487 2671 1544 2713 ut
1576 2678 1630 2715 se
1676 2665 1880 2717 fidelem
1925 2666 2136 2732 quidem
2190 2669 2289 2745 im-

728 2746 964 2810 peratori
1001 2747 1302 2803 ministrum
1352 2752 1400 2803 in
1449 2755 1512 2806 iis
1565 2769 1682 2820 quze
1727 2757 1790 2808 ad
1845 2755 2123 2823 imperium
2165 2775 2288 2827 spe-

728 2836 979 2900 ctabant,
1047 2840 1266 2892 minime
1326 2857 1453 2895 vero
1522 2853 1729 2914 turpem
1796 2859 2179 2914 assentatorem
2236 2853 2287 2905 in

725 2929 984 2980 vexandis
1013 2927 1338 2983 Christianis
1364 2934 1642 2997 prmberet‘.

798 3018 1053 3085 Sequitur
1111 3019 1214 3072 alia
1263 3022 1328 3073 ad
1384 3020 1682 3092 Olympium
1741 3028 1959 3096 epistola
1988 3030 2082 3099 (ὁ),
2115 3031 2283 3086 civem

729 3107 1236 3177 Neocaesariensem,
1264 3113 1528 3183 imprimis
1558 3118 1796 3184 divitem,
1821 3123 1910 3190 qui
1943 3122 2139 3177 Basilio
2180 3124 2288 3178 Eu-

726 3201 907 3252 stathii
938 3213 990 3254 et
1016 3203 1528 3260 Neocaesarieusium
1559 3211 1838 3267 calumniis
1878 3218 2146 3285 exagitato
2182 3234 2282 3271 non

2471 2013 2706 2068 Mutuam
2760 2014 2856 2068 sibi
2910 2031 3126 2084 operam
3187 2017 3239 2070 in
3291 2018 3605 2074 meditandis
3661 2016 3959 2086 Scripturis

2401 2107 2679 2161 tradebant
2737 2106 3020 2172 Gregorius
3079 2119 3133 2160 et
3180 2107 3404 2163 Basilius
3433 2152 3447 2174 ,
3504 2126 3606 2164 non
3646 2108 3816 2164 solum
3865 2123 3959 2161 co-

2397 2215 2530 2261 ram,
2576 2200 2668 2252 sed
2720 2203 2880 2254 etiam
2917 2203 3184 2255 absentes.
3233 2201 3395 2267 Cujus
3430 2203 3504 2255 rei
3551 2211 3954 2258 monumentum

2395 2299 2473 2343 est
2502 2289 2723 2357 epistola
2757 2292 2806 2354 7,
2843 2308 3000 2361 quam
3036 2293 3234 2348 idcirco
3273 2294 3336 2347 ad
3370 2293 3472 2347 hoc
3522 2301 3728 2362 tempus
3765 2295 3957 2349 referi-

2395 2397 2533 2436 mus.
2568 2382 2819 2435 Basilium
2875 2388 3221 2441 consuluerat
3254 2385 3544 2457 Gregorius
3591 2387 3654 2440 de
3687 2389 3848 2441 rebus
3887 2389 3954 2442 ad

2397 2473 2734 2544 theologiam.
2765 2476 2814 2528 id
2864 2489 2945 2531 est
3015 2481 3076 2531 ad
3133 2490 3375 2533 sanctam
3427 2480 3742 2535 Trinitatem
3791 2481 3956 2548 perti-

2393 2567 2662 2621 nentibus.
2703 2568 2996 2638 Respondit
3038 2570 3265 2625 Basilius
3310 2588 3405 2636 per
3452 2575 3660 2629 litteras
3698 2588 3814 2641 qua:
3846 2587 3952 2625 non

2392 2667 2624 2725 exstant,
2654 2660 2746 2714 sed
2789 2663 2965 2714 minus
3013 2663 3291 2717 satisfecit.
3327 2665 3478 2729 Quod
3513 2681 3631 2720 cum
3670 2668 3716 2721 ei
3753 2665 3956 2736 Grego-

2393 2751 2502 2805 rius
2541 2751 2709 2806 libere
2747 2752 3121 2822 significasset,
3159 2763 3218 2806 ut
3268 2754 3405 2808 inter
3440 2758 3640 2812 amicos
3694 2759 3808 2811 fieri
3855 2773 3955 2826 par

2391 2852 2507 2894 erat
2534 2884 2548 2907 ,
2585 2841 2782 2896 fatetur
2810 2843 3041 2899 Basilius
3080 2859 3137 2898 se
3178 2846 3280 2898 hoc
3329 2846 3727 2902 incommodum
3780 2849 3955 2916 provi-

2391 2933 2528 2985 disse
2576 2937 2808 3001 (omnem
2853 2937 2994 2990 enim
3058 2941 3122 2991 de
3172 2938 3276 2992 Deo
3321 2953 3618 2992 sermonem
3664 2942 3953 3007 et'cogita-

2390 3023 2519 3075 tioni
2554 3023 2839 3092 loquentis,
2873 3037 2927 3082 et
2969 3028 3236 3083 desiderio
3275 3030 3653 3099 interrogantis
3692 3031 3950 3101 imparem

2388 3116 2561 3183 esse);
2594 3120 2686 3168 sed
2712 3128 2890 3170 tamen
2923 3121 3082 3175 silere
3105 3137 3207 3175 non
3231 3123 3486 3190 patuisse,
3512 3137 3578 3177 ne
3603 3123 3655 3176 in
3691 3123 3952 3192 proditio-

2388 3205 2471 3258 nis
2495 3205 2694 3260 crimen
2741 3208 3054 3267 iucurreret.
3100 3213 3144 3264 si
3181 3215 3354 3267 amico
3396 3215 3692 3269 consulenti
3725 3227 3952 3281 respon-

729 3283 918 3338 defuit.
943 3283 993 3339 Is
1022 3301 1142 3340 cum
1185 3289 1380 3342 Basilio
1411 3295 1644 3348 misisset
1680 3313 1934 3361 munera,
1973 3268 2126 3371 cujus
2159 3305 2291 3357 soli-
2315 3268 2357 3325 ϐ
2393 3314 2508 3353 sum
2539 3298 2850 3368 denegaret.
2892 3299 3154 3355 Czeterum
3207 3302 3522 3373 Gregorium
3570 3307 3831 3366 hortatur,
3869 3312 3946 3371 ut,

726 3375 960 3428 tudinem
994 3376 1101 3440 jam
1133 3390 1286 3432 antea
1325 3381 1638 3435 visitaverat
1686 3402 1698 3447 ;
1733 3392 2017 3454 I‘CSPOIIdCI
2069 3393 2114 3444 ei
2146 3393 2292 3446 Basi-

722 3463 846 3526 lius,
885 3463 1070 3522 festive
1099 3470 1414 3536 incusando,
1450 3478 1591 3544 quod
1623 3479 1925 3545 pauperiem
1959 3495 1987 3533 e
2017 3493 2289 3537 monaste-

727 3559 806 3609 rio
837 3573 931 3614 suo
966 3561 1162 3627 eiiciat.
1192 3565 1323 3618 Cum
1351 3569 1756 3624 autemiutirma
1790 3582 1931 3626 esset
1961 3573 2283 3643 valetudine,

717 3651 937 3718 jamque
956 3658 1189 3708 remedia
1223 3661 1472 3714 nonnulla
1506 3678 1787 3738 aggressus
1816 3675 1988 3734 esset;
2019 3677 2164 3735 optat
2188 3668 2290 3722 Ba-

722 3740 962 3801 silius_ut
993 3743 1226 3798 faustum
1261 3748 1460 3800 exitum
1514 3750 1766 3818 habeant,
1791 3752 1946 3821 eique
1987 3770 2172 3811 auctor
2206 3769 2288 3814 est

722 3842 781 3883 ut
807 3831 1222 3890 sollicitudinum
1249 3847 1301 3892 et
1332 3839 1698 3894 molestiarum
1731 3854 2001 3912 expertem
2047 3852 2286 3917 corporis

724 3924 1058 3980 Curationem
1098 3929 1369 3984 adhibeat.

797 4022 928 4075 Cum
962 4022 1264 4088 Nectarius,
1297 4023 1380 4076 vir
1424 4025 1561 4079 inter
1589 4026 1785 4083 Cilices
1817 4029 2008 4098 opibus
2031 4039 2084 4084 et
2108 4031 2282 4100 digni-

722 4121 832 4164 tate
873 4114 1210 4179 conspicuus,
1249 4115 1466 4168 unicum
1519 4117 1707 4183 lilium,
1747 4123 1838 4182 qui
1876 4138 1996 4190 spes
2028 4137 2141 4177 erat
2167 4141 2281 4177 am-

719 4198 971 4267 plissimae
1012 4201 1233 4267 dooms,
1285 4205 1586 4269 amisisset,
1636 4211 1862 4266 Basilius
1908 4215 2107 4268 rmuori
2150 4216 2284 4271 hanc

722 4292 1022 4347 molestiam
1065 4294 1330 4348 nuntianti
1377 4311 1469 4363 per
1506 4308 1611 4351 tres
1647 4311 1739 4353 aut
1763 4314 1989 4370 quatuor
2021 4307 2132 4359 dies
2162 4322 2282 4360 cre-

722 4384 848 4434 dere
884 4383 1118 4436 uolebat.
1139 4382 1242 4437 Sed
1273 4386 1505 4452 acceptis
1531 4391 1597 4439 ab
1628 4389 1875 4458 episcopo
1903 4393 2043 4446 illius
2069 4395 2167 4447 loci
2198 4397 2283 4448 lit-

720 4475 871 4535 teris,
904 4490 1021 4541 quzc
1065 4477 1267 4528 tristem
1300 4477 1445 4530 illiilli
1496 4495 1678 4533 casum
1738 4483 2150 4549 confirmabant,
2180 4487 2282 4539 Ne-

2392 3408 2448 3446 se
2481 3395 2701 3458 omisso,
2739 3404 2879 3448 totus
2908 3395 2972 3448 ad
3015 3395 3258 3450 veritatis
3298 3397 3677 3461 defensionem,
3713 3398 3966 3466 acceptis.

2392 3499 2419 3535 a
2452 3485 2558 3538 Deo
2589 3490 2914 3554 adjumentis
2945 3498 3246 3555 contentus,
3276 3489 3565 3543 incumbat.

2986 3621 3209 3676 CAPUT
3249 3623 3358 3680 VII.

2389 3728 2428 3783 I.
2465 3731 2690 3787 Basilius
2720 3733 3220 3802 Constantinopolim
3273 3737 3405 3788 venit
3444 3753 3558 3788 cum
3593 3737 3793 3789 Basilio
3839 3738 3945 3789 An-

2459 3821 2674 3870 cyrono,
2734 3805 2817 3857 cui
2874 3821 3080 3871 Operam
3143 3816 3292 3857 novat
3356 3805 3598 3858 adversus
3651 3807 3942 3859 harreticos.

2458 3873 2519 3926 ΙΙ.
2561 3874 2747 3928 Dolens
2782 3878 2916 3942 quod
2957 3875 3177 3927 Dianins
3207 3875 3608 3942 subscripsissct,
3655 3875 3786 3943 fugit
3831 3874 3943 3927 Na-

2458 3949 2719 3997 zianzum.
2773 3945 2853 3997 ΙΙΙ.
2904 3944 3096 3998 Scribit
3155 3944 3398 3997 Moralia.
3460 3944 3596 3998 Huic
3655 3961 3792 4010 apert
3842 3963 3945 3998 non

2456 4015 2685 4064 convenit
2718 4015 2932 4076 epistola
2965 4018 3027 4067 de
3048 4017 3172 4081 ﬁde.
3203 4013 3405 4082 Scripta
3441 4015 3665 4069 Moralia
3689 4015 3780 4067 sub
3805 4014 3944 4068 Con-

2455 4082 2670 4134 stantio.
2713 4082 2796 4137 IV.
2852 4083 2925 4134 De
2962 4086 3182 4145 epistola
3226 4087 3292 4134 ad
3335 4084 3628 4137 Maximum
3667 4087 3755 4150 qui
3805 4086 3942 4137 idem

2456 4155 2659 4205 videtur
2690 4168 2797 4204 esse
2824 4166 2884 4203 ac
2914 4154 3081 4203 sancti
3106 4150 3340 4220 Gregorii
3359 4157 3611 4216 proditor.
3637 4153 3696 4205 V.
3733 4157 3805 4206 De
3821 4155 3943 4218 plu-

2455 4225 2595 4274 ribus
2626 4223 2855 4288 epistolis
2878 4223 2928 4272 in
2963 4238 3159 4274 secessu
3188 4223 3412 4287 scriptis,
3446 4223 3728 4290 prazsertim
3755 4225 3817 4275 de
3854 4225 3946 4276 de--

2459 4295 2592 4346 cinia
2625 4303 2831 4359 quarta,
2863 4301 2910 4344 et
2953 4293 3146 4344 decima
3179 4294 3383 4360 quinta.

2455 4408 2493 4461 Ι.
2523 4405 2638 4458 Jam
2674 4406 2978 4460 solitudinis
3005 4405 3209 4460 deliciis
3247 4406 3623 4474 perfruebatur
3668 4407 3734 4460 ab
3783 4408 3941 4462 annis

2384 4500 2588 4555 duobus
2634 4498 2878 4562 Basilius,
2931 4514 3049 4552 cum
3094 4501 3191 4553 iter
3253 4498 3765 4568 Constantinopolim
3814 4516 3939 4554 sus—

721 4566 949 4616 etarium
1002 4564 1219 4634 ejusque
1275 4585 1496 4622 uxorem
1545 4573 1848 4626 consolatur
1877 4576 1964 4643 (c).
2002 4577 2054 4628 lu
2092 4577 2174 4630 his
2198 4579 2280 4631 lit-
2307 4607 2354 4665 ι)
2383 4589 2522 4654 cepit
2565 4603 2702 4640 anno
2745 4591 2848 4641 559
2885 4599 3134 4653 exeunte,
3162 4600 3398 4653 vocatus,
3428 4598 3485 4642 ut
3520 4589 3808 4644 verisimile
3833 4601 3935 4654 est,

721 4657 850 4709 teris
892 4671 1079 4710 omnes
1123 4657 1315 4724 eloquii
1371 4661 1453 4710 sui
1511 4676 1640 4728 opes
1674 4664 1981 4731 profundit;
2014 4669 2278 4736 praecipue

719 4764 850 4801 vero
882 4750 930 4801 in
955 4751 1178 4815 epistola
1211 4752 1274 4805 ad
1300 4767 1522 4806 uxorem
1555 4753 1788 4810 Nectarii
1821 4760 2070 4812 IIUIIDUlla
2095 4776 2281 4816 recens

719 4842 784 4892 ab
829 4841 1159 4900 Athenarum
1209 4843 1454 4910 palteslra
1494 4845 1766 4914 ingenium
1823 4852 2083 4912 redolent,
2135 4853 2281 4906 velut

719 4947 836 4984 rum
871 4934 986 4986 ait:
1034 4931 1076 4986 Ο
1127 4945 1267 4988 terra
1317 4936 1469 4989 talem
1522 4950 1701 4990 coacta
1758 4944 2015 5009 suscipere
2058 4944 2279 4996 casum!

720 5022 943 5076 Horruit
975 5025 1106 5093 forte
1133 5026 1240 5093 ipse
1284 5028 1383 5090 sol,
1415 5029 1460 5080 si
1506 5029 1619 5097 quis
1667 5031 1718 5081 in
1767 5049 1824 5083 eo
1874 5050 2071 5099 sensus,
2133 5045 2278 5088 triste

716 5115 848 5167 illud
877 5116 1245 5182 spectaculum.
1278 5116 1427 5170 Hanc
1475 5134 1599 5189 ergo
1625 5122 1898 5187 epistolam
1932 5127 2014 5178 vel
2045 5139 2167 5180 ante.
2194 5143 2278 5180 se-

715 5221 927 5258 cessum
955 5207 1034 5258 vel
1075 5209 1260 5260 saltem
1294 5209 1358 5260 ad
1396 5224 1642 5264 secessus
1676 5213 1959 5279 primordia
2006 5231 2124 5268 cum
2165 5216 2274 5269 Til-

714 5297 970 5349 lemontio
1013 5298 1361 5352 collocamus.
1410 5300 1568 5355 Certe
1610 5303 1753 5355 illum
1803 5306 2108 5375 episc0pum
2150 5318 2275 5363 lllllC

715 5404 818 5442 non
841 5388 1002 5443 fuisse
1026 5401 1171 5459 patet
1196 5408 1257 5446 ex
1287 5393 1367 5447 his
1392 5395 1589 5458 verbis,
1611 5399 1781 5464 accepi
1809 5398 2004 5451 litteras
2030 5403 2268 5466 epismpi.

713 5480 827 5534 Non
861 5483 1002 5536 enim
1030 5487 1093 5537 de
1125 5487 1341 5555 collegis
1376 5487 1486 5540 suis
1525 5487 1602 5542 sic
1633 5487 1776 5556 loqui
1807 5490 1960 5556 solet,
1992 5503 2269 5562 postquam

782 5737 855 5791 (ul
896 5736 986 5802 Ep.
1017 5738 1101 5793 37,

779 5804 853 5870 (ὁ)
889 5807 1049 5869 I‘Qpist.
1081 5811 1131 5861 ὦ.

781 5882 848 5944 (τ’)
895 5876 1057 5944 Epist.
1086 5879 1115 5931 5
1149 5891 1196 5931 et
1223 5878 1273 5932 6.

2384 4695 2412 4730 a
2455 4679 2650 4732 Basilio
2699 4681 2982 4749 Ancyrano
3039 4692 3092 4733 et
3138 4681 3415 4734 Eustathio
3475 4681 3792 4742 Sebasteno,
3846 4682 3934 4751 qui

2384 4785 2502 4823 cum
2555 4785 2580 4821 a
2623 4771 2825 4839 synodo
2871 4770 3192 4825 Seleucieusi
3251 4771 3408 4838 legati
3459 4773 3524 4826 ad
3565 4772 3936 4827 Constantium

2381 4861 2530 4911 missi
2559 4869 2757 4921 essent,
2791 4875 2978 4926 magna
3014 4861 3471 4930 Constantinopoli
3503 4861 3758 4916 adversus
3785 4861 3933 4918 Ano-

2381 4963 2548 5002 moeos
2581 4951 2756 5016 praelia
2787 4952 3174 5013 sustinuerunt,
3211 4954 3302 5004 sed
3349 4955 3560 5008 tandem
3594 4969 3778 5007 eorum
3816 4969 3935 5008 ma-

2381 5039 2778 5094 chinationilms
2828 5046 3176 5096 succubuere.
3227 5043 3551 5097 Existimant
3604 5045 3797 5099 eruditi
3832 5046 3931 5100 viri

2381 5129 2638 5184 Basiliam
2677 5133 2907 5186 noluisse
2934 5147 2990 5186 se
3020 5134 3358 5204 interponere
3403 5140 3454 5189 in
3504 5139 3600 5190 has
3633 5139 3932 5192 contentio-

2381 5240 2497 5286 nes,
2535 5233 2586 5276 ct
2621 5225 3048 5293 disputationem,
3074 5238 3133 5280 ut
3167 5245 3263 5281 suo
3297 5229 3512 5281 lectoris
3539 5231 3726 5296 gradui
3757 5231 3930 5286 minus

2381 5327 2806 5376 convenientem.
2834 5320 3189 5374 autvcritatis
3235 5323 3528 5375 defensioni
3579 5338 3761 5390 parum
3810 5338 3930 5392 pro-

2380 5407 2635 5467 futuram,
2668 5410 2981 5464 declinasse.
3024 5411 3126 5465 Sed
3159 5428 3220 5465 ex
3273 5414 3592 5468 testimoniis
3635 5413 3929 5468 Philostor-

2381 5498 2473 5566 gii,
2494 5496 2740 5549 Eunomii
2771 5508 2822 5551 et
2851 5498 3090 5569 Gregorii
3121 5502 3364 5570 Nysseni,
3391 5505 3581 5573 quibus
3609 5504 3720 5558 hzec
3743 5505 3930 5558 nititur

2449 5749 2524 5814 (il)
2559 5747 2650 5813 Ep.
2685 5751 2732 5806 ti,
2763 5767 2813 5798 η.
2857 5750 2919 5815 L!

2451 5825 2516 5878 te,
2550 5819 2642 5882 Ep.
2674 5819 2722 5877 ii,
2754 5837 2802 5869 ll.
2838 5819 2886 5869 2.

2451 5891 2511 5953 (li
2557 5889 2678 5941 ΝΜ.
2713 5905 2788 5941 or.
2826 5890 2911 5940 an,
