4206 6512
1534 449 1689 504 VITA
1734 451 1789 504 S.
1834 447 2095 504 BASlLll.

3279 467 3420 506 XXVU

230 572 406 640 opinio,
489 569 614 625 illttd
681 570 860 641 potius
917 570 1205 641 colligitur,
1266 571 1518 634 Basilium
1588 573 1640 626 in
1685 574 1766 626 his
1796 577 1837 633 A
1869 590 1933 628 eo
1969 572 2214 637 consilio,
2242 579 2298 624 ut
2337 571 2544 624 adesset
2591 570 2872 640 Ancyrano
2904 569 3176 639 episcopo,
3211 572 3424 625 venisse

231 663 690 732 disceptationibus
731 663 831 717 sub
871 663 1125 733 episcopo
1169 664 1462 734 Ancyraeo‘
1499 663 1761 716 secundas

233 758 413 820 tulisse,
446 772 506 811 ac
528 756 752 826 proinde
784 757 1048 820 ViClOl‘iJB,
1090 771 1252 826 quam
1305 755 1392 811 ille
1430 755 1631 821 retulit,
1661 756 1726 809 ad

231 847 434 914 jutorem
469 847 656 901 fuisse.

292 936 513 991 Eunomii
567 938 641 1006 (p.
676 937 798 1006 50!)
855 937 1013 996 verba
1043 938 1119 992 sic
1143 938 1303 993 refert
1327 938 1610 1006 Gregorius
1634 937 1763 1008 Nys-

231 1045 406 1082 scnus:
442 1030 524 1082 Ἐν
567 1031 745 1101 τούτῳ
795 1032 927 1101 φησι
989 1032 1239 1100 σύλλογον
1289 1031 1609 1100 γεγενῆσθαι
1661 1033 1768 1084 τῶν

232 1117 530 1185 πανταχόθεν
543 1119 804 1186 λογάδων,
825 1122 913 1173 καὶ
935 1121 1226 1190 ἐνακμάζει
1243 1119 1472 1189 τῷλόγῳ
1488 1123 1765 1186 νεανικῶς,

235 1210 309 1259 ὑπ’
338 1208 447 1276 ὄψιν
470 1207 613 1276 ἄγων
637 1212 798 1280 δῆθεν
831 1212 926 1281 τὴν
957 1212 1065 1265 τῶν
1093 1210 1427 1282 πραγμάτων
1458 1213 1765 1284 διασκευήν.

234 1297 344 1352 Εἶτα
386 1301 654 1364 δικασταῖς
706 1321 814 1355 τισι
871 1304 1036 1371 λέγει,
1089 1305 1219 1374 μηδὲ
1265 1305 1464 1356 τούτων
1513 1305 1768 1375 ὀνομαστὶ

237 1393 568 1461 μεμνημένος,
606 1395 699 1445 τὸν
734 1395 858 1462 περὶ
892 1395 996 1446 τῶν
1027 1395 1267 1464 ἐσχάτων
1305 1397 1623 1466 πῳκείσοαι
1651 1396 1769 1466 δρό-

238 1498 341 1550 μον,
363 1485 654 1552 ὑποφωνεῖν
679 1485 738 1535 δὲ
770 1486 1008 1554 παρόντα
1036 1486 1125 1538 τὸν
1151 1487 1415 1558 ἡμέτερον
1462 1487 1773 1557 καθηγητὴν

238 1574 316 1625 καὶ
345 1576 541 1644 πατέρα
566 1592 577 1603 ’
604 1577 705 1644 τῆς
733 1578 787 1628 δὲ
827 1579 1058 1648 κρίσεως
1100 1578 1234 1648 πρὸς
1264 1581 1387 1642 τοὺς
1421 1579 1692 1640 ἐναντίους
1716 1578 1774 1629 τὸ

239 1666 411 1734 κράτος
442 1667 843 1737 μετατιθείτης,
875 1670 1092 1737 φεύγειν
1109 1671 1268 1723 αὑτὸν
1291 1673 1414 1734 τοὺς
1437 1671 1651 1732 τόπους,
1677 1687 1775 1722 κα-

237 1755 498 1808 ταλιπόντα
528 1756 624 1826 τὴν
658 1759 831 1822 τάξιν,
860 1760 949 1812 καί
980 1778 1098 1812 τινα
1145 1761 1350 1814 καπνὸν
1383 1761 1481 1831 τῆς
1525 1759 1777 1830 πατρίδος

240 1845 586 1912 μεταδιώκειν.
639 1847 720 1902 lbi
753 1853 826 1903 ait
871 1863 1051 1905 castum
1090 1853 1347 1906 exstitisse
1387 1852 1653 1904 hominum
1684 1867 1779 1902 un-

1866 660 2399 730 Constantinopolim,
2432 675 2496 713 ac
2539 660 2680 715 inter
2723 675 2816 714 eos
2847 662 3080 723 stetisse,
3111 661 3200 730 qui
3233 677 3425 728 suppe-

1868 757 1970 810 tias
2008 755 2079 810 illi
2123 755 2410 809 ferebant:
2445 761 2499 806 et
2530 753 2650 806 dum
2677 752 2852 821 fugam
2883 755 2930 806 ei
2970 754 3280 820 exprobrat,
3313 753 3425 808 solo

1869 857 2084 901 auctore
2105 846 2296 900 nititur
2317 844 2596 899 Eunomio.

1940 938 2042 991 Sed
2097 937 2364 1005 praecipue
2417 934 2658 1004 Gregorii
2714 933 2938 1005 Nysseni
2988 936 3306 989 auctoritate
3348 936 3429 988 ni-

1872 1031 2001 1084 titur
2031 1028 2418 1091 Tillemontius,
2474 1042 2630 1096 quem
2666 1028 2997 1080 concessisse
3048 1038 3200 1096 putat
3240 1029 3425 1081 adver-

1872 1120 2030 1172 sariis
2051 1117 2300 1171 Basilium
2335 1118 2698 1172 celeberrimm
2731 1116 2869 1171 illius
2899 1118 3279 1186 disputationis
3322 1119 3428 1170 uul-

1873 1210 1950 1263 las
1983 1222 2161 1278 partes
2184 1209 2518 1262 sustinuisse.
2558 1209 2644 1260 Sic
2672 1207 2904 1275 loquitur
2931 1206 3220 1278 Gregorius
3247 1231 3256 1263 :
3377 1210 3430 1260 δὲ

1875 1319 1941 1353 ττε
1952 1301 2000 1369 pl.
2017 1300 2123 1351 τῶν
2145 1301 2200 1351 ὲν
2220 1298 2620 1350 Κωνσταντίνου
2648 1298 2796 1348 πόλει
2817 1297 3114 1366 γεγονότων
3137 1298 3264 1367 φησὶ
3283 1300 3298 1362 (
3307 1300 3425 1364 (1)...

1872 1391 2166 1459 δεξαίμεθα
2193 1391 2289 1452 τὰς
2329 1390 2524 1452 αἰτίας,
2581 1389 2659 1439 ὅτι
2697 1389 2960 1457 παρόντες
3011 1387 3085 1457 τῷ
3123 1388 3296 1458 καιρῷ
3328 1388 3433 1440 τῶν

1874 1479 2116 1548 ἀγώνων,
2152 1484 2260 1542 τοῖς
2300 1479 2712 1548 ἀγωνιζομένοις
2756 1479 2813 1529 οὖ
2857 1480 3284 1549 συνεπλάκημεν.
3322 1483 3436 1532 Δει-

1876 1570 2019 1634 gem
2064 1570 2237 1622 τοίνυν
2297 1571 2325 1620 ὁ
2377 1570 2565 1637 ἐκείνῳ
2601 1570 2697 1636 τὴν
2749 1569 2943 1621 δειλίαν
3000 1571 3355 1637 ὲπονειδίζων,
3393 1574 3438 1623 εἰ

1877 1660 2138 1729 κατῆλθεν
2176 1662 2252 1721 εἰς
2287 1659 2480 1728 μέσους
2512 1660 2690 1719 αὑτός.
2738 1660 2887 1723 Quod
2938 1662 2980 1712 si
3014 1661 3345 1730 (Eunomius)
3380 1665 3439 1714 de

1879 1754 2026 1804 rebus
2063 1752 2518 1818 Constantinopoli
2571 1754 2728 1819 gestis
2778 1751 3075 1821 loquitur...
3126 1756 3439 1822 accipiamus

1880 1846 2312 1909 criminationem,
2359 1860 2449 1897 nos
2486 1845 2702 1910 scilicet,
2746 1862 2861 1897 cum
2911 1847 3213 1900 adessemus
3257 1863 3441 1914 pugna:

238 1935 372 2001 dique
399 1935 705 1991 selectorum
734 1956 750 1992 :
783 1956 936 2009 seque
961 1941 1281 1993 vehementer
1319 1941 1373 1991 in
1411 1939 1626 1992 dicendo
1659 1955 1778 1991 t't’n-
1813 1927 1854 1981 Β
1881 1947 2122 2003 tempore,
2165 1951 2281 1988 cum
2320 1936 2637 1988 adversariis
2670 1953 2769 1989 non
2800 1937 3074 2006 pugnasse.
3122 1938 3441 1991 Demonstret

239 2027 375 2087 ditat,
403 2026 564 2080 oculis
605 2028 847 2080 videlicet
891 2030 1171 2096 subjiciens
1223 2043 1394 2081 rerum
1446 2037 1776 2094 apparatum.

239 2111 698 2183 Deindejudicibus
727 2120 1040 2185 quibusdam
1083 2120 1233 2183 dicit,
1280 2133 1440 2186 neque
1478 2107 1635 2170 etiam
1666 2119 1781 2171 illas

241 2209 520 2261 nominatim
563 2208 856 2276 appellans,
890 2209 1108 2270 capitale
1138 2209 1458 2276 propositum
1481 2209 1643 2278 fuisse
1663 2209 1779 2261 dis-

239 2301 452 2364 crimen;
491 2319 551 2354 ac
590 2312 899 2368 prwsentem
963 2301 1212 2352 secundas
1260 2311 1432 2369 partes
1482 2301 1784 2353 sustinuisse

239 2393 515 2459 magistrum
541 2399 778 2444 nostrum
823 2401 868 2443 et
899 2404 1128 2458 patrem;
1177 2393 1268 2445 sed
1316 2393 1526 2444 victoria
1563 2409 1592 2444 tt
1631 2391 1782 2459 judi-

239 2483 365 2534 cibus
403 2483 454 2533 in
507 2484 842 2536 adversarios
886 2487 1168 2547 translata,
1220 2485 1385 2550 ipsum
1435 2483 1631 2552 fugisse
1677 2485 1785 2538 Ita'c

240 2575 336 2625 loca
364 2573 536 2628 ordine
574 2576 806 2640 deserto,
837 2585 884 2628 et
924 2575 1120 2642 fumum
1154 2576 1432 2643 quemdam
1458 2577 1644 2645 patria:
1669 2593 1788 2646 per-

239 2675 444 2719 secutum
464 2683 596 2720 εδει.

299 2755 349 2810 lu
371 2771 434 2812 eo
461 2774 598 2812 sane
630 2756 983 2825 requirendus
1014 2758 1186 2825 pudor
1208 2758 1477 2826 Eunomii,
1507 2762 1646 2830 quod
1675 2762 1786 2814 suis

239 2849 491 2901 victoriam
527 2848 823 2916 adjudicet.
859 2848 1046 2903 Aetius
1076 2849 1243 2912 enim,
1268 2849 1358 2917 qui
1384 2865 1480 2918 pro
1511 2851 1790 2905 Anomoeis

240 2951 403 2993 centra
451 2938 710 2992 Basilium
770 2949 1052 3007 utrumque
1097 2939 1396 3008 pugnabat,
1434 2940 1683 2996 exsilium
1722 2956 1787 2996 ex

243 3030 330 3083 hoc
366 3029 541 3084 duello
592 3030 802 3095 retulit,
853 3029 1046 3083 nedum
1091 3029 1407 3097 victoriam;
1443 3046 1672 3102 eumque
1711 3033 1791 3085 vi-

241 3133 366 3175 ctum
406 3119 574 3177 fuisse
608 3133 794 3177 narrat
842 3122 1172 3177 Sozomentts
1196 3122 1292 3194 (α).
1342 3122 1457 3178 Νοη
1490 3125 1663 3178 minus
1699 3125 1792 3178 im-

241 3215 424 3278 pudens
455 3214 780 3278 Eunomius,
813 3229 934 3269 cum
976 3196 1230 3268 Basiliuin
1263 3224 1417 3269 vocat
1461 3215 1702 3268 timidum
1735 3225 1788 3268 et

238 3304 461 3370 ignavum
527 3319 588 3359 ac
651 3307 956 3373 graviorum
1041 3307 1283 3361 laborum
1337 3307 1626 3378 fugientem
1674 3310 1787 3382 (b);

238 3398 377 3463 eique
407 3397 708 3466 exprobrat
755 3407 1020 3457 secretam
1050 3399 1450 3466 domunculam,
1477 3412 1531 3457 et
1568 3401 1790 3472 ianuam

239 3499 338 3541 tuto
364 3489 630 3553 (lausatn,
655 3499 709 3544 et
752 3492 1162 3559 trepidationem
1188 3493 1257 3547 ob
1277 3505 1477 3549 metum
1513 3495 1791 3551 introeun-

240 3579 375 3645 tium,
399 3591 452 3634 et
486 3581 539 3635 in
581 3598 730 3647 voce,
759 3584 930 3638 oculis
951 3598 1014 3638 ac
1045 3585 1190 3638 vultu
1217 3588 1435 3654 pavoris
1457 3589 1630 3656 signa.
1657 3587 1793 3640 Sunt

240 3670 339 3726 haec
364 3673 621 3742 sophista:
650 3675 902 3743 nugantis
925 3675 1187 3739 convicia,
1226 3691 1330 3730 non
1351 3686 1661 3744 argumenta
1695 3677 1789 3732 ho-

239 3767 386 3819 minis
441 3768 594 3821 serio
652 3767 985 3820 disserentis.
1024 3766 1127 3819 Sed
1163 3775 1339 3820 tamen
1383 3781 1446 3820 ex
1502 3767 1617 3837 ejus
1647 3770 1796 3824 testi-

241 3857 406 3909 tnonio
432 3855 764 3923 perspicitur
794 3855 1045 3908 Basilium
1082 3856 1134 3909 in
1179 3857 1280 3912 hoc
1329 3861 1626 3914 certamine
1663 3876 1795 3928 pra:-

239 3956 414 3996 sentem
440 3944 816 4011 succlamasse,
846 3944 899 4000 id
930 3955 1034 4012 est,
1075 3948 1343 4002 secundas
1389 3961 1568 4016 partes
1615 3950 1796 4005 tulisse

240 4035 329 4088 sub
368 4034 570 4091 Basilio
601 4037 914 4106 Ancyrano,
955 4051 1052 4091 nec
1095 4037 1409 4092 discessisse
1439 4053 1503 4092 ex
1535 4039 1616 4092 his
1633 4031 1792 4104 locis,

241 4127 330 4182 nisi
363 4131 584 4184 uictoria
615 4148 646 4183 a
672 4129 944 4198 judicibus
973 4131 1026 4181 in
1068 4129 1393 4184 adversarios
1423 4132 1699 4196 translata,
1741 4145 1796 4188 ut

240 4218 379 4287 ﬁngit
405 4221 728 4275 Eunomius.

307 4309 701 4383 Philostorgius
741 4312 834 4380 (ε),
866 4312 955 4381 qui
1009 4311 1252 4366 Eunomii
1280 4314 1550 4367 mendacia
1600 4317 1798 4383 compi-

243 4402 330 4468 lat,
375 4403 451 4456 sic
489 4405 553 4454 de
597 4404 794 4456 Basilio
834 4402 1102 4470 loquitur:
1150 4406 1562 4475 Προεστήκεσαν
1603 4403 1660 4456 δὲ
1693 4407 1798 4457 τῶν

246 4494 334 4562 μὲν
365 4492 484 4546 καθ’
510 4493 696 4544 οὐσίαν
727 4495 908 4562 ὅμοιον
952 4492 1376 4561 πρεσϐευόντων,
1422 4491 1698 4556 Βασίλειός
1741 4512 1798 4545 τε

1883 2030 2043 2098 igitur
2078 2029 2166 2097 qui
2191 2029 2236 2080 ei
2283 2029 2612 2081 timiditatem
2651 2031 2950 2095 exprobrat,
2981 2048 3047 2082 an
3093 2032 3200 2095 ipse
3241 2034 3292 2083 in
3341 2048 3445 2084 mc-

1883 2123 2026 2174 dium
2066 2122 2387 2190 processerit,
2443 2129 2546 2173 etc.
2588 2119 2711 2175 Ha‘c
2761 2120 3060 2187 legentibus
3104 2120 3230 2175 illud
3272 2123 3444 2188 primo

1885 2211 2075 2264 intuitu
2104 2211 2362 2276 occurrit,
2399 2209 2718 2278 Gregorium
2751 2211 3006 2280 quidquid
3038 2213 3333 2265 concedere
3364 2213 3411 2262 vi
3432 2239 3444 2250 -

1886 2303 2039 2355 detur
2070 2300 2355 2364 Eunomio,
2398 2315 2502 2354 non
2537 2301 2653 2353 sine
2701 2301 2877 2369 aliqua
2920 2301 3087 2354 ironia
3134 2302 3444 2363 concedere,

1886 2401 1942 2446 ut
1981 2391 2414 2446 criminationem
2457 2391 2510 2442 in
2546 2391 2718 2459 ipsum
2774 2400 3055 2445 convertat
3104 2389 3442 2445 Eunomiunt.

1888 2483 1943 2539 Si
1975 2486 2102 2555 quid
2145 2494 2322 2539 tamen
2377 2484 2519 2538 serio
2569 2497 2881 2537 concessum
2921 2498 2946 2533 a
3001 2481 3281 2552 Gregorio,
3316 2483 3446 2536 nihil

1889 2577 2034 2631 aliud
2065 2590 2402 2640 concessum,
2437 2589 2596 2643 quam
2642 2576 2782 2642 quod
2823 2574 3094 2642 obiecerat
3132 2573 3446 2638 Eunomius,

1887 2667 2165 2731 Basilium,
2191 2681 2310 2720 cum
2337 2667 2386 2719 in
2421 2666 2603 2734 prmlio
2627 2665 2892 2718 secundas
2928 2664 3160 2729 tulisset,
3194 2662 3446 2717 inclinata

1889 2761 1941 2814 iu
1973 2758 2313 2812 adversarios
2341 2758 2567 2811 victoria
2603 2756 2934 2810 discessisse.
2969 2756 3144 2823 Atque
3175 2753 3302 2808 illud
3333 2757 3451 2821 qui-

1890 2850 2008 2904 dem
2040 2849 2156 2904 iieri
2186 2850 2380 2918 potuit,
2409 2858 2465 2903 ut
2499 2847 2750 2913 Basilius,
2779 2847 2867 2901 ubi
2902 2847 3032 2901 vidit
3066 2845 3318 2900 Basiliqu
3345 2849 3452 2900 An-

1890 2956 2151 3012 cyranum
2174 2982 2190 3007 ,
2229 2951 2348 3010 post
2387 2951 2530 2994 tanta
2563 2941 2806 2992 veritatis
2834 2940 3089 2992 adversus
3119 2939 3328 2993 Aelium
3359 2940 3450 2992 de—

1890 3032 2166 3086 fendenda:
2187 3032 2382 3092 studia,
2408 3033 2802 3085 Acacianorum
2836 3032 3039 3084 artibus
3071 3041 3122 3084 et
3149 3031 3448 3085 Constantii

1891 3122 2052 3177 minis
2084 3123 2300 3189 cedere,
2342 3137 2446 3176 non
2489 3133 2798 3193 exspectato
2834 3125 2909 3177 rei
2939 3124 3082 3176 exitu
3125 3122 3313 3178 abiret.
3345 3121 3452 3176 Nec

1893 3215 2250 3284 improbabile
2289 3223 2372 3269 est
2403 3215 2718 3270 Eunomium
2770 3217 2892 3268 inde
2940 3229 3124 3267 ansam
3160 3215 3450 3281 arripuisse

1893 3306 2252 3362 calumniandi
2286 3325 2298 3360 :
2335 3317 2389 3360 at
2422 3321 2596 3376 neque
2625 3323 2689 3360 ex
2716 3309 2876 3372 illius,
2909 3323 3082 3375 neque
3105 3322 3165 3360 ex
3205 3307 3450 3374 Gregorii

1891 3399 2070 3454 verbis
2102 3399 2343 3453 concludi
2374 3409 2568 3467 potest,
2612 3399 2865 3452 Basiliam
2905 3399 2955 3450 iu
2988 3410 3259 3451 certamen
3294 3398 3454 3450 mini-

1893 3504 1978 3542 tne
2016 3491 2298 3558 prodiisse.

1963 3581 2290 3647 Quinetiam
2343 3582 2455 3652 ipse
2506 3582 2731 3637 Basilius
2767 3593 2968 3635 mulum
3018 3596 3076 3635 se
3118 3590 3172 3634 et
3224 3582 3452 3635 otiosum

1895 3673 2037 3729 inter
2065 3675 2162 3728 hos
2195 3685 2372 3728 motus
2401 3689 2506 3727 non
2546 3674 2728 3739 fuisse,
2767 3673 2858 3727 sed
2896 3687 2993 3742 pro
3023 3673 3225 3726 viribus
3256 3673 3319 3724 ad
3359 3687 3446 3725 νου

1896 3767 2070 3818 ritatis
2100 3766 2464 3819 defensionem
2501 3767 2806 3819 incubuisse
2832 3766 3051 3818 indicat.
3080 3763 3193 3815 Non
3220 3764 3357 3814 enim
3387 3763 3452 3814 ad

1897 3858 2037 3911 aliud
2070 3868 2277 3927 tempus
2319 3859 2566 3912 videnlur
2619 3857 2804 3908 referri
2854 3871 3010 3923 posse
3065 3856 3228 3911 habiti
3267 3856 3331 3908 ab
3366 3856 3454 3908 illo

1896 3948 1962 4002 de
1998 3951 2100 4003 lide
2130 3964 2408 4003 sermones
2438 3945 2775 4000 Chalcedone
2807 3956 2859 4000 et
2907 3947 3198 4012 Heracleae,
3226 3964 3452 4019 quorum

1898 4050 2083 4093 testem
2106 4042 2235 4095 citat
2276 4042 2609 4095 Eustathium
2662 4042 2711 4094 in
2764 4043 2918 4110 epist.
2957 4042 3083 4106 223,
3134 4059 3187 4098 n.
3230 4041 3280 4092 5.
3327 4039 3456 4104 Qum

1896 4133 2240 4197 Chalcedone,
2277 4133 2466 4202 inquit,
2499 4151 2528 4185 a
2563 4135 2705 4186 nobis
2737 4136 2799 4186 de
2840 4134 2944 4197 ﬁde
2987 4135 3126 4185 dicta
3162 4143 3303 4199 sunt,
3344 4147 3459 4200 (μίαν

1897 4240 2248 4292 sntpenumero
2282 4222 2570 4286 Heracleae,
2604 4238 2717 4290 qua:
2747 4223 2892 4289 prius
2920 4225 2971 4275 in
3002 4221 3256 4277 Ctrsarea:
3275 4223 3461 4275 subur-

1899 4316 2002 4377 bio,
2035 4333 2102 4368 an
2129 4331 2228 4368 non
2254 4331 2317 4368 e1:
2357 4326 2530 4366 nostra
2563 4324 2710 4380 parte
2741 4332 2968 4369 consona
2999 4326 3115 4366 sunt
3150 4314 3363 4366 omnia?
3387 4314 3460 4368 Et

1901 4406 1984 4460 his
2008 4414 2155 4463 certo
2182 4405 2482 4472 colligimus
2521 4404 2777 4461 Basilium
2810 4407 2859 4459 in
2907 4407 3010 4461 hac
3042 4420 3221 4460 rerum
3251 4419 3462 4476 pcrzur-

1901 4494 2116 4549 batione
2147 4507 2365 4561 operam
2397 4508 2547 4549 suam
2578 4497 2844 4565 episcopis
2886 4512 2990 4550 non
3036 4497 3365 4563 denegasse;
3401 4514 3464 4551 ac

243 4587 326 4637 καὶ
362 4583 690 4645 Εὑστάθιοςο
726 4579 806 4646 οἷς
856 4584 999 4639 ἄλλοι
1051 4601 1108 4635 τε
1155 4587 1246 4636 καὶ
1296 4583 1572 4643 Βασίλειος
1616 4583 1797 4651 ἕτερος
1835 4589 1904 4663 ῡρ

1835 4611 1874 4663 ι)
1899 4587 2003 4656 jam
2033 4596 2143 4638 tam
2171 4586 2234 4638 de
2261 4586 2398 4642 illius
2421 4589 2724 4656 eloquentia
2751 4597 2804 4642 et
2826 4587 3128 4642 eruditione
3152 4603 3342 4658 magna
3370 4591 3464 4643 ho-

244 4680 412 4747 παρῆν
440 4674 799 4738 συνασπίζων,
824 4676 1080 4730 διακόνων
1098 4676 1175 4728 ἔτι
1195 4678 1346 4743 τάξιν
1381 4678 1515 4747 ἔχων
1536 4691 1548 4703 °
1576 4675 1797 4746 δυνάμει

248 4768 336 4836 μὲν
369 4767 459 4822 τοῦ
492 4767 670 4836 λέγειν
699 4767 903 4819 πολλῶν
932 4771 1213 4841 προφέρων
1234 4787 1246 4800 ’
1275 4772 1352 4838 τῷ
1373 4771 1426 4824 δὲ
1455 4770 1549 4838 τῆς
1578 4769 1765 4837 γνώμη
1773 4787 1796 4830 ς

245 4859 481 4932 ἀθαρσεί,
519 4861 655 4931 πρὸς
692 4861 814 4923 τοὺς
844 4863 1051 4923 κοινοὺς
1081 4861 1530 4932 ὑποστελλόμενος
1561 4861 1792 4928 ἀγῶνας.

247 4954 306 5007 Et
345 4971 521 5008 eorum
572 4957 802 5026 quidem,
853 4954 939 5024 qui
1001 4952 1197 5007 Filium
1238 4953 1460 5006 similent
1511 4954 1790 5004 secundum

245 5044 584 5097 substantiam
629 5045 1020 5112 proﬁtebantur,
1054 5043 1375 5111 antesignani
1401 5053 1544 5094 erant
1571 5040 1798 5093 Basilius

247 5146 290 5186 et
345 5135 673 5187 Eustathius.
735 5136 933 5200 Quibus
982 5146 1090 5186 tum
1142 5135 1232 5187 alii
1277 5133 1491 5186 aderant
1535 5137 1798 5196 suppetias

249 5225 483 5292 ferentes,
515 5236 622 5278 tum
669 5224 897 5279 Basit'iu's
935 5228 1084 5291 alter,
1145 5227 1282 5278 intra
1338 5225 1544 5276 diaconi
1577 5227 1796 5291 gradum

249 5319 407 5370 adhuc
466 5319 793 5371 consistens:
830 5319 1033 5372 dicendi
1083 5320 1288 5385 quidem
1329 5316 1574 5384 facultate
1626 5319 1798 5368 multis

251 5412 496 5474 ευμεν-ἑοῖ,
547 5424 720 5464 verum
751 5411 810 5462 ob
844 5410 1170 5462 timiditatem
1208 5421 1254 5462 et
1290 5409 1534 5475 pusillum
1568 5411 1796 5458 animum

254 5501 472 5562 publicas
527 5501 906 5567 disputationes
953 5499 1242 5554 declinans.
1293 5499 1572 5553 Manifesta:
1609 5500 1800 5565 premit

256 5589 483 5645 Eunomii
543 5592 766 5660 vestigia
820 5590 1248 5661 Philoslorgius:
1295 5589 1546 5643 Basilium
1608 5590 1803 5644 fatetur

320 5801 390 5864 (α)
416 5799 525 5851 Lib.
566 5815 638 5859 tv,
671 5815 718 5850 ιο.
753 5799 839 5850 ‘23.

321 5865 388 5932 (bl
418 5868 485 5935 iV}
501 5874 549 5919 ss.
581 5910 594 5929 ,
628 5886 640 5917 ι
687 5866 906 5916 lituram.

1906 4677 2107 4730 minum
2148 4678 2421 4731 exstitisse
2447 4677 2669 4744 judicia.

1976 4767 2036 4820 ll.
2070 4767 2222 4820 Auno
2249 4767 2373 4830 360,
2410 4767 2693 4822 formulam
2731 4768 3145 4833 Ariminensem,
3181 4785 3297 4838 quae
3344 4779 3464 4823 tan-

1905 4871 1984 4915 tas
2011 4871 2219 4930 strages
2247 4861 2297 4913 iu
2337 4859 2575 4915 Ecclesia
2622 4861 2806 4924 edidit,
2855 4863 3311 4932 Constantinopoli
3338 4864 3451 4918 Ca:-

1901 4967 2109 5007 sarcam
2189 4951 2367 5005 attulit
2441 4952 2703 5020 Georgius
2791 4954 3008 5008 Dianius
3077 4954 3457 5023 Caesariensis,

1901 5042 2000 5096 etsi
2029 5040 2269 5095 Nicanos
2309 5039 2496 5094 Patres
2534 5044 2707 5112 magni
2760 5042 3032 5107 faciebat;
3089 5045 3253 5098 cessit
3285 5053 3462 5099 tamen

1905 5135 2128 5202 tempori
2157 5144 2209 5187 et
2237 5133 2479 5189 formula:
2521 5136 2860 5205 subscripsit.
2904 5134 3014 5190 llbc
3051 5136 3189 5190 illius
3215 5152 3340 5191 casu
3369 5140 3464 5192 do-

1902 5224 2000 5277 luit
2036 5223 2388 5278 insolabiliter
2418 5224 2650 5280 Basilius
2684 5243 2799 5279 eum
2839 5226 3018 5279 multis
3050 5225 3170 5279 aliis
3207 5228 3256 5278 in
3292 5230 3462 5293 patria

1904 5319 2211 5371 timentibus
2240 5318 2424 5382 Deum,
2463 5330 2512 5374 et
2545 5338 2572 5372 a
2621 5320 2789 5372 Diauii
2818 5319 3198 5372 communione
3228 5319 3464 5372 creditur

1909 5409 2216 5462 recessisse.
2249 5409 2360 5462 Non
2384 5418 2560 5462 tanien
2588 5411 2793 5462 videtur
2821 5410 3005 5478 palam
3025 5422 3074 5461 et
3105 5418 3285 5477 aperte
3317 5425 3463 5462 cout—

1911 5500 2212 5554 munionem
2246 5502 2290 5553 ci
2344 5502 2712 5562 renuntiasse;
2748 5503 2838 5555 sed
2896 5511 3098 5553 tantum
3153 5501 3467 5554 CCt‘aSiOItcs

1913 5609 2032 5645 cum
2069 5609 2133 5645 eo
2169 5595 2596 5647 comtuuuicandi
2632 5596 2879 5648 evitasse.
2915 5594 3043 5648 Nam
3073 5594 3121 5646 in
3156 5594 3377 5663 epistola
3405 5595 3465 5647 Eii

1985 5797 2049 5845 (δ’)
2089 5794 2198 5844 1.·ιι.
2235 5809 2300 5851 tv,
2334 5813 2376 5840 σε.
2416 5797 2494 5843 12.

1981 5867 2052 5927 tulit
2093 5879 2100 5904 l
2140 5865 2355 5910 Ιζιηηιιη,
