4206 6498
731 425 899 466 XXVIII

2068 425 2595 487 PRULEGOMENA.

730 536 892 591 negat
930 524 1097 578 inStar
1124 541 1301 596 magnt
1344 528 1584 583 criminis
1616 537 2129 591 anathematizatum
2168 558 2195 592 a
2237 558 2295 594 se
2322 551 2369 603 Α
2404 542 2646 597 (Ia-Sarea
2691 552 2868 598 autem
2905 548 3136 601 excessit
3176 564 3278 603 non
3325 552 3400 604 rei
3434 551 3715 621 inopinata:
3762 557 3954 609 nuntio

728 613 903 669 fuisse
941 614 1187 671 Dianium
1224 636 1236 671 :
1279 619 1477 675 fatetur
1527 638 1583 677 se
1630 625 1865 680 doluisse
1917 630 2055 695 quod
2092 632 2136 685 is
2171 634 2293 688 sub-

731 705 1070 774 scripsisset;
1103 710 1196 763 sed
1232 718 1431 778 tamen,
1483 716 1569 768 ubi
1625 717 1691 770 ab
1749 733 1812 770 eo
1853 723 2090 786 graviter
2128 741 2297 794 a‘gro-

734 804 882 850 tante
910 800 1223 866 accersitus,
1255 803 1420 872 ipsius
1444 808 1765 861 sententiam
1796 812 2061 878 cognovit,
2089 818 2154 869 ad
2181 818 2296 884 ejus

730 892 1163 947 communionem
1198 908 1400 951 remota
1433 900 1580 951 omni
1613 904 1944 957 dubitatione
1978 908 2295 964 accessisse.

732 978 845 1044 Qua
886 998 950 1035 ex
1004 987 1311 1040 narratione
1345 998 1493 1057 patet
1531 989 1723 1045 leniter
1762 994 2083 1049 declinatam
2121 1000 2298 1066 potius

732 1073 903 1128 fuisse
951 1079 1409 1146 communionem,
1463 1099 1619 1149 quain
1670 1095 1854 1153 aperte
1914 1090 2295 1146 renuntiatam.

732 1161 901 1218 Porro
936 1166 1137 1221 Basilio
1167 1169 1219 1223 in
1268 1170 1367 1223 alia
1421 1183 1545 1227 lUllC
1579 1177 1799 1231 dimcesi
1844 1178 2054 1247 degenti
2088 1180 2296 1239 facilius

730 1256 833 1310 fttit
864 1258 1035 1313 Dianii
1071 1261 1256 1317 honori
1288 1266 1587 1319 consulere.

807 1346 1025 1404 Videtur
1049 1353 1147 1408 hoc
1177 1369 1304 1409 casu
1361 1361 1639 1426 perculsus
1672 1360 1933 1428 Basilius,
1962 1363 2161 1419 doloris
2212 1368 2293 1422 sui

698 1475 700 1479 ν
732 1442 980 1498 solatium
1029 1446 1081 1499 in
1113 1447 1358 1517 Gregorii
1392 1454 1660 1523 colloquio
1703 1457 2040 1524 quaesivisse,
2066 1473 2296 1529 eumque

732 1530 1001 1588 iuvisisse.
1036 1534 1169 1589 Dum
1199 1548 1378 1593 autem
1409 1541 1617 1609 longius
1647 1545 1838 1600 abesse
1863 1548 2073 1602 videtur
2097 1553 2297 1605 ascetis

729 1624 862 1689 suis,
899 1626 1222 1683 desiderium
1260 1645 1417 1685 suum
1465 1635 1511 1687 ei
1559 1634 1903 1705 significant,
1960 1648 2013 1692 et
2044 1648 2294 1710 tanquam

731 1717 1014 1787 profugum
1042 1722 1297 1777 amicitia:
1328 1734 1381 1778 et
1411 1728 1601 1794 patriae
1652 1732 2170 1787 commemoratione
2197 1749 2291 1789 co-

728 1819 928 1864 nantur
958 1812 1024 1865 ad
1059 1828 1118 1867 se
1148 1829 1424 1871 revocare.
1463 1818 1594 1872 Tum
1622 1819 1849 1877 Basilius
1876 1824 2056 1877 mirari
2100 1841 2157 1879 se
2210 1842 2293 1881 re-

2399 637 2697 701 perculsus,
2723 637 2815 690 sed
2849 651 2906 691 se
2930 637 3143 693 invidia:
3176 657 3238 695 ac
3272 644 3595 698 murulatioui
3624 644 3950 703 subducens.

2401 726 2668 781 Praeterea
2705 744 2809 782 non
2835 744 2900 783 ex
2923 731 3055 786 urbe
3088 732 3139 785 in
3169 733 3531 801 solitudinem,
3563 739 3654 790 sed
3682 738 3859 805 potius
3887 755 3954 793 ex

2399 822 2686 874 solitudine
2747 824 2798 875 in
2858 823 3043 877 urbem
3086 837 3469 893 concesserat,
3520 839 3629 882 tum
3683 846 3801 884 cum
3838 832 3956 885 haec

2400 912 2679 977 scriberet,
2714 913 2845 968 ut-in
2884 915 3231 971 adnotatione
3260 919 3325 971 ad
3353 918 3495 973 hunc
3525 920 3737 974 titulum
3766 922 3956 976 obser-

2398 1006 2657 1059 Vttvitttus.

2469 1096 2573 1150 Sed
2605 1098 2646 1150 si
2679 1097 2805 1151 illud
2832 1114 3052 1153 manere
3086 1101 3280 1164 debet,
3313 1101 3594 1169 epistolam
3629 1102 3684 1166 8,
3725 1120 3829 1157 non
3882 1104 3953 1157 ad

2398 1184 2776 1251 Cmsarieuses,
2813 1189 2904 1243 sed
2948 1190 3013 1242 ad
3045 1190 3333 1258 discipulos
3361 1192 3615 1259 scriptam
3665 1208 3785 1248 esse
3809 1235 3823 1258 ,
3871 1193 3954 1246 fa-

2402 1271 2616 1324 tendum
2666 1284 2750 1326 cst
2800 1276 3129 1344 assignatam
3187 1278 3326 1347 fuga:
3364 1276 3545 1332 Basilii
3576 1296 3790 1334 causam
3841 1297 3950 1335 non

2395 1376 2583 1415 carere
2618 1361 3037 1421 difﬁcultatibus.
3088 1367 3218 1421 Nam
3251 1369 3543 1439 Gregorius
3568 1366 3817 1441 Theologi
3857 1388 3956 1440 pa-

2397 1464 2477 1507 ter
2504 1456 2644 1509 idem
2679 1460 2945 1513 commisit
2976 1475 3038 1513 ac
3087 1458 3307 1515 Dianius
3333 1504 3347 1526 ,
3399 1461 3621 1516 absente
3665 1463 3773 1517 filio
3800 1505 3813 1527 ,
3860 1464 3952 1517 cui

2397 1559 2542 1601 certe
2572 1564 2673 1602 non
2710 1548 2994 1605 illusissent
3046 1552 3269 1616 Ariani,
3307 1564 3466 1623 atque
3497 1595 3511 1619 ,
3562 1563 3617 1606 ut
3644 1556 3934 1611 verisimile

2399 1648 2501 1701 est,
2532 1642 2668 1708 apud
2703 1641 2955 1695 Basilium
2982 1654 3369 1698 commorante.
3396 1644 3509 1699 Non
3543 1644 3768 1698 deerunt
3797 1660 3953 1715 ergo,

2397 1732 2485 1799 qui
2527 1731 2814 1796 Basilium,
2838 1732 3288 1804 subscriptionum
3329 1736 3540 1790 illarum
3574 1745 3811 1805 tempore
3834 1777 3849 1801 ,
3884 1740 3955 1791 ad

2398 1823 2716 1893 Gregorium
2747 1825 2946 1893 fugisse
2970 1838 3183 1898 negent,
3211 1843 3332 1881 cum
3367 1830 3536 1896 ipsum
3572 1840 3698 1883 tunc
3729 1832 3867 1897 apud
3894 1846 3957 1885 se

727 1903 954 1968 spondet
981 1902 1081 1975 (α),
1112 1908 1252 1976 quod
1276 1923 1333 1962 se
1360 1918 1636 1981 tantopere
1662 1915 1902 1983 diligant,
1934 1927 2144 1971 tenuem
2197 1921 2293 1975 ho-
2327 1887 2367 1943 Β
2398 1887 2713 1982 Gregorium
2741 1887 2983 1973 haberet.
3015 1887 3115 1973 sed
3156 1887 3357 1982 tamen,
3378 1887 3497 1973 cum
3545 1921 3676 1975 nihil
3703 1887 3842 1973 aliud
3870 1938 3958 1975 re-

729 1995 927 2048 tninem
983 2012 1045 2051 ac
1076 1998 1208 2053 nihil
1254 2000 1393 2057 forte
1453 2003 1741 2060 habentem
1790 2008 2038 2061 amabile.
2070 2009 2293 2066 Fatetur

731 2099 790 2138 se
840 2101 965 2141 casu
1001 2089 1275 2159 inopinato
1318 2094 1625 2162 perculsum
1662 2096 1864 2168 fugisse
1889 2140 1904 2164 ,
1943 2116 2004 2153 ac
2035 2113 2292 2164 prteterea

730 2177 994 2233 desiderio
1033 2183 1229 2237 arsisse
1259 2198 1536 2241 sacrorum
1583 2197 1913 2259 dogmatum.
1959 2192 2134 2258 Quare
2171 2211 2289 2250 cum

730 2268 836 2320 voti
872 2283 1090 2338 compos
1126 2272 1296 2328 factus
1330 2276 1438 2341 sit,
1486 2278 1765 2336 electionis
1817 2285 2035 2339 invento
2068 2302 2192 2342 vase
2239 2299 2293 2343 et

728 2368 887 2425 puteo
918 2361 1199 2430 profundo,
1235 2367 1285 2420 id
1335 2379 1415 2422 est
1467 2369 1761 2440 Gregorio,
1799 2389 1954 2443 quem
1990 2392 2051 2433 os
2090 2378 2289 2435 Christi

727 2451 977 2519 appellat,
1017 2469 1203 2522 parum
1248 2462 1505 2529 temporis
1556 2463 1660 2517 sibi
1713 2469 1929 2522 concedi
1980 2471 2133 2539 petit,
2184 2488 2288 2526 non

726 2545 869 2609 quod
920 2546 1131 2600 urbium
1180 2554 1601 2609 commoratione
1652 2556 1971 2627 delectetur,
2015 2563 2107 2617 sed
2145 2564 2289 2632 quod

725 2637 938 2688 versari
976 2652 1098 2691 cum
1133 2642 1336 2694 sanctis
1366 2642 1520 2714 longe
1545 2647 1891 2703 utilissimum
1916 2666 2036 2707 esse
2060 2653 2285 2722 judicet.

727 2727 929 2783 Deinde
965 2729 1237 2797 hortatur,
1268 2744 1323 2786 ut
1352 2746 1581 2791 caveant
1605 2739 1670 2792 ab
1699 2740 1936 2809 Arianis,
1979 2746 2145 2800 multa
2180 2748 2290 2803 dis-

730 2820 962 2874 serit-de
993 2835 1178 2878 sancta
1211 2825 1497 2895 Trinitate,
1537 2847 1601 2888 ac
1634 2832 1846 2905 objecta
1877 2839 1945 2891 ab
1973 2839 2189 2895 Arianis
2220 2851 2294 2896 te-

728 2911 979 2967 stimonia
1012 2918 1264 2987 explicat.

804 3003 1015 3060 Nullum
1049 3024 1179 3063 sane
1196 3023 1445 3066 eventum
1481 3014 1637 3072 video
1660 3017 1711 3072 in
1743 3020 1848 3074 vita
1875 3023 2046 3077 sancti
2079 3023 2287 3091 Basilii,

726 3098 793 3150 ad
841 3114 998 3167 quem
1033 3102 1145 3154 haec
1178 3102 1403 3172 epistola
1435 3106 1612 3175 aptius
1646 3108 1839 3163 referri
1887 3114 2077 3177 possit,
2128 3131 2287 3184 quam

728 3195 793 3241 ad
830 3190 1036 3260 lapsum
1072 3192 1267 3248 Dianii.
1302 3194 1451 3261 Quod
1507 3198 1648 3253 enim
1687 3199 1765 3253 ait
1804 3214 1862 3254 se
1910 3217 1968 3255 re
2015 3203 2287 3271 inopinata

730 3284 1036 3347 perculsum
1076 3284 1302 3356 fugisse,
1349 3290 1487 3342 velut
1516 3293 1603 3357 qui
1636 3293 1697 3344 ob
1729 3293 2021 3360 repentinos
2047 3298 2289 3361 strepitus

725 3374 868 3428 illico
925 3393 1305 3445 expavescunt,
1348 3383 1431 3437 his
1460 3383 1640 3437 verbis
1692 3384 1895 3439 indicat
1958 3386 2293 3456 gravissima:

731 3465 960 3533 alicujus
986 3468 1243 3524 molestias
1276 3473 1544 3537 nuntium,
1575 3475 1641 3527 de
1668 3490 1774 3541 quo
1806 3491 1903 3529 nec
1925 3478 2112 3531 abiens
2137 3480 2294 3548 quid-

731 3572 891 3622 quam
928 3560 1131 3614 dixerat
1161 3602 1176 3626 ,
1222 3578 1318 3616 nec
1352 3572 1477 3617 tunc
1508 3566 1851 3618 scribendum
1888 3581 2005 3619 esse
2039 3570 2289 3624 ducebat.

731 3649 863 3702 Cum
901 3651 983 3704 his
1007 3662 1185 3705 autem
1223 3654 1449 3711 mirifice
1483 3659 1713 3725 quadrat
1744 3658 2061 3727 subscripta:
2093 3674 2121 3711 a
2172 3661 2294 3713 Dia-

730 3746 820 3795 nio
850 3742 1093 3798 formula:
1128 3747 1294 3801 tristis
1328 3750 1549 3804 nuntius
1575 3790 1588 3813 ,
1618 3768 1775 3821 quem
1808 3768 1906 3806 cur
1931 3762 2144 3807 ascetas
2168 3768 2294 3807 suos

729 3834 976 3899 celaret,
1012 3838 1190 3891 multa:
1218 3854 1515 3907 gravesque
1547 3858 1723 3896 causa:
1757 3854 2005 3912 poterant
2047 3843 2290 3899 subesse.

729 3925 991 3995 Congruit
1018 3929 1179 3982 etiam
1211 3946 1331 3984 cum
1374 3934 1477 3987 hoc
1516 3944 1756 4002 tempore
1788 3935 2098 4003 disputandi
2131 3942 2288 3993 ratio.

728 4018 859 4071 Nam
897 4021 1121 4075 Basilius
1148 4024 1321 4077 simile
1354 4035 1407 4077 et
1446 4027 1703 4082 dissimile
1753 4027 1925 4094 rejicit
1960 4028 2012 4081 in
2046 4029 2148 4083 hac
2182 4034 2296 4099 epi-

728 4111 891 4165 stola.
919 4111 1060 4166 ldem
1106 4125 1283 4169 tamen
1327 4116 1378 4169 in
1413 4118 1640 4184 epistola
1667 4121 1911 4187 sequenti
1940 4162 1953 4184 ,
1984 4136 2102 4189 qua:
2130 4124 2294 4177 multo

724 4214 847 4272 post
874 4207 1039 4260 scribi
1072 4222 1177 4262 non
1225 4210 1420 4277 potuit,
1460 4228 1562 4264 non
1594 4211 1863 4277 improbat
1901 4216 2098 4280 simile,
2137 4216 2296 4268 modo

727 4298 955 4351 addatur
986 4302 1118 4353 citra
1161 4302 1322 4355 ullam
1368 4303 1738 4372 di/ferenliam.
1787 4306 1957 4360 Credo
1985 4323 2113 4378 ergo
2144 4309 2290 4361 Basi-

727 4388 881 4456 lium,
922 4389 974 4443 in
1015 4405 1227 4445 summo
1259 4392 1349 4446 illo
1380 4395 1581 4458 dolore,
1612 4411 1769 4464 quem
1801 4397 1849 4450 ei
1888 4396 2087 4451 factum
2118 4398 2292 4453 Dianii

726 4484 1025 4552 attulerat,
1084 4500 1191 4539 non
1248 4486 1480 4539 libenter
1512 4488 1745 4543 audiisse
1771 4489 2034 4557 ejusmodi
2082 4506 2291 4554 vocem,

2396 2008 2573 2075 perire
2615 2011 2831 2076 possim,
2872 2012 3010 2077 quod
3046 2010 3301 2065 Basilium
3351 2011 3527 2065 subito
3559 2013 3845 2078 perculerit
3900 2023 3958 2067 et

2395 2097 2459 2147 ad
2489 2097 2803 2163 Gregorium
2851 2101 3033 2167 fugere
3064 2102 3321 2169 coegerit,
3352 2109 3546 2167 praeter
3575 2100 3703 2153 illud
3736 2142 3750 2166 ,
3804 2105 3951 2172 quod

2395 2190 2527 2252 dixi,
2581 2190 2781 2243 factum
2814 2189 2986 2244 Dianii
3016 2231 3031 2255 ,
3064 2203 3302 2246 statuere
3334 2192 3513 2246 malim
3547 2192 3804 2262 Theologi
3852 2212 3953 2263 pa-

2396 2293 2533 2337 trem
2587 2282 2761 2337 serius
2784 2282 3166 2349 subscripsisse
3188 2301 3344 2351 quam
3378 2286 3623 2339 Dianium
3656 2285 3740 2340 vel
3770 2288 3954 2344 citius.

2396 2377 2449 2429 ld
2487 2376 2630 2430 enim
2661 2376 2797 2430 alios
2823 2375 3003 2438 citius,
3032 2375 3167 2428 alios
3198 2378 3371 2431 serius
3403 2378 3595 2432 fecisse
3625 2379 3781 2433 docet
3814 2377 3956 2432 Gre-

2395 2468 2576 2535 gorius
2605 2468 2698 2537 (bl.
2727 2468 2864 2535 Quin
2892 2468 3054 2522 etiam
3079 2467 3326 2535 Gregorii
3358 2469 3809 2536 subscriptionem
3837 2470 3957 2524 lon-

2394 2560 2514 2631 gius
2595 2560 2814 2617 differre
2870 2565 3016 2633 cogit
3072 2564 3455 2617 monachorum
3511 2561 3954 2620 Nazianzensium

2395 2654 2584 2723 agendi
2627 2654 2784 2715 ratio.
2821 2655 3039 2709 utinfra
3078 2657 3399 2710 videbimus.

2470 2744 2556 2799 ΙΙΙ.
2588 2746 2740 2800 Anno
2759 2746 2856 2799 361
2885 2746 3094 2802 videtur
3116 2746 3347 2801 Basilius
3370 2745 3598 2800 Horatia
3632 2744 3949 2812 scripsisse:

2394 2852 2498 2904 quo
2517 2838 2728 2905 quidem
2753 2838 2804 2891 in
2826 2852 2986 2906 opere
3011 2837 3085 2908 (p.
3120 2836 3268 2906 229),
3295 2851 3624 2908 quacunque
3654 2836 3881 2906 sparsim
3901 2837 3956 2893 in

2397 2927 2547 2981 Novo
2580 2927 2924 2986 Testamento
2951 2931 3236 2985 interdicta
3276 2938 3369 2983 aut
3399 2932 3694 3000 approbata
3720 2927 3961 2983 invenie.

2393 3020 2509 3083 bat,
2538 3035 2598 3073 ea
2638 3022 2876 3076 studiose
2905 3024 2955 3076 in
3002 3023 3211 3094 regulas
3239 3024 3496 3092 quasdam
3530 3018 3960 3092 compendiarias

2395 3110 2631 3177 collegit,
2659 3112 2907 3180 apposito
2939 3112 3003 3164 a'd
3031 3114 3273 3182 singulas
3306 3112 3518 3181 regulas
3543 3126 3769 3165 numero
3801 3107 3959 3178 capi-

2400 3209 2508 3252 tum
2539 3200 2752 3269 Scriptu
2766 3216 2858 3264 ne,
2878 3216 2996 3270 qua?
3024 3202 3204 3271 regula
3230 3201 3469 3267 qualibet
3494 3199 3958 3269 comprehendun-

2401 3301 2508 3343 tur.
2553 3292 2761 3356 Quibus
2803 3302 2981 3347 autem
3011 3295 3191 3349 causis
3222 3294 3287 3347 ad
3319 3294 3421 3348 hoc
3463 3307 3599 3362 opus
3634 3291 3960 3347 elucubran‘

2395 3379 2517 3432 dum
2550 3383 2810 3436 adductus
2839 3383 3024 3447 fuerit,
3054 3385 3169 3437 fuse
3198 3385 3249 3437 in
3284 3384 3545 3452 protemio
3597 3382 3848 3437 edisserit
3879 3382 3956 3452 (p.

2392 3476 2542 3543 9.1-5).
2578 3476 2708 3529 Nam
2734 3490 2853 3529 cum
2880 3477 3045 3529 variis
3073 3476 3122 3527 iu
3144 3475 3685 3543 peregrinationibus,
3718 3491 3849 3543 quas
3876 3476 3963 3529 vir

2394 3570 2569 3624 factus
2600 3569 2767 3631 obiit,
2797 3569 2846 3621 in
2875 3567 2994 3620 aliis
3024 3566 3239 3635 quidem
3290 3565 3591 3634 disciplinis
3631 3575 3684 3619 et
3714 3567 3959 3634 artibus,

2395 3678 2658 3714 summam
2691 3662 2833 3715 inter
2853 3675 2964 3721 eos.
2998 3674 3025 3712 a
3057 3658 3252 3728 quibus
3299 3657 3403 3712 illte
3448 3667 3592 3712 artes
3616 3658 3956 3722 excoluntur,

2395 3753 2734 3806 concordiam
2767 3752 3253 3813 animadvertisset,
3285 3756 3335 3804 in
3367 3749 3607 3805 Ecclesia
3639 3759 3817 3805 autem
3842 3750 3962 3822 plu-

2396 3845 2559 3897 rimos
2583 3852 2633 3895 et
2659 3842 2796 3895 inter
2821 3857 2878 3896 se
2908 3851 2960 3895 et
2984 3856 3106 3895 cum
3130 3844 3425 3911 Scripturis
3457 3842 3661 3898 sanctis
3696 3858 3961 3913 pugnare,

2396 3945 2468 3999 et,
2497 3936 2640 4004 quod
2686 3937 2916 3987 maxime
2962 3934 3287 3986 horrendum
3322 3943 3404 3985 est
3434 3972 3449 3997 ,
3490 3937 3772 4001 episcopos
3815 3935 3962 4001 ipsos

2398 4029 2535 4081 inter
2564 4041 2621 4079 se
2650 4023 2929 4095 digladiari
2957 4062 2972 4086 ,
3006 4038 3068 4077 ac
3106 4021 3308 4075 Christi
3360 4021 3630 4074 mandatis
3658 4021 3957 4086 adversari,

2396 4132 2449 4173 et
2476 4120 2769 4174 Ecclesiam
2797 4118 3132 4183 dilacerare;
3167 4113 3301 4169 tanti
3334 4112 3454 4166 mali
3490 4120 3649 4180 caput
3678 4120 3732 4165 et
3756 4111 3958 4166 fontem

2398 4221 2622 4263 conatus
2647 4220 2727 4264 est
2773 4209 3121 4277 investigare.
3154 4209 3231 4260 Ac
3284 4205 3458 4275 primo
3482 4204 3694 4271 quidem
3723 4203 3960 4258 incertus

2400 4300 2657 4363 luerehat,
2702 4310 2755 4353 et
2804 4300 3040 4351 animum
3075 4311 3220 4350 nunc
3249 4296 3373 4358 huc,
3404 4306 3543 4345 nunc
3577 4291 3703 4347 illuc
3743 4294 3955 4347 divide-

2398 4393 2524 4455 bat;
2579 4394 2672 4445 sed
2712 4392 2924 4444 tandem
2956 4390 3093 4443 hanc
3146 4388 3271 4442 ntali
3324 4385 3586 4450 originem
3620 4387 3957 4441 verissimam

2397 4481 2774 4551 deprehendit,
2813 4479 2959 4547 quod
2989 4495 3094 4533 non
3126 4480 3361 4549 quisque
3389 4477 3531 4547 regis
3561 4477 3760 4532 Christi
3792 4483 3956 4528 nutus

729 4576 781 4628 iu
818 4592 921 4644 qua
966 4578 1124 4632 toties
1161 4579 1400 4633 luserant
1423 4581 1606 4634 Ariani
1636 4623 1650 4646 ,
1698 4596 1761 4635 ac
1808 4596 1981 4650 nuper
2021 4581 2210 4636 Dianio
2239 4593 2293 4637 et
2324 4588 2368 4643 ι)
2402 4578 2725 4637 intueretur,
2749 4571 2845 4627 sed
2872 4573 3187 4642 opinionum
3224 4582 3441 4623 suarum
3475 4566 3797 4624 commentis
3840 4565 3953 4636 ple~

728 4668 1026 4722 innumeris
1051 4670 1169 4722 aliis
1198 4671 1375 4725 fucum
1398 4676 1657 4725 iecerant.

797 4762 1015 4831 Decepit
1041 4762 1279 4814 eruditos
1307 4764 1449 4816 viros
1498 4763 1738 4832 epistola:
1786 4765 1993 4828 titulus,
2027 4780 2146 4834 qua:
2174 4764 2291 4818 Cae-

723 4852 1056 4905 sariensibus
1113 4853 1451 4918 inscribitur,
1482 4870 1709 4925 eamque
1764 4870 1904 4909 anno
1950 4857 2055 4911 363
2112 4856 2283 4911 Caesa-

726 4944 889 4995 riensi
914 4943 1055 5011 plebi
1087 4945 1345 5014 scriptam
1375 4946 1727 5014 existimant,
1763 4963 1885 5002 cum
1918 4947 2151 5003 Basilius
2174 4963 2288 5015 pre-

726 5036 913 5103 sbyter
940 5036 1055 5103 paci
1084 5035 1338 5091 Ecclesia:
1364 5040 1645 5093 commoda
1678 5055 1773 5094 sua
1814 5039 2161 5109 posthabens,
2195 5055 2278 5092 su-

730 5123 1067 5191 spicionibus
1120 5126 1333 5183 Eusebii
1385 5129 1625 5197 episcopi
1655 5137 1842 5197 cessit,
1876 5146 2042 5199 seque
2081 5133 2135 5185 in
2162 5130 2291 5185 soli-

726 5218 964 5270 tudinem
994 5217 1146 5272 Ponti
1174 5238 1275 5274 una
1319 5238 1438 5276 cum
1477 5220 1741 5291 Gregorio
1770 5224 2112 5279 Nazianzeno
2143 5240 2291 5279 recc-

723 5309 821 5375 pit.
848 5306 1045 5359 Mirum
1085 5324 1215 5365 sane
1248 5327 1352 5365 non
1390 5323 1555 5378 esset,
1587 5314 1631 5367 si
1658 5312 1865 5381 plebem
1901 5316 2289 5372 Cmsariensem

722 5401 832 5452 cito
857 5400 1039 5454 Basilii
1073 5402 1399 5458 desiderium
1428 5406 1679 5474 cepisset,
1716 5420 1946 5475 cumque
1973 5408 2134 5462 veluti
2165 5424 2291 5477 pro-

723 5492 911 5562 fugum
950 5496 1137 5562 patria:
1168 5506 1220 5549 et
1262 5500 1513 5552 amicitia:
1573 5501 2087 5554 commemoratione
2136 5518 2290 5555 revo-

723 5597 922 5640 casset.
953 5586 1058 5642 Sed
1092 5591 1260 5657 ipsam
1287 5592 1446 5644 etiam
1484 5591 1636 5646 Ponti
1665 5592 2006 5647 solitudinem
2035 5610 2174 5664 δεῖρε
2198 5595 2290 5647 Ba-

727 5678 876 5730 silius
933 5682 1161 5747 patriam
1202 5698 1350 5736 suam
1388 5684 1662 5752 appellat,
1701 5697 1757 5741 ut
1812 5701 1977 5758 supra
2034 5687 2281 5741 vidimus.

794 5858 867 5930 (ο)
897 5859 990 5931 Ep.
1029 5863 1079 5917 8.

2400 4670 2551 4736 rique
2610 4664 2726 4732 ejus
2780 4666 3030 4719 mandata
3078 4676 3140 4715 ac
3182 4661 3508 4716 voluntatem
3549 4657 3951 4731 posthaberent.

2396 4760 2689 4829 Postquam
2738 4766 2951 4823 autem,
3002 4757 3107 4809 lixa
3142 4751 3255 4820 ejus
3302 4757 3481 4808 animo
3532 4752 3633 4805 hac
3664 4753 3953 4816 sententia,

2396 4856 2525 4909 illud
2556 4854 2721 4909 etiam
2780 4846 3146 4906 consideravit
3173 4888 3187 4912 ,
3217 4848 3590 4903 inobedientite
3622 4843 3822 4897 crimen
3873 4845 3955 4898 in-

2397 4962 2641 5011 currere,
2674 4946 2717 5000 si
2741 4948 2862 5015 quis
2892 4943 2975 4998 vel
3001 4940 3165 4995 semel
3195 4949 3415 5011 peccet,
3450 4950 3512 4989 ac
3558 4933 3668 4996 ipsa
3705 4935 3957 5005 ignoran-

2396 5041 2484 5094 tia:
2538 5049 2759 5109 peccata
2792 5051 3003 5104 poenam
3055 5049 3156 5086 non
3193 5031 3461 5097 effugere;
3510 5027 3617 5082 imo
3644 5042 3736 5083 eos
3766 5027 3951 5089 etiam,

2393 5136 2484 5203 qui
2515 5133 2649 5187 nihil
2677 5148 2758 5201 pet
2777 5137 2990 5191 carunl,
3012 5129 3103 5181 sed
3137 5132 3478 5197 peccatorum
3503 5123 3635 5177 satis
3668 5123 3955 5174 vehemen-

2394 5236 2474 5278 tes
2503 5224 2971 5276 anitnadversores
2994 5233 3099 5271 non
3135 5217 3304 5275 fuere,
3336 5213 3570 5283 graviter
3604 5209 3813 5278 puniri:
3841 5217 3951 5261 tum

2393 5335 2524 5374 vero
2560 5333 2736 5388 operae
2769 5316 2996 5386 ptetium
3037 5330 3154 5368 esse
3183 5310 3335 5364 duxit
3372 5311 3435 5363 ad
3474 5317 3651 5362 certas
3690 5305 3971 5375 quasdam

2396 5412 2606 5480 regulas
2644 5424 2932 5469 revocare.
2965 5424 3024 5460 ac
3060 5405 3222 5459 veluti
3255 5405 3305 5455 in
3350 5403 3569 5457 totidem
3608 5402 3781 5469 tapita
3813 5400 3953 5453 redi-

2392 5518 2543 5573 gere,
2579 5514 2909 5570 qutecunque
2939 5499 2989 5551 in
3022 5496 3316 5564 Scripturis
3365 5502 3614 5549 vetantur
3643 5502 3733 5545 aut
3760 5492 3951 5561 praeci-

2396 5596 2630 5663 pittnlur.

2470 5684 2557 5736 Sic
2578 5701 2731 5738 suum
2759 5687 2871 5756 ipse
2903 5685 3185 5741 consilium
3221 5684 3446 5737 Basilius
3468 5680 3685 5751 exponit
3706 5679 3757 5732 in
3786 5692 3937 5748 proo:

2473 5862 2542 5934 (ιι)
2581 5862 2669 5917 0r.
2702 5866 2788 5917 (3.1.
