4206 6490
1565 459 1716 514 VlTA
1757 461 1813 514 S.
1854 461 2110 517 BASILII.

3316 486 3441 527 XII!

212 560 301 613 mlo
334 557 637 616 Boralibus
682 566 944 634 pmlixo,
970 570 1106 636 quod
1135 570 1445 626 inscribitur
1475 574 1525 627 in
1550 576 1793 630 omnibus
1820 584 1863 640 Α
1897 578 2113 647 scripsit
2147 576 2373 630 Moralia
2398 593 2418 631 :
2444 592 2542 634 nee
2569 579 2661 633 tali
2695 582 2841 650 operi
2868 582 2977 636 lizec
3005 586 3327 653 congruebat
3354 604 3444 643 ac-

217 653 475 707 rodicibus
504 670 644 709 mss.
699 668 761 713 et
795 662 958 717 editis
995 661 1067 715 De
1106 664 1308 731 judicio
1345 663 1459 720 Dei.
1506 666 1607 720 Sed
1655 668 1789 725 alius

224 749 333 802 huic
362 752 634 816 prommio
667 754 871 808 titulus
896 757 1052 809 datur
1091 757 1141 808 in
1165 757 1300 812 libro
1324 773 1359 811 tt
1394 758 1467 811 De
1512 758 1787 826 baptismo,

232 852 410 909 qnzest.
455 843 512 905 5,
544 844 637 897 ubi
674 849 871 901 eadem
897 850 1117 916 quzestio
1153 864 1216 903 ac
1245 849 1295 902 in
1332 851 1590 919 prommio
1617 851 1791 905 Mora-

237 934 354 987 lium
381 935 710 1002 instituitur,
743 940 827 992 An
874 941 1149 1008 cujuslibet
1186 944 1424 996 mandati
1458 955 1786 1013 praetergres—

235 1028 305 1078 sio
334 1028 411 1077 ira
439 1038 485 1079 et
516 1040 688 1080 morte
706 1032 868 1099 digna
890 1034 976 1084 sit.
996 1031 1128 1085 Tum
1159 1035 1433 1101 responsio
1463 1035 1539 1088 sic
1570 1035 1784 1105 incipit:

239 1117 444 1171 Dictum
471 1130 549 1174 est
589 1124 799 1189 quidem
844 1124 1010 1189 fusius
1050 1124 1112 1176 de
1155 1125 1250 1177 hoc
1276 1136 1576 1192 argumento
1598 1128 1650 1178 in
1681 1128 1787 1189 epi-

231 1212 359 1264 stola
401 1210 475 1265 De
506 1217 812 1267 concordia.
852 1212 1041 1281 Liquet
1074 1216 1292 1269 indicari
1324 1219 1635 1285 promunium
1662 1219 1785 1272 illud

240 1299 529 1358 Horatium
556 1322 574 1359 :
607 1308 749 1376 quod
803 1307 1016 1375 quidem
1072 1310 1263 1363 merito
1290 1319 1509 1362 vocatur
1538 1310 1782 1378 epistola,

231 1414 351 1454 eum
383 1399 560 1451 instar
589 1397 825 1467 epistola:
858 1400 1257 1467 nuncupatorize
1306 1410 1520 1454 ascetas
1548 1401 1783 1470 compel-

230 1491 321 1553 let,
374 1506 605 1558 quorum
647 1499 833 1558 rogatu
865 1490 1094 1544 Basilius
1131 1490 1357 1543 Moralia
1391 1503 1779 1561 composuerat.

230 1582 339 1638 Nec
372 1583 551 1635 minus
577 1583 856 1635 commode
900 1582 1094 1635 dicitur
1123 1580 1343 1648 epistola
1372 1583 1435 1636 de
1472 1583 1779 1637 concordia.

231 1671 374 1728 Nihil
396 1673 540 1727 enim
569 1672 711 1726 aliud
741 1674 840 1727 sibi
886 1673 1132 1743 proponit
1161 1671 1410 1733 Basilius,
1444 1674 1545 1728 nisi
1584 1683 1637 1727 ut
1666 1674 1779 1729 dis-

235 1765 550 1819 sensionum
576 1779 794 1818 causam
835 1764 1067 1833 aperiat;
1102 1772 1153 1815 et
1184 1762 1440 1833 quidquid
1473 1766 1537 1818 de
1579 1764 1781 1831 judicio

228 1857 317 1910 Dei
353 1857 608 1921 disserit,
639 1856 761 1909 illud
799 1856 864 1910 ad
897 1870 1048 1911 suum
1100 1856 1404 1911 concordiae
1447 1858 1781 1912 stabiliendae

226 1948 563 2017 propositum
596 1947 774 2003 refert.

292 2036 599 2105 Antequam
631 2036 860 2090 Μοναιία
895 2036 1150 2104 inciperet
1177 2036 1425 2101 Basilius,
1460 2038 1600 2107 piam
1625 2049 1678 2093 et
1700 2054 1784 2093 sa-

223 2139 345 2179 nam
371 2126 676 2194 exponebat
711 2128 775 2179 de
802 2124 959 2178 Patre
988 2136 1042 2179 et
1084 2127 1219 2180 Filio
1252 2137 1307 2180 et
1337 2127 1541 2195 Spiritu
1593 2139 1782 2183 sancto

221 2213 407 2267 iidem.
452 2213 559 2269 Sed
592 2214 773 2269 nescio
798 2215 1063 2281 quomodo
1111 2229 1227 2284 qua:
1256 2216 1341 2270 hic
1366 2218 1683 2283 disserebat,
1716 2220 1779 2273 de

218 2319 312 2358 sua
348 2307 476 2360 sede
532 2312 854 2368 cesserunt,
914 2318 1203 2375 eorumque
1252 2306 1369 2362 loco
1398 2308 1610 2361 inducta
1634 2324 1779 2377 qna:-

219 2397 340 2451 dam
403 2394 629 2463 epistola
664 2394 729 2449 de
781 2394 903 2462 fide,
938 2411 1055 2466 qua:
1113 2398 1218 2453 huc
1272 2399 1490 2453 minime
1517 2399 1765 2466 pertinet.

218 2487 347 2541 Nam
383 2486 439 2540 Ρ
482 2486 715 2539 Mortalia
767 2488 993 2555 primum
1032 2504 1166 2558 opus
1223 2490 1471 2543 videntur
1517 2505 1634 2545 esse
1669 2491 1774 2544 Ba-

218 2582 320 2636 silii
364 2598 379 2633 :
419 2579 533 2633 haec
589 2589 765 2633 autem
803 2580 868 2633 de
923 2580 1021 2635 lide
1062 2581 1282 2652 epistola
1323 2592 1440 2650 post
1469 2582 1641 2638 editas
1684 2584 1775 2638 ad-

218 2684 406 2723 versus
438 2670 719 2725 haereticos
735 2672 1158 2725 elucubrationes
1180 2672 1377 2741 scripta
1408 2686 1491 2726 εει
1542 2673 1620 2741 (p.
1645 2673 1774 2737 225,

217 2759 319 2814 2‘25
352 2770 406 2815 et
458 2760 611 2830 229),
640 2777 869 2831 cumque
921 2765 1199 2833 presbyter
1232 2772 1376 2818 esset
1428 2763 1656 2819 Basilius
1687 2773 1777 2819 aut

217 2854 539 2923 episcOpus,
593 2864 650 2907 ut
697 2864 843 2922 patet
872 2857 955 2909 'ex
1022 2855 1105 2910 his
1151 2856 1327 2910 verbis
1381 2857 1456 2927 (p.
1498 2856 1647 2927 9.28),
1701 2860 1776 2912 sic

213 2947 496 3009 sentimus,
546 2945 621 2998 sic
670 2944 1025 3010 bap'izamus,
1074 2956 1177 3000 etc.
1232 2946 1292 3000 2ο
1332 2944 1655 3001 Prooemium
1710 2950 1775 3003 tle

218 3036 422 3105 judicio
451 3034 546 3090 Dei
582 3035 661 3088 sic
692 3032 811 3086 linit
850 3033 1078 3091 Basilius
1108 3038 1172 3090 ad
1206 3038 1593 3106 expositionem
1650 3039 1770 3093 lidei

224 3128 497 3182 transiens
537 3143 551 3178 :
594 3123 661 3178 Et
686 3128 931 3194 quoniam
958 3131 1168 3182 memini
1197 3129 1433 3193 Apostoli
1476 3131 1562 3199 qui
1602 3131 1771 3182 dicit:

223 3237 240 3269 ι
273 3218 339 3273 1η
372 3218 586 3273 Christo
633 3216 758 3269 Jesu
811 3234 972 3279 neque
1018 3221 1342 3273 circumcisio
1374 3223 1575 3291 aliquid
1611 3223 1769 3286 valet,

1892 669 2265 724 commodatio.
2295 668 2370 723 Ex
2427 670 2508 725 bis
2563 670 2730 740 liquet
2789 673 2842 727 in
2893 673 2993 729 boc
3039 677 3342 734 testimonio
3367 680 3443 752 (ρ.

1889 759 2013 829 218)
2040 801 2054 826 ,
2095 760 2170 813 sic
2206 762 2461 815 sentimus
2510 764 2685 832 sicque
2735 764 3061 834 baptisamus
3100 768 3155 821 in
3194 767 3445 825 Trinitats

1890 853 2329 906 consubstantiali
2358 894 2372 917 ,
2426 866 2749 924 postremam
2812 872 2993 913 vocem
3039 864 3443 932 expungendum

1888 958 2033 1009 esse,
2067 956 2122 998 ut
2154 961 2272 1014 quae
2315 944 2495 1000 Basilii
2524 948 2783 1016 promisso
2810 958 2864 1004 et
2892 950 3137 1008 instituto
3167 965 3439 1026 repugnet,

1888 1047 1951 1086 ac
1973 1034 2021 1086 in
2051 1035 2285 1101 pluribus
2310 1052 2438 1091 mss.
2470 1037 2629 1091 desit.

1957 1121 2071 1177 1am
2106 1124 2275 1178 Pbotii
2309 1126 2384 1195 (α)
2416 1135 2654 1196 tempore
2684 1128 2906 1182 Horatia
2929 1129 3249 1187 Basiliicnm
3281 1136 3443 1192 utris-

1885 1228 1994 1283 que
2056 1216 2249 1284 regulis
2298 1218 2348 1270 in
2391 1234 2554 1271 unum
2599 1219 2763 1273 veluti
2796 1236 2987 1291 corpus
3022 1226 3233 1279 redacta
3262 1238 3438 1295 erant,

1884 1307 2025 1373 quod
2056 1305 2329 1360 dicebatur
2382 1309 2628 1363 Ascetica
2668 1310 2869 1365 Basilii.
2906 1311 3010 1367 Sed
3056 1326 3231 1371 tamen
3268 1318 3445 1374 divero

1887 1413 2006 1452 Sllm
2065 1411 2218 1466 opus,
2259 1397 2470 1469 Regula:
2518 1410 2571 1454 et
2619 1398 2871 1463 Moralia,
2901 1420 2998 1458 nec
3040 1405 3174 1459 idem
3209 1418 3437 1478 tempus,

1890 1501 1987 1541 nec
2044 1488 2324 1542 consilium
2357 1490 2516 1543 idem.
2554 1488 2781 1545 Moralia
2821 1494 3071 1549 videntur
3097 1497 3292 1565 scripta
3338 1498 3444 1555 sub

1883 1576 2042 1633 linem
2071 1580 2279 1650 imperii
2310 1579 2633 1649 Constantii,
2674 1598 2813 1638 anno
2835 1585 2957 1639 361.
2997 1586 3145 1654 Quod
3170 1591 3309 1644 enim
3363 1592 3440 1646 ait

1881 1668 1955 1740 (p.
1988 1670 2118 1740 225)
2149 1686 2205 1725 se
2242 1688 2365 1727 sero
2390 1675 2491 1728 hoc
2525 1690 2659 1743 opus
2680 1678 2962 1744 perlicere,
2989 1691 3268 1749 propterea
3299 1685 3438 1752 quod

1879 1761 2012 1816 alios
2061 1764 2301 1818 veritatis
2330 1766 2641 1822 defensores
2684 1779 3057 1839 exspectaret,
3092 1788 3188 1828 nec
3234 1782 3437 1830 tantum

1881 1850 1981 1905 sibi
2039 1852 2153 1922 ipse
2180 1855 2476 1910 confideret
2498 1896 2513 1919 ,
2544 1866 2601 1910 ut
2629 1858 2729 1913 hoc
2765 1860 2912 1914 solus
2931 1864 3335 1932 aggrederetur,
3387 1868 3440 1923 id

1811 1926 1856 1982 Β
1881 1952 2197 2009 argumento
2226 1952 2309 1997 est
2338 1943 2591 1999 Basilium
2626 1963 2731 2002 non
2763 1952 2944 2004 statim
2967 1926 3142 2020 atque
3189 1970 3255 2010 ex
3281 1972 3439 2026 pere-

1885 2031 2275 2100 grinationibus
2306 2034 2483 2098 rediit,
2514 2035 2579 2087 ad
2614 2035 2752 2092 hanc
2781 2038 3235 2097 elucubrationem
3263 2047 3439 2115 prosi-

1878 2120 2060 2176 luisse.
2089 2121 2196 2178 Sed
2227 2135 2405 2182 tamen
2438 2126 2696 2182 timiditas
2735 2130 2821 2183 illa
2851 2131 3104 2187 indicium
3128 2143 3209 2190 est
3237 2135 3441 2201 ingenii

1878 2216 2115 2269 nondum
2154 2216 2205 2269 in
2261 2218 2546 2273 scribendo
2593 2221 2911 2289 exercitati,
2974 2228 3208 2281 nondum
3265 2227 3436 2285 ullum

1876 2319 2011 2373 opus
2039 2308 2300 2377 aggressi.
2331 2309 2505 2375 Quare
2540 2310 2791 2366 Basilium
2832 2316 3101 2372 scribendi
3131 2320 3335 2375 initium
3360 2321 3439 2377 le-

1877 2395 2020 2452 cisse
2050 2397 2371 2454 crediderim
2404 2401 2471 2455 ab
2504 2402 2603 2458 hac
2629 2404 3048 2471 elucubratione,
3071 2425 3188 2478 qua:
3218 2413 3439 2478 proinde

1875 2486 2016 2543 ultra
2049 2488 2342 2546 Constantii
2372 2492 2647 2563 imperium
2678 2498 2824 2568 rejici
2860 2514 2963 2553 non
2994 2500 3174 2557 debet.
3203 2501 3435 2559 Prmter-

1875 2592 1936 2632 ea
2002 2594 2190 2635 recens
2257 2583 2542 2638 admodum
2585 2598 2701 2641 crat
2742 2591 3125 2645 Anomteorutn
3178 2592 3433 2660 limresis,

1876 2685 1996 2724 cum
2026 2673 2138 2726 haec
2162 2674 2423 2729 scriberet
2456 2674 2701 2733 Basilius.
2732 2680 2821 2734 Ait
2853 2682 2998 2735 enim
3034 2684 3110 2752 (ιι.
3142 2684 3192 2753 1)
3223 2701 3364 2741 nunc
3390 2687 3434 2741 si

1875 2775 2108 2830 unquam
2143 2763 2298 2828 alias,
2325 2767 2526 2821 exortis
2577 2769 2854 2823 Auommis
2881 2814 2894 2837 ,
2936 2771 3139 2839 impleri
3198 2773 3251 2827 in
3304 2776 3435 2843 ipsis

1872 2856 2137 2924 episcopis
2175 2857 2300 2911 illud
2348 2858 2496 2913 Pauli
2538 2864 2847 2919 vaticinium
2890 2881 2905 2921 :
2943 2867 3009 2921 Et
3032 2885 3098 2923 es;
3124 2869 3263 2925 vobis
3312 2872 3436 2941 ipsis

1872 2956 2150 3016 exsurgent
2201 2950 2298 3002 viri
2346 2950 2607 3018 loquentes
2663 2971 2901 3022 perrersa
2935 2959 2975 3021 ',
3028 2971 3131 3013 etc.
3187 2961 3433 3016 Anommi

1873 3047 2052 3088 autem
2090 3038 2266 3091 vocati
2300 3048 2449 3105 sunt,
2481 3044 2571 3109 qui
2610 3044 2801 3097 Filium
2839 3045 2983 3102 Patri
3010 3051 3324 3106 dissimilem
3352 3052 3432 3107 d3-

1872 3138 2061 3182 xerunt
2118 3145 2260 3184 anno
2312 3131 2439 3210 561,
2480 3144 2616 3190 teste
2657 3136 2715 3193 S.
2749 3138 3043 3197 Athanasio
3072 3144 3145 3215 (b)
3177 3162 3297 3200 cum
3334 3147 3437 3203 So-

1874 3231 2027 3276 crate
2056 3222 2151 3293 (c).
2178 3223 2353 3291 Quare
2380 3229 2480 3282 hoc
2513 3231 2625 3299 ipso
2646 3247 2788 3286 anno
2810 3236 3009 3304 scripta
3039 3236 3219 3292 Basilii
3254 3241 3436 3295 Mara—

1461 3283 1471 3291 .
1756 3283 1764 3286 ν
2062 3283 2122 3293 .,
2187 3283 2220 3291 η
2528 3283 2544 3299 .
2605 3283 2611 3284 κ
2811 3283 3009 3304 ---τ-μ
3039 3283 3219 3292 --_-....
3254 3283 3405 3295 ...η-

219 3328 374 3373 neque
399 3310 717 3375 pra-patiam
741 3325 760 3362 :
789 3311 877 3362 sed
903 3311 1031 3378 ﬁdes
1062 3328 1177 3382 qua!
1199 3329 1289 3381 per
1311 3315 1616 3370 charitalem
1652 3334 1773 3387 ope-
1799 3283 1841 3341 ϐ
1874 3312 1967 3378 lia,
2000 3323 2123 3367 ante
2167 3326 2390 3370 mortem
2427 3320 2751 3377 Constantii.
2783 3323 2872 3379 Sic
2922 3327 3063 3381 enim
3106 3328 3333 3384 Basilius
3381 3333 3431 3384 in

223 3414 366 3452 ratur
399 3401 438 3463 ¹,
485 3419 504 3451 s
538 3417 853 3471 consequens
898 3404 1053 3458 simul
1096 3423 1156 3459 ac
1208 3411 1557 3462 necessarium
1598 3412 1775 3464 existi-

215 3494 345 3545 mari
368 3494 443 3562 (p.
471 3492 625 3560 225),
660 3507 713 3549 ut
743 3514 923 3550 sanam
975 3498 1130 3565 ﬁdem
1164 3517 1225 3553 ac
1259 3504 1393 3565 piant
1424 3504 1486 3555 de
1536 3502 1694 3557 Patre
1724 3513 1771 3556 et

214 3581 355 3638 Filio
385 3598 432 3639 et
464 3585 666 3655 Spiritu
705 3599 886 3645 sancto
932 3594 1236 3645 sententiam
1268 3596 1415 3660 prius
1444 3612 1765 3661 exponerem,

214 3687 259 3729 et
296 3679 370 3731 ita
403 3680 614 3732 demum
671 3681 892 3734 moralia
936 3692 1235 3737 attexerem.
1263 3683 1513 3737 Protinus
1540 3697 1666 3753 ergo
1700 3684 1768 3741 de

218 3768 318 3820 ﬁde
354 3769 652 3837 incipiebat
676 3770 963 3832 disserere,
996 3774 1134 3823 nulla
1165 3774 1265 3823 alia
1313 3774 1546 3828 adhibita
1577 3776 1771 3845 prtcl'a-

214 3857 377 3908 tione.
406 3859 474 3909 At
495 3858 720 3926 epistola
753 3860 817 3910 de
845 3858 947 3913 lide
972 3859 1109 3914 banc
1133 3862 1347 3918 exhibet
1366 3867 1727 3935 praelationem
1753 3887 1768 3923 :

212 3944 301 3998 Dei
335 3948 522 4013 Optimi
545 3950 716 4016 gratia
742 3966 859 4002 cum
888 3952 1014 4005 mihi
1054 3954 1356 4010 innotuisset
1395 3968 1573 4011 vestra:
1605 3961 1771 4026 pista-

210 4037 275 4089 tis
330 4037 683 4095 mandatum.
732 4050 836 4095 etc.
890 4041 1057 4097 Nemo
1102 4061 1205 4097 non
1258 4047 1398 4099 videt
1456 4062 1613 4115 quam
1660 4050 1771 4103 bazc

208 4129 346 4185 inter
396 4146 457 4187 se
509 4134 930 4187 disconvrniant.
970 4134 1026 4187 3°
1081 4136 1309 4204 Scripsit
1353 4136 1582 4193 Basilius
1633 4141 1769 4193 hanc

210 4225 492 4293 epistolam
524 4265 537 4287 ,
575 4226 950 4277 nonnullorum
997 4226 1268 4280 hominum
1306 4242 1516 4296 rogatu,
1569 4232 1659 4298 qui
1700 4232 1768 4286 ab

210 4332 271 4368 eo
322 4317 599 4385 petierant
629 4317 727 4386 τῆς
756 4316 1010 4380 εὐσεϐοῦς
1064 4317 1294 4383 πίστεως
1340 4321 1609 4392 ἔγγραφον
1637 4323 1767 4393 ὁμο-

206 4405 412 4476 λογίαν,
444 4408 547 4473 ρὶαο
577 4408 704 4474 fidei
729 4410 940 4475 petitam
967 4426 1031 4464 ea:
1055 4408 1345 4479 Scripturis
1373 4412 1765 4481 confessionem,

207 4501 276 4553 ita
310 4513 369 4556 ut
402 4501 856 4556 consubstantiali
884 4515 1111 4559 careret.
1156 4507 1357 4560 Annuit
1382 4523 1563 4561 eorum
1592 4511 1765 4575 preci-

206 4590 305 4645 bus
338 4610 354 4643 :
399 4591 492 4646 sed
529 4604 596 4644 ne
623 4591 742 4659 quis
772 4596 963 4647 merito
993 4595 1405 4662 reprehenderet
1425 4596 1763 4651 omissionem

205 4680 684 4735 consubstantialis
716 4718 731 4742 ,
784 4683 1043 4739 rationein
1103 4684 1274 4737 reddit
1305 4700 1419 4752 cur,
1453 4700 1572 4739 cum
1607 4700 1762 4744 antea

205 4771 257 4824 in
300 4771 613 4827 refellendis
644 4772 905 4826 bzereticis
936 4790 1091 4829 voces
1118 4778 1446 4841 adhibuerit,
1481 4792 1600 4845 qua:
1627 4781 1764 4834 scri-

204 4870 305 4930 ptz
343 4876 451 4914 non
485 4871 652 4925 sunt,
711 4875 852 4915 nunc
908 4862 1175 4918 abstineat
1231 4865 1487 4933 ejusmodi
1521 4869 1762 4934 vocibus,

202 4968 317 5021 qui:
368 4953 498 5019 ipsis
529 4954 719 5007 litteris
743 4964 788 5007 et
825 4951 1042 5023 syllabis
1081 4958 1133 5009 in
1168 4956 1439 5027 Scriptura
1465 4958 1639 5012 divina
1663 4978 1764 5014 non

205 5044 556 5111 reperiuntur,
610 5048 815 5098 tametsi
869 5046 1073 5098 insitum
1126 5046 1406 5116 Scriptum
1459 5056 1763 5107 sententiam

210 5147 413 5188 terrent
467 5134 542 5205 (p.
570 5132 717 5201 921).
752 5137 1007 5191 Privatim
1057 5153 1183 5209 ergo
1236 5143 1504 5197 nonnullis
1534 5147 1763 5199 consulit

210 5222 434 5279 Basilius
458 5268 474 5291 ,
526 5240 688 5296 seque
731 5229 797 5279 ad
836 5244 1020 5283 eorum
1062 5228 1426 5287 intirmitatetn
1461 5249 1761 5290 accommo-

212 5311 321 5373 dal,
351 5315 796 5370 consubstantiali
836 5316 1293 5386 prmtermittendo
1314 5364 1329 5388 ,
1354 5324 1495 5392 quod
1528 5324 1595 5377 illi
1624 5324 1761 5381 forte

212 5406 439 5459 nondum
464 5418 783 5479 receperant
820 5428 833 5463 :
867 5412 960 5465 sed
1000 5425 1335 5485 nequaquam
1364 5429 1549 5471 corum
1576 5427 1758 5485 rogatu

278 5603 485 5658 ‘Gaiat.
518 5624 568 5667 v,
596 5609 644 5662 ϐ.
727 5609 745 5638 ¹
778 5606 898 5665 Act.
928 5626 1013 5673 xx,
1048 5609 1133 5663 50.

272 5812 487 5877 (n)C0d.
527 5820 646 5873 191.

271 5883 337 5953 (b)
369 5885 436 5941 Dc
464 5892 647 5959 synod.

1876 3413 1989 3457 toto
2021 3405 2120 3459 hoc
2156 3404 2273 3459 loco
2309 3423 2513 3477 pugnas
2557 3420 2611 3464 et
2662 3414 2881 3467 dissidia
2932 3416 3208 3486 deplorat,
3266 3432 3322 3474 ut
3357 3422 3438 3476 la-

1877 3497 1978 3550 cile
2033 3507 2208 3563 pateat
2266 3502 2495 3553 nondum
2539 3502 2872 3560 subtractum
2941 3509 3105 3565 fuisse
3160 3512 3435 3570 Anomoeis

1871 3585 2169 3641 Constantii
2224 3590 2620 3657 patrocinium,
2676 3597 2909 3651 nondum
2970 3599 3261 3657 Catholicis
3309 3608 3431 3659 red-

1872 3680 2037 3734 ditam
2096 3681 2441 3749 libertatein,
2498 3702 2659 3755 quam
2731 3691 2830 3744 sub
2879 3692 3096 3748 Juliano
3157 3701 3431 3755 consecuti

1872 3783 2015 3827 Sllnl.

1943 3865 2119 3921 Credo
2169 3866 2425 3921 Basilium
2474 3872 2572 3924 hoc
2605 3888 2736 3939 opus
2778 3875 2889 3940 jam
2922 3878 3258 3948 absolvisse,
3308 3898 3430 3936 cum

1873 3957 2135 4012 scriberet
2187 3961 2464 4029 epistolam
2496 3978 2729 4027 nonam,
2778 3970 2872 4020 sed
2928 3971 3099 4026 adhuc
3158 3973 3433 4032 dubitasse

1872 4059 2045 4101 utrum
2073 4052 2123 4102 in
2154 4050 2323 4105 lucem
2354 4054 2535 4109 ederet
2566 4072 2752 4111 necne.
2788 4057 2842 4111 id
2880 4060 3071 4129 colligo
3100 4079 3164 4117 ex
3212 4065 3297 4120 bis
3320 4082 3433 4121 ver-

1873 4140 1953 4195 bis
1986 4158 1999 4195 :
2035 4140 2337 4197 Pricsertim
2363 4162 2481 4200 cum
2513 4148 2709 4217 alioqui
2738 4160 2916 4205 nostra
2955 4154 3168 4224 uulgare
3199 4173 3302 4211 non
3329 4176 3438 4213 oms

1872 4233 1993 4286 nino
2034 4237 2398 4291 statuerimus.
2430 4237 2735 4319 Scripserat
2769 4256 2897 4311 ergo
2932 4244 3131 4313 aliquid
3182 4248 3429 4317 Basilius,

1869 4325 1963 4379 sed
1990 4326 2269 4381 dubitabat
2296 4344 2363 4381 an
2392 4329 2654 4397 vulgaret.
2700 4332 2753 4385 Id
2781 4343 2959 4387 autem
3002 4336 3130 4389 nulli
3157 4338 3247 4392 alii
3278 4342 3429 4409 operi

1870 4406 2061 4469 melius
2083 4418 2357 4480 convenit,
2396 4434 2556 4488 quam
2622 4420 2939 4480 Moralibus.
2986 4424 3118 4479 Nam
3154 4406 3326 4485 libros
3372 4432 3430 4484 in

1874 4504 2187 4559 Eunomium
2229 4510 2406 4564 studio
2436 4512 2681 4567 veritatis
2730 4513 2905 4581 palam
2949 4528 3001 4569 et
3032 4531 3219 4586 aperte
3245 4522 3429 4575 defen-

1795 4635 1842 4697 υ
1869 4596 2050 4651 denilae
2080 4602 2403 4669 compositos
2449 4602 2617 4659 fuisse
2648 4620 2714 4660 ex
2764 4607 2879 4676 ipso
2905 4610 3125 4663 exordio
3168 4614 3430 4683 perspici-

1871 4697 1973 4741 tur.

1938 4778 2031 4833 IV.
2184 4784 2323 4836 imus
2360 4782 2449 4840 ille
2502 4786 2849 4855 philosophus
2875 4826 2890 4852 ,
2934 4789 3001 4844 ad
3034 4806 3193 4860 quem
3226 4792 3425 4861 scripta

1873 4880 1956 4923 est
1994 4887 2135 4925 nona
2182 4872 2365 4929 Basilii
2397 4877 2645 4945 cpistola,
2682 4880 2906 4949 petierat
2934 4898 2962 4935 a
3001 4882 3197 4936 Basilio
3227 4883 3426 4952 scripta

1873 4962 2116 5035 Dionysii
2154 4966 2524 5034 Alexandrini,
2555 4970 2821 5043 simulque
2837 4976 2961 5043 quid
2988 4974 3051 5028 de
3077 4974 3179 5028 hoc
3204 4977 3427 5045 scripto-

1870 5070 1928 5110 re
1986 5059 2209 5115 sentiret
2256 5060 2559 5117 sciscitatus
2587 5063 2780 5119 fuerat.
2813 5066 3021 5134 Scripta
3054 5064 3289 5138 Dionysii
3319 5084 3424 5122 non

1874 5149 2107 5205 habebat
2140 5153 2190 5205 in
2229 5154 2476 5211 manibus
2506 5157 2735 5214 Basilius
2768 5169 2820 5213 et
2850 5159 3047 5216 idcirco
3082 5163 3291 5216 mittere
3319 5177 3423 5215 non

1870 5243 2047 5310 potuit
2078 5261 2089 5295 :
2116 5242 2205 5296 sed
2242 5244 2306 5299 de
2339 5247 2453 5315 ipso
2489 5249 2742 5319 Dionysio
2795 5250 3031 5319 judicat,
3066 5262 3123 5306 ut
3182 5255 3232 5306 in
3274 5253 3424 5309 Notis

1873 5333 2301 5401 observavimus,
2330 5354 2435 5393 non
2475 5342 2896 5398 accuratissime.
2919 5343 3104 5399 Simile
3132 5348 3422 5401 secundum

1867 5423 2165 5476 essentiam
2210 5431 2422 5495 probat,
2457 5432 2613 5485 modo
2642 5431 2887 5498 addatur,
2914 5433 3048 5488 citra
3076 5436 3234 5490 ullam
3271 5437 3425 5505 αἱαὶ.

1949 5828 2017 5897 (c)
2055 5826 2166 5883 Lib.
2194 5845 2252 5894 tt,
2282 5848 2327 5885 ς.
2358 5830 2444 5885 65.
