4206 6486
760 469 867 509 Ῑῖῐ

2092 457 2615 515 I’ROLEGOMENA.

763 574 1021 637 tentiam;
1054 587 1209 629 secus
1238 589 1386 640 vero,
1424 576 1467 631 si
1493 576 1619 633 illud
1644 592 1746 632 non
1774 579 2021 648 addatur,
2041 593 2093 636 ut
2124 584 2321 638 factum
2352 591 2398 646 Α
2432 596 2571 638 tatur
2595 584 2827 652 viduam,
2862 586 3011 654 cujus
3041 583 3204 637 [ilium
3232 585 3558 657 Dionysium,
3592 589 3717 643 olim
3749 591 3969 647 Diome-

762 664 815 717 in
839 663 1068 719 concilio
1106 664 1719 737 ConstantinOpolitano.

835 752 1042 823 Scripta
1066 755 1177 810 hazc
1212 758 1432 825 epistola
1466 768 1582 826 post
1613 759 1900 813 concilium
1937 759 2312 814 Constantino—

761 846 1056 913 politanum
1089 848 1209 901 anni
1236 849 1360 905 560.
1396 849 1511 904 Non
1546 860 1723 904 tamen
1782 854 1964 907 statim
2022 864 2142 923 post
2189 856 2313 908 illud

764 940 989 1007 scripta,
1014 942 1105 995 sed
1120 942 1258 997 forte
1286 944 1569 1012 interjecto
1585 944 1808 999 duorum
1830 962 2091 999 annorum
2122 951 2313 1016 spatio.

763 1026 898 1081 Nam
933 1033 985 1084 in
1013 1033 1235 1101 epistola
1264 1045 1475 1101 octava,
1510 1051 1628 1103 quae
1652 1038 1932 1091 concilium
1966 1040 2206 1106 proxime
2238 1042 2315 1093 vis

764 1124 919 1175 detur
939 1134 1141 1187 secuta,
1176 1130 1479 1180 recentibus
1512 1130 1892 1183 Auomteornm
1943 1130 2216 1185 fraudibus
2237 1131 2311 1184 of-

763 1214 967 1277 fensus,
1006 1217 1277 1286 rejiciebat
1300 1220 1472 1272 simile
1502 1221 1615 1273 sine
1644 1224 1975 1289 exceptione.
2014 1223 2160 1277 Nune
2217 1240 2312 1276 au-

764 1317 871 1360 tem
907 1308 1080 1362 simile
1117 1313 1412 1363 secundum
1445 1312 1731 1365 essentiam
1759 1314 1980 1379 probat,
2018 1317 2174 1367 modo
2218 1316 2313 1369 ad-

765 1394 922 1448 datur
946 1398 1078 1450 cilra
1105 1398 1265 1450 ullam
1308 1400 1672 1467 differentiam.
1716 1402 1846 1455 Rem
1894 1418 2020 1472 ergo
2058 1406 2315 1459 attentius

764 1488 1203 1543 consideraverat
1256 1501 1374 1558 post
1426 1494 1676 1561 scriptam
1731 1494 2010 1561 epistolam
2048 1506 2313 1549 octavam.

764 1575 993 1631 Dubium
1054 1590 1231 1632 autem
1279 1597 1378 1634 non
1413 1592 1492 1636 est
1528 1584 1655 1650 quin
1712 1599 1851 1636 nona
1896 1596 2018 1638 ante
2071 1589 2315 1640 sacerdo-

771 1669 903 1722 tium
934 1671 1129 1739 scripta
1162 1672 1246 1725 sit.
1278 1672 1407 1727 Eum
1441 1676 1582 1727 enim
1614 1682 1668 1727 et
1693 1677 1930 1744 corporis
1955 1677 2235 1731 infirmitas
2265 1687 2316 1731 ct

762 1776 915 1815 amor
966 1763 1267 1817 solitudinis
1298 1766 1484 1818 eodem
1537 1780 1747 1833 semper
1791 1766 1907 1821 loco
1941 1769 2122 1832 fixum,
2150 1769 2315 1821 instar

763 1853 1092 1921 plantarum,
1134 1857 1408 1909 tenebant.
1440 1856 1692 1921 Quamvis
1722 1868 1896 1910 autem
1930 1857 2209 1928 presbyter
2234 1859 2315 1909 fa-

2422 676 2543 727 dem
2596 675 2830 739 nomine,
2864 674 3091 727 habebat
3137 675 3187 728 in
3234 678 3558 731 monasterio
3609 694 3727 743 suo,
3756 692 3811 735 ut
3854 685 3969 750 ipsa

2419 764 2578 817 etiam
2604 764 2653 816 in
2689 763 2926 816 eamdem
2956 764 3291 817 solitudinem
3318 781 3372 819 se
3403 766 3643 835 recipiat,
3682 770 3885 824 scilicet
3915 775 3967 826 in

2420 856 2796 908 monasterium
2830 855 3131 919 mulierum,
3156 858 3295 924 quod
3343 858 3406 910 ad
3443 858 3662 912 alteram
3700 859 3853 916 Iridis
3891 865 3968 917 ri-

2418 960 2539 1013 pam
2571 947 2728 999 situm
2764 956 2899 999 erat.
2930 945 3087 1000 Mittit
3114 949 3307 1000 adeam
3333 948 3494 1001 filium
3522 952 3697 1017 gvelut
3722 954 3971 1008 columba

2419 1035 2567 1088 cicur
2589 1046 2854 1103 unguento
2886 1036 3043 1088 oblita
3072 1038 3319 1100 mittitur,
3349 1048 3405 1090 ut
3439 1038 3569 1092 alias
3606 1044 3769 1096 odore
3797 1054 3970 1097 attra-

2420 1126 2528 1178 hat.
2582 1125 2633 1177 ln
2664 1126 2943 1179 undecima
2982 1127 3199 1194 epistola
3237 1129 3301 1179 ad
3334 1128 3469 1181 idem
3502 1129 3796 1185 institutum
3842 1134 3969 1186 hor-

2418 1226 2563 1269 tatur
2611 1233 2767 1269 unum
2824 1234 2889 1272 ex
2943 1219 3151 1282 amicis,
3215 1222 3367 1289 cujus
3423 1222 3512 1274 filii
3578 1229 3965 1280 monasterium

2419 1308 2595 1361 Basilii
2653 1308 2963 1376 iuviserant,
3005 1318 3059 1363 et
3111 1324 3231 1363 cum
3277 1326 3342 1364 eo
3378 1311 3513 1365 diem
3562 1313 3751 1366 festum
3795 1326 3969 1369 trans-

2418 1409 2660 1468 egerant.

2491 1491 2749 1542 Videntur
2789 1491 2950 1544 etiam
2989 1490 3053 1544 ad
3074 1504 3344 1545 secessum
3375 1502 3428 1546 et
3455 1494 3747 1561 primordia
3781 1494 3964 1550 Basilii

2418 1582 2709 1636 referenda:
2763 1584 2997 1651 cpistola:
3030 1584 3093 1637 12
3137 1594 3189 1637 et
3222 1584 3307 1647 i5,
3340 1587 3403 1639 ad
3445 1585 3743 1656 Olympium
3778 1606 3790 1641 :
3839 1600 3967 1643 sunt

2417 1678 2557 1729 enim
2614 1675 2667 1728 in
2720 1677 2905 1730 eodem
2963 1676 3280 1731 urbanitatis
3325 1692 3518 1746 genere
3556 1696 3616 1733 ac
3665 1688 3851 1748 quarta
3899 1683 3967 1734 ad

2418 1764 2658 1816 eumdem
2685 1764 2804 1817 data
2832 1782 2845 1828 ;
2878 1780 2973 1819 nec
3000 1767 3289 1835 quidquam
3320 1766 3516 1821 habent
3545 1771 3607 1821 de
3642 1771 3849 1839 magnis
3882 1786 3969 1823 re-

2417 1856 2533 1921 bus,
2558 1872 2692 1925 quas
2742 1857 2876 1909 infra
2920 1857 3171 1911 Basilium
3215 1874 3333 1912 cum
3381 1859 3483 1913 hoc
3540 1860 3966 1916 Neocwsaricnsi

762 1955 882 2001 ctus
921 1948 969 2000 in
1029 1949 1367 2003 so!itudinem
1418 1952 1673 2016 redierit,
1704 1952 1789 2007 hic
1837 1962 2012 2007 tamen
2071 1968 2313 2008 secessus
2346 1954 2423 2007 Bt

1669 1996 1673 2014 ,
1704 1952 1789 2007 hic
1837 1962 2012 2007 tamen
2071 1968 2313 2008 secessus
2346 1954 2387 2007 Β
2416 1946 2529 1998 cive
2562 1955 2975 2015 pertractantem
3018 1949 3330 2002 videbimus.

762 2038 1111 2096 brevissimus
1162 2040 1279 2094 fuit.
1330 2041 1536 2109 Scripta
1589 2060 1715 2111 ergo
1758 2045 1868 2099 haec
1904 2060 2040 2098 nona
2090 2045 2310 2113 epistola

764 2128 907 2181 circa
944 2145 1139 2184 annum
1165 2132 1286 2197 561,
1317 2143 1406 2186 aut
1430 2134 1554 2197 562,
1581 2150 1700 2188 cum
1722 2135 1832 2203 jam
1858 2136 2107 2201 Morulia,
2146 2147 2202 2189 ut
2235 2152 2317 2189 su-

764 2235 858 2287 pra
886 2222 1141 2287 diximus,
1180 2228 1580 2295 composuisset.

832 2308 887 2359 ln
914 2310 1125 2378 vulgato
1154 2312 1456 2367 litterarum
1490 2316 1677 2369 ordine
1708 2317 1824 2371 dure
1858 2316 2027 2369 eidem
2084 2318 2312 2373 Maximo

765 2399 1080 2471 philosopho
1110 2405 1380 2471 inscripta:
1409 2418 1560 2460 erant
1600 2408 1836 2473 epistola:
1861 2450 1874 2473 ,
1908 2424 2095 2477 nempe
2143 2410 2201 2462 41
2260 2421 2313 2464 et

760 2489 851 2542 42.
884 2490 1065 2560 Neque
1113 2495 1165 2547 id
1198 2510 1382 2563 parum
1435 2496 1730 2551 facessebat
1775 2498 2118 2553 difficultatis.
2151 2499 2308 2553 Multa

761 2582 904 2634 enim
942 2584 1185 2638 dubitare
1213 2589 1493 2653 cogebant,
1523 2601 1700 2642 utrum
1741 2592 1875 2644 idem
1904 2593 1971 2644 sit
2005 2593 2056 2644 in
2087 2601 2311 2662 utraque

761 2672 981 2737 epistola
1027 2671 1288 2731 Maximus
1327 2688 1416 2732 :et
1466 2680 1509 2732 si
1544 2680 1705 2745 idem,
1732 2696 1760 2733 a
1796 2681 2026 2736 Maximo
2062 2686 2112 2738 in
2145 2684 2311 2738 histo-

762 2764 841 2818 ria
890 2767 1059 2822 sancti
1102 2767 1349 2839 Gregorii
1404 2769 1729 2823 Nazianzeni
1789 2773 2071 2827 decantato
2122 2774 2311 2828 distin-

759 2858 1000 2923 guendus
1046 2860 1345 2925 videbatur,
1396 2872 1685 2930 propterea
1737 2864 1875 2929 quod
1930 2863 2189 2917 Maximus
2258 2866 2309 2918 in

762 2950 917 3012 epist.
946 2949 1017 3001 al.
1044 2950 1112 3003 42
1149 2951 1331 3005 Basilii
1381 2967 1446 3006 ex
1473 2952 1632 3006 nobili
1660 2954 1817 3008 domo
1844 2956 1934 3008 sed
1960 2958 2163 3024 gentili,
2190 2972 2312 3025 pro-

759 3041 900 3094 di'or
922 3052 1099 3097 autem
1131 3045 1373 3115 Gregorii
1400 3061 1464 3099 ex
1496 3048 1722 3101 obscura
1748 3091 1761 3115 ,
1792 3049 1885 3103 sed
1913 3058 2088 3103 tamen
2116 3062 2312 3121 marty.

763 3147 850 3184 res
895 3147 1211 3189 numerante
1236 3137 1436 3190 familia
1456 3148 1602 3193 ortus
1630 3141 1905 3194 dicebatur
1932 3142 2026 3211 (α).
2054 3142 2156 3196 Sed
2189 3159 2307 3196 cum

760 3224 983 3289 epistola
1026 3226 1159 3283 alias
1190 3226 1259 3279 62
1314 3230 1365 3281 in
1405 3231 1645 3297 antiquis
1671 3232 1949 3285 codicibus
1992 3234 2311 3287 inscribatur

2492 2036 2593 2090 Sed
2620 2040 2882 2108 praecipue
2911 2040 3066 2094 nobis
3093 2042 3359 2096 reddenda
3380 2044 3535 2107 ratio,
3561 2058 3654 2096 cur
3684 2045 3966 2112 epistolam

2421 2127 2678 2179 decimam
2733 2140 3002 2196 quartam,
3034 2131 3167 2184 alias
3218 2134 3480 2186 decimam
3529 2148 3744 2197 nonam,
3799 2152 3961 2204 quam

2421 2218 2788 2273 Tilletnontius
2812 2230 2864 2272 et
2892 2222 2978 2273 alii
3030 2224 3201 2278 critici
3258 2226 3497 2278 omnium
3546 2225 3768 2292 primam
3801 2228 3850 2279 in
3878 2244 3970 2281 se-

2420 2325 2573 2363 cessu
2604 2309 2859 2377 seriptam
2901 2313 3231 2378 existimant,
3268 2316 3439 2369 serius
3493 2316 3835 2370 collocemus.
3867 2318 3969 2373 Vix

2418 2402 2635 2455 dubium
2684 2401 2812 2469 quin
2860 2402 3057 2468 scripta
3093 2403 3161 2454 sit
3204 2404 3481 2470 Caesareae.
3513 2424 3631 2461 cum
3676 2409 3970 2475 Gregorius

2419 2493 2583 2545 frater
2619 2492 2813 2546 Basilio
2847 2493 3158 2560 scripsisset
3204 2494 3339 2548 velle
3361 2512 3418 2548 se
3442 2514 3560 2550 cum
3592 2514 3654 2553 eo
3689 2502 3966 2569 congredi,

2418 2585 2662 2653 idemque
2709 2600 2828 2639 esse
2887 2584 3094 2638 consilii
3156 2584 3411 2654 Gregorio
3450 2587 3801 2648 Nazianzeno.
3830 2593 3967 2646 Tum

2416 2674 2664 2739 Basilius,
2705 2692 2823 2730 eum
2856 2678 3046 2744 partim
3082 2677 3307 2747 negotiis
3362 2691 3722 2743 revocaretur,
3773 2686 3969 2749 partim

2417 2766 2677 2835 Gregorio
2696 2767 3053 2834 Nazianzeno,
3087 2785 3114 2822 a
3157 2785 3262 2839 quo
3291 2771 3446 2825 toties
3493 2771 3742 2839 deceptus
3769 2772 3970 2845 fuerat,

2418 2873 2603 2926 parum
2634 2860 2912 2923 crederet;
2952 2860 3136 2914 scribit
3160 2863 3207 2915 ei
3234 2868 3632 2933 sejexspectare
3654 2880 3757 2918 non
3788 2883 3963 2937 posse,

2418 2963 2479 3001 ac
2506 2949 2807 3002 solitudinis
2832 2966 2941 3003 sua:
2970 2952 3263 3019 elegantem
3314 2956 3574 3023 picturam
3605 2969 3728 3013 ante
3778 2960 3965 3017 oculos

2418 3041 2556 3097 illius
2580 3042 2746 3111 ponit.
2786 3042 2935 3095 Facit
2961 3058 3076 3096 cum
3098 3044 3434 3101 Tillemontio
3459 3049 3625 3117 prima
3652 3065 3825 3104 rerum
3848 3066 3971 3121 spe-

2417 3133 2527 3189 cies
2574 3144 2625 3188 et
2668 3134 2904 3203 epistola:
2934 3134 3089 3189 lectio
3133 3152 3237 3191 non
3276 3137 3428 3191 valde
3482 3140 3706 3192 intenta.
3743 3140 3970 3197 Videtur

2416 3226 2557 3277 enim
2592 3226 2822 3281 Basilius
2855 3226 3193 3282 solitudinem
3229 3245 3377 3282 suam
3425 3231 3749 3293 describere.
3793 3244 3851 3288 ut
3888 3237 3965 3291 lo-

764 3314 995 3371 lllaximo
1030 3319 1374 3384 scholastica,
1402 3322 1537 3373 nihil
1565 3323 1677 3389 jam
1705 3322 1864 3375 officit
1901 3326 2187 3390 quominus
2215 3326 2314 3378 bla-
2339 3308 2385 3368 (ἶ
2415 3333 2425 3366 ί

2304 3308 2385 3368 .C
2415 3330 2535 3368 cum
2582 3331 2849 3383 nunquam
2886 3318 3144 3389 Gregorio
3174 3323 3366 3374 visum.
3415 3320 3613 3377 Deinde
3668 3338 3795 3379 vero
3822 3332 3965 3394 quod

761 3410 959 3473 ximus,
982 3412 1047 3464 ad
1078 3428 1233 3480 quem
1270 3418 1390 3468 data
1422 3426 1503 3468 est
1532 3414 1753 3483 epistola
1783 3432 1919 3469 noua
1953 3417 2151 3481 Basilii,
2173 3420 2309 3471 idem

762 3500 833 3553 sit
864 3514 927 3555 ac
961 3500 1047 3553 ille
1075 3506 1210 3571 apud
1258 3503 1575 3571 Gregorium
1632 3506 1913 3561 Maximus.
1973 3506 2135 3561 Multa
2185 3524 2315 3566 sane

762 3604 1091 3648 concurrunt
1136 3595 1431 3650 simillima.
1470 3595 1612 3650 Idem
1648 3613 1839 3651 nomen
1869 3640 1882 3663 ,
1914 3602 2053 3654 idem
2077 3603 2314 3669 philoso-

764 3680 854 3749 phi
913 3681 1118 3735 titulus.
1173 3684 1434 3739 Maximus
1466 3728 1480 3750 ,
1516 3687 1580 3739 de
1610 3701 1716 3755 quo
1750 3686 1976 3740 Basilius
1999 3728 2013 3751 ,
2053 3691 2218 3743 civem
2256 3708 2313 3745 se

761 3773 907 3825 orbis
932 3781 1193 3827 terrarum
1221 3774 1440 3828 fecerat.
1472 3775 1616 3829 Idem
1660 3776 1726 3829 de
1756 3792 1853 3830 suo
1892 3776 2120 3832 Maximo
2153 3787 2316 3833 testa-

761 3874 849 3918 tur
870 3864 1160 3937 Gregorius
1191 3868 1264 3938 (p.
1288 3869 1433 3938 411),
1464 3870 1575 3923 Nec
1602 3870 1733 3922 enim
1758 3869 2090 3938 cynicismus,
2118 3870 2311 3939 inquit,

761 3959 965 4026 exiguis
1020 3961 1207 4025 ﬁnibus
1255 3963 1612 4015 circumscribi
1665 3966 1904 4016 sustinet.
1966 3962 2115 4018 Unde
2170 3971 2315 4030 patet

760 4050 1031 4105 immerito
1080 4054 1321 4121 cynicam
1366 4055 1512 4107 illam
1564 4056 1899 4122 disciplinam
1933 4056 2099 4109 videri
2148 4055 2313 4110 Tille-

762 4142 969 4195 montio
1005 4156 1125 4195 cum
1184 4140 1450 4203 laudibus,
1486 4157 1620 4211 quas
1667 4143 1896 4197 Maximo
1925 4145 2107 4198 tribuit
2156 4146 2311 4199 Basiv

760 4231 866 4287 lius
897 4233 973 4301 (p.
1005 4233 1154 4303 MS),
1188 4248 1443 4303 pugnare.
1470 4236 1566 4287 J‘it
1604 4236 1764 4290 etiam
1815 4235 2103 4304 Gregorius
2148 4237 2315 4299 Maxi-

762 4339 927 4387 mum,
948 4340 1067 4378 cum
1103 4326 1306 4379 videret
1336 4325 1631 4379 solitariam
1666 4329 1827 4380 vitam
1858 4343 1957 4383 nec
1980 4328 2211 4396 propriis
2233 4327 2312 4379 in-

764 4417 1061 4496 commodis
1092 4432 1300 4480 carere,
1328 4434 1425 4472 nec
1458 4418 1509 4471 in
1559 4418 1784 4472 aliorum
1818 4421 2077 4489 augendis
2115 4419 2315 4473 incom-

760 4507 936 4562 modis
963 4509 1188 4571 versari,
1217 4510 1472 4563 maluisse
1503 4512 1554 4563 in
1579 4510 1737 4564 rebus
1768 4512 2014 4576 gerendis
2038 4510 2310 4579 occupari,

760 4609 815 4651 et
839 4613 904 4651 ex
934 4599 1139 4654 duobus
1165 4600 1394 4670 egregiis
1442 4600 1561 4653 vitae
1597 4601 1855 4655 institutis
1910 4601 2034 4655 illud
2065 4604 2311 4673 elegisse,

761 4692 900 4758 quod
930 4700 983 4744 et
1024 4692 1124 4745 sibi
1162 4703 1213 4746 et
1247 4694 1364 4748 aliis
1395 4693 1635 4765 prodest.
1670 4692 1744 4747 Ex
1768 4696 1960 4764 quibus
1992 4710 2153 4763 supra
2185 4712 2309 4765 pro-

760 4784 1004 4839 bavimus
1031 4783 1106 4853 (b)
1135 4783 1421 4841 Maximum
1450 4801 1513 4839 ex
1536 4801 1758 4840 numero
1788 4798 2090 4841 ascetarum
2122 4788 2306 4842 fuisse.

759 4875 957 4930 Eadem
1008 4891 1229 4945 prorsus
1262 4878 1398 4945 apud
1450 4879 1719 4933 Basilium.
1756 4877 1892 4932 Nam
1940 4880 1984 4933 si
2020 4879 2181 4944 vobis,
2214 4880 2299 4933 in-

761 4967 898 5034 quit,
920 4970 1145 5022 actuosis
1176 4979 1467 5036 competunt
1490 4971 1665 5038 populi
1694 4982 1740 5023 et
1774 4972 1920 5025 urbes
1948 5012 1962 5036 ,
1993 4972 2176 5041 quibus
2214 4989 2299 5026 re-

762 5068 841 5111 cte
872 5059 1011 5125 facta
1035 5061 1305 5114 ostenditis
1330 5100 1343 5123 ,
1375 5072 1475 5114 etc.
1512 5062 1695 5117 Exstat
1743 5062 1901 5116 etiam
1952 5063 2121 5118 sancti
2154 5064 2313 5117 Atha—

760 5149 896 5203 nasii
926 5152 1144 5218 epistola
1176 5156 1239 5208 ad
1272 5154 1563 5207 Maximum
1592 5154 1981 5223 philosophum,
2016 5171 2171 5223 quem
2199 5170 2311 5209 san-

758 5252 878 5297 ctus
908 5242 1067 5297 Pater
1098 5246 1308 5301 eximiis
1333 5258 1488 5303 ornat
1514 5247 1759 5301 laudibus
1792 5268 1804 5301 :
1838 5264 1937 5301 nec
1967 5249 2311 5319 improbabile

760 5342 843 5387 est
874 5335 1121 5389 eumdem
1154 5353 1296 5399 esse,
1327 5354 1387 5392 ac
1430 5354 1550 5393 cum
1582 5339 1646 5393 de
1676 5352 1779 5405 quo
1806 5338 2093 5408 Gregorius
2118 5354 2181 5394 ac
2209 5338 2307 5391 Ba-

762 5423 937 5477 silius.

832 5508 895 5563 V.
914 5510 1220 5583 Sequuntur
1241 5516 1352 5572 dua:
1372 5518 1579 5587 litterze,
1600 5519 1895 5575 manifestis
1913 5534 2154 5575 secessus
2172 5521 2309 5573 notis

760 5604 1005 5675 signata},
1041 5625 1233 5682 nempe
1252 5614 1453 5669 decima
1482 5627 1531 5670 et
1559 5617 1854 5673 undecima.
1893 5618 1944 5671 ln
1981 5616 2150 5685 prima
2184 5615 2303 5669 hor-

834 5848 909 5917 (a)
946 5849 1071 5903 Naz.
1092 5867 1171 5905 or.
1200 5856 1285 5905 2'5.

2415 3406 2487 3458 ait
2512 3406 2613 3459 sibi
2666 3408 2997 3474 migrandum
3027 3411 3221 3464 essein
3247 3412 3495 3475 Pontum,
3530 3414 3615 3467 ubi
3655 3430 3711 3469 se
3750 3419 3965 3472 tandem

2414 3498 2699 3566 aliquando
2737 3497 2894 3549 tinent
2926 3499 3210 3551 oberrandi
3244 3501 3509 3553 facturum
3552 3518 3729 3569 sperat
3764 3526 3776 3572 ;
3808 3524 3965 3563 nemo

2415 3590 2526 3644 fere
2553 3597 2652 3653 est,
2680 3589 2767 3657 qui
2804 3602 2905 3641 non
2940 3590 3050 3641 hzec
3082 3589 3315 3644 hominis
3342 3591 3679 3649 solitudinem
3705 3613 3969 3667 appeten-

2412 3680 2500 3745 tis,
2532 3682 2624 3734 sed
2647 3680 2877 3734 nondum
2909 3678 3050 3732 illam
3096 3681 3303 3748 experti
3344 3682 3483 3735 dicta
3519 3699 3636 3739 esse
3669 3699 3840 3752 putet.
3876 3692 3970 3746 liae

2416 3772 2658 3824 n0tiones
2691 3774 2925 3825 animum
2985 3772 3237 3836 subeunt,
3271 3774 3314 3827 si
3349 3789 3555 3829 summa
3605 3780 3827 3847 vestigia
3878 3799 3969 3838 se-

2414 3876 2659 3930 quamur.
2716 3862 2819 3915 Sed
2873 3865 2914 3915 si
2958 3866 3078 3932 quis
3131 3866 3458 3933 singularum
3501 3883 3676 3923 rerum
3727 3876 3962 3940 pondera

2413 3956 2713 4015 examinet,
2782 3954 2828 4007 is
2877 3954 3113 4020 profecto
3174 3955 3309 4009 hanc
3373 3960 3645 4025 epistolam
3708 3963 3968 4032 intelliget

2412 4064 2517 4101 non
2570 4046 2748 4101 statim
2812 4054 2929 4114 post
2987 4046 3215 4101 reditum
3280 4062 3341 4099 ex
3382 4046 3596 4102 Oriente
3638 4061 3689 4103 et
3734 4052 3966 4122 Algypto

2414 4141 2665 4206 scriptam
2724 4151 2865 4201 esse,
2892 4136 2982 4191 sed
3040 4137 3242 4207 aliquot
3284 4137 3477 4207 elapsis
3529 4140 3682 4194 annis
3722 4151 3775 4194 et
3821 4155 3969 4211 post-

2412 4247 2572 4301 quam
2600 4229 2889 4295 Gregorius
2922 4232 2974 4285 in
3004 4232 3329 4287 monasterio
3353 4231 3507 4287 Ponti
3536 4232 3847 4303 aliquandiu
3888 4236 3965 4290 vi-

2412 4321 2598 4375 xisset.

2486 4411 2537 4462 1ο
2570 4411 2700 4465 Illud
2734 4419 2881 4465 certo
2923 4422 3151 4479 constat,
3180 4413 3456 4478 Basilium,
3484 4416 3572 4469 tibi
3608 4418 3836 4485 primum
3882 4434 3970 4473 re.

2414 4502 2547 4555 sedit
2571 4503 2620 4556 in
2647 4504 2929 4557 solitudine
2948 4544 2961 4567 ,
2993 4506 3059 4557 ad
3085 4506 3398 4575 Gregorium
3425 4509 3706 4577 scripsisse
3728 4522 3782 4565 et
3816 4511 3968 4565 loco-

2420 4609 2535 4646 rum
2590 4597 2748 4649 situm
2791 4595 2838 4647 ei
2888 4593 3255 4665 descripsisse.
3316 4598 3449 4653 Huic
3498 4612 3671 4655 autem
3730 4603 3969 4670 epistola:

2419 4684 2557 4739 nulla
2594 4702 2816 4755 prorsus
2846 4696 3019 4741 exstat
3043 4689 3285 4756 Gregorii
3317 4693 3614 4761 responsio.
3654 4692 3802 4757 Quod
3821 4698 3966 4749 enim

2418 4778 2690 4846 respondit
2716 4794 2775 4833 se
2800 4777 3033 4832 locorum
3071 4780 3173 4833 situ
3200 4795 3304 4835 non
3353 4783 3574 4836 multum
3607 4783 3830 4848 moveri,
3864 4770 3965 4839 nisi

2415 4870 2575 4925 etiam
2611 4870 2677 4925 de
2719 4870 2927 4924 vivendi
2960 4885 3154 4941 genere
3184 4872 3381 4941 aliquid
3438 4875 3660 4939 ediscat,
3690 4874 3739 4927 id
3770 4889 3834 4929 ex
3866 4876 3968 4929 Ba-

2414 4961 2525 5017 silii
2558 4962 2796 5031 epistola:
2826 4963 3071 5016 secundae
3101 4962 3250 5018 initio
3272 4965 3546 5029 discimus,
3574 4976 3628 5017 at
3648 4966 3790 5019 nulla
3812 4982 3967 5034 pror-

2412 5068 2504 5109 sus
2544 5053 2596 5106 in
2635 5053 2854 5120 epistola
2923 5054 3161 5121 Gregorii
3218 5054 3424 5125 legitur.
3498 5056 3787 5111 Amisimus
3834 5070 3965 5125 ergo

2416 5146 2559 5215 quod
2602 5146 2893 5216 Gregorius
2936 5146 3131 5201 Basilio
3193 5149 3529 5204 solitudinem
3581 5158 3692 5202 tum
3734 5148 3964 5217 primum

2414 5238 2716 5306 degustanti
2784 5240 3151 5307 rescripserat.
3190 5242 3256 5293 At
3303 5242 3439 5294 idem
3477 5243 3541 5295 de
3588 5242 3689 5294 hac
3742 5242 3965 5310 epistola

2417 5333 2504 5397 Μ,
2539 5333 2668 5385 olim
2708 5333 2793 5397 i9,
2823 5333 2922 5386 diei
2955 5348 3056 5385 non
3094 5342 3287 5402 potest.
3348 5334 3612 5389 Habemus
3661 5333 3803 5387 enim
3840 5334 3966 5388 huic

2413 5426 2653 5493 epistola:
2678 5424 3133 5477 accuratissimam
3162 5436 3213 5478 et
3236 5425 3688 5491 elegantissimam
3722 5424 3965 5495 Gregorii

2422 5518 2848 5583 responsionem,
2914 5531 3104 5585 nempe
3168 5520 3442 5586 epistolam
3486 5521 3539 5581 Ἰ,
3572 5534 3688 5586 qua:
3740 5517 3963 5585 singulis

2413 5609 2657 5679 epistola:
2684 5608 2866 5663 Basilii
2900 5610 3138 5680 vestigiis
3188 5611 3405 5678 insistit,
3445 5619 3493 5665 et
3547 5610 3760 5678 paribus
3789 5607 3962 5661 verbis

2502 5860 2569 5907 ll'\
2612 5858 2736 5922 Cap.
2781 5857 2831 5917 ἆ,
2876 5874 2925 5907 n.
2956 5857 3003 5907 4
