4206 6490
1521 446 1674 502 νιτΑ
1720 443 1774 498 S.
1812 442 2071 498 BASILII.

3285 445 3414 485 XXII

193 565 322 634 paria
349 563 620 632 rependit.
688 563 1090 639 Distinguenda
1126 578 1253 632 ergo
1296 564 1411 617 lnec
1436 563 1654 631 epistola
1685 558 1749 610 Μ
1779 561 1824 614 Α
1865 558 2142 626 concipies,
2183 563 2378 622 quanto
2409 555 2575 626 magis
2608 567 2700 606 nos
2722 567 2787 605 ea:
2823 550 2951 621 ipsis
2985 546 3173 600 rebus?
3198 546 3268 599 Ac
3299 562 3414 599 ma-

192 663 249 714 ab
274 676 328 712 ea
353 673 509 726 quam
542 659 710 717 initio
758 676 1011 718 secessus
1053 659 1306 730 scriptam
1336 670 1439 710 una
1470 674 1588 713 cum
1615 654 1746 708 Gre-

198 752 314 823 gorii
345 765 602 820 responso
623 756 939 808 amisimus.

253 844 304 897 2°
339 844 672 918 Perspicitur
710 863 777 901 es
812 847 1056 915 Gregorii
1094 845 1316 918 epistola
1364 845 1418 909 7,
1467 861 1588 900 eum
1635 843 1744 908 jam

197 939 245 992 in
273 939 551 995 solitudine
600 940 787 992 Basilii
825 953 1213 996 commoratum
1258 938 1585 1004 luisse,cnm
1635 937 1747 991 lucc

195 1033 324 1086 inter
366 1047 655 1100 utrumque
693 1033 1081 1088 scriberentur.
1145 1031 1427 1099 Postquam
1477 1033 1618 1086 enim
1669 1028 1749 1083 fe-

193 1125 318 1178 mive
340 1128 552 1195 jocatus
569 1134 650 1175 est
672 1124 722 1177 in
753 1124 1004 1181 Ponticas
1036 1124 1301 1186 tenebras,
1335 1125 1386 1179 in
1423 1126 1581 1180 silum
1609 1122 1749 1178 illius

193 1218 513 1279 solitudinis,
545 1231 705 1284 quam
742 1217 973 1270 Basilius
1021 1230 1158 1283 pene
1192 1215 1416 1271 insulam
1447 1231 1565 1270 esse
1600 1215 1747 1270 dixe-

191 1320 292 1373 rat,
320 1320 372 1361 et
401 1309 453 1358 in
483 1306 700 1363 ﬂuvium
743 1325 903 1377 quem
935 1324 1055 1361 eum
1091 1309 1372 1378 Strymone
1400 1323 1746 1376 comparave—

189 1413 298 1464 rat;
329 1410 439 1450 tum
469 1415 595 1454 vero
633 1404 742 1454 ait:
785 1402 851 1450 Ἃ
883 1401 978 1469 μὲν
1019 1396 1110 1452 οὖν
1151 1401 1309 1471 ἡμεῖς
1341 1401 1596 1470 σύνισμεν
1632 1403 1748 1463 ταῖς

188 1489 290 1540 sibi:
332 1489 594 1559 μακάρων
651 1492 834 1558 νήσοις
889 1493 1178 1552 ταύταις...
1211 1493 1381 1546 ταῦτὰ
1438 1494 1574 1543 ἐστι.
1619 1489 1750 1554 Qua:

189 1582 349 1646 igitur
394 1582 588 1635 scimus
631 1581 692 1633 de
738 1582 844 1635 illis
887 1585 1276 1651 fortunatorum
1331 1582 1586 1634 insulis...
1639 1582 1748 1635 lucc

189 1681 330 1727 sunt.
361 1672 482 1727 Jam
531 1687 658 1741 ergo
697 1672 952 1728 Basilium
989 1674 1246 1727 inviserat
1299 1673 1610 1742 Gregorius,
1651 1689 1749 1728 nec

189 1764 482 1832 quidquam
533 1763 766 1828 dicebat,
805 1764 948 1833 quod
981 1780 1080 1817 non
1114 1766 1387 1818 oculorum
1439 1765 1748 1817 testimonio

187 1857 461 1923 cognitum
523 1855 763 1920 haberet,
815 1867 873 1909 ut
930 1857 1164 1910 declarat
1202 1871 1302 1908 vox
1334 1854 1518 1910 Grtnca
1565 1857 1748 1909 σύνισ-

1851 652 2023 716 jorem
2061 659 2266 718 partem
2309 649 2763 713 pratermittemus
2811 646 3038 697 aliarum
3068 656 3265 698 rerum,
3300 655 3416 706 qua:

1854 742 2032 795 multra
2087 742 2229 796 nobis
2280 740 2622 806 contigerunt,
2675 735 2872 806 pudore
2935 731 3190 788 deterriti.
3235 728 3417 783 Tertio

1851 833 2036 885 eadem
2064 836 2128 888 de
2162 847 2216 887 re
2250 829 2542 898 Gregorius
2573 831 2785 898 scripsit
2819 826 2916 898 (ὁ),
2943 828 3036 878 sed
3077 841 3180 878 non
3217 821 3407 876 eodem

1853 923 2035 977 tnodo.
2078 923 2322 978 Declarat
2377 921 2519 974 enim
2565 935 2623 973 se
2666 936 2766 974 non
2818 918 3020 974 salibus
3060 925 3118 966 ut
3163 925 3318 966 antea
3358 918 3408 965 et

1847 1016 1987 1085 jocis
2023 1015 2317 1085 indulgere,
2357 1013 2447 1069 sed
2479 1013 2622 1068 serio
2653 1012 2816 1078 loqui.
2849 1013 3013 1067 Grata
3038 1007 3410 1060 recordatione

1852 1117 2078 1164 renovat
2114 1108 2166 1160 in
2207 1110 2384 1162 animo
2409 1108 2524 1161 dies
2546 1119 2665 1158 cum
2698 1103 2894 1156 Basilio
2938 1099 3234 1162 traductos,
3264 1095 3411 1164 psal-

1853 1201 2058 1255 modias
2101 1208 2156 1253 et
2178 1199 2405 1267 vigilias,
2449 1198 2700 1258 fratrum,
2735 1207 2867 1262 quos
2899 1193 3123 1248 Basilius
3153 1191 3219 1241 ad
3263 1201 3413 1242 sum-

1852 1308 1998 1349 mum
2027 1292 2241 1361 pietatis
2281 1292 2565 1355 evellebat,
2614 1285 2954 1344 concordiam
3004 1297 3056 1338 et
3107 1282 3416 1337 animorum

1853 1385 2316 1452 coniunctionem,
2367 1385 2597 1449 scriptas
2659 1397 2762 1435 una
2813 1393 2933 1432 eum
2992 1375 3184 1430 Basilio
3223 1386 3413 1427 mona-

1852 1477 2001 1530 sticae
2019 1477 2138 1528 vita:
2164 1476 2308 1544 leges
2325 1481 2376 1527 et
2398 1472 2629 1542 regulas,
2656 1486 2824 1526 sacra}
2849 1469 3140 1536 Scriptum
3152 1467 3408 1527 sttnlium,

1850 1582 1905 1625 et
1936 1583 2187 1620 manuum
2240 1568 2497 1621 laborem.
2539 1563 2674 1616 Sunt
2706 1564 2785 1617 lite
2807 1558 3052 1631 Gregorii
3084 1564 3194 1610 tres
3220 1558 3415 1611 littera‘

1852 1663 1936 1716 ita.
1960 1661 2099 1713 inter
2130 1674 2187 1712 se
2241 1674 2412 1724 nexae,
2441 1668 2500 1710 ut
2532 1655 2718 1710 divelli
2759 1671 2862 1708 non
2907 1654 3116 1722 possint
3147 1668 3158 1702 :
3201 1658 3251 1702 et
3289 1665 3412 1703 cum

1852 1771 2034 1810 earum
2087 1753 2491 1807 scribendarum
2547 1752 2698 1818 origo
2753 1762 2817 1800 ex
2853 1747 3032 1801 Basilii
3077 1742 3303 1812 epistola
3346 1745 3414 1796 14

1853 1855 1968 1897 orta
2033 1843 2138 1908 sit,
2193 1841 2390 1896 merito
2435 1840 2722 1893 statuimus
2780 1838 2918 1891 banc
2971 1835 3252 1905 epistolam
3309 1847 3412 1884 non

189 1965 305 2015 μεν.
345 1946 508 1997 Certe
533 1945 830 2016 Gregorius
857 1945 1036 1999 Basilii
1068 1947 1405 2000 solitudinem
1428 1945 1750 2013 sicjoeando
1786 1923 1828 1977 Β

1786 1923 1828 1977 Β
1857 1935 2006 1991 initio
2037 1951 2283 1990 secessus
2329 1934 2584 2004 scriptam
2632 1930 2831 1996 fuisse,
2882 1928 2974 1982 sed
3005 1930 3210 1998 aliquot
3257 1927 3415 1978 annis

185 2038 469 2102 describit,
506 2050 564 2092 ut
597 2055 715 2092 eum
761 2037 831 2091 ibi
879 2038 989 2106 jam
1045 2051 1304 2093 moratum
1356 2055 1475 2095 esse
1526 2040 1745 2108 liqueat.

188 2132 289 2184 Sed
320 2131 464 2198 quod
501 2149 616 2186 rem
663 2146 994 2202 causamque
1031 2136 1261 2188 maxime
1307 2136 1568 2196 continet,
1603 2143 1751 2201 post-

185 2241 340 2294 quam
375 2237 507 2279 satis
536 2226 745 2294 jocatus
797 2238 897 2289 est,
931 2229 1004 2281 ait
1037 2247 1049 2281 :
1091 2227 1165 2280 Tu
1218 2236 1423 2288 autent,
1493 2227 1748 2296 siquidem

184 2319 271 2368 bos
295 2317 447 2384 jocos
481 2335 628 2387 teque
655 2322 822 2372 animo
859 2322 1015 2388 feras,
1058 2329 1190 2371 recte
1216 2317 1395 2386 feceris
1422 2335 1439 2382 ;
1467 2319 1546 2372 sin
1579 2337 1747 2384 secus,

184 2407 334 2475 plura
379 2428 585 2480 quoque
645 2413 1009 2479 adjungemus.
1039 2410 1169 2464 Cum
1222 2409 1448 2464 Basilius
1505 2411 1747 2481 Gregorii

183 2503 430 2570 jocos,ut
454 2520 553 2572 par
579 2513 716 2566 erat,
754 2503 1048 2572 accepisset
1080 2544 1094 2567 ,
1145 2512 1254 2557 tum
1294 2519 1413 2558 eum
1454 2503 1749 2569 Gregorius

187 2595 258 2648 sic
280 2596 567 2662 eonipellat
598 2594 649 2647 in
677 2595 778 2649 alia
807 2597 1030 2666 epistola
1058 2597 1132 2668 (a)
1162 2617 1174 2652 :
1225 2599 1487 2663 Quoniant
1518 2613 1634 2664 qua?
1663 2595 1750 2663 jo-

187 2698 353 2735 cantes
381 2685 449 2733 ad
486 2695 534 2736 te
564 2686 884 2752 scripsimus,
923 2704 1069 2756 a’quo
1111 2705 1286 2740 animo
1333 2687 1458 2754 fers,
1485 2701 1599 2755 age,
1632 2703 1748 2756 qua:

188 2785 502 2842 sequuntur,
557 2778 911 2846 adjiciamus,
970 2781 1033 2832 ab
1086 2777 1316 2833 llomero
1381 2780 1592 2834 initium
1652 2788 1750 2838 du-

187 2875 369 2928 centes,

253 2957 411 3082 gum:
445 2977 542 3028 age
562 2964 892 3030 progrediens
915 2965 1174 3019 internum
1203 2969 1434 3031 concine,
1457 2983 1650 3036 quwso,

304 3045 517 3082 malum
538 3046 556 3082 .’

304 3045 517 3083 rnatum
538 3046 556 3082 .’

187 3125 446 3191 tugurium
510 3125 748 3180 videlicet
787 3138 917 3182 tecto
959 3139 1006 3182 et
1067 3130 1244 3197 ianuis
1302 3151 1503 3203 carens,
1570 3138 1746 3208 focum

1851 2025 2063 2093 elapsis.

1933 2118 2152 2184 Decepit
2176 2117 2417 2171 eruditos
2449 2116 2599 2170 viros
2647 2112 2940 2181 descriptio
2973 2109 3278 2164 solitudinis
3313 2109 3414 2162 Ba-

1852 2213 1976 2277 silii,
2031 2211 2122 2264 sed
2160 2218 2336 2263 tamen
2372 2223 2436 2260 ne
2466 2208 2550 2260 illa
2610 2209 2828 2274 quidem
2873 2204 3084 2259 indiciis
3131 2210 3312 2265 caret,
3345 2215 3412 2253 ex

1853 2305 2048 2372 quibus
2075 2303 2249 2357 locum
2276 2299 2535 2368 Gregorio
2557 2307 2741 2351 notum
2773 2295 3283 2366 fuissejudicemus.
3322 2290 3414 2346 Sic

1853 2397 1996 2449 enim
2030 2395 2208 2446 omnia
2268 2392 2506 2462 depingit
2550 2387 2815 2454 Basilius,
2863 2390 2940 2442 sic
2993 2389 3090 2442 loci
3129 2386 3413 2442 commoda

1853 2493 2163 2555 exaggerat,
2199 2492 2252 2537 et
2282 2485 2346 2536 iis
2383 2499 2500 2550 quae
2532 2480 2866 2538 incommoda
2901 2488 2952 2533 et
2985 2479 3271 2548 injucunda
3292 2492 3415 2533 esse

1851 2579 2145 2640 debebant,
2192 2576 2357 2630 aliam
2390 2575 2551 2628 veluti
2603 2575 2827 2629 formam
2861 2573 3072 2629 dicendi
3127 2573 3306 2642 lepore
3333 2570 3416 2625 af-

1854 2673 2026 2742 ﬁngit,
2079 2679 2136 2724 ut
2192 2683 2524 2738 nequaquam
2574 2667 2815 2720 videatur
2867 2667 3042 2720 amico
3089 2664 3254 2735 ignoti
3311 2661 3413 2716 loci

1851 2765 2215 2835 cognitionem
2255 2761 2499 2829 injicere,
2531 2758 2625 2812 sed
2660 2760 2834 2826 potius
2862 2775 2979 2813 cum
3021 2774 3084 2812 eo
3116 2758 3415 2826 perurbane

1849 2866 1900 2910 et
1930 2856 2205 2926 eleganter
2236 2853 2532 2907 colludere.
2566 2851 2769 2906 Deinde
2795 2867 2924 2906 vero
2974 2852 3098 2904 dum
3135 2851 3206 2903 ait
3232 2866 3288 2903 se
3321 2865 3415 2903 ne-

1848 2949 2007 3018 gotiis
2032 2947 2347 3022 distractum
2380 2956 2694 3015 exspectare
2738 2959 2842 2997 non
2880 2959 3036 3014 posse
3067 2944 3191 2996 dum
3232 2941 3415 2996 veniat

1852 3039 2175 3112 Gregorius,
2215 3055 2460 3109 quamam
2500 3040 2647 3092 illum
2681 3038 2891 3108 negotia
2921 3037 2971 3089 in
2997 3037 3224 3091 Pontum
3273 3033 3416 3089 cele-

1851 3134 1984 3188 riter
2013 3132 2282 3202 prolicisci
2339 3132 2630 3199 cogebant,
2665 3129 2769 3181 nisi
2810 3127 3119 3181 monasterii
3146 3125 3255 3194 jam
3285 3140 3415 3179 con-

186 3215 312 3282 ignis
345 3225 395 3267 et
437 3218 573 3284 fumi
618 3233 899 3285 expertem,
941 3224 1168 3291 parietes
1210 3228 1316 3295 igni
1339 3231 1649 3292 exsiccatos,
1684 3247 1745 3284 ne
1772 3265 1818 3325 ρ
1849 3227 2038 3282 structi
2071 3227 2240 3279 cura?
2268 3224 2371 3276 Sed
2421 3237 2542 3276 cum
2587 3221 2818 3290 primum
2873 3219 3117 3282 secessit,
3149 3234 3252 3272 non
3289 3231 3412 3271 eum

188 3308 279 3359 luti
321 3312 483 3377 guttis
536 3315 865 3377 impetamur,
932 3315 1165 3370 Tantalis
1213 3319 1410 3371 similes
1461 3321 1740 3389 eademque

187 3418 327 3465 perna
379 3402 642 3468 mulctati,
682 3407 926 3457 nimirum
957 3409 1009 3458 in
1037 3412 1186 3475 aquis
1233 3412 1463 3463 sitientes
1497 3427 1514 3463 :
1540 3411 1746 3480 jejunus

186 3495 334 3547 etiam
384 3496 506 3547 illas
532 3508 578 3548 et
609 3500 823 3548 miseras
876 3500 1077 3566 epulas,
1111 3503 1178 3552 ad
1201 3518 1327 3569 quas
1354 3519 1380 3555 e
1416 3502 1747 3572 Cappadocia

187 3590 346 3638 uocati
385 3604 569 3640 sumus
611 3605 711 3641 non
763 3600 1012 3659 tanquam
1065 3594 1133 3645 ad
1161 3593 1579 3666 LotOpItagorum
1634 3600 1746 3653 ino-

182 3679 338 3740 piam,
382 3681 474 3728 sed
530 3679 663 3730 velut
719 3683 786 3730 ad
849 3681 1054 3734 Alcinoi
1114 3701 1344 3739 mensam
1388 3703 1479 3741 nos
1531 3690 1650 3741 novi
1695 3699 1744 3742 et

183 3773 466 3821 teruntnosi
517 3771 784 3840 naufragi.
817 3771 1035 3828 Memini
1065 3778 1201 3830 enim
1233 3795 1391 3845 panes
1449 3781 1569 3832 illos
1595 3791 1639 3831 et
1659 3781 1745 3849 ju-

182 3861 321 3910 scula
361 3862 460 3927 (sic
505 3863 641 3913 enim
689 3866 1052 3934 nominantur)
1096 3885 1392 3937 semperque
1443 3870 1739 3934 meminero,

181 3953 416 4004 dentibus
451 3955 595 4004 circa
626 3954 916 4022 fragmenta
953 3957 1435 4024 collabcscentibus,
1473 3978 1533 4012 ac
1566 3973 1743 4028 postea

179 4059 284 4094 sese
342 4044 691 4110 erigentibus,
757 4047 994 4114 velutque
1047 4064 1110 4101 ex
1163 4066 1305 4102 caeno
1350 4053 1740 4120 emergentibus.

181 4134 308 4199 ρηω
336 4146 392 4187 tu
421 4137 620 4190 scilicet
640 4138 911 4194 sublimius
937 4141 1296 4210 exaggerabis,
1317 4146 1544 4212 propriis
1566 4163 1743 4214 nempe

179 4229 569 4280 calamitatibus
604 4231 858 4285 orationis
889 4235 1295 4301 magnitudinem
1348 4235 1441 4289 tibi
1494 4237 1741 4305 suppedi-

179 4321 429 4372 tantibus.
465 4319 668 4384 Quibus
709 4324 812 4374 nisi
848 4339 1034 4390 magna
1082 4327 1172 4379 illa
1209 4345 1422 4396 vereque
1453 4345 1740 4397 pauperum

176 4412 416 4462 studiosa
472 4423 642 4464 mater
679 4423 770 4466 tua
805 4433 896 4468 nos
927 4433 1081 4484 quam
1127 4418 1392 4471 celerrime
1449 4421 1737 4486 liberasset,

178 4504 419 4571 nobisque
445 4515 748 4571 tempestate
768 4509 990 4577 jactatis
1030 4511 1162 4564 velut
1211 4524 1388 4580 portus
1439 4517 1738 4582 exstitisset,

1851 3319 2062 3388 negotia
2099 3318 2150 3372 in
2185 3317 2411 3371 Pontum
2447 3324 2730 3379 vocarunt,
2793 3315 2885 3369 sed
2923 3313 3066 3368 solus
3097 3327 3252 3365 amor
3285 3311 3414 3366 soli-

1852 3411 2073 3466 tudinis.
2128 3411 2508 3465 Demonstrant
2558 3410 2718 3464 etiam
2769 3418 3042 3463 assuetum
3105 3408 3228 3460 buic
3292 3406 3414 3460 loco

1849 3503 2084 3556 animum
2115 3502 2229 3560 hinc
2270 3501 2428 3553 verba
2455 3501 2527 3567 (ρ.
2563 3500 2651 3567 94)
2681 3518 2693 3552 :
2734 3497 2888 3564 Quod
2923 3507 3095 3549 autem
3124 3497 3412 3548 maximum

1847 3597 1910 3649 de
1940 3597 2034 3647 hoc
2064 3593 2175 3645 loco
2205 3592 2388 3653 dicerei
2416 3606 2713 3659 possumus,
2764 3589 2896 3640 illud
2936 3597 3033 3649 est,
3084 3587 3245 3656 quod,
3292 3601 3411 3638 cum

1849 3685 1910 3738 ob
1945 3686 2078 3737 situs
2107 3683 2545 3751 opportunitatem
2588 3679 2655 3732 ad
2687 3696 2860 3733 omnes
2892 3681 3095 3746 fructus
3130 3678 3404 3747 proferen-

1849 3778 1942 3830 dos
1966 3778 2181 3830 idoueus
2218 3775 2309 3839 sit,
2343 3791 2502 3826 unum
2530 3773 2766 3825 omnium
2800 3771 2925 3823 mihi
2964 3769 3410 3838 jucundissimum

1848 3871 2072 3940 quietem
2099 3884 2160 3919 ac
2193 3865 2633 3934 tranquillitatem
2661 3865 2778 3928 alit,
2812 3879 2911 3916 non
2954 3863 3122 3916 solunt
3157 3872 3408 3930 quatenus

1848 3962 1911 4015 ab
1964 3962 2177 4015 urbanis
2208 3959 2518 4012 tumultibus
2548 3957 2677 4009 liber
2711 3967 2808 4022 est,
2850 3956 2940 4009 sed
2976 3955 3139 4007 ctiam
3167 3955 3292 4023 quia
3343 3970 3406 4008 ne

1844 4056 2091 4108 viatorem
2139 4053 2344 4122 quidem
2395 4050 2556 4103 ullunt
2606 4051 2674 4102 ad
2717 4065 2810 4102 nos
2855 4046 3198 4108 transmittit,
3235 4046 3281 4098 si
3322 4062 3410 4099 eos

1842 4147 2069 4214 excipias
2103 4183 2119 4206 ,
2157 4143 2246 4214 qui
2290 4144 2421 4196 inter
2455 4143 2742 4196 venandum
2782 4139 3050 4190 nobiscum
3104 4137 3403 4189 miscentur.

1850 4237 1988 4291 Nam
2026 4248 2215 4304 prwter
2257 4234 2457 4298 reliqua
2495 4234 2632 4298 feras
2661 4231 2819 4282 etiam
2868 4230 3212 4293 enutrit,non
3255 4245 3407 4281 ursos

1845 4337 1934 4380 aut
1975 4327 2122 4395 lupos
2161 4336 2356 4378 vestros
2384 4323 2578 4392 (absit!
2600 4327 2641 4392 ),
2664 4325 2752 4374 sed
2787 4336 3053 4374 cervorum
3083 4332 3235 4382 atque
3257 4319 3421 4372 silva--

1844 4422 2025 4473 strium
2046 4433 2323 4486 caprarunt
2341 4431 2538 4486 greges,
2564 4415 2880 4484 lepOresque,
2900 4422 2947 4466 et
2962 4413 3004 4464 si
3021 4414 3146 4481 quid
3161 4412 3242 4464 Itis
3259 4412 3406 4464 simi-

1843 4514 1908 4569 le.
1943 4514 2083 4567 Num
2115 4513 2278 4582 igitur
2293 4513 2513 4581 cogitas,
2558 4527 2658 4577 quo
2689 4527 2779 4579 ego
2809 4509 3025 4579 periculi
3050 4507 3240 4559 stultus
3267 4521 3406 4559 vene-

166 4596 488 4663 jumpridem
521 4602 656 4666 apud
686 4602 827 4653 vivos
855 4618 963 4654 esse
990 4604 1339 4667 desiissemus,
1361 4607 1484 4672 [idct'
1509 4605 1741 4663 Pontiae
1774 4606 1818 4660 Β
1847 4609 1968 4672 rint,
1997 4624 2112 4660 cum
2148 4607 2448 4674 ltujusntodi
2474 4607 2645 4659 sedem
2686 4604 2952 4665 Tiberina,
2980 4601 3118 4653 orbis
3145 4610 3405 4652 tetrarum

177 4689 381 4738 nomine
423 4704 527 4740 non
564 4690 818 4757 majorem
873 4693 1081 4745 laudem
1137 4708 1500 4764 consequentes
1525 4739 1540 4763 ,
1582 4718 1735 4768 quam

173 4780 561 4832 miserationem
580 4793 858 4836 moventes.
892 4784 1127 4848 Quonam
1163 4805 1320 4853 porro
1354 4793 1504 4843 modo
1533 4794 1735 4847 steriles

174 4867 290 4922 illos
337 4873 542 4936 hortos,
576 4874 900 4945 oleribusque
941 4887 1171 4934 carentes
1196 4889 1490 4951 prwteriba,
1537 4889 1738 4958 Αωρίω-

179 4977 273 5027 que
304 4966 489 5030 ﬁmum
523 4980 549 5017 e
580 4969 730 5017 domo
764 4982 1109 5036 expurgatum
1140 4989 1240 5041 quo
1265 4991 1350 5027 eos
1396 4977 1733 5044 opplevimus,

176 5070 289 5107 cum
320 5069 614 5112 montosum
642 5061 778 5113 illud
825 5062 1138 5128 plaustrum,
1166 5075 1213 5119 et
1246 5083 1336 5135 ego
1371 5071 1731 5137 vindemiator,

179 5158 224 5199 et
258 5158 331 5212 tu,
364 5155 564 5216 facetus
620 5153 797 5214 homo,
833 5153 932 5204 hac
975 5157 1166 5209 cervice
1189 5201 1202 5221 ,
1255 5161 1595 5230 manibusque
1628 5165 1730 5229 Itis,

182 5253 289 5303 qua?
322 5240 557 5293 laborum
584 5244 802 5309 vestigia
849 5245 1132 5299 etiamnum
1190 5252 1380 5315 ferunt,
1413 5255 1731 5309 traiceremus

186 5335 381 5392 (eterra
415 5343 459 5384 et
485 5333 584 5395 sol,
609 5352 636 5386 ο
660 5335 740 5385 t-ir
774 5345 818 5385 et
849 5335 1009 5386 virtus
1033 5338 1052 5388 .’
1073 5337 1286 5403 paulum
1316 5342 1564 5407 quiddam
1593 5360 1731 5398 more

187 5424 369 5489 tragico
386 5424 738 5494 exclamabo),
769 5443 868 5478 non
892 5437 943 5476 ut
975 5427 1357 5495 Hellespontum
1372 5433 1732 5502 junqerentus,

192 5517 268 5563 sed
304 5525 354 5565 ut
390 5530 712 5584 pra’rupttmt
760 5528 807 5569 et
851 5518 1165 5584 prtecipitem
1217 5519 1381 5573 locum
1431 5540 1732 5592 ea‘mquare-

193 5618 310 5656 mus.
357 5606 554 5661 [larum
593 5624 770 5660 rerum
820 5613 1244 5664 commemoratio
1291 5615 1333 5664 si
1379 5626 1426 5666 te
1467 5617 1732 5682 offensura

191 5708 279 5745 nun
307 5708 396 5761 est,
427 5701 603 5769 utique
637 5716 729 5752 nec
769 5716 904 5754 nos:
940 5702 982 5754 si
1008 5712 1176 5756 autem
1211 5704 1538 5772 offensionem
1568 5723 1630 5759 ea;
1667 5724 1728 5761 ea

238 5903 305 5970 (α)
341 5905 468 5961 Naz.
499 5924 587 5978 cp.
611 5906 667 5961 8-

1848 4703 2118 4763 baratltro,
2177 4713 2495 4752 commutare
2534 4698 2872 4766 pertinaciter
2913 4692 3128 4747 vellem?
3160 4707 3308 4760 quem
3335 4690 3404 4741 ad

1848 4793 2023 4846 locum
2050 4807 2183 4844 nunc
2217 4791 2513 4858 properanti
2541 4790 2744 4842 veniam
2774 4787 2944 4838 dabis.
2974 4785 3113 4838 Nam
3165 4783 3402 4852 profecto

1849 4902 1939 4938 nec
1963 4883 2227 4937 Alcmwon
2267 4882 2486 4935 inventis
2517 4879 2879 4932 Echinadibus
2908 4877 3126 4945 amplius
3157 4876 3404 4928 aberrare

1842 4977 2022 5032 voluit.

1919 5069 2093 5123 Unum
2147 5068 2303 5122 nobis
2332 5077 2499 5122 restat
2529 5065 2922 5135 explicandum,
2952 5077 3048 5115 cur
3077 5058 3310 5114 Basilius
3346 5055 3399 5108 in

1842 5163 2072 5216 Pontum
2115 5161 2486 5227 proliciscens,
2535 5168 2712 5226 speret
2752 5172 2808 5211 se
2861 5155 3072 5209 tandem
3107 5150 3395 5219 aliquando

1838 5256 1998 5308 linem
2029 5251 2312 5305 oberrandi
2368 5251 2630 5304 facturum
2654 5290 2669 5315 ,
2709 5251 2854 5319 quasi
2915 5260 3039 5301 tunc
3077 5245 3303 5313 primum
3338 5255 3396 5295 so

1838 5346 1890 5400 in
1925 5345 2267 5398 solitudinem
2295 5345 2573 5411 reciperet.
2602 5342 2712 5395 Non
2739 5342 2892 5395 valde
2923 5336 3150 5391 dillicilis
3181 5344 3234 5388 et
3264 5332 3392 5386 abs-

1838 5448 1983 5490 trusa
2019 5451 2106 5489 res
2136 5445 2241 5488 est.
2281 5435 2535 5501 Quannis
2579 5434 2718 5489 enim
2770 5431 2997 5485 Basilius
3049 5425 3390 5482 solitudinem

1837 5544 1988 5582 suam
2041 5528 2091 5581 in
2124 5528 2330 5581 deliciis
2369 5528 2604 5590 haberet,
2665 5541 2786 5578 eum
2838 5534 3019 5576 tamen
3049 5523 3112 5573 ab
3143 5519 3228 5571 illa
3253 5533 3391 5570 non-

1843 5634 2115 5687 nunquam
2166 5633 2339 5672 causm
2388 5619 2662 5689 graviores
2716 5616 3139 5676 abstraxerunt;
3171 5618 3392 5662 coactus

1836 5722 1917 5765 est
1946 5710 2453 5779 Constantinpolim
2486 5708 2750 5781 proﬁcisci
2776 5719 2910 5760 ainio
2941 5704 3059 5758 559.
3092 5700 3249 5756 Venit
3281 5698 3387 5754 Na~

1910 5912 1982 5977 lbi
2023 5909 2150 5966 Nat.
2177 5927 2257 5980 ep.
2289 5913 2338 5965 9.
