  <div class='ocr_page' id='page_1' title='image "/cluster/home/n/w/nwhite01/storage/ocr_20150623/29/uva.x004321530/055.png"; bbox 0 0 4206 6496; ppageno 0'>
   <div class='ocr_carea' id='block_1_1' title="bbox 757 451 907 492">
    <p class='ocr_par' dir='ltr' id='par_1_1' title="bbox 757 451 907 492">
     <span class='ocr_line' id='line_1_1' title="bbox 757 451 907 492; baseline -0.013 -1"><span class='ocrx_word' id='word_1_1' title='bbox 757 451 907 492; x_wconf 66' lang='grc' dir='ltr'><strong>ΙΧίΙΙ</strong></span> 
     </span>
    </p>
   </div>
   <div class='ocr_carea' id='block_1_2' title="bbox 2126 433 2641 494">
    <p class='ocr_par' dir='ltr' id='par_1_2' title="bbox 2126 433 2641 494">
     <span class='ocr_line' id='line_1_2' title="bbox 2126 433 2641 494; baseline -0.012 0"><span class='ocrx_word' id='word_1_2' title='bbox 2126 433 2641 494; x_wconf 76' lang='lat' dir='ltr'><strong>PROLEGOMENA.</strong></span> 
     </span>
    </p>
   </div>
   <div class='ocr_carea' id='block_1_3' title="bbox 760 532 3994 633">
    <p class='ocr_par' dir='ltr' id='par_1_3' title="bbox 760 532 3994 633">
     <span class='ocr_line' id='line_1_3' title="bbox 760 532 3994 633; baseline 0.004 -29"><span class='ocrx_word' id='word_1_3' title='bbox 760 554 1013 604; x_wconf 71' lang='lat' dir='ltr'><strong>tianlum</strong></span> <span class='ocrx_word' id='word_1_4' title='bbox 1064 562 1207 603; x_wconf 82' lang='lat' dir='ltr'><strong>anno</strong></span> <span class='ocrx_word' id='word_1_5' title='bbox 1258 532 1383 603; x_wconf 70' lang='grc'><strong>360.</strong></span> <span class='ocrx_word' id='word_1_6' title='bbox 1418 548 1609 604; x_wconf 86' lang='lat' dir='ltr'><strong>Dianio</strong></span> <span class='ocrx_word' id='word_1_7' title='bbox 1656 548 1977 605; x_wconf 67' lang='lat' dir='ltr'><strong>Caesariensi</strong></span> <span class='ocrx_word' id='word_1_8' title='bbox 2030 551 2330 620; x_wconf 87' lang='lat' dir='ltr'><strong>periculose</strong></span> <span class='ocrx_word' id='word_1_9' title='bbox 2360 559 2405 616; x_wconf 75' lang='grc' dir='ltr'>Α</span> <span class='ocrx_word' id='word_1_10' title='bbox 2437 563 2682 624; x_wconf 82' lang='lat' dir='ltr'><strong>experto,</strong></span> <span class='ocrx_word' id='word_1_11' title='bbox 2721 571 2825 611; x_wconf 89' lang='lat' dir='ltr'><strong>non</strong></span> <span class='ocrx_word' id='word_1_12' title='bbox 2849 554 3049 611; x_wconf 85' lang='lat' dir='ltr'><strong>Basilio</strong></span> <span class='ocrx_word' id='word_1_13' title='bbox 3075 555 3163 626; x_wconf 85' lang='lat' dir='ltr'><strong>qui</strong></span> <span class='ocrx_word' id='word_1_14' title='bbox 3198 572 3469 626; x_wconf 79' lang='lat' dir='ltr'><strong>nunquam</strong></span> <span class='ocrx_word' id='word_1_15' title='bbox 3504 560 3661 631; x_wconf 88' lang='lat' dir='ltr'><strong>hujus</strong></span> <span class='ocrx_word' id='word_1_16' title='bbox 3691 560 3994 633; x_wconf 81' lang='lat' dir='ltr'><strong>imperato-</strong></span> 
     </span>
    </p>
   </div>
   <div class='ocr_carea' id='block_1_4' title="bbox 756 636 2318 711">
    <p class='ocr_par' dir='ltr' id='par_1_4' title="bbox 756 636 2318 711">
     <span class='ocr_line' id='line_1_4' title="bbox 756 636 2318 711; baseline 0.004 -19"><span class='ocrx_word' id='word_1_17' title='bbox 756 638 1038 704; x_wconf 68' lang='lat' dir='ltr'><strong>aagroranti</strong></span> <span class='ocrx_word' id='word_1_18' title='bbox 1069 638 1237 693; x_wconf 98' lang='lat' dir='ltr'><strong>adfuit</strong></span> <span class='ocrx_word' id='word_1_19' title='bbox 1283 653 1425 695; x_wconf 88' lang='lat' dir='ltr'><strong>anno</strong></span> <span class='ocrx_word' id='word_1_20' title='bbox 1462 639 1581 695; x_wconf 73' lang='lat'><strong>362.</strong></span> <span class='ocrx_word' id='word_1_21' title='bbox 1616 636 1838 694; x_wconf 87' lang='lat' dir='ltr'><strong>Videtur</strong></span> <span class='ocrx_word' id='word_1_22' title='bbox 1860 657 1987 711; x_wconf 85' lang='lat' dir='ltr'><strong>ergo</strong></span> <span class='ocrx_word' id='word_1_23' title='bbox 2034 641 2318 698; x_wconf 83' lang='lat' dir='ltr'><strong>defunctus</strong></span> 
     </span>
    </p>
   </div>
   <div class='ocr_carea' id='block_1_5' title="bbox 759 728 2316 802">
    <p class='ocr_par' dir='ltr' id='par_1_5' title="bbox 759 728 2316 802">
     <span class='ocr_line' id='line_1_5' title="bbox 759 728 2316 802; baseline 0.003 -20"><span class='ocrx_word' id='word_1_24' title='bbox 759 729 1021 783; x_wconf 86' lang='lat' dir='ltr'><strong>molestiis</strong></span> <span class='ocrx_word' id='word_1_25' title='bbox 1045 728 1275 797; x_wconf 82' lang='lat' dir='ltr'><strong>alicujus</strong></span> <span class='ocrx_word' id='word_1_26' title='bbox 1305 730 1757 802; x_wconf 76' lang='lat' dir='ltr'><strong>peregrinationis</strong></span> <span class='ocrx_word' id='word_1_27' title='bbox 1796 749 1930 787; x_wconf 88' lang='lat' dir='ltr'><strong>nova</strong></span> <span class='ocrx_word' id='word_1_28' title='bbox 1959 732 2187 799; x_wconf 89' lang='lat' dir='ltr'><strong>quadam</strong></span> <span class='ocrx_word' id='word_1_29' title='bbox 2222 748 2316 787; x_wconf 83' lang='lat' dir='ltr'><strong>cu-</strong></span> 
     </span>
    </p>
   </div>
   <div class='ocr_carea' id='block_1_6' title="bbox 758 822 2325 892">
    <p class='ocr_par' dir='ltr' id='par_1_6' title="bbox 758 822 2325 892">
     <span class='ocr_line' id='line_1_6' title="bbox 758 822 2325 892; baseline 0.004 -20"><span class='ocrx_word' id='word_1_30' title='bbox 758 822 983 890; x_wconf 86' lang='lat' dir='ltr'><strong>piditate</strong></span> <span class='ocrx_word' id='word_1_31' title='bbox 1052 824 1440 878; x_wconf 84' lang='lat' dir='ltr'><strong>monasterium</strong></span> <span class='ocrx_word' id='word_1_32' title='bbox 1487 823 1811 891; x_wconf 68' lang='lat' dir='ltr'><strong>repetiisse;</strong></span> <span class='ocrx_word' id='word_1_33' title='bbox 1863 822 2073 892; x_wconf 84' lang='lat' dir='ltr'><strong>sibique</strong></span> <span class='ocrx_word' id='word_1_34' title='bbox 2130 825 2325 880; x_wconf 84' lang='lat' dir='ltr'><strong>nullam</strong></span> 
     </span>
    </p>
   </div>
   <div class='ocr_carea' id='block_1_7' title="bbox 758 914 2307 986">
    <p class='ocr_par' dir='ltr' id='par_1_7' title="bbox 758 914 2307 986">
     <span class='ocr_line' id='line_1_7' title="bbox 758 914 2307 986; baseline 0.006 -24"><span class='ocrx_word' id='word_1_35' title='bbox 758 914 1012 984; x_wconf 74' lang='lat' dir='ltr'><strong>deinceps</strong></span> <span class='ocrx_word' id='word_1_36' title='bbox 1064 914 1349 969; x_wconf 90' lang='lat' dir='ltr'><strong>oberrandi</strong></span> <span class='ocrx_word' id='word_1_37' title='bbox 1394 928 1616 970; x_wconf 84' lang='lat' dir='ltr'><strong>causam</strong></span> <span class='ocrx_word' id='word_1_38' title='bbox 1679 924 2125 985; x_wconf 81' lang='lat' dir='ltr'><strong>superventuram</strong></span> <span class='ocrx_word' id='word_1_39' title='bbox 2184 928 2307 986; x_wconf 85' lang='lat' dir='ltr'><strong>spe-</strong></span> 
     </span>
    </p>
   </div>
   <div class='ocr_carea' id='block_1_8' title="bbox 758 1018 930 1057">
    <p class='ocr_par' dir='ltr' id='par_1_8' title="bbox 758 1018 930 1057">
     <span class='ocr_line' id='line_1_8' title="bbox 758 1018 930 1057; baseline 0.006 -1"><span class='ocrx_word' id='word_1_40' title='bbox 758 1018 930 1057; x_wconf 70' lang='grc' dir='ltr'><strong>ΐοεςθ.</strong></span> 
     </span>
    </p>
   </div>
   <div class='ocr_carea' id='block_1_9' title="bbox 828 1096 2327 1169">
    <p class='ocr_par' dir='ltr' id='par_1_9' title="bbox 828 1096 2327 1169">
     <span class='ocr_line' id='line_1_9' title="bbox 828 1096 2327 1169; baseline 0.003 -20"><span class='ocrx_word' id='word_1_41' title='bbox 828 1096 1026 1150; x_wconf 85' lang='lat' dir='ltr'><strong>Locum</strong></span> <span class='ocrx_word' id='word_1_42' title='bbox 1058 1098 1157 1153; x_wconf 87' lang='lat' dir='ltr'><strong>sibi</strong></span> <span class='ocrx_word' id='word_1_43' title='bbox 1199 1097 1431 1154; x_wconf 86' lang='lat' dir='ltr'><strong>vindicat</strong></span> <span class='ocrx_word' id='word_1_44' title='bbox 1462 1101 1686 1165; x_wconf 85' lang='lat' dir='ltr'><strong>epistola</strong></span> <span class='ocrx_word' id='word_1_45' title='bbox 1730 1098 1934 1153; x_wconf 88' lang='lat' dir='ltr'><strong>decima</strong></span> <span class='ocrx_word' id='word_1_46' title='bbox 1971 1098 2157 1169; x_wconf 89' lang='lat' dir='ltr'><strong>quinta</strong></span> <span class='ocrx_word' id='word_1_47' title='bbox 2185 1100 2327 1154; x_wconf 90' lang='lat' dir='ltr'><strong>inter</strong></span> 
     </span>
    </p>
   </div>
   <div class='ocr_carea' id='block_1_10' title="bbox 757 1190 2321 1257">
    <p class='ocr_par' dir='ltr' id='par_1_10' title="bbox 757 1190 2321 1257">
     <span class='ocr_line' id='line_1_10' title="bbox 757 1190 2321 1257; baseline 0.004 -18"><span class='ocrx_word' id='word_1_48' title='bbox 757 1200 851 1241; x_wconf 90' lang='lat' dir='ltr'><strong>eas</strong></span> <span class='ocrx_word' id='word_1_49' title='bbox 874 1204 995 1257; x_wconf 73' lang='lat' dir='ltr'><strong>qua:</strong></span> <span class='ocrx_word' id='word_1_50' title='bbox 1036 1192 1249 1257; x_wconf 77' lang='lat' dir='ltr'><strong>scriptae</strong></span> <span class='ocrx_word' id='word_1_51' title='bbox 1298 1193 1351 1245; x_wconf 95' lang='lat' dir='ltr'><strong>in</strong></span> <span class='ocrx_word' id='word_1_52' title='bbox 1401 1208 1615 1247; x_wconf 81' lang='lat' dir='ltr'><strong>secessu</strong></span> <span class='ocrx_word' id='word_1_53' title='bbox 1677 1190 1912 1245; x_wconf 90' lang='lat' dir='ltr'><strong>fuerunt.</strong></span> <span class='ocrx_word' id='word_1_54' title='bbox 1963 1191 2321 1246; x_wconf 82' lang='lat' dir='ltr'><strong>Commendat</strong></span> 
     </span>
    </p>
   </div>
   <div class='ocr_carea' id='block_1_11' title="bbox 758 1276 2322 1353">
    <p class='ocr_par' dir='ltr' id='par_1_11' title="bbox 758 1276 2322 1353">
     <span class='ocr_line' id='line_1_11' title="bbox 758 1276 2322 1353; baseline 0.005 -22"><span class='ocrx_word' id='word_1_55' title='bbox 758 1276 994 1336; x_wconf 84' lang='lat' dir='ltr'><strong>Basilius</strong></span> <span class='ocrx_word' id='word_1_56' title='bbox 1021 1283 1253 1336; x_wconf 80' lang='lat' dir='ltr'><strong>Arcadio</strong></span> <span class='ocrx_word' id='word_1_57' title='bbox 1292 1286 1473 1338; x_wconf 86' lang='lat' dir='ltr'><strong>comiti</strong></span> <span class='ocrx_word' id='word_1_58' title='bbox 1504 1284 1579 1337; x_wconf 85' lang='lat' dir='ltr'><strong>rei</strong></span> <span class='ocrx_word' id='word_1_59' title='bbox 1612 1282 1835 1353; x_wconf 75' lang='lat' dir='ltr'><strong>privata:</strong></span> <span class='ocrx_word' id='word_1_60' title='bbox 1871 1286 2007 1339; x_wconf 89' lang='lat' dir='ltr'><strong>cives</strong></span> <span class='ocrx_word' id='word_1_61' title='bbox 2054 1294 2322 1352; x_wconf 85' lang='lat' dir='ltr'><strong>metropo-</strong></span> 
     </span>
    </p>
   </div>
   <div class='ocr_carea' id='block_1_12' title="bbox 760 1368 2324 1444">
    <p class='ocr_par' dir='ltr' id='par_1_12' title="bbox 760 1368 2324 1444">
     <span class='ocr_line' id='line_1_12' title="bbox 760 1368 2324 1444; baseline 0.001 -24"><span class='ocrx_word' id='word_1_62' title='bbox 760 1368 826 1423; x_wconf 88' lang='lat' dir='ltr'><strong>lis</strong></span> <span class='ocrx_word' id='word_1_63' title='bbox 858 1387 876 1425; x_wconf 94' lang='lat'><em>:</em></span> <span class='ocrx_word' id='word_1_64' title='bbox 905 1386 1009 1439; x_wconf 87' lang='lat' dir='ltr'><strong>quo</strong></span> <span class='ocrx_word' id='word_1_65' title='bbox 1042 1373 1258 1426; x_wconf 89' lang='lat' dir='ltr'><strong>nomine</strong></span> <span class='ocrx_word' id='word_1_66' title='bbox 1305 1372 1607 1444; x_wconf 68' lang='lat' dir='ltr'><strong>(laesaream</strong></span> <span class='ocrx_word' id='word_1_67' title='bbox 1662 1372 1861 1425; x_wconf 89' lang='lat' dir='ltr'><strong>absens</strong></span> <span class='ocrx_word' id='word_1_68' title='bbox 1889 1384 1932 1425; x_wconf 73' lang='lat' dir='ltr'><strong>et</strong></span> <span class='ocrx_word' id='word_1_69' title='bbox 1963 1372 2012 1424; x_wconf 91' lang='lat' dir='ltr'><strong>in</strong></span> <span class='ocrx_word' id='word_1_70' title='bbox 2039 1369 2211 1425; x_wconf 82' lang='lat' dir='ltr'><strong>Ponto</strong></span> <span class='ocrx_word' id='word_1_71' title='bbox 2237 1370 2324 1424; x_wconf 86' lang='lat' dir='ltr'><strong>de.-</strong></span> 
     </span>
    </p>
   </div>
   <div class='ocr_carea' id='block_1_13' title="bbox 761 1462 2323 1533">
    <p class='ocr_par' dir='ltr' id='par_1_13' title="bbox 761 1462 2323 1533">
     <span class='ocr_line' id='line_1_13' title="bbox 761 1462 2323 1533; baseline -0.001 -16"><span class='ocrx_word' id='word_1_72' title='bbox 761 1477 892 1530; x_wconf 78' lang='lat' dir='ltr'><strong>gens</strong></span> <span class='ocrx_word' id='word_1_73' title='bbox 917 1462 1190 1533; x_wconf 84' lang='lat' dir='ltr'><strong>appellare</strong></span> <span class='ocrx_word' id='word_1_74' title='bbox 1230 1463 1426 1531; x_wconf 85' lang='lat' dir='ltr'><strong>potuit;</strong></span> <span class='ocrx_word' id='word_1_75' title='bbox 1461 1464 1541 1516; x_wconf 90' lang='lat' dir='ltr'><strong>sic</strong></span> <span class='ocrx_word' id='word_1_76' title='bbox 1577 1465 1717 1516; x_wconf 87' lang='lat' dir='ltr'><strong>enim</strong></span> <span class='ocrx_word' id='word_1_77' title='bbox 1766 1476 1887 1516; x_wconf 89' lang='lat' dir='ltr'><strong>eam</strong></span> <span class='ocrx_word' id='word_1_78' title='bbox 1931 1462 2173 1529; x_wconf 78' lang='lat' dir='ltr'><strong>designat</strong></span> <span class='ocrx_word' id='word_1_79' title='bbox 2210 1462 2323 1530; x_wconf 87' lang='lat' dir='ltr'><strong>ipse</strong></span> 
     </span>
    </p>
   </div>
   <div class='ocr_carea' id='block_1_14' title="bbox 760 1551 2323 1623">
    <p class='ocr_par' dir='ltr' id='par_1_14' title="bbox 760 1551 2323 1623">
     <span class='ocr_line' id='line_1_14' title="bbox 760 1551 2323 1623; baseline -0.003 -15"><span class='ocrx_word' id='word_1_80' title='bbox 760 1551 1055 1623; x_wconf 79' lang='lat' dir='ltr'><strong>Gregorius</strong></span> <span class='ocrx_word' id='word_1_81' title='bbox 1076 1554 1330 1623; x_wconf 87' lang='lat' dir='ltr'><strong>Theologi</strong></span> <span class='ocrx_word' id='word_1_82' title='bbox 1367 1564 1521 1622; x_wconf 90' lang='lat' dir='ltr'><strong>pater</strong></span> <span class='ocrx_word' id='word_1_83' title='bbox 1540 1554 1590 1607; x_wconf 90' lang='lat' dir='ltr'><strong>in</strong></span> <span class='ocrx_word' id='word_1_84' title='bbox 1611 1552 1838 1621; x_wconf 86' lang='lat' dir='ltr'><strong>epistola</strong></span> <span class='ocrx_word' id='word_1_85' title='bbox 1865 1554 2002 1607; x_wconf 92' lang='lat' dir='ltr'><strong>inter</strong></span> <span class='ocrx_word' id='word_1_86' title='bbox 2026 1552 2323 1605; x_wconf 77' lang='lat' dir='ltr'><strong>Basilianas</strong></span> 
     </span>
    </p>
   </div>
   <div class='ocr_carea' id='block_1_15' title="bbox 761 1643 2324 1716">
    <p class='ocr_par' dir='ltr' id='par_1_15' title="bbox 761 1643 2324 1716">
     <span class='ocr_line' id='line_1_15' title="bbox 761 1643 2324 1716; baseline -0.001 -17"><span class='ocrx_word' id='word_1_87' title='bbox 761 1646 942 1700; x_wconf 56' lang='lat' dir='ltr'><strong>41M</strong></span> <span class='ocrx_word' id='word_1_88' title='bbox 971 1648 1024 1700; x_wconf 91' lang='lat' dir='ltr'><strong>in</strong></span> <span class='ocrx_word' id='word_1_89' title='bbox 1063 1648 1174 1716; x_wconf 88' lang='lat' dir='ltr'><strong>ipsa</strong></span> <span class='ocrx_word' id='word_1_90' title='bbox 1211 1645 1343 1700; x_wconf 88' lang='lat' dir='ltr'><strong>urbe</strong></span> <span class='ocrx_word' id='word_1_91' title='bbox 1392 1660 1489 1701; x_wconf 87' lang='lat' dir='ltr'><strong>nec</strong></span> <span class='ocrx_word' id='word_1_92' title='bbox 1519 1656 1642 1716; x_wconf 84' lang='lat' dir='ltr'><strong>apte</strong></span> <span class='ocrx_word' id='word_1_93' title='bbox 1690 1644 1837 1699; x_wconf 91' lang='lat' dir='ltr'><strong>illam</strong></span> <span class='ocrx_word' id='word_1_94' title='bbox 1891 1659 1990 1699; x_wconf 90' lang='lat' dir='ltr'><strong>nec</strong></span> <span class='ocrx_word' id='word_1_95' title='bbox 2044 1643 2324 1701; x_wconf 89' lang='lat' dir='ltr'><strong>commode</strong></span> 
     </span>
    </p>
   </div>
   <div class='ocr_carea' id='block_1_16' title="bbox 762 1737 1397 1807">
    <p class='ocr_par' dir='ltr' id='par_1_16' title="bbox 762 1737 1397 1807">
     <span class='ocr_line' id='line_1_16' title="bbox 762 1737 1397 1807; baseline 0.006 -20"><span class='ocrx_word' id='word_1_96' title='bbox 762 1737 1101 1807; x_wconf 79' lang='lat' dir='ltr'><strong>nietropoliin</strong></span> <span class='ocrx_word' id='word_1_97' title='bbox 1127 1744 1397 1791; x_wconf 89' lang='lat' dir='ltr'><strong>vocasset.</strong></span> 
     </span>
    </p>
   </div>
   <div class='ocr_carea' id='block_1_17' title="bbox 836 1826 2319 1898">
    <p class='ocr_par' dir='ltr' id='par_1_17' title="bbox 836 1826 2319 1898">
     <span class='ocr_line' id='line_1_17' title="bbox 836 1826 2319 1898; baseline -0.001 -17"><span class='ocrx_word' id='word_1_98' title='bbox 836 1827 1021 1884; x_wconf 76' lang='lat' dir='ltr'><strong>ltefert</strong></span> <span class='ocrx_word' id='word_1_99' title='bbox 1040 1827 1415 1884; x_wconf 87' lang='lat' dir='ltr'><strong>Tillemontius</strong></span> <span class='ocrx_word' id='word_1_100' title='bbox 1441 1828 1582 1884; x_wconf 86' lang='lat' dir='ltr'><strong>hanc</strong></span> <span class='ocrx_word' id='word_1_101' title='bbox 1601 1827 1878 1898; x_wconf 82' lang='lat' dir='ltr'><strong>epistolam</strong></span> <span class='ocrx_word' id='word_1_102' title='bbox 1904 1827 1970 1881; x_wconf 89' lang='lat' dir='ltr'><strong>ad</strong></span> <span class='ocrx_word' id='word_1_103' title='bbox 2002 1826 2319 1882; x_wconf 82' lang='lat' dir='ltr'><strong>divisionem</strong></span> 
     </span>
    </p>
   </div>
   <div class='ocr_carea' id='block_1_18' title="bbox 2429 644 3991 717">
    <p class='ocr_par' dir='ltr' id='par_1_18' title="bbox 2429 644 3991 717">
     <span class='ocr_line' id='line_1_18' title="bbox 2429 644 3991 717; baseline 0.004 -18"><span class='ocrx_word' id='word_1_104' title='bbox 2429 646 2503 699; x_wconf 90' lang='lat' dir='ltr'><strong>ris</strong></span> <span class='ocrx_word' id='word_1_105' title='bbox 2532 644 2692 697; x_wconf 92' lang='lat' dir='ltr'><strong>limen</strong></span> <span class='ocrx_word' id='word_1_106' title='bbox 2720 647 2917 717; x_wconf 92' lang='lat' dir='ltr'><strong>attigit.</strong></span> <span class='ocrx_word' id='word_1_107' title='bbox 2947 644 2999 698; x_wconf 93' lang='lat' dir='ltr'><strong>Id</strong></span> <span class='ocrx_word' id='word_1_108' title='bbox 3026 656 3171 716; x_wconf 86' lang='lat' dir='ltr'><strong>patet</strong></span> <span class='ocrx_word' id='word_1_109' title='bbox 3204 660 3269 700; x_wconf 77' lang='lat' dir='ltr'><strong>ex</strong></span> <span class='ocrx_word' id='word_1_110' title='bbox 3301 646 3385 699; x_wconf 90' lang='lat' dir='ltr'><strong>his</strong></span> <span class='ocrx_word' id='word_1_111' title='bbox 3413 650 3589 704; x_wconf 82' lang='lat' dir='ltr'><strong>verbis</strong></span> <span class='ocrx_word' id='word_1_112' title='bbox 3617 652 3813 708; x_wconf 87' lang='lat' dir='ltr'><strong>Juliani</strong></span> <span class='ocrx_word' id='word_1_113' title='bbox 3845 672 3857 707; x_wconf 91' lang='lat'>:</span> <span class='ocrx_word' id='word_1_114' title='bbox 3894 651 3991 706; x_wconf 84' lang='lat' dir='ltr'><strong>Vi-</strong></span> 
     </span>
    </p>
   </div>
   <div class='ocr_carea' id='block_1_19' title="bbox 2430 738 3995 801">
    <p class='ocr_par' dir='ltr' id='par_1_19' title="bbox 2430 738 3995 801">
     <span class='ocr_line' id='line_1_19' title="bbox 2430 738 3995 801; baseline 0.004 -9"><span class='ocrx_word' id='word_1_115' title='bbox 2430 740 2596 792; x_wconf 80' lang='lat' dir='ltr'><strong>vimus</strong></span> <span class='ocrx_word' id='word_1_116' title='bbox 2631 738 2767 791; x_wconf 85' lang='lat' dir='ltr'><strong>em&#39;m</strong></span> <span class='ocrx_word' id='word_1_117' title='bbox 2808 740 2942 792; x_wconf 80' lang='lat' dir='ltr'><strong>inter</strong></span> <span class='ocrx_word' id='word_1_118' title='bbox 2983 755 3075 791; x_wconf 87' lang='lat' dir='ltr'><strong>uos</strong></span> <span class='ocrx_word' id='word_1_119' title='bbox 3102 757 3201 793; x_wconf 81' lang='lat' dir='ltr'><strong>non</strong></span> <span class='ocrx_word' id='word_1_120' title='bbox 3230 756 3345 794; x_wconf 86' lang='lat' dir='ltr'><strong>cum</strong></span> <span class='ocrx_word' id='word_1_121' title='bbox 3399 739 3511 793; x_wconf 86' lang='lat' dir='ltr'><strong>sola</strong></span> <span class='ocrx_word' id='word_1_122' title='bbox 3557 746 3732 799; x_wconf 86' lang='lat' dir='ltr'><strong>aulica</strong></span> <span class='ocrx_word' id='word_1_123' title='bbox 3765 747 3995 801; x_wconf 64' lang='lat' dir='ltr'><strong>simula-</strong></span> 
     </span>
    </p>
   </div>
   <div class='ocr_carea' id='block_1_20' title="bbox 2427 831 3992 903">
    <p class='ocr_par' dir='ltr' id='par_1_20' title="bbox 2427 831 3992 903">
     <span class='ocr_line' id='line_1_20' title="bbox 2427 831 3992 903; baseline 0.006 -19"><span class='ocrx_word' id='word_1_124' title='bbox 2427 832 2589 898; x_wconf 85' lang='lat' dir='ltr'><strong>tione,</strong></span> <span class='ocrx_word' id='word_1_125' title='bbox 2622 847 2781 898; x_wconf 87' lang='lat' dir='ltr'><strong>quam</strong></span> <span class='ocrx_word' id='word_1_126' title='bbox 2813 840 2863 886; x_wconf 87' lang='lat' dir='ltr'><strong>te</strong></span> <span class='ocrx_word' id='word_1_127' title='bbox 2892 831 3045 886; x_wconf 82' lang='lat' dir='ltr'><strong>credo</strong></span> <span class='ocrx_word' id='word_1_128' title='bbox 3075 834 3325 888; x_wconf 75' lang='lat' dir='ltr'><strong>hactenus</strong></span> <span class='ocrx_word' id='word_1_129' title='bbox 3362 843 3623 903; x_wconf 74' lang='lat' dir='ltr'><strong>expertum</strong></span> <span class='ocrx_word' id='word_1_130' title='bbox 3650 854 3779 894; x_wconf 81' lang='lat' dir='ltr'><strong>esse.</strong></span> <span class='ocrx_word' id='word_1_131' title='bbox 3809 842 3992 894; x_wconf 82' lang='lat' dir='ltr'><strong>Altera</strong></span> 
     </span>
    </p>
   </div>
   <div class='ocr_carea' id='block_1_21' title="bbox 2431 921 3991 1001">
    <p class='ocr_par' dir='ltr' id='par_1_21' title="bbox 2431 921 3991 1001">
     <span class='ocr_line' id='line_1_21' title="bbox 2431 921 3991 1001; baseline 0.005 -25"><span class='ocrx_word' id='word_1_132' title='bbox 2431 923 2688 978; x_wconf 80' lang='lat' dir='ltr'><strong>tribuitur</strong></span> <span class='ocrx_word' id='word_1_133' title='bbox 2720 921 2934 978; x_wconf 86' lang='lat' dir='ltr'><strong>Juliano</strong></span> <span class='ocrx_word' id='word_1_134' title='bbox 2958 922 3020 976; x_wconf 85' lang='lat' dir='ltr'><strong>ad</strong></span> <span class='ocrx_word' id='word_1_135' title='bbox 3059 922 3313 977; x_wconf 74' lang='lat' dir='ltr'><strong>Basiliam</strong></span> <span class='ocrx_word' id='word_1_136' title='bbox 3349 924 3593 993; x_wconf 88' lang='lat' dir='ltr'><strong>epistola,</strong></span> <span class='ocrx_word' id='word_1_137' title='bbox 3636 924 3700 977; x_wconf 91' lang='lat' dir='ltr'><strong>de</strong></span> <span class='ocrx_word' id='word_1_138' title='bbox 3736 944 3838 995; x_wconf 83' lang='lat' dir='ltr'><strong>qua</strong></span> <span class='ocrx_word' id='word_1_139' title='bbox 3868 932 3991 1001; x_wconf 78' lang='lat' dir='ltr'><strong>qui-</strong></span> 
     </span>
    </p>
   </div>
   <div class='ocr_carea' id='block_1_22' title="bbox 2426 1014 3736 1088">
    <p class='ocr_par' dir='ltr' id='par_1_22' title="bbox 2426 1014 3736 1088">
     <span class='ocr_line' id='line_1_22' title="bbox 2426 1014 3736 1088; baseline 0 -19"><span class='ocrx_word' id='word_1_140' title='bbox 2426 1016 2546 1072; x_wconf 90' lang='lat' dir='ltr'><strong>dem</strong></span> <span class='ocrx_word' id='word_1_141' title='bbox 2583 1025 2635 1069; x_wconf 90' lang='lat' dir='ltr'><strong>et</strong></span> <span class='ocrx_word' id='word_1_142' title='bbox 2659 1016 2724 1069; x_wconf 91' lang='lat' dir='ltr'><strong>de</strong></span> <span class='ocrx_word' id='word_1_143' title='bbox 2745 1014 2927 1072; x_wconf 86' lang='lat' dir='ltr'><strong>Basilii</strong></span> <span class='ocrx_word' id='word_1_144' title='bbox 2960 1016 3307 1085; x_wconf 88' lang='lat' dir='ltr'><strong>responsione</strong></span> <span class='ocrx_word' id='word_1_145' title='bbox 3334 1019 3473 1071; x_wconf 87' lang='lat' dir='ltr'><strong>infra</strong></span> <span class='ocrx_word' id='word_1_146' title='bbox 3501 1033 3736 1088; x_wconf 80' lang='lat' dir='ltr'><strong>agemus.</strong></span> 
     </span>
    </p>
   </div>
   <div class='ocr_carea' id='block_1_23' title="bbox 2496 1094 3993 1178">
    <p class='ocr_par' dir='ltr' id='par_1_23' title="bbox 2496 1094 3993 1178">
     <span class='ocr_line' id='line_1_23' title="bbox 2496 1094 3993 1178; baseline 0.003 -14"><span class='ocrx_word' id='word_1_147' title='bbox 2496 1111 2557 1164; x_wconf 91' lang='lat' dir='ltr'><strong>ll.</strong></span> <span class='ocrx_word' id='word_1_148' title='bbox 2578 1109 2867 1178; x_wconf 85' lang='lat' dir='ltr'><strong>Gregorius</strong></span> <span class='ocrx_word' id='word_1_149' title='bbox 2886 1094 3250 1166; x_wconf 74' lang='lat' dir='ltr'><strong>Nazianzenus</strong></span> <span class='ocrx_word' id='word_1_150' title='bbox 3274 1124 3391 1161; x_wconf 91' lang='lat' dir='ltr'><strong>cum</strong></span> <span class='ocrx_word' id='word_1_151' title='bbox 3417 1122 3650 1177; x_wconf 78' lang='lat' dir='ltr'><strong>paterna:</strong></span> <span class='ocrx_word' id='word_1_152' title='bbox 3668 1111 3861 1167; x_wconf 88' lang='lat' dir='ltr'><strong>cedens</strong></span> <span class='ocrx_word' id='word_1_153' title='bbox 3890 1131 3993 1168; x_wconf 83' lang='lat' dir='ltr'><strong>an-</strong></span> 
     </span>
    </p>
   </div>
   <div class='ocr_carea' id='block_1_24' title="bbox 2426 1204 3993 1276">
    <p class='ocr_par' dir='ltr' id='par_1_24' title="bbox 2426 1204 3993 1276">
     <span class='ocr_line' id='line_1_24' title="bbox 2426 1204 3993 1276; baseline -0.001 -17"><span class='ocrx_word' id='word_1_154' title='bbox 2426 1206 2684 1272; x_wconf 90' lang='lat' dir='ltr'><strong>ctoritati,</strong></span> <span class='ocrx_word' id='word_1_155' title='bbox 2720 1204 2811 1259; x_wconf 90' lang='lat' dir='ltr'><strong>sed</strong></span> <span class='ocrx_word' id='word_1_156' title='bbox 2855 1214 3031 1260; x_wconf 84' lang='lat' dir='ltr'><strong>tamen</strong></span> <span class='ocrx_word' id='word_1_157' title='bbox 3058 1204 3255 1260; x_wconf 86' lang='lat' dir='ltr'><strong>invitus</strong></span> <span class='ocrx_word' id='word_1_158' title='bbox 3293 1217 3356 1257; x_wconf 86' lang='lat' dir='ltr'><strong>ac</strong></span> <span class='ocrx_word' id='word_1_159' title='bbox 3392 1220 3495 1258; x_wconf 91' lang='lat' dir='ltr'><strong>non</strong></span> <span class='ocrx_word' id='word_1_160' title='bbox 3535 1207 3740 1271; x_wconf 89' lang='lat' dir='ltr'><strong>libens,</strong></span> <span class='ocrx_word' id='word_1_161' title='bbox 3767 1208 3993 1276; x_wconf 85' lang='lat' dir='ltr'><strong>presby-</strong></span> 
     </span>
    </p>
   </div>
   <div class='ocr_carea' id='block_1_25' title="bbox 2427 1296 3991 1369">
    <p class='ocr_par' dir='ltr' id='par_1_25' title="bbox 2427 1296 3991 1369">
     <span class='ocr_line' id='line_1_25' title="bbox 2427 1296 3991 1369; baseline -0.001 -18"><span class='ocrx_word' id='word_1_162' title='bbox 2427 1308 2508 1353; x_wconf 91' lang='lat' dir='ltr'><strong>ter</strong></span> <span class='ocrx_word' id='word_1_163' title='bbox 2536 1310 2747 1354; x_wconf 90' lang='lat' dir='ltr'><strong>creatus</strong></span> <span class='ocrx_word' id='word_1_164' title='bbox 2780 1296 2987 1362; x_wconf 80' lang='lat' dir='ltr'><strong>fuisset,</strong></span> <span class='ocrx_word' id='word_1_165' title='bbox 3022 1300 3119 1353; x_wconf 87' lang='lat' dir='ltr'><strong>hac</strong></span> <span class='ocrx_word' id='word_1_166' title='bbox 3156 1298 3433 1369; x_wconf 85' lang='lat' dir='ltr'><strong>tyrannide</strong></span> <span class='ocrx_word' id='word_1_167' title='bbox 3462 1297 3559 1368; x_wconf 89' lang='lat' dir='ltr'><strong>(sic</strong></span> <span class='ocrx_word' id='word_1_168' title='bbox 3594 1304 3733 1353; x_wconf 87' lang='lat' dir='ltr'><strong>enim</strong></span> <span class='ocrx_word' id='word_1_169' title='bbox 3757 1301 3867 1368; x_wconf 92' lang='lat' dir='ltr'><strong>ipse</strong></span> <span class='ocrx_word' id='word_1_170' title='bbox 3889 1312 3991 1365; x_wconf 87' lang='lat' dir='ltr'><strong>ap-</strong></span> 
     </span>
    </p>
   </div>
   <div class='ocr_carea' id='block_1_26' title="bbox 2424 1391 3986 1462">
    <p class='ocr_par' dir='ltr' id='par_1_26' title="bbox 2424 1391 3986 1462">
     <span class='ocr_line' id='line_1_26' title="bbox 2424 1391 3986 1462; baseline 0.001 -21"><span class='ocrx_word' id='word_1_171' title='bbox 2424 1391 2607 1461; x_wconf 84' lang='lat' dir='ltr'><strong>pellat)</strong></span> <span class='ocrx_word' id='word_1_172' title='bbox 2642 1391 2871 1446; x_wconf 77' lang='lat' dir='ltr'><strong>ollensus</strong></span> <span class='ocrx_word' id='word_1_173' title='bbox 2908 1391 2958 1442; x_wconf 91' lang='lat' dir='ltr'><strong>in</strong></span> <span class='ocrx_word' id='word_1_174' title='bbox 2987 1391 3209 1445; x_wconf 83' lang='lat' dir='ltr'><strong>Pontum</strong></span> <span class='ocrx_word' id='word_1_175' title='bbox 3242 1392 3375 1461; x_wconf 82' lang='lat' dir='ltr'><strong>fugit</strong></span> <span class='ocrx_word' id='word_1_176' title='bbox 3398 1391 3493 1462; x_wconf 78' lang='lat' dir='ltr'><strong>(ai,</strong></span> <span class='ocrx_word' id='word_1_177' title='bbox 3514 1400 3623 1443; x_wconf 86' lang='lat' dir='ltr'><strong>tum</strong></span> <span class='ocrx_word' id='word_1_178' title='bbox 3657 1404 3714 1445; x_wconf 94' lang='lat' dir='ltr'><strong>ut</strong></span> <span class='ocrx_word' id='word_1_179' title='bbox 3746 1394 3986 1448; x_wconf 83' lang='lat' dir='ltr'><strong>dolorem</strong></span> 
     </span>
    </p>
   </div>
   <div class='ocr_carea' id='block_1_27' title="bbox 2423 1482 3992 1551">
    <p class='ocr_par' dir='ltr' id='par_1_27' title="bbox 2423 1482 3992 1551">
     <span class='ocr_line' id='line_1_27' title="bbox 2423 1482 3992 1551; baseline -0.001 -14"><span class='ocrx_word' id='word_1_180' title='bbox 2423 1497 2577 1538; x_wconf 84' lang='lat' dir='ltr'><strong>seum</strong></span> <span class='ocrx_word' id='word_1_181' title='bbox 2611 1485 2768 1539; x_wconf 90' lang='lat' dir='ltr'><strong>amici</strong></span> <span class='ocrx_word' id='word_1_182' title='bbox 2813 1482 3091 1551; x_wconf 90' lang='lat' dir='ltr'><strong>colloquiis</strong></span> <span class='ocrx_word' id='word_1_183' title='bbox 3141 1484 3366 1549; x_wconf 80' lang='lat' dir='ltr'><strong>leniret,</strong></span> <span class='ocrx_word' id='word_1_184' title='bbox 3404 1496 3511 1540; x_wconf 91' lang='lat' dir='ltr'><strong>tum</strong></span> <span class='ocrx_word' id='word_1_185' title='bbox 3556 1492 3612 1537; x_wconf 93' lang='lat' dir='ltr'><strong>ut</strong></span> <span class='ocrx_word' id='word_1_186' title='bbox 3668 1486 3992 1540; x_wconf 87' lang='lat' dir='ltr'><strong>deliberaret</strong></span> 
     </span>
    </p>
   </div>
   <div class='ocr_carea' id='block_1_28' title="bbox 2423 1576 3995 1650">
    <p class='ocr_par' dir='ltr' id='par_1_28' title="bbox 2423 1576 3995 1650">
     <span class='ocr_line' id='line_1_28' title="bbox 2423 1576 3995 1650; baseline 0.001 -21"><span class='ocrx_word' id='word_1_187' title='bbox 2423 1578 2550 1646; x_wconf 91' lang='lat' dir='ltr'><strong>quid</strong></span> <span class='ocrx_word' id='word_1_188' title='bbox 2574 1579 2674 1633; x_wconf 87' lang='lat' dir='ltr'><strong>sibi</strong></span> <span class='ocrx_word' id='word_1_189' title='bbox 2708 1579 2966 1650; x_wconf 86' lang='lat' dir='ltr'><strong>agendum</strong></span> <span class='ocrx_word' id='word_1_190' title='bbox 2997 1590 3159 1635; x_wconf 88' lang='lat' dir='ltr'><strong>esset.</strong></span> <span class='ocrx_word' id='word_1_191' title='bbox 3199 1576 3309 1632; x_wconf 81' lang='lat' dir='ltr'><strong>Non</strong></span> <span class='ocrx_word' id='word_1_192' title='bbox 3349 1589 3522 1633; x_wconf 88' lang='lat' dir='ltr'><strong>tamen</strong></span> <span class='ocrx_word' id='word_1_193' title='bbox 3566 1578 3645 1633; x_wconf 72' lang='lat' dir='ltr'><strong>diu</strong></span> <span class='ocrx_word' id='word_1_194' title='bbox 3684 1576 3733 1629; x_wconf 89' lang='lat' dir='ltr'><strong>in</strong></span> <span class='ocrx_word' id='word_1_195' title='bbox 3769 1579 3867 1633; x_wconf 89' lang='lat' dir='ltr'><strong>hac</strong></span> <span class='ocrx_word' id='word_1_196' title='bbox 3902 1592 3995 1631; x_wconf 86' lang='lat' dir='ltr'><strong>so-</strong></span> 
     </span>
    </p>
   </div>
   <div class='ocr_carea' id='block_1_29' title="bbox 2422 1667 3994 1737">
    <p class='ocr_par' dir='ltr' id='par_1_29' title="bbox 2422 1667 3994 1737">
     <span class='ocr_line' id='line_1_29' title="bbox 2422 1667 3994 1737; baseline 0.001 -17"><span class='ocrx_word' id='word_1_197' title='bbox 2422 1668 2649 1723; x_wconf 87' lang='lat' dir='ltr'><strong>litudine</strong></span> <span class='ocrx_word' id='word_1_198' title='bbox 2703 1669 2932 1732; x_wconf 90' lang='lat' dir='ltr'><strong>resedit,</strong></span> <span class='ocrx_word' id='word_1_199' title='bbox 2976 1670 3067 1721; x_wconf 86' lang='lat' dir='ltr'><strong>sed</strong></span> <span class='ocrx_word' id='word_1_200' title='bbox 3116 1668 3308 1737; x_wconf 91' lang='lat' dir='ltr'><strong>partim</strong></span> <span class='ocrx_word' id='word_1_201' title='bbox 3356 1669 3587 1724; x_wconf 89' lang='lat' dir='ltr'><strong>obducto</strong></span> <span class='ocrx_word' id='word_1_202' title='bbox 3626 1667 3794 1721; x_wconf 88' lang='lat' dir='ltr'><strong>dolori</strong></span> <span class='ocrx_word' id='word_1_203' title='bbox 3831 1668 3994 1734; x_wconf 89' lang='lat' dir='ltr'><strong>callo,</strong></span> 
     </span>
    </p>
   </div>
   <div class='ocr_carea' id='block_1_30' title="bbox 2422 1758 3993 1831">
    <p class='ocr_par' dir='ltr' id='par_1_30' title="bbox 2422 1758 3993 1831">
     <span class='ocr_line' id='line_1_30' title="bbox 2422 1758 3993 1831; baseline -0.003 -19"><span class='ocrx_word' id='word_1_204' title='bbox 2422 1760 2617 1831; x_wconf 88' lang='lat' dir='ltr'><strong>partim</strong></span> <span class='ocrx_word' id='word_1_205' title='bbox 2667 1766 2869 1816; x_wconf 90' lang='lat' dir='ltr'><strong>veritus</strong></span> <span class='ocrx_word' id='word_1_206' title='bbox 2914 1776 2979 1815; x_wconf 91' lang='lat' dir='ltr'><strong>ne</strong></span> <span class='ocrx_word' id='word_1_207' title='bbox 3019 1760 3183 1829; x_wconf 77' lang='lat' dir='ltr'><strong>patris</strong></span> <span class='ocrx_word' id='word_1_208' title='bbox 3213 1760 3344 1813; x_wconf 86' lang='lat' dir='ltr'><strong>iram</strong></span> <span class='ocrx_word' id='word_1_209' title='bbox 3376 1761 3427 1814; x_wconf 91' lang='lat' dir='ltr'><strong>in</strong></span> <span class='ocrx_word' id='word_1_210' title='bbox 3474 1777 3531 1816; x_wconf 91' lang='lat' dir='ltr'><strong>se</strong></span> <span class='ocrx_word' id='word_1_211' title='bbox 3560 1761 3846 1815; x_wconf 88' lang='lat' dir='ltr'><strong>concitaret</strong></span> <span class='ocrx_word' id='word_1_212' title='bbox 3891 1758 3993 1827; x_wconf 78' lang='grc' dir='ltr'><strong>(ὁ),</strong></span> 
     </span>
    </p>
   </div>
   <div class='ocr_carea' id='block_1_31' title="bbox 2433 1848 3995 1919">
    <p class='ocr_par' dir='ltr' id='par_1_31' title="bbox 2433 1848 3995 1919">
     <span class='ocr_line' id='line_1_31' title="bbox 2433 1848 3995 1919; baseline -0.001 -17"><span class='ocrx_word' id='word_1_213' title='bbox 2433 1850 2476 1903; x_wconf 79' lang='lat' dir='ltr'><strong>si</strong></span> <span class='ocrx_word' id='word_1_214' title='bbox 2513 1854 2749 1919; x_wconf 91' lang='lat' dir='ltr'><strong>precanti</strong></span> <span class='ocrx_word' id='word_1_215' title='bbox 2797 1867 2899 1905; x_wconf 89' lang='lat' dir='ltr'><strong>non</strong></span> <span class='ocrx_word' id='word_1_216' title='bbox 2952 1852 3202 1915; x_wconf 83' lang='lat' dir='ltr'><strong>cederet,</strong></span> <span class='ocrx_word' id='word_1_217' title='bbox 3237 1853 3391 1905; x_wconf 89' lang='lat' dir='ltr'><strong>rediit</strong></span> <span class='ocrx_word' id='word_1_218' title='bbox 3446 1852 3511 1906; x_wconf 86' lang='lat' dir='ltr'><strong>ad</strong></span> <span class='ocrx_word' id='word_1_219' title='bbox 3562 1854 3697 1906; x_wconf 88' lang='lat' dir='ltr'><strong>dicm</strong></span> <span class='ocrx_word' id='word_1_220' title='bbox 3738 1848 3995 1914; x_wconf 80' lang='lat' dir='ltr'><strong>Pasclne,</strong></span> 
     </span>
    </p>
   </div>
   <div class='ocr_carea' id='block_1_32' title="bbox 763 1914 4001 2000">
    <p class='ocr_par' dir='ltr' id='par_1_32' title="bbox 763 1914 4001 2000">
     <span class='ocr_line' id='line_1_32' title="bbox 763 1914 4001 2000; baseline -0.005 6"><span class='ocrx_word' id='word_1_221' title='bbox 763 1920 1132 1989; x_wconf 51' lang='lat' dir='ltr'><strong>Cappadoa‘r&#39;</strong></span> <span class='ocrx_word' id='word_1_222' title='bbox 1166 1918 1272 1977; x_wconf 69' lang='lat' dir='ltr'><strong>Sed</strong></span> <span class='ocrx_word' id='word_1_223' title='bbox 1302 1922 1369 1975; x_wconf 70' lang='grc' dir='ltr'><strong>³ί¹</strong></span> <span class='ocrx_word' id='word_1_224' title='bbox 1392 1935 1507 1974; x_wconf 63' lang='lat' dir='ltr'><strong>eam</strong></span> <span class='ocrx_word' id='word_1_225' title='bbox 1539 1921 1827 1979; x_wconf 51' lang='lat' dir='ltr'><strong>“nonem&#39;</strong></span> <span class='ocrx_word' id='word_1_226' title='bbox 1856 1931 2016 1987; x_wconf 61' lang='lat' dir='ltr'><strong>quam</strong></span> <span class='ocrx_word' id='word_1_227' title='bbox 2037 1914 2329 1976; x_wconf 63' lang='lat' dir='ltr'><strong>auulimus’</strong></span> <span class='ocrx_word' id='word_1_228' title='bbox 2364 1918 2406 1974; x_wconf 74' lang='grc' dir='ltr'><strong>Β</strong></span> <span class='ocrx_word' id='word_1_229' title='bbox 2436 1914 2557 2000; x_wconf 84' lang='lat' dir='ltr'><strong>cum</strong></span> <span class='ocrx_word' id='word_1_230' title='bbox 2591 1942 2695 1997; x_wconf 89' lang='lat' dir='ltr'><strong>alio</strong></span> <span class='ocrx_word' id='word_1_231' title='bbox 2722 1943 2807 1997; x_wconf 88' lang='lat' dir='ltr'><strong>die</strong></span> <span class='ocrx_word' id='word_1_232' title='bbox 2832 1943 2964 1997; x_wconf 84' lang='lat' dir='ltr'><strong>festo</strong></span> <span class='ocrx_word' id='word_1_233' title='bbox 3001 1958 3101 1997; x_wconf 88' lang='lat' dir='ltr'><strong>non</strong></span> <span class='ocrx_word' id='word_1_234' title='bbox 3154 1941 3323 1994; x_wconf 91' lang='lat' dir='ltr'><strong>multo</strong></span> <span class='ocrx_word' id='word_1_235' title='bbox 3356 1952 3478 1996; x_wconf 89' lang='lat' dir='ltr'><strong>ante</strong></span> <span class='ocrx_word' id='word_1_236' title='bbox 3520 1944 3871 1998; x_wconf 82' lang='lat' dir='ltr'><strong>discessisset.</strong></span> <span class='ocrx_word' id='word_1_237' title='bbox 3902 1940 4001 1992; x_wconf 83' lang='lat' dir='ltr'><strong>Ait</strong></span> 
     </span>
    </p>
   </div>
   <div class='ocr_carea' id='block_1_33' title="bbox 766 2008 2325 2080">
    <p class='ocr_par' dir='ltr' id='par_1_33' title="bbox 766 2008 2325 2080">
     <span class='ocr_line' id='line_1_33' title="bbox 766 2008 2325 2080; baseline -0.004 -15"><span class='ocrx_word' id='word_1_238' title='bbox 766 2012 897 2065; x_wconf 91' lang='lat' dir='ltr'><strong>illud</strong></span> <span class='ocrx_word' id='word_1_239' title='bbox 934 2014 1099 2066; x_wconf 89' lang='lat' dir='ltr'><strong>etiam</strong></span> <span class='ocrx_word' id='word_1_240' title='bbox 1135 2014 1362 2075; x_wconf 86' lang='lat' dir='ltr'><strong>accedit,</strong></span> <span class='ocrx_word' id='word_1_241' title='bbox 1387 2010 1528 2080; x_wconf 89' lang='lat' dir='ltr'><strong>quod</strong></span> <span class='ocrx_word' id='word_1_242' title='bbox 1562 2024 1685 2063; x_wconf 90' lang='lat' dir='ltr'><strong>cum</strong></span> <span class='ocrx_word' id='word_1_243' title='bbox 1715 2008 1977 2077; x_wconf 69' lang='lat' dir='ltr'><strong>epistolae,</strong></span> <span class='ocrx_word' id='word_1_244' title='bbox 2002 2021 2123 2076; x_wconf 68' lang='lat' dir='ltr'><strong>qua:</strong></span> <span class='ocrx_word' id='word_1_245' title='bbox 2154 2008 2219 2062; x_wconf 91' lang='lat' dir='ltr'><strong>de</strong></span> <span class='ocrx_word' id='word_1_246' title='bbox 2244 2008 2325 2063; x_wconf 86' lang='lat' dir='ltr'><strong>di-</strong></span> 
     </span>
    </p>
   </div>
   <div class='ocr_carea' id='block_1_34' title="bbox 764 2098 2325 2173">
    <p class='ocr_par' dir='ltr' id='par_1_34' title="bbox 764 2098 2325 2173">
     <span class='ocr_line' id='line_1_34' title="bbox 764 2098 2325 2173; baseline -0.005 -16"><span class='ocrx_word' id='word_1_247' title='bbox 764 2103 975 2159; x_wconf 78' lang='lat' dir='ltr'><strong>visione</strong></span> <span class='ocrx_word' id='word_1_248' title='bbox 1031 2103 1381 2173; x_wconf 65' lang='lat' dir='ltr'><strong>Cappadocim</strong></span> <span class='ocrx_word' id='word_1_249' title='bbox 1442 2100 1659 2171; x_wconf 71' lang='lat' dir='ltr'><strong>scripta:</strong></span> <span class='ocrx_word' id='word_1_250' title='bbox 1706 2108 1854 2162; x_wconf 90' lang='lat' dir='ltr'><strong>sunt,</strong></span> <span class='ocrx_word' id='word_1_251' title='bbox 1902 2098 2061 2154; x_wconf 78' lang='lat' dir='ltr'><strong>ﬂebili</strong></span> <span class='ocrx_word' id='word_1_252' title='bbox 2105 2111 2325 2169; x_wconf 85' lang='lat' dir='ltr'><strong>prorsus</strong></span> 
     </span>
    </p>
   </div>
   <div class='ocr_carea' id='block_1_35' title="bbox 765 2191 2324 2266">
    <p class='ocr_par' dir='ltr' id='par_1_35' title="bbox 765 2191 2324 2266">
     <span class='ocr_line' id='line_1_35' title="bbox 765 2191 2324 2266; baseline -0.004 -18"><span class='ocrx_word' id='word_1_253' title='bbox 765 2196 903 2265; x_wconf 85' lang='lat' dir='ltr'><strong>stylo</strong></span> <span class='ocrx_word' id='word_1_254' title='bbox 935 2196 1071 2249; x_wconf 87' lang='lat' dir='ltr'><strong>mala</strong></span> <span class='ocrx_word' id='word_1_255' title='bbox 1101 2195 1287 2265; x_wconf 69' lang='lat' dir='ltr'><strong>patria:</strong></span> <span class='ocrx_word' id='word_1_256' title='bbox 1311 2194 1611 2266; x_wconf 87' lang='lat' dir='ltr'><strong>deplorent,</strong></span> <span class='ocrx_word' id='word_1_257' title='bbox 1642 2193 1754 2247; x_wconf 66' lang='lat' dir='ltr'><strong>haec</strong></span> <span class='ocrx_word' id='word_1_258' title='bbox 1778 2192 1982 2247; x_wconf 90' lang='lat' dir='ltr'><strong>decima</strong></span> <span class='ocrx_word' id='word_1_259' title='bbox 2011 2194 2196 2262; x_wconf 89' lang='lat' dir='ltr'><strong>quinta</strong></span> <span class='ocrx_word' id='word_1_260' title='bbox 2239 2191 2324 2242; x_wconf 81' lang='lat' dir='ltr'><strong>ni-</strong></span> 
     </span>
    </p>
   </div>
   <div class='ocr_carea' id='block_1_36' title="bbox 767 2283 2327 2357">
    <p class='ocr_par' dir='ltr' id='par_1_36' title="bbox 767 2283 2327 2357">
     <span class='ocr_line' id='line_1_36' title="bbox 767 2283 2327 2357; baseline -0.003 -19"><span class='ocrx_word' id='word_1_261' title='bbox 767 2283 840 2338; x_wconf 90' lang='lat' dir='ltr'><strong>hil</strong></span> <span class='ocrx_word' id='word_1_262' title='bbox 866 2284 1008 2340; x_wconf 89' lang='lat' dir='ltr'><strong>aliud</strong></span> <span class='ocrx_word' id='word_1_263' title='bbox 1034 2284 1218 2352; x_wconf 84' lang='lat' dir='ltr'><strong>habet,</strong></span> <span class='ocrx_word' id='word_1_264' title='bbox 1250 2286 1350 2341; x_wconf 88' lang='lat' dir='ltr'><strong>nisi</strong></span> <span class='ocrx_word' id='word_1_265' title='bbox 1378 2294 1688 2357; x_wconf 84' lang='lat' dir='ltr'><strong>peracutant</strong></span> <span class='ocrx_word' id='word_1_266' title='bbox 1707 2294 1761 2340; x_wconf 90' lang='lat' dir='ltr'><strong>et</strong></span> <span class='ocrx_word' id='word_1_267' title='bbox 1788 2284 2145 2354; x_wconf 87' lang='lat' dir='ltr'><strong>perurbanam</strong></span> <span class='ocrx_word' id='word_1_268' title='bbox 2179 2295 2327 2335; x_wconf 85' lang='lat' dir='ltr'><strong>com-</strong></span> 
     </span>
    </p>
   </div>
   <div class='ocr_carea' id='block_1_37' title="bbox 770 2376 1192 2433">
    <p class='ocr_par' dir='ltr' id='par_1_37' title="bbox 770 2376 1192 2433">
     <span class='ocr_line' id='line_1_37' title="bbox 770 2376 1192 2433; baseline 0.009 -4"><span class='ocrx_word' id='word_1_269' title='bbox 770 2376 1192 2433; x_wconf 82' lang='lat' dir='ltr'><strong>tucndationem.</strong></span> 
     </span>
    </p>
   </div>
   <div class='ocr_carea' id='block_1_38' title="bbox 1327 2466 1731 2522">
    <p class='ocr_par' dir='ltr' id='par_1_38' title="bbox 1327 2466 1731 2522">
     <span class='ocr_line' id='line_1_38' title="bbox 1327 2466 1731 2522; baseline -0.01 0"><span class='ocrx_word' id='word_1_270' title='bbox 1327 2466 1559 2522; x_wconf 83' lang='lat' dir='ltr'><strong>CAPUT</strong></span> <span class='ocrx_word' id='word_1_271' title='bbox 1599 2466 1731 2521; x_wconf 76' lang='lat' dir='ltr'><strong>VIII.</strong></span> 
     </span>
    </p>
   </div>
   <div class='ocr_carea' id='block_1_39' title="bbox 767 2549 2330 2625">
    <p class='ocr_par' dir='ltr' id='par_1_39' title="bbox 767 2549 2330 2625">
     <span class='ocr_line' id='line_1_39' title="bbox 767 2549 2330 2625; baseline -0.004 -14"><span class='ocrx_word' id='word_1_272' title='bbox 767 2556 808 2612; x_wconf 89' lang='grc'><strong>1.</strong></span> <span class='ocrx_word' id='word_1_273' title='bbox 837 2549 912 2610; x_wconf 89' lang='lat' dir='ltr'><strong>De</strong></span> <span class='ocrx_word' id='word_1_274' title='bbox 936 2556 1143 2610; x_wconf 74' lang='lat' dir='ltr'><strong>Iuliani</strong></span> <span class='ocrx_word' id='word_1_275' title='bbox 1172 2558 1499 2625; x_wconf 71' lang='lat' dir='ltr'><strong>imperatoris</strong></span> <span class='ocrx_word' id='word_1_276' title='bbox 1528 2566 1593 2608; x_wconf 83' lang='lat' dir='ltr'><strong>ad</strong></span> <span class='ocrx_word' id='word_1_277' title='bbox 1632 2568 1871 2608; x_wconf 86' lang='lat' dir='ltr'><strong>sanctam</strong></span> <span class='ocrx_word' id='word_1_278' title='bbox 1932 2553 2194 2625; x_wconf 76' lang='lat' dir='ltr'><strong>Basiliam</strong></span> <span class='ocrx_word' id='word_1_279' title='bbox 2221 2552 2330 2617; x_wconf 68' lang='lat' dir='ltr'><strong>epi-</strong></span> 
     </span>
    </p>
   </div>
   <div class='ocr_carea' id='block_1_40' title="bbox 836 2623 2323 2695">
    <p class='ocr_par' dir='ltr' id='par_1_40' title="bbox 836 2623 2323 2695">
     <span class='ocr_line' id='line_1_40' title="bbox 836 2623 2323 2695; baseline -0.003 -16"><span class='ocrx_word' id='word_1_280' title='bbox 836 2634 992 2680; x_wconf 80' lang='lat' dir='ltr'><strong>stola.</strong></span> <span class='ocrx_word' id='word_1_281' title='bbox 1018 2628 1075 2681; x_wconf 92' lang='lat' dir='ltr'><strong>ll.</strong></span> <span class='ocrx_word' id='word_1_282' title='bbox 1103 2623 1327 2681; x_wconf 74' lang='lat' dir='ltr'><strong>Sanctus</strong></span> <span class='ocrx_word' id='word_1_283' title='bbox 1350 2626 1627 2695; x_wconf 77' lang='lat' dir='ltr'><strong>Gregorius</strong></span> <span class='ocrx_word' id='word_1_284' title='bbox 1670 2626 2035 2695; x_wconf 64' lang='lat' dir='ltr'><strong>Nazianzenus</strong></span> <span class='ocrx_word' id='word_1_285' title='bbox 2062 2623 2323 2693; x_wconf 79' lang='lat' dir='ltr'><strong>presbyter</strong></span> 
     </span>
    </p>
   </div>
   <div class='ocr_carea' id='block_1_41' title="bbox 837 2694 2327 2759">
    <p class='ocr_par' dir='ltr' id='par_1_41' title="bbox 837 2694 2327 2759">
     <span class='ocr_line' id='line_1_41' title="bbox 837 2694 2327 2759; baseline -0.004 -9"><span class='ocrx_word' id='word_1_286' title='bbox 837 2709 1066 2753; x_wconf 79' lang='lat' dir='ltr'><strong>creatur.</strong></span> <span class='ocrx_word' id='word_1_287' title='bbox 1084 2699 1166 2752; x_wconf 92' lang='lat' dir='ltr'><strong>Ill.</strong></span> <span class='ocrx_word' id='word_1_288' title='bbox 1186 2697 1414 2751; x_wconf 75' lang='lat' dir='ltr'><strong>Basilius</strong></span> <span class='ocrx_word' id='word_1_289' title='bbox 1435 2694 1718 2751; x_wconf 75' lang='lat' dir='ltr'><strong>accersitur</strong></span> <span class='ocrx_word' id='word_1_290' title='bbox 1733 2713 1763 2748; x_wconf 91' lang='lat' dir='ltr'><strong>a</strong></span> <span class='ocrx_word' id='word_1_291' title='bbox 1784 2694 1974 2749; x_wconf 79' lang='lat' dir='ltr'><strong>Diania</strong></span> <span class='ocrx_word' id='word_1_292' title='bbox 1996 2696 2327 2759; x_wconf 74' lang='lat' dir='ltr'><strong>Ca’ttttt‘tettsi,</strong></span> 
     </span>
    </p>
   </div>
   <div class='ocr_carea' id='block_1_42' title="bbox 841 2765 2332 2823">
    <p class='ocr_par' dir='ltr' id='par_1_42' title="bbox 841 2765 2332 2823">
     <span class='ocr_line' id='line_1_42' title="bbox 841 2765 2332 2823; baseline -0.005 -2"><span class='ocrx_word' id='word_1_293' title='bbox 841 2778 891 2821; x_wconf 81' lang='lat' dir='ltr'><strong>et</strong></span> <span class='ocrx_word' id='word_1_294' title='bbox 921 2785 1036 2823; x_wconf 86' lang='lat' dir='ltr'><strong>cum</strong></span> <span class='ocrx_word' id='word_1_295' title='bbox 1063 2785 1122 2823; x_wconf 85' lang='lat' dir='ltr'><strong>eo</strong></span> <span class='ocrx_word' id='word_1_296' title='bbox 1147 2771 1511 2822; x_wconf 84' lang='lat' dir='ltr'><strong>communicat.</strong></span> <span class='ocrx_word' id='word_1_297' title='bbox 1560 2767 1748 2821; x_wconf 84' lang='lat' dir='ltr'><strong>Utrum</strong></span> <span class='ocrx_word' id='word_1_298' title='bbox 1780 2770 1964 2819; x_wconf 71' lang='lat' dir='ltr'><strong>merito</strong></span> <span class='ocrx_word' id='word_1_299' title='bbox 1994 2766 2129 2818; x_wconf 82' lang='lat' dir='ltr'><strong>hanc</strong></span> <span class='ocrx_word' id='word_1_300' title='bbox 2165 2765 2332 2815; x_wconf 82' lang='lat' dir='ltr'><strong>homi-</strong></span> 
     </span>
    </p>
   </div>
   <div class='ocr_carea' id='block_1_43' title="bbox 842 2834 2332 2893">
    <p class='ocr_par' dir='ltr' id='par_1_43' title="bbox 842 2834 2332 2893">
     <span class='ocr_line' id='line_1_43' title="bbox 842 2834 2332 2893; baseline -0.002 -3"><span class='ocrx_word' id='word_1_301' title='bbox 842 2854 957 2890; x_wconf 61' lang='grc' dir='ltr'><strong>πέδη</strong></span> <span class='ocrx_word' id='word_1_302' title='bbox 1012 2840 1299 2893; x_wconf 75' lang='lat' dir='ltr'><strong>laudaverit</strong></span> <span class='ocrx_word' id='word_1_303' title='bbox 1353 2837 1603 2892; x_wconf 79' lang='lat' dir='ltr'><strong>Basilius.</strong></span> <span class='ocrx_word' id='word_1_304' title='bbox 1650 2837 1736 2893; x_wconf 82' lang='lat' dir='ltr'><strong>IV.</strong></span> <span class='ocrx_word' id='word_1_305' title='bbox 1783 2836 1976 2889; x_wconf 82' lang='lat' dir='ltr'><strong>Diania</strong></span> <span class='ocrx_word' id='word_1_306' title='bbox 2021 2834 2332 2888; x_wconf 70' lang='lat' dir='ltr'><strong>Carsarieiisi</strong></span> 
     </span>
    </p>
   </div>
   <div class='ocr_carea' id='block_1_44' title="bbox 838 2902 2334 2961">
    <p class='ocr_par' dir='ltr' id='par_1_44' title="bbox 838 2902 2334 2961">
     <span class='ocr_line' id='line_1_44' title="bbox 838 2902 2334 2961; baseline -0.004 -2"><span class='ocrx_word' id='word_1_307' title='bbox 838 2911 1066 2960; x_wconf 80' lang='lat' dir='ltr'><strong>succedit</strong></span> <span class='ocrx_word' id='word_1_308' title='bbox 1091 2909 1345 2961; x_wconf 83' lang='lat' dir='ltr'><strong>Eusebius</strong></span> <span class='ocrx_word' id='word_1_309' title='bbox 1391 2909 1480 2959; x_wconf 91' lang='lat' dir='ltr'><strong>sub</strong></span> <span class='ocrx_word' id='word_1_310' title='bbox 1510 2906 1744 2959; x_wconf 76' lang='lat' dir='ltr'><strong>Iuliano.</strong></span> <span class='ocrx_word' id='word_1_311' title='bbox 1783 2906 1839 2958; x_wconf 74' lang='grc' dir='ltr'><strong>γ.</strong></span> <span class='ocrx_word' id='word_1_312' title='bbox 1880 2907 2123 2958; x_wconf 84' lang='lat' dir='ltr'><strong>Julianus</strong></span> <span class='ocrx_word' id='word_1_313' title='bbox 2165 2902 2334 2955; x_wconf 79' lang='lat' dir='ltr'><strong>Ca’sa-</strong></span> 
     </span>
    </p>
   </div>
   <div class='ocr_carea' id='block_1_45' title="bbox 842 2971 2326 3043">
    <p class='ocr_par' dir='ltr' id='par_1_45' title="bbox 842 2971 2326 3043">
     <span class='ocr_line' id='line_1_45' title="bbox 842 2971 2326 3043; baseline -0.002 -16"><span class='ocrx_word' id='word_1_314' title='bbox 842 2993 987 3028; x_wconf 80' lang='lat' dir='ltr'><strong>ream</strong></span> <span class='ocrx_word' id='word_1_315' title='bbox 1010 2980 1195 3030; x_wconf 81' lang='lat' dir='ltr'><strong>tendit.</strong></span> <span class='ocrx_word' id='word_1_316' title='bbox 1230 2978 1438 3043; x_wconf 78' lang='lat' dir='ltr'><strong>Spuria:</strong></span> <span class='ocrx_word' id='word_1_317' title='bbox 1458 2977 1687 3040; x_wconf 73' lang='lat' dir='ltr'><strong>epistolie</strong></span> <span class='ocrx_word' id='word_1_318' title='bbox 1710 2974 1893 3026; x_wconf 85' lang='lat' dir='ltr'><strong>Basilii</strong></span> <span class='ocrx_word' id='word_1_319' title='bbox 1916 2984 1963 3043; x_wconf 84' lang='lat' dir='ltr'><strong>et</strong></span> <span class='ocrx_word' id='word_1_320' title='bbox 1990 2974 2217 3025; x_wconf 85' lang='lat' dir='ltr'><strong>Juliaiii.</strong></span> 
     </span>
    </p>
   </div>
   <div class='ocr_carea' id='block_1_46' title="bbox 841 3041 2333 3109">
    <p class='ocr_par' dir='ltr' id='par_1_46' title="bbox 841 3041 2333 3109">
     <span class='ocr_line' id='line_1_46' title="bbox 841 3041 2333 3109; baseline -0.006 -9"><span class='ocrx_word' id='word_1_321' title='bbox 841 3045 1188 3101; x_wconf 81' lang='lat' dir='ltr'><strong>Cicsurienses</strong></span> <span class='ocrx_word' id='word_1_322' title='bbox 1211 3041 1434 3098; x_wconf 70' lang='lat' dir='ltr'><strong>maxime</strong></span> <span class='ocrx_word' id='word_1_323' title='bbox 1459 3046 1587 3105; x_wconf 80' lang='lat' dir='ltr'><strong>odit,</strong></span> <span class='ocrx_word' id='word_1_324' title='bbox 1619 3044 1811 3096; x_wconf 87' lang='lat' dir='ltr'><strong>Basilio</strong></span> <span class='ocrx_word' id='word_1_325' title='bbox 1837 3041 2148 3109; x_wconf 80' lang='lat' dir='ltr'><strong>etGregorio</strong></span> <span class='ocrx_word' id='word_1_326' title='bbox 2176 3042 2333 3091; x_wconf 82' lang='lat' dir='ltr'><strong>mini-</strong></span> 
     </span>
    </p>
   </div>
   <div class='ocr_carea' id='block_1_47' title="bbox 844 3111 2330 3177">
    <p class='ocr_par' dir='ltr' id='par_1_47' title="bbox 844 3111 2330 3177">
     <span class='ocr_line' id='line_1_47' title="bbox 844 3111 2330 3177; baseline -0.005 -7"><span class='ocrx_word' id='word_1_327' title='bbox 844 3128 1007 3170; x_wconf 86' lang='lat' dir='ltr'><strong>tatur.</strong></span> <span class='ocrx_word' id='word_1_328' title='bbox 1050 3116 1157 3172; x_wconf 74' lang='lat' dir='ltr'><strong>Vll.</strong></span> <span class='ocrx_word' id='word_1_329' title='bbox 1202 3116 1416 3169; x_wconf 84' lang='lat' dir='ltr'><strong>Videtur</strong></span> <span class='ocrx_word' id='word_1_330' title='bbox 1449 3114 1681 3169; x_wconf 84' lang='lat' dir='ltr'><strong>Basilius</strong></span> <span class='ocrx_word' id='word_1_331' title='bbox 1704 3115 1796 3165; x_wconf 85' lang='lat' dir='ltr'><strong>sub</strong></span> <span class='ocrx_word' id='word_1_332' title='bbox 1827 3111 2043 3165; x_wconf 70' lang='lat' dir='ltr'><strong>Iuliano</strong></span> <span class='ocrx_word' id='word_1_333' title='bbox 2064 3112 2330 3177; x_wconf 68' lang='lat' dir='ltr'><strong>scripsisse</strong></span> 
     </span>
    </p>
   </div>
   <div class='ocr_carea' id='block_1_48' title="bbox 841 3182 2332 3247">
    <p class='ocr_par' dir='ltr' id='par_1_48' title="bbox 841 3182 2332 3247">
     <span class='ocr_line' id='line_1_48' title="bbox 841 3182 2332 3247; baseline -0.004 -8"><span class='ocrx_word' id='word_1_334' title='bbox 841 3189 1089 3242; x_wconf 79' lang='lat' dir='ltr'><strong>adversus</strong></span> <span class='ocrx_word' id='word_1_335' title='bbox 1119 3187 1458 3241; x_wconf 81' lang='lat' dir='ltr'><strong>Eunomium.</strong></span> <span class='ocrx_word' id='word_1_336' title='bbox 1492 3186 1596 3239; x_wconf 77' lang='lat' dir='ltr'><strong>Sub</strong></span> <span class='ocrx_word' id='word_1_337' title='bbox 1628 3192 1804 3238; x_wconf 80' lang='lat' dir='ltr'><strong>eodem</strong></span> <span class='ocrx_word' id='word_1_338' title='bbox 1832 3184 2037 3247; x_wconf 81' lang='lat' dir='ltr'><strong>scripta:</strong></span> <span class='ocrx_word' id='word_1_339' title='bbox 2070 3184 2185 3234; x_wconf 81' lang='lat' dir='ltr'><strong>duw</strong></span> <span class='ocrx_word' id='word_1_340' title='bbox 2214 3182 2332 3233; x_wconf 78' lang='lat' dir='ltr'><strong>alia:</strong></span> 
     </span>
    </p>
   </div>
   <div class='ocr_carea' id='block_1_49' title="bbox 840 3254 2119 3324">
    <p class='ocr_par' dir='ltr' id='par_1_49' title="bbox 840 3254 2119 3324">
     <span class='ocr_line' id='line_1_49' title="bbox 840 3254 2119 3324; baseline -0.002 -16"><span class='ocrx_word' id='word_1_341' title='bbox 840 3259 1091 3318; x_wconf 66' lang='lat' dir='ltr'><strong>epistolae.</strong></span> <span class='ocrx_word' id='word_1_342' title='bbox 1130 3257 1259 3311; x_wconf 84' lang='lat' dir='ltr'><strong>VIII.</strong></span> <span class='ocrx_word' id='word_1_343' title='bbox 1303 3259 1382 3310; x_wconf 79' lang='lat' dir='ltr'><strong>Ad</strong></span> <span class='ocrx_word' id='word_1_344' title='bbox 1422 3260 1557 3310; x_wconf 81' lang='lat' dir='ltr'><strong>idem</strong></span> <span class='ocrx_word' id='word_1_345' title='bbox 1600 3267 1795 3324; x_wconf 79' lang='lat' dir='ltr'><strong>tempus</strong></span> <span class='ocrx_word' id='word_1_346' title='bbox 1837 3254 2119 3324; x_wconf 69' lang='lat' dir='ltr'><strong>referentia?</strong></span> 
     </span>
    </p>
   </div>
   <div class='ocr_carea' id='block_1_50' title="bbox 844 3319 2328 3379">
    <p class='ocr_par' dir='ltr' id='par_1_50' title="bbox 844 3319 2328 3379">
     <span class='ocr_line' id='line_1_50' title="bbox 844 3319 2328 3379; baseline -0.003 -3"><span class='ocrx_word' id='word_1_347' title='bbox 844 3327 1120 3379; x_wconf 73' lang='lat' dir='ltr'><strong>Athanasii</strong></span> <span class='ocrx_word' id='word_1_348' title='bbox 1145 3330 1212 3377; x_wconf 88' lang='lat' dir='ltr'><strong>ad</strong></span> <span class='ocrx_word' id='word_1_349' title='bbox 1232 3324 1483 3377; x_wconf 58' lang='lat' dir='ltr'><strong>Basiliam</strong></span> <span class='ocrx_word' id='word_1_350' title='bbox 1504 3319 1709 3377; x_wconf 60' lang='lat' dir='ltr'><strong>littera&#39;.</strong></span> <span class='ocrx_word' id='word_1_351' title='bbox 1736 3322 1823 3377; x_wconf 75' lang='lat' dir='ltr'><strong>IX.</strong></span> <span class='ocrx_word' id='word_1_352' title='bbox 1843 3319 2328 3375; x_wconf 75' lang='lat' dir='ltr'><strong>ProbatursubJu—</strong></span> 
     </span>
    </p>
   </div>
   <div class='ocr_carea' id='block_1_51' title="bbox 840 3393 2332 3463">
    <p class='ocr_par' dir='ltr' id='par_1_51' title="bbox 840 3393 2332 3463">
     <span class='ocr_line' id='line_1_51' title="bbox 840 3393 2332 3463; baseline -0.003 -16"><span class='ocrx_word' id='word_1_353' title='bbox 840 3396 984 3447; x_wconf 86' lang='lat' dir='ltr'><strong>liano</strong></span> <span class='ocrx_word' id='word_1_354' title='bbox 1015 3395 1322 3463; x_wconf 74' lang='lat' dir='ltr'><strong>Gregorium</strong></span> <span class='ocrx_word' id='word_1_355' title='bbox 1345 3393 1939 3463; x_wconf 71' lang='lat' dir='ltr'><strong>Nazianzi__epis_copum</strong></span> <span class='ocrx_word' id='word_1_356' title='bbox 1966 3394 2332 3456; x_wconf 82' lang='lat' dir='ltr'><strong>subscripsisse</strong></span> 
     </span>
    </p>
   </div>
   <div class='ocr_carea' id='block_1_52' title="bbox 843 3459 2330 3533">
    <p class='ocr_par' dir='ltr' id='par_1_52' title="bbox 843 3459 2330 3533">
     <span class='ocr_line' id='line_1_52' title="bbox 843 3459 2330 3533; baseline -0.004 -15"><span class='ocrx_word' id='word_1_357' title='bbox 843 3468 1086 3533; x_wconf 78' lang='lat' dir='ltr'><strong>{ormqu</strong></span> <span class='ocrx_word' id='word_1_358' title='bbox 1123 3459 1231 3518; x_wconf 69' lang='lat' dir='ltr'><strong>non</strong></span> <span class='ocrx_word' id='word_1_359' title='bbox 1262 3464 1580 3533; x_wconf 63' lang='lat' dir='ltr'><strong>orthodoxae.</strong></span> <span class='ocrx_word' id='word_1_360' title='bbox 1617 3459 1705 3533; x_wconf 67' lang='grc' dir='ltr'><strong>Χ..⁸</strong></span> <span class='ocrx_word' id='word_1_361' title='bbox 1734 3460 1923 3533; x_wconf 78' lang='lat' dir='ltr'><strong>Statim</strong></span> <span class='ocrx_word' id='word_1_362' title='bbox 1960 3472 2074 3526; x_wconf 86' lang='lat' dir='ltr'><strong>post</strong></span> <span class='ocrx_word' id='word_1_363' title='bbox 2113 3470 2330 3511; x_wconf 84' lang='lat' dir='ltr'><strong>mortem</strong></span> 
     </span>
    </p>
   </div>
   <div class='ocr_carea' id='block_1_53' title="bbox 844 3530 1890 3604">
    <p class='ocr_par' dir='ltr' id='par_1_53' title="bbox 844 3530 1890 3604">
     <span class='ocr_line' id='line_1_53' title="bbox 844 3530 1890 3604; baseline -0.011 -13"><span class='ocrx_word' id='word_1_364' title='bbox 844 3530 1049 3591; x_wconf 57' lang='lat' dir='ltr'><strong>Iuliani</strong></span> <span class='ocrx_word' id='word_1_365' title='bbox 1089 3534 1371 3604; x_wconf 76' lang='lat' dir='ltr'><strong>Gregorius</strong></span> <span class='ocrx_word' id='word_1_366' title='bbox 1397 3532 1655 3586; x_wconf 80' lang='lat' dir='ltr'><strong>Basiliam</strong></span> <span class='ocrx_word' id='word_1_367' title='bbox 1690 3530 1890 3581; x_wconf 81' lang='lat' dir='ltr'><strong>invisit.</strong></span> 
     </span>
    </p>
   </div>
   <div class='ocr_carea' id='block_1_54' title="bbox 820 3615 2321 3692">
    <p class='ocr_par' dir='ltr' id='par_1_54' title="bbox 820 3615 2321 3692">
     <span class='ocr_line' id='line_1_54' title="bbox 820 3615 2321 3692; baseline -0.008 -13"><span class='ocrx_word' id='word_1_368' title='bbox 820 3626 885 3679; x_wconf 78' lang='lat' dir='ltr'><strong>‘l.</strong></span> <span class='ocrx_word' id='word_1_369' title='bbox 910 3624 1153 3679; x_wconf 76' lang='lat' dir='ltr'><strong>Julianus</strong></span> <span class='ocrx_word' id='word_1_370' title='bbox 1177 3625 1488 3692; x_wconf 84' lang='lat' dir='ltr'><strong>imperator,</strong></span> <span class='ocrx_word' id='word_1_371' title='bbox 1514 3622 1601 3690; x_wconf 87' lang='lat' dir='ltr'><strong>qui</strong></span> <span class='ocrx_word' id='word_1_372' title='bbox 1634 3619 1885 3672; x_wconf 84' lang='lat' dir='ltr'><strong>Basilium</strong></span> <span class='ocrx_word' id='word_1_373' title='bbox 1922 3626 1970 3671; x_wconf 90' lang='lat' dir='ltr'><strong>et</strong></span> <span class='ocrx_word' id='word_1_374' title='bbox 2006 3615 2321 3686; x_wconf 81' lang='lat' dir='ltr'><strong>Gregorium</strong></span> 
     </span>
    </p>
   </div>
   <div class='ocr_carea' id='block_1_55' title="bbox 773 3708 2331 3784">
    <p class='ocr_par' dir='ltr' id='par_1_55' title="bbox 773 3708 2331 3784">
     <span class='ocr_line' id='line_1_55' title="bbox 773 3708 2331 3784; baseline -0.007 -13"><span class='ocrx_word' id='word_1_375' title='bbox 773 3717 998 3771; x_wconf 79' lang='lat' dir='ltr'><strong>Athenis</strong></span> <span class='ocrx_word' id='word_1_376' title='bbox 1035 3725 1404 3784; x_wconf 88' lang='lat' dir='ltr'><strong>cognoverat,</strong></span> <span class='ocrx_word' id='word_1_377' title='bbox 1445 3728 1508 3767; x_wconf 92' lang='lat' dir='ltr'><strong>eo</strong></span> <span class='ocrx_word' id='word_1_378' title='bbox 1544 3712 1717 3780; x_wconf 80' lang='lat' dir='ltr'><strong>magis</strong></span> <span class='ocrx_word' id='word_1_379' title='bbox 1747 3711 1799 3763; x_wconf 92' lang='lat' dir='ltr'><strong>in</strong></span> <span class='ocrx_word' id='word_1_380' title='bbox 1830 3723 2055 3779; x_wconf 88' lang='lat' dir='ltr'><strong>utroque</strong></span> <span class='ocrx_word' id='word_1_381' title='bbox 2102 3708 2331 3761; x_wconf 84' lang='lat' dir='ltr'><strong>studium</strong></span> 
     </span>
    </p>
   </div>
   <div class='ocr_carea' id='block_1_56' title="bbox 771 3798 2335 3873">
    <p class='ocr_par' dir='ltr' id='par_1_56' title="bbox 771 3798 2335 3873">
     <span class='ocr_line' id='line_1_56' title="bbox 771 3798 2335 3873; baseline -0.004 -13"><span class='ocrx_word' id='word_1_382' title='bbox 771 3806 1092 3861; x_wconf 71' lang='lat' dir='ltr'><strong>Christiana:</strong></span> <span class='ocrx_word' id='word_1_383' title='bbox 1128 3805 1400 3873; x_wconf 81' lang='lat' dir='ltr'><strong>religionis</strong></span> <span class='ocrx_word' id='word_1_384' title='bbox 1422 3803 1543 3856; x_wconf 91' lang='lat' dir='ltr'><strong>odio</strong></span> <span class='ocrx_word' id='word_1_385' title='bbox 1572 3802 1775 3864; x_wconf 88' lang='lat' dir='ltr'><strong>habuit,</strong></span> <span class='ocrx_word' id='word_1_386' title='bbox 1805 3816 1910 3869; x_wconf 89' lang='lat' dir='ltr'><strong>quo</strong></span> <span class='ocrx_word' id='word_1_387' title='bbox 1950 3798 2149 3867; x_wconf 86' lang='lat' dir='ltr'><strong>majora</strong></span> <span class='ocrx_word' id='word_1_388' title='bbox 2183 3801 2231 3852; x_wconf 89' lang='lat' dir='ltr'><strong>in</strong></span> <span class='ocrx_word' id='word_1_389' title='bbox 2256 3800 2335 3853; x_wconf 84' lang='lat' dir='ltr'><strong>eis</strong></span> 
     </span>
    </p>
   </div>
   <div class='ocr_carea' id='block_1_57' title="bbox 774 3890 2335 3961">
    <p class='ocr_par' dir='ltr' id='par_1_57' title="bbox 774 3890 2335 3961">
     <span class='ocr_line' id='line_1_57' title="bbox 774 3890 2335 3961; baseline -0.005 -10"><span class='ocrx_word' id='word_1_390' title='bbox 774 3896 841 3951; x_wconf 79' lang='lat' dir='ltr'><strong>ad</strong></span> <span class='ocrx_word' id='word_1_391' title='bbox 864 3895 1005 3950; x_wconf 83' lang='lat' dir='ltr'><strong>illam</strong></span> <span class='ocrx_word' id='word_1_392' title='bbox 1038 3893 1418 3949; x_wconf 86' lang='lat' dir='ltr'><strong>defendendam</strong></span> <span class='ocrx_word' id='word_1_393' title='bbox 1453 3892 1653 3961; x_wconf 86' lang='lat' dir='ltr'><strong>ingenii</strong></span> <span class='ocrx_word' id='word_1_394' title='bbox 1696 3900 1749 3943; x_wconf 88' lang='lat' dir='ltr'><strong>et</strong></span> <span class='ocrx_word' id='word_1_395' title='bbox 1781 3890 2039 3943; x_wconf 66' lang='lat' dir='ltr'><strong>doctrinae</strong></span> <span class='ocrx_word' id='word_1_396' title='bbox 2087 3891 2335 3958; x_wconf 62' lang='lat' dir='ltr'><strong>praesidia</strong></span> 
     </span>
    </p>
   </div>
   <div class='ocr_carea' id='block_1_58' title="bbox 772 3981 2336 4053">
    <p class='ocr_par' dir='ltr' id='par_1_58' title="bbox 772 3981 2336 4053">
     <span class='ocr_line' id='line_1_58' title="bbox 772 3981 2336 4053; baseline -0.007 -10"><span class='ocrx_word' id='word_1_397' title='bbox 772 3988 1011 4043; x_wconf 77' lang='lat' dir='ltr'><strong>videbat.</strong></span> <span class='ocrx_word' id='word_1_398' title='bbox 1050 3986 1154 4040; x_wconf 82' lang='lat' dir='ltr'><strong>Sed</strong></span> <span class='ocrx_word' id='word_1_399' title='bbox 1186 3995 1361 4039; x_wconf 79' lang='lat' dir='ltr'><strong>tamen</strong></span> <span class='ocrx_word' id='word_1_400' title='bbox 1396 3984 1441 4037; x_wconf 87' lang='lat' dir='ltr'><strong>si</strong></span> <span class='ocrx_word' id='word_1_401' title='bbox 1479 3982 1726 4053; x_wconf 65' lang='lat' dir='ltr'><strong>genuinae</strong></span> <span class='ocrx_word' id='word_1_402' title='bbox 1769 3990 1891 4034; x_wconf 89' lang='lat' dir='ltr'><strong>sunt</strong></span> <span class='ocrx_word' id='word_1_403' title='bbox 1930 3981 2085 4049; x_wconf 85' lang='lat' dir='ltr'><strong>hujus</strong></span> <span class='ocrx_word' id='word_1_404' title='bbox 2121 3991 2336 4049; x_wconf 87' lang='lat' dir='ltr'><strong>aposta-</strong></span> 
     </span>
    </p>
   </div>
   <div class='ocr_carea' id='block_1_59' title="bbox 777 4072 2327 4139">
    <p class='ocr_par' dir='ltr' id='par_1_59' title="bbox 777 4072 2327 4139">
     <span class='ocr_line' id='line_1_59' title="bbox 777 4072 2327 4139; baseline -0.007 -5"><span class='ocrx_word' id='word_1_405' title='bbox 777 4082 930 4133; x_wconf 72' lang='lat' dir='ltr'><strong>uead</strong></span> <span class='ocrx_word' id='word_1_406' title='bbox 955 4078 1207 4133; x_wconf 83' lang='lat' dir='ltr'><strong>Basiliam</strong></span> <span class='ocrx_word' id='word_1_407' title='bbox 1239 4077 1451 4139; x_wconf 64' lang='lat' dir='ltr'><strong>litteras,</strong></span> <span class='ocrx_word' id='word_1_408' title='bbox 1485 4075 1693 4128; x_wconf 81' lang='lat' dir='ltr'><strong>videtur</strong></span> <span class='ocrx_word' id='word_1_409' title='bbox 1733 4073 1885 4127; x_wconf 92' lang='lat' dir='ltr'><strong>initio</strong></span> <span class='ocrx_word' id='word_1_410' title='bbox 1938 4072 2123 4127; x_wconf 85' lang='lat' dir='ltr'><strong>Basilii</strong></span> <span class='ocrx_word' id='word_1_411' title='bbox 2175 4072 2327 4126; x_wconf 86' lang='lat' dir='ltr'><strong>blan-</strong></span> 
     </span>
    </p>
   </div>
   <div class='ocr_carea' id='block_1_60' title="bbox 775 4164 2331 4236">
    <p class='ocr_par' dir='ltr' id='par_1_60' title="bbox 775 4164 2331 4236">
     <span class='ocr_line' id='line_1_60' title="bbox 775 4164 2331 4236; baseline -0.003 -13"><span class='ocrx_word' id='word_1_412' title='bbox 775 4170 922 4223; x_wconf 86' lang='lat' dir='ltr'><strong>ditiis</strong></span> <span class='ocrx_word' id='word_1_413' title='bbox 950 4170 1217 4222; x_wconf 89' lang='lat' dir='ltr'><strong>alliciendi</strong></span> <span class='ocrx_word' id='word_1_414' title='bbox 1244 4183 1363 4236; x_wconf 86' lang='lat' dir='ltr'><strong>spes</strong></span> <span class='ocrx_word' id='word_1_415' title='bbox 1397 4168 1579 4220; x_wconf 88' lang='lat' dir='ltr'><strong>inanes</strong></span> <span class='ocrx_word' id='word_1_416' title='bbox 1618 4164 1949 4233; x_wconf 79' lang='lat' dir='ltr'><strong>concepisse.</strong></span> <span class='ocrx_word' id='word_1_417' title='bbox 1985 4166 2177 4219; x_wconf 88' lang='lat' dir='ltr'><strong>Invitat</strong></span> <span class='ocrx_word' id='word_1_418' title='bbox 2209 4180 2331 4219; x_wconf 93' lang='lat' dir='ltr'><strong>eum</strong></span> 
     </span>
    </p>
   </div>
   <div class='ocr_carea' id='block_1_61' title="bbox 776 4258 2331 4327">
    <p class='ocr_par' dir='ltr' id='par_1_61' title="bbox 776 4258 2331 4327">
     <span class='ocr_line' id='line_1_61' title="bbox 776 4258 2331 4327; baseline -0.003 -13"><span class='ocrx_word' id='word_1_419' title='bbox 776 4261 843 4315; x_wconf 80' lang='lat' dir='ltr'><strong>ad</strong></span> <span class='ocrx_word' id='word_1_420' title='bbox 874 4274 952 4327; x_wconf 87' lang='lat' dir='ltr'><strong>se,</strong></span> <span class='ocrx_word' id='word_1_421' title='bbox 986 4270 1044 4313; x_wconf 91' lang='lat' dir='ltr'><strong>ut</strong></span> <span class='ocrx_word' id='word_1_422' title='bbox 1085 4260 1150 4312; x_wconf 87' lang='lat' dir='ltr'><strong>ad</strong></span> <span class='ocrx_word' id='word_1_423' title='bbox 1188 4262 1561 4327; x_wconf 79' lang='lat' dir='ltr'><strong>imperatorem</strong></span> <span class='ocrx_word' id='word_1_424' title='bbox 1589 4261 1659 4310; x_wconf 90' lang='lat' dir='ltr'><strong>ita</strong></span> <span class='ocrx_word' id='word_1_425' title='bbox 1693 4272 1813 4310; x_wconf 88' lang='lat' dir='ltr'><strong>cum</strong></span> <span class='ocrx_word' id='word_1_426' title='bbox 1837 4258 2022 4311; x_wconf 88' lang='lat' dir='ltr'><strong>amicis</strong></span> <span class='ocrx_word' id='word_1_427' title='bbox 2045 4259 2331 4319; x_wconf 82' lang='lat' dir='ltr'><strong>viventem,</strong></span> 
     </span>
    </p>
   </div>
   <div class='ocr_carea' id='block_1_62' title="bbox 777 4352 2335 4422">
    <p class='ocr_par' dir='ltr' id='par_1_62' title="bbox 777 4352 2335 4422">
     <span class='ocr_line' id='line_1_62' title="bbox 777 4352 2335 4422; baseline -0.001 -15"><span class='ocrx_word' id='word_1_428' title='bbox 777 4363 839 4407; x_wconf 90' lang='lat' dir='ltr'><strong>ut</strong></span> <span class='ocrx_word' id='word_1_429' title='bbox 866 4368 964 4408; x_wconf 87' lang='lat' dir='ltr'><strong>nec</strong></span> <span class='ocrx_word' id='word_1_430' title='bbox 990 4353 1035 4407; x_wconf 86' lang='lat' dir='ltr'><strong>ei</strong></span> <span class='ocrx_word' id='word_1_431' title='bbox 1073 4353 1275 4405; x_wconf 87' lang='lat' dir='ltr'><strong>adulari</strong></span> <span class='ocrx_word' id='word_1_432' title='bbox 1319 4364 1579 4422; x_wconf 87' lang='lat' dir='ltr'><strong>cogantur</strong></span> <span class='ocrx_word' id='word_1_433' title='bbox 1611 4370 1626 4407; x_wconf 70' lang='grc' dir='ltr'><strong>ι</strong></span> <span class='ocrx_word' id='word_1_434' title='bbox 1662 4367 1758 4407; x_wconf 92' lang='lat' dir='ltr'><strong>nec</strong></span> <span class='ocrx_word' id='word_1_435' title='bbox 1784 4354 1850 4406; x_wconf 91' lang='lat' dir='ltr'><strong>ob</strong></span> <span class='ocrx_word' id='word_1_436' title='bbox 1886 4352 2100 4421; x_wconf 89' lang='lat' dir='ltr'><strong>imperii</strong></span> <span class='ocrx_word' id='word_1_437' title='bbox 2157 4353 2335 4422; x_wconf 75' lang='lat' dir='ltr'><strong>splen-</strong></span> 
     </span>
    </p>
   </div>
   <div class='ocr_carea' id='block_1_63' title="bbox 777 4444 2332 4513">
    <p class='ocr_par' dir='ltr' id='par_1_63' title="bbox 777 4444 2332 4513">
     <span class='ocr_line' id='line_1_63' title="bbox 777 4444 2332 4513; baseline 0 -15"><span class='ocrx_word' id='word_1_438' title='bbox 777 4444 987 4509; x_wconf 89' lang='lat' dir='ltr'><strong>dorem,</strong></span> <span class='ocrx_word' id='word_1_439' title='bbox 1020 4454 1111 4497; x_wconf 89' lang='lat' dir='ltr'><strong>aut</strong></span> <span class='ocrx_word' id='word_1_440' title='bbox 1142 4460 1315 4498; x_wconf 89' lang='lat' dir='ltr'><strong>rerum</strong></span> <span class='ocrx_word' id='word_1_441' title='bbox 1368 4446 1699 4512; x_wconf 91' lang='lat' dir='ltr'><strong>publicarum</strong></span> <span class='ocrx_word' id='word_1_442' title='bbox 1757 4444 2161 4513; x_wconf 84' lang='lat' dir='ltr'><strong>occupationem</strong></span> <span class='ocrx_word' id='word_1_443' title='bbox 2215 4460 2332 4498; x_wconf 91' lang='lat' dir='ltr'><strong>mo-</strong></span> 
     </span>
    </p>
   </div>
   <div class='ocr_carea' id='block_1_64' title="bbox 778 4535 2331 4606">
    <p class='ocr_par' dir='ltr' id='par_1_64' title="bbox 778 4535 2331 4606">
     <span class='ocr_line' id='line_1_64' title="bbox 778 4535 2331 4606; baseline 0.001 -17"><span class='ocrx_word' id='word_1_444' title='bbox 778 4536 901 4589; x_wconf 90' lang='lat' dir='ltr'><strong>lesti</strong></span> <span class='ocrx_word' id='word_1_445' title='bbox 951 4545 1259 4590; x_wconf 85' lang='lat' dir='ltr'><strong>occurrant.</strong></span> <span class='ocrx_word' id='word_1_446' title='bbox 1292 4536 1551 4590; x_wconf 72' lang='lat' dir='ltr'><strong>(IOncedit</strong></span> <span class='ocrx_word' id='word_1_447' title='bbox 1590 4537 1636 4590; x_wconf 89' lang='lat' dir='ltr'><strong>ei</strong></span> <span class='ocrx_word' id='word_1_448' title='bbox 1674 4551 1890 4591; x_wconf 92' lang='lat' dir='ltr'><strong>cursum</strong></span> <span class='ocrx_word' id='word_1_449' title='bbox 1951 4535 2245 4606; x_wconf 85' lang='lat' dir='ltr'><strong>publicum,</strong></span> <span class='ocrx_word' id='word_1_450' title='bbox 2289 4536 2331 4590; x_wconf 90' lang='lat' dir='ltr'><strong>si</strong></span> 
     </span>
    </p>
   </div>
   <div class='ocr_carea' id='block_1_65' title="bbox 2426 2033 3999 2107">
    <p class='ocr_par' dir='ltr' id='par_1_65' title="bbox 2426 2033 3999 2107">
     <span class='ocr_line' id='line_1_65' title="bbox 2426 2033 3999 2107; baseline -0.003 -18"><span class='ocrx_word' id='word_1_451' title='bbox 2426 2038 2567 2090; x_wconf 87' lang='lat' dir='ltr'><strong>enim</strong></span> <span class='ocrx_word' id='word_1_452' title='bbox 2594 2035 2706 2105; x_wconf 89' lang='lat' dir='ltr'><strong>ipse</strong></span> <span class='ocrx_word' id='word_1_453' title='bbox 2726 2035 2790 2089; x_wconf 92' lang='lat' dir='ltr'><strong>de</strong></span> <span class='ocrx_word' id='word_1_454' title='bbox 2816 2048 2871 2087; x_wconf 91' lang='lat' dir='ltr'><strong>se</strong></span> <span class='ocrx_word' id='word_1_455' title='bbox 2894 2034 2962 2103; x_wconf 90' lang='lat' dir='ltr'><strong>(c)</strong></span> <span class='ocrx_word' id='word_1_456' title='bbox 2990 2048 3004 2086; x_wconf 90' lang='lat'><strong>:</strong></span> <span class='ocrx_word' id='word_1_457' title='bbox 3040 2035 3348 2105; x_wconf 77' lang='grc' dir='ltr'>Μυστήριον</span> <span class='ocrx_word' id='word_1_458' title='bbox 3387 2033 3565 2104; x_wconf 74' lang='grc' dir='ltr'>ἔχρισὲ</span> <span class='ocrx_word' id='word_1_459' title='bbox 3598 2053 3684 2106; x_wconf 80' lang='grc' dir='ltr'>με,</span> <span class='ocrx_word' id='word_1_460' title='bbox 3715 2033 3999 2107; x_wconf 73' lang='grc' dir='ltr'><strong>μυστηρίῳ</strong></span> 
     </span>
    </p>
   </div>
   <div class='ocr_carea' id='block_1_66' title="bbox 2430 2127 3997 2201">
    <p class='ocr_par' dir='ltr' id='par_1_66' title="bbox 2430 2127 3997 2201">
     <span class='ocr_line' id='line_1_66' title="bbox 2430 2127 3997 2201; baseline -0.001 -18"><span class='ocrx_word' id='word_1_461' title='bbox 2430 2130 2622 2200; x_wconf 79' lang='grc' dir='ltr'>μικρὸν</span> <span class='ocrx_word' id='word_1_462' title='bbox 2650 2127 2976 2201; x_wconf 79' lang='grc' dir='ltr'><strong>ὑπεχώρησα</strong></span> <span class='ocrx_word' id='word_1_463' title='bbox 2995 2169 3009 2191; x_wconf 94' lang='grc'><strong>,</strong></span> <span class='ocrx_word' id='word_1_464' title='bbox 3034 2130 3155 2181; x_wconf 78' lang='grc' dir='ltr'>ὅσον</span> <span class='ocrx_word' id='word_1_465' title='bbox 3178 2128 3405 2198; x_wconf 70' lang='grc' dir='ltr'>ἐμαυτὸν</span> <span class='ocrx_word' id='word_1_466' title='bbox 3440 2130 3855 2199; x_wconf 66' lang='grc' dir='ltr'><strong>ἐπισκέψασθαι,</strong></span> <span class='ocrx_word' id='word_1_467' title='bbox 3889 2146 3997 2198; x_wconf 82' lang='grc' dir='ltr'><strong>μυ-</strong></span> 
     </span>
    </p>
   </div>
   <div class='ocr_carea' id='block_1_67' title="bbox 2428 2217 3996 2293">
    <p class='ocr_par' dir='ltr' id='par_1_67' title="bbox 2428 2217 3996 2293">
     <span class='ocr_line' id='line_1_67' title="bbox 2428 2217 3996 2293; baseline 0.001 -22"><span class='ocrx_word' id='word_1_468' title='bbox 2428 2223 2631 2293; x_wconf 71' lang='grc' dir='ltr'>στηρίῳ</span> <span class='ocrx_word' id='word_1_469' title='bbox 2688 2223 2778 2274; x_wconf 70' lang='grc' dir='ltr'><strong>καὶ</strong></span> <span class='ocrx_word' id='word_1_470' title='bbox 2829 2220 3257 2290; x_wconf 74' lang='grc' dir='ltr'><strong>συνεισέρχσμαι.</strong></span> <span class='ocrx_word' id='word_1_471' title='bbox 3306 2217 3611 2287; x_wconf 81' lang='lat' dir='ltr'><strong>Mysterium</strong></span> <span class='ocrx_word' id='word_1_472' title='bbox 3671 2221 3819 2272; x_wconf 77' lang='lat' dir='ltr'><strong>unxit</strong></span> <span class='ocrx_word' id='word_1_473' title='bbox 3862 2234 3942 2271; x_wconf 83' lang='lat' dir='ltr'><strong>me</strong></span> <span class='ocrx_word' id='word_1_474' title='bbox 3975 2230 3996 2272; x_wconf 85' lang='lat'><strong>.&#39;</strong></span> 
     </span>
    </p>
   </div>
   <div class='ocr_carea' id='block_1_68' title="bbox 2427 2310 3997 2382">
    <p class='ocr_par' dir='ltr' id='par_1_68' title="bbox 2427 2310 3997 2382">
     <span class='ocr_line' id='line_1_68' title="bbox 2427 2310 3997 2382; baseline -0.001 -17"><span class='ocrx_word' id='word_1_475' title='bbox 2427 2314 2672 2382; x_wconf 84' lang='lat' dir='ltr'><strong>mysterio</strong></span> <span class='ocrx_word' id='word_1_476' title='bbox 2714 2314 2981 2382; x_wconf 75' lang='lat' dir='ltr'><strong>paulisper</strong></span> <span class='ocrx_word' id='word_1_477' title='bbox 3026 2314 3174 2375; x_wconf 86' lang='lat' dir='ltr'><strong>cessi,</strong></span> <span class='ocrx_word' id='word_1_478' title='bbox 3223 2320 3279 2363; x_wconf 87' lang='lat' dir='ltr'><strong>ut</strong></span> <span class='ocrx_word' id='word_1_479' title='bbox 3314 2310 3559 2376; x_wconf 84' lang='lat' dir='ltr'><strong>meipsum</strong></span> <span class='ocrx_word' id='word_1_480' title='bbox 3611 2311 3912 2377; x_wconf 74' lang='lat' dir='ltr'><strong>inspicerem</strong></span> <span class='ocrx_word' id='word_1_481' title='bbox 3946 2319 3997 2363; x_wconf 79' lang='lat' dir='ltr'><strong>et</strong></span> 
     </span>
    </p>
   </div>
   <div class='ocr_carea' id='block_1_69' title="bbox 2428 2386 4087 2475">
    <p class='ocr_par' dir='ltr' id='par_1_69' title="bbox 2428 2386 4087 2475">
     <span class='ocr_line' id='line_1_69' title="bbox 2428 2386 4087 2475; baseline -0.003 -16"><span class='ocrx_word' id='word_1_482' title='bbox 2428 2405 2751 2474; x_wconf 75' lang='lat' dir='ltr'><strong>explorarem</strong></span> <span class='ocrx_word' id='word_1_483' title='bbox 2788 2420 2806 2457; x_wconf 89' lang='lat'><strong><em>:</em></strong></span> <span class='ocrx_word' id='word_1_484' title='bbox 2833 2422 2949 2457; x_wconf 86' lang='lat' dir='ltr'><strong>cum</strong></span> <span class='ocrx_word' id='word_1_485' title='bbox 2988 2403 3235 2475; x_wconf 81' lang='lat' dir='ltr'><strong>mysterio</strong></span> <span class='ocrx_word' id='word_1_486' title='bbox 3260 2406 3413 2457; x_wconf 89' lang='lat' dir='ltr'><strong>etiam</strong></span> <span class='ocrx_word' id='word_1_487' title='bbox 3446 2400 3831 2455; x_wconf 85' lang='lat' dir='ltr'><strong>simulintroco.</strong></span> <span class='ocrx_word' id='word_1_488' title='bbox 3861 2402 3998 2454; x_wconf 80' lang='lat' dir='ltr'><strong>Exi-</strong></span> <span class='ocrx_word' id='word_1_489' title='bbox 4084 2386 4087 2391; x_wconf 36' lang='grc'><em>”</em></span> 
     </span>
    </p>
   </div>
   <div class='ocr_carea' id='block_1_70' title="bbox 2430 2490 3999 2554">
    <p class='ocr_par' dir='ltr' id='par_1_70' title="bbox 2430 2490 3999 2554">
     <span class='ocr_line' id='line_1_70' title="bbox 2430 2490 3999 2554; baseline -0.005 0"><span class='ocrx_word' id='word_1_490' title='bbox 2430 2499 2609 2554; x_wconf 90' lang='lat' dir='ltr'><strong>stimat</strong></span> <span class='ocrx_word' id='word_1_491' title='bbox 2635 2495 2850 2551; x_wconf 81' lang='lat' dir='ltr'><strong>Nicetas</strong></span> <span class='ocrx_word' id='word_1_492' title='bbox 2878 2497 3179 2549; x_wconf 89' lang='lat' dir='ltr'><strong>ordinatum</strong></span> <span class='ocrx_word' id='word_1_493' title='bbox 3212 2496 3356 2548; x_wconf 89' lang='lat' dir='ltr'><strong>illum</strong></span> <span class='ocrx_word' id='word_1_494' title='bbox 3390 2495 3553 2549; x_wconf 91' lang='lat' dir='ltr'><strong>fuisse</strong></span> <span class='ocrx_word' id='word_1_495' title='bbox 3589 2494 3639 2547; x_wconf 92' lang='lat' dir='ltr'><strong>in</strong></span> <span class='ocrx_word' id='word_1_496' title='bbox 3676 2491 3759 2546; x_wconf 90' lang='lat' dir='ltr'><strong>die</strong></span> <span class='ocrx_word' id='word_1_497' title='bbox 3788 2490 3999 2546; x_wconf 76' lang='lat' dir='ltr'><strong>Natalis</strong></span> 
     </span>
    </p>
   </div>
   <div class='ocr_carea' id='block_1_71' title="bbox 2430 2583 3997 2657">
    <p class='ocr_par' dir='ltr' id='par_1_71' title="bbox 2430 2583 3997 2657">
     <span class='ocr_line' id='line_1_71' title="bbox 2430 2583 3997 2657; baseline -0.007 -13"><span class='ocrx_word' id='word_1_498' title='bbox 2430 2589 2651 2653; x_wconf 81' lang='lat' dir='ltr'><strong>ChriSti,</strong></span> <span class='ocrx_word' id='word_1_499' title='bbox 2692 2586 2887 2657; x_wconf 79' lang='lat' dir='ltr'><strong>fugisse</strong></span> <span class='ocrx_word' id='word_1_500' title='bbox 2926 2586 3011 2639; x_wconf 90' lang='lat' dir='ltr'><strong>die</strong></span> <span class='ocrx_word' id='word_1_501' title='bbox 3055 2585 3187 2638; x_wconf 88' lang='lat' dir='ltr'><strong>festo</strong></span> <span class='ocrx_word' id='word_1_502' title='bbox 3219 2585 3635 2655; x_wconf 87' lang='lat' dir='ltr'><strong>Lumiuuiu,qui</strong></span> <span class='ocrx_word' id='word_1_503' title='bbox 3680 2583 3833 2653; x_wconf 87' lang='lat' dir='ltr'><strong>paulo</strong></span> <span class='ocrx_word' id='word_1_504' title='bbox 3874 2590 3997 2650; x_wconf 89' lang='lat' dir='ltr'><strong>post</strong></span> 
     </span>
    </p>
   </div>
   <div class='ocr_carea' id='block_1_72' title="bbox 2434 2674 3998 2736">
    <p class='ocr_par' dir='ltr' id='par_1_72' title="bbox 2434 2674 3998 2736">
     <span class='ocr_line' id='line_1_72' title="bbox 2434 2674 3998 2736; baseline -0.006 0"><span class='ocrx_word' id='word_1_505' title='bbox 2434 2681 2621 2736; x_wconf 81' lang='lat' dir='ltr'><strong>Natale</strong></span> <span class='ocrx_word' id='word_1_506' title='bbox 2659 2680 2862 2733; x_wconf 86' lang='lat' dir='ltr'><strong>Domini</strong></span> <span class='ocrx_word' id='word_1_507' title='bbox 2896 2677 3285 2733; x_wconf 89' lang='lat' dir='ltr'><strong>celebrabatur.</strong></span> <span class='ocrx_word' id='word_1_508' title='bbox 3332 2676 3481 2731; x_wconf 90' lang='lat' dir='ltr'><strong>Unde</strong></span> <span class='ocrx_word' id='word_1_509' title='bbox 3525 2679 3799 2731; x_wconf 80' lang='lat' dir='ltr'><strong>existimat</strong></span> <span class='ocrx_word' id='word_1_510' title='bbox 3827 2674 3998 2728; x_wconf 77' lang='lat' dir='ltr'><strong>Tille-</strong></span> 
     </span>
    </p>
   </div>
   <div class='ocr_carea' id='block_1_73' title="bbox 2433 2768 3996 2842">
    <p class='ocr_par' dir='ltr' id='par_1_73' title="bbox 2433 2768 3996 2842">
     <span class='ocr_line' id='line_1_73' title="bbox 2433 2768 3996 2842; baseline -0.006 -14"><span class='ocrx_word' id='word_1_511' title='bbox 2433 2777 2664 2829; x_wconf 90' lang='lat' dir='ltr'><strong>moutius</strong></span> <span class='ocrx_word' id='word_1_512' title='bbox 2702 2771 3017 2842; x_wconf 88' lang='lat' dir='ltr'><strong>Gregorium</strong></span> <span class='ocrx_word' id='word_1_513' title='bbox 3072 2770 3156 2823; x_wconf 81' lang='lat' dir='ltr'><strong>(tie</strong></span> <span class='ocrx_word' id='word_1_514' title='bbox 3212 2768 3280 2822; x_wconf 72' lang='grc'><strong>25</strong></span> <span class='ocrx_word' id='word_1_515' title='bbox 3336 2768 3638 2821; x_wconf 85' lang='lat' dir='ltr'><strong>Decembris</strong></span> <span class='ocrx_word' id='word_1_516' title='bbox 3689 2770 3996 2821; x_wconf 87' lang='lat' dir='ltr'><strong>ordinatum</strong></span> 
     </span>
    </p>
   </div>
   <div class='ocr_carea' id='block_1_74' title="bbox 2434 2859 3998 2928">
    <p class='ocr_par' dir='ltr' id='par_1_74' title="bbox 2434 2859 3998 2928">
     <span class='ocr_line' id='line_1_74' title="bbox 2434 2859 3998 2928; baseline -0.006 -9"><span class='ocrx_word' id='word_1_517' title='bbox 2434 2867 2595 2919; x_wconf 87' lang='lat' dir='ltr'><strong>fuisse</strong></span> <span class='ocrx_word' id='word_1_518' title='bbox 2629 2881 2767 2919; x_wconf 89' lang='lat' dir='ltr'><strong>anno</strong></span> <span class='ocrx_word' id='word_1_519' title='bbox 2803 2864 2926 2928; x_wconf 70' lang='lat'><strong>563,</strong></span> <span class='ocrx_word' id='word_1_520' title='bbox 2960 2872 3048 2917; x_wconf 90' lang='lat' dir='ltr'><strong>aut</strong></span> <span class='ocrx_word' id='word_1_521' title='bbox 3092 2862 3215 2915; x_wconf 74' lang='grc'>562.</span> <span class='ocrx_word' id='word_1_522' title='bbox 3262 2861 3364 2915; x_wconf 88' lang='lat' dir='ltr'><strong>Sed</strong></span> <span class='ocrx_word' id='word_1_523' title='bbox 3410 2859 3659 2913; x_wconf 87' lang='lat' dir='ltr'><strong>libentius</strong></span> <span class='ocrx_word' id='word_1_524' title='bbox 3688 2860 3900 2912; x_wconf 90' lang='lat' dir='ltr'><strong>inclinat</strong></span> <span class='ocrx_word' id='word_1_525' title='bbox 3945 2859 3998 2910; x_wconf 86' lang='lat' dir='ltr'><strong>in</strong></span> 
     </span>
    </p>
   </div>
   <div class='ocr_carea' id='block_1_75' title="bbox 2434 2950 3998 3025">
    <p class='ocr_par' dir='ltr' id='par_1_75' title="bbox 2434 2950 3998 3025">
     <span class='ocr_line' id='line_1_75' title="bbox 2434 2950 3998 3025; baseline -0.005 -14"><span class='ocrx_word' id='word_1_526' title='bbox 2434 2974 2629 3011; x_wconf 91' lang='lat' dir='ltr'><strong>annum</strong></span> <span class='ocrx_word' id='word_1_527' title='bbox 2684 2958 2808 3019; x_wconf 73' lang='lat'><strong>562,</strong></span> <span class='ocrx_word' id='word_1_528' title='bbox 2842 2958 2965 3025; x_wconf 89' lang='lat' dir='ltr'><strong>quia</strong></span> <span class='ocrx_word' id='word_1_529' title='bbox 3021 2956 3291 3017; x_wconf 82' lang='lat' dir='ltr'><strong>Basilium,</strong></span> <span class='ocrx_word' id='word_1_530' title='bbox 3342 2967 3497 3022; x_wconf 89' lang='lat' dir='ltr'><strong>quem</strong></span> <span class='ocrx_word' id='word_1_531' title='bbox 3531 2961 3645 3019; x_wconf 86' lang='lat' dir='ltr'><strong>post</strong></span> <span class='ocrx_word' id='word_1_532' title='bbox 3676 2950 3998 3022; x_wconf 79' lang='lat' dir='ltr'><strong>Gregorium</strong></span> 
     </span>
    </p>
   </div>
   <div class='ocr_carea' id='block_1_76' title="bbox 2431 3042 4004 3111">
    <p class='ocr_par' dir='ltr' id='par_1_76' title="bbox 2431 3042 4004 3111">
     <span class='ocr_line' id='line_1_76' title="bbox 2431 3042 4004 3111; baseline -0.005 -9"><span class='ocrx_word' id='word_1_533' title='bbox 2431 3050 2733 3102; x_wconf 87' lang='lat' dir='ltr'><strong>ordinatum</strong></span> <span class='ocrx_word' id='word_1_534' title='bbox 2782 3047 2944 3101; x_wconf 87' lang='lat' dir='ltr'><strong>fuisse</strong></span> <span class='ocrx_word' id='word_1_535' title='bbox 2983 3056 3210 3109; x_wconf 73' lang='lat' dir='ltr'><strong>COIISlal,</strong></span> <span class='ocrx_word' id='word_1_536' title='bbox 3244 3058 3383 3098; x_wconf 88' lang='lat' dir='ltr'><strong>anno</strong></span> <span class='ocrx_word' id='word_1_537' title='bbox 3415 3042 3517 3096; x_wconf 76' lang='lat'><strong>369.</strong></span> <span class='ocrx_word' id='word_1_538' title='bbox 3550 3044 3614 3095; x_wconf 93' lang='lat' dir='ltr'><strong>ad</strong></span> <span class='ocrx_word' id='word_1_539' title='bbox 3652 3045 3787 3097; x_wconf 86' lang='lat' dir='ltr'><strong>hanc</strong></span> <span class='ocrx_word' id='word_1_540' title='bbox 3828 3042 4004 3111; x_wconf 85' lang='lat' dir='ltr'><strong>digni-</strong></span> 
     </span>
    </p>
   </div>
   <div class='ocr_carea' id='block_1_77' title="bbox 2436 3133 4003 3195">
    <p class='ocr_par' dir='ltr' id='par_1_77' title="bbox 2436 3133 4003 3195">
     <span class='ocr_line' id='line_1_77' title="bbox 2436 3133 4003 3195; baseline -0.005 -2"><span class='ocrx_word' id='word_1_541' title='bbox 2436 3150 2594 3195; x_wconf 90' lang='lat' dir='ltr'><strong>tatem</strong></span> <span class='ocrx_word' id='word_1_542' title='bbox 2626 3148 2807 3193; x_wconf 88' lang='lat' dir='ltr'><strong>censet</strong></span> <span class='ocrx_word' id='word_1_543' title='bbox 2832 3150 3073 3193; x_wconf 89' lang='lat' dir='ltr'><strong>evectum</strong></span> <span class='ocrx_word' id='word_1_544' title='bbox 3103 3138 3281 3191; x_wconf 90' lang='lat' dir='ltr'><strong>fuisse.</strong></span> <span class='ocrx_word' id='word_1_545' title='bbox 3322 3135 3393 3191; x_wconf 89' lang='lat' dir='ltr'><strong>De</strong></span> <span class='ocrx_word' id='word_1_546' title='bbox 3416 3134 3609 3189; x_wconf 86' lang='lat' dir='ltr'><strong>Basilio</strong></span> <span class='ocrx_word' id='word_1_547' title='bbox 3634 3134 3764 3189; x_wconf 80' lang='lat' dir='ltr'><strong>infra</strong></span> <span class='ocrx_word' id='word_1_548' title='bbox 3791 3133 4003 3187; x_wconf 87' lang='lat' dir='ltr'><strong>videbi—</strong></span> 
     </span>
    </p>
   </div>
   <div class='ocr_carea' id='block_1_78' title="bbox 2163 3224 4003 3313">
    <p class='ocr_par' dir='ltr' id='par_1_78' title="bbox 2163 3224 4003 3313">
     <span class='ocr_line' id='line_1_78' title="bbox 2163 3224 4003 3313; baseline -0.008 -25"><span class='ocrx_word' id='word_1_549' title='bbox 2163 3224 2330 3304; x_wconf 53' lang='grc' dir='ltr'><strong>ξαῖέλςῆ</strong></span> <span class='ocrx_word' id='word_1_550' title='bbox 2359 3255 2400 3313; x_wconf 78' lang='lat' dir='ltr'>c</span> <span class='ocrx_word' id='word_1_551' title='bbox 2438 3248 2593 3299; x_wconf 90' lang='lat' dir='ltr'><strong>mus;</strong></span> <span class='ocrx_word' id='word_1_552' title='bbox 2625 3234 2717 3286; x_wconf 87' lang='lat' dir='ltr'><strong>sed</strong></span> <span class='ocrx_word' id='word_1_553' title='bbox 2744 3232 2957 3285; x_wconf 90' lang='lat' dir='ltr'><strong>interim</strong></span> <span class='ocrx_word' id='word_1_554' title='bbox 2987 3231 3282 3285; x_wconf 89' lang='lat' dir='ltr'><strong>doctissimi</strong></span> <span class='ocrx_word' id='word_1_555' title='bbox 3314 3230 3411 3283; x_wconf 91' lang='lat' dir='ltr'><strong>viri</strong></span> <span class='ocrx_word' id='word_1_556' title='bbox 3452 3229 3752 3297; x_wconf 79' lang='lat' dir='ltr'><strong>Opinionem</strong></span> <span class='ocrx_word' id='word_1_557' title='bbox 3801 3224 4003 3279; x_wconf 84' lang='lat' dir='ltr'><strong>confir-</strong></span> 
     </span>
    </p>
   </div>
   <div class='ocr_carea' id='block_1_79' title="bbox 2432 3317 4005 3396">
    <p class='ocr_par' dir='ltr' id='par_1_79' title="bbox 2432 3317 4005 3396">
     <span class='ocr_line' id='line_1_79' title="bbox 2432 3317 4005 3396; baseline -0.008 -15"><span class='ocrx_word' id='word_1_558' title='bbox 2432 3342 2581 3382; x_wconf 90' lang='lat' dir='ltr'><strong>mare</strong></span> <span class='ocrx_word' id='word_1_559' title='bbox 2614 3340 2899 3396; x_wconf 90' lang='lat' dir='ltr'><strong>possumus</strong></span> <span class='ocrx_word' id='word_1_560' title='bbox 2944 3324 3251 3379; x_wconf 89' lang='lat' dir='ltr'><strong>testimonio</strong></span> <span class='ocrx_word' id='word_1_561' title='bbox 3285 3322 3551 3390; x_wconf 84' lang='lat' dir='ltr'><strong>Gregorii,</strong></span> <span class='ocrx_word' id='word_1_562' title='bbox 3582 3321 3672 3387; x_wconf 88' lang='lat' dir='ltr'><strong>qui</strong></span> <span class='ocrx_word' id='word_1_563' title='bbox 3710 3319 3787 3372; x_wconf 91' lang='lat' dir='ltr'><strong>sic</strong></span> <span class='ocrx_word' id='word_1_564' title='bbox 3826 3317 4005 3387; x_wconf 68' lang='lat' dir='ltr'><strong>loqui.</strong></span> 
     </span>
    </p>
   </div>
   <div class='ocr_carea' id='block_1_80' title="bbox 2434 3409 4002 3487">
    <p class='ocr_par' dir='ltr' id='par_1_80' title="bbox 2434 3409 4002 3487">
     <span class='ocr_line' id='line_1_80' title="bbox 2434 3409 4002 3487; baseline -0.008 -13"><span class='ocrx_word' id='word_1_565' title='bbox 2434 3428 2521 3474; x_wconf 89' lang='lat' dir='ltr'><strong>tur</strong></span> <span class='ocrx_word' id='word_1_566' title='bbox 2567 3419 2616 3472; x_wconf 93' lang='lat' dir='ltr'><strong>in</strong></span> <span class='ocrx_word' id='word_1_567' title='bbox 2658 3417 2906 3487; x_wconf 80' lang='lat' dir='ltr'><strong>Apologia</strong></span> <span class='ocrx_word' id='word_1_568' title='bbox 2932 3455 2947 3481; x_wconf 91' lang='lat'><strong>,</strong></span> <span class='ocrx_word' id='word_1_569' title='bbox 2979 3431 3136 3483; x_wconf 88' lang='lat' dir='ltr'><strong>quam</strong></span> <span class='ocrx_word' id='word_1_570' title='bbox 3180 3414 3351 3468; x_wconf 89' lang='lat' dir='ltr'><strong>reditu</strong></span> <span class='ocrx_word' id='word_1_571' title='bbox 3405 3427 3503 3467; x_wconf 93' lang='lat' dir='ltr'><strong>suo</strong></span> <span class='ocrx_word' id='word_1_572' title='bbox 3543 3413 3839 3481; x_wconf 88' lang='lat' dir='ltr'><strong>composuit</strong></span> <span class='ocrx_word' id='word_1_573' title='bbox 3873 3409 3952 3481; x_wconf 76' lang='grc' dir='ltr'><strong>(Δ)</strong></span> <span class='ocrx_word' id='word_1_574' title='bbox 3983 3410 4002 3448; x_wconf 72' lang='grc'>³</span> 
     </span>
    </p>
   </div>
   <div class='ocr_carea' id='block_1_81' title="bbox 2432 3504 4005 3581">
    <p class='ocr_par' dir='ltr' id='par_1_81' title="bbox 2432 3504 4005 3581">
     <span class='ocr_line' id='line_1_81' title="bbox 2432 3504 4005 3581; baseline -0.004 -17"><span class='ocrx_word' id='word_1_575' title='bbox 2432 3512 2542 3564; x_wconf 78' lang='grc' dir='ltr'><strong>Καὶ</strong></span> <span class='ocrx_word' id='word_1_576' title='bbox 2594 3512 2683 3564; x_wconf 79' lang='grc' dir='ltr'>τὸν</span> <span class='ocrx_word' id='word_1_577' title='bbox 2719 3514 2815 3581; x_wconf 81' lang='grc' dir='ltr'><strong>μὲν</strong></span> <span class='ocrx_word' id='word_1_578' title='bbox 2870 3510 3064 3575; x_wconf 78' lang='grc' dir='ltr'>ἔξωθεν</span> <span class='ocrx_word' id='word_1_579' title='bbox 3112 3510 3170 3562; x_wconf 77' lang='grc' dir='ltr'>οὑ</span> <span class='ocrx_word' id='word_1_580' title='bbox 3214 3508 3422 3561; x_wconf 77' lang='grc' dir='ltr'>δέδοικα</span> <span class='ocrx_word' id='word_1_581' title='bbox 3469 3506 3730 3575; x_wconf 80' lang='grc' dir='ltr'>πόλεμον,</span> <span class='ocrx_word' id='word_1_582' title='bbox 3759 3505 3878 3558; x_wconf 76' lang='grc' dir='ltr'>οὐδὲ</span> <span class='ocrx_word' id='word_1_583' title='bbox 3908 3504 4005 3557; x_wconf 69' lang='grc' dir='ltr'>τὸν</span> 
     </span>
    </p>
   </div>
   <div class='ocr_carea' id='block_1_82' title="bbox 2432 3599 4006 3673">
    <p class='ocr_par' dir='ltr' id='par_1_82' title="bbox 2432 3599 4006 3673">
     <span class='ocr_line' id='line_1_82' title="bbox 2432 3599 4006 3673; baseline -0.004 -18"><span class='ocrx_word' id='word_1_584' title='bbox 2432 3602 2525 3655; x_wconf 78' lang='grc' dir='ltr'>νῦν</span> <span class='ocrx_word' id='word_1_585' title='bbox 2564 3604 2937 3656; x_wconf 70' lang='grc' dir='ltr'><strong>ἐπαναστάντα</strong></span> <span class='ocrx_word' id='word_1_586' title='bbox 2970 3604 3109 3673; x_wconf 77' lang='grc' dir='ltr'>Θῆρτι</span> <span class='ocrx_word' id='word_1_587' title='bbox 3155 3605 3271 3665; x_wconf 81' lang='grc' dir='ltr'><strong>ταῖς</strong></span> <span class='ocrx_word' id='word_1_588' title='bbox 3299 3600 3628 3670; x_wconf 73' lang='grc' dir='ltr'><strong>ἐκκλησίαις,</strong></span> <span class='ocrx_word' id='word_1_589' title='bbox 3657 3600 3748 3651; x_wconf 71' lang='grc' dir='ltr'><strong>καὶ</strong></span> <span class='ocrx_word' id='word_1_590' title='bbox 3780 3599 3872 3651; x_wconf 77' lang='grc' dir='ltr'><strong>τοῦ</strong></span> <span class='ocrx_word' id='word_1_591' title='bbox 3904 3615 4006 3649; x_wconf 80' lang='grc' dir='ltr'><strong>πο-</strong></span> 
     </span>
    </p>
   </div>
   <div class='ocr_carea' id='block_1_83' title="bbox 2433 3691 4003 3767">
    <p class='ocr_par' dir='ltr' id='par_1_83' title="bbox 2433 3691 4003 3767">
     <span class='ocr_line' id='line_1_83' title="bbox 2433 3691 4003 3767; baseline -0.004 -20"><span class='ocrx_word' id='word_1_592' title='bbox 2433 3694 2594 3767; x_wconf 72' lang='grc' dir='ltr'>νηροῦ</span> <span class='ocrx_word' id='word_1_593' title='bbox 2629 3694 2689 3747; x_wconf 83' lang='grc' dir='ltr'>τὸ</span> <span class='ocrx_word' id='word_1_594' title='bbox 2739 3693 3024 3764; x_wconf 80' lang='grc' dir='ltr'>πλήρωμα,</span> <span class='ocrx_word' id='word_1_595' title='bbox 3062 3694 3159 3746; x_wconf 76' lang='grc' dir='ltr'><strong>κᾶν</strong></span> <span class='ocrx_word' id='word_1_596' title='bbox 3192 3695 3302 3764; x_wconf 74' lang='grc' dir='ltr'>πῦρ</span> <span class='ocrx_word' id='word_1_597' title='bbox 3337 3694 3547 3763; x_wconf 77' lang='grc' dir='ltr'><strong>ἀπειλῇ,</strong></span> <span class='ocrx_word' id='word_1_598' title='bbox 3588 3693 3689 3745; x_wconf 70' lang='grc' dir='ltr'>κᾶν</span> <span class='ocrx_word' id='word_1_599' title='bbox 3724 3692 3867 3759; x_wconf 60' lang='grc' dir='ltr'>ξίφη,</span> <span class='ocrx_word' id='word_1_600' title='bbox 3895 3691 4003 3741; x_wconf 70' lang='grc' dir='ltr'>κᾶν</span> 
     </span>
    </p>
   </div>
   <div class='ocr_carea' id='block_1_84' title="bbox 2438 3782 4003 3861">
    <p class='ocr_par' dir='ltr' id='par_1_84' title="bbox 2438 3782 4003 3861">
     <span class='ocr_line' id='line_1_84' title="bbox 2438 3782 4003 3861; baseline -0.007 -19"><span class='ocrx_word' id='word_1_601' title='bbox 2438 3790 2627 3861; x_wconf 75' lang='grc' dir='ltr'>θῆρας,</span> <span class='ocrx_word' id='word_1_602' title='bbox 2684 3787 2783 3842; x_wconf 80' lang='grc' dir='ltr'><strong>κᾶν</strong></span> <span class='ocrx_word' id='word_1_603' title='bbox 2836 3786 3131 3858; x_wconf 71' lang='grc' dir='ltr'>κρημνοὺς,</span> <span class='ocrx_word' id='word_1_604' title='bbox 3165 3784 3264 3837; x_wconf 70' lang='grc' dir='ltr'>κᾶν</span> <span class='ocrx_word' id='word_1_605' title='bbox 3312 3784 3577 3853; x_wconf 74' lang='grc' dir='ltr'>βάραθρα,</span> <span class='ocrx_word' id='word_1_606' title='bbox 3630 3782 3731 3834; x_wconf 71' lang='grc' dir='ltr'>κᾶν</span> <span class='ocrx_word' id='word_1_607' title='bbox 3783 3782 4003 3833; x_wconf 71' lang='grc' dir='ltr'>πάντων</span> 
     </span>
    </p>
   </div>
   <div class='ocr_carea' id='block_1_85' title="bbox 2436 3868 4003 3953">
    <p class='ocr_par' dir='ltr' id='par_1_85' title="bbox 2436 3868 4003 3953">
     <span class='ocr_line' id='line_1_85' title="bbox 2436 3868 4003 3953; baseline -0.01 -18"><span class='ocrx_word' id='word_1_608' title='bbox 2436 3882 2656 3953; x_wconf 79' lang='grc' dir='ltr'>γένηται</span> <span class='ocrx_word' id='word_1_609' title='bbox 2680 3881 2784 3934; x_wconf 77' lang='grc' dir='ltr'><strong>τῶν</strong></span> <span class='ocrx_word' id='word_1_610' title='bbox 2810 3878 3023 3931; x_wconf 82' lang='grc' dir='ltr'><strong>πώποτε</strong></span> <span class='ocrx_word' id='word_1_611' title='bbox 3061 3884 3331 3947; x_wconf 76' lang='grc' dir='ltr'><strong>μανέντων</strong></span> <span class='ocrx_word' id='word_1_612' title='bbox 3352 3872 3859 3942; x_wconf 72' lang='grc' dir='ltr'><strong>ἀπανθρωπότατος,</strong></span> <span class='ocrx_word' id='word_1_613' title='bbox 3897 3868 4003 3922; x_wconf 72' lang='grc' dir='ltr'>κᾶν</span> 
     </span>
    </p>
   </div>
   <div class='ocr_carea' id='block_1_86' title="bbox 2437 3962 4002 4043">
    <p class='ocr_par' dir='ltr' id='par_1_86' title="bbox 2437 3962 4002 4043">
     <span class='ocr_line' id='line_1_86' title="bbox 2437 3962 4002 4043; baseline -0.008 -16"><span class='ocrx_word' id='word_1_614' title='bbox 2437 3977 2555 4037; x_wconf 70' lang='grc' dir='ltr'><strong>ταῖς</strong></span> <span class='ocrx_word' id='word_1_615' title='bbox 2585 3974 2769 4037; x_wconf 73' lang='grc' dir='ltr'>οὔσαις</span> <span class='ocrx_word' id='word_1_616' title='bbox 2790 3973 3077 4043; x_wconf 73' lang='grc' dir='ltr'><strong>τιμωρίαις</strong></span> <span class='ocrx_word' id='word_1_617' title='bbox 3103 3971 3437 4041; x_wconf 74' lang='grc' dir='ltr'>προσεξεύρῃ</span> <span class='ocrx_word' id='word_1_618' title='bbox 3463 3965 3867 4036; x_wconf 72' lang='grc' dir='ltr'><strong>χαλεπωτέρας.</strong></span> <span class='ocrx_word' id='word_1_619' title='bbox 3893 3962 4002 4015; x_wconf 85' lang='lat' dir='ltr'><strong>Nec</strong></span> 
     </span>
    </p>
   </div>
   <div class='ocr_carea' id='block_1_87' title="bbox 2438 4058 4001 4126">
    <p class='ocr_par' dir='ltr' id='par_1_87' title="bbox 2438 4058 4001 4126">
     <span class='ocr_line' id='line_1_87' title="bbox 2438 4058 4001 4126; baseline -0.009 -6"><span class='ocrx_word' id='word_1_620' title='bbox 2438 4084 2554 4120; x_wconf 81' lang='lat' dir='ltr'><strong>vero</strong></span> <span class='ocrx_word' id='word_1_621' title='bbox 2606 4077 2875 4117; x_wconf 74' lang='lat' dir='ltr'><strong>externum</strong></span> <span class='ocrx_word' id='word_1_622' title='bbox 2910 4063 3094 4113; x_wconf 75' lang='lat' dir='ltr'><strong>bellant</strong></span> <span class='ocrx_word' id='word_1_623' title='bbox 3128 4073 3320 4119; x_wconf 85' lang='lat' dir='ltr'><strong>metuo,</strong></span> <span class='ocrx_word' id='word_1_624' title='bbox 3367 4076 3455 4111; x_wconf 83' lang='lat' dir='ltr'><strong>nec</strong></span> <span class='ocrx_word' id='word_1_625' title='bbox 3501 4059 3662 4126; x_wconf 75' lang='lat' dir='ltr'><strong>{eram</strong></span> <span class='ocrx_word' id='word_1_626' title='bbox 3690 4058 3857 4120; x_wconf 85' lang='lat' dir='ltr'><strong>illam,</strong></span> <span class='ocrx_word' id='word_1_627' title='bbox 3883 4070 4001 4123; x_wconf 72' lang='lat' dir='ltr'><strong>quia</strong></span> 
     </span>
    </p>
   </div>
   <div class='ocr_carea' id='block_1_88' title="bbox 2438 4147 4002 4217">
    <p class='ocr_par' dir='ltr' id='par_1_88' title="bbox 2438 4147 4002 4217">
     <span class='ocr_line' id='line_1_88' title="bbox 2438 4147 4002 4217; baseline -0.008 -7"><span class='ocrx_word' id='word_1_628' title='bbox 2438 4173 2572 4211; x_wconf 82' lang='lat' dir='ltr'><strong>nunc</strong></span> <span class='ocrx_word' id='word_1_629' title='bbox 2606 4158 2852 4207; x_wconf 84' lang='lat' dir='ltr'><strong>adversus</strong></span> <span class='ocrx_word' id='word_1_630' title='bbox 2877 4152 3117 4203; x_wconf 73' lang='lat' dir='ltr'><strong>ecclesias</strong></span> <span class='ocrx_word' id='word_1_631' title='bbox 3144 4152 3387 4217; x_wconf 89' lang='lat' dir='ltr'><strong>impetum</strong></span> <span class='ocrx_word' id='word_1_632' title='bbox 3418 4149 3538 4215; x_wconf 79' lang='lat' dir='ltr'><strong>fecit</strong></span> <span class='ocrx_word' id='word_1_633' title='bbox 3558 4190 3572 4213; x_wconf 87' lang='lat'><strong>,</strong></span> <span class='ocrx_word' id='word_1_634' title='bbox 3598 4150 3799 4200; x_wconf 87' lang='lat' dir='ltr'><strong>etiamsi</strong></span> <span class='ocrx_word' id='word_1_635' title='bbox 3827 4147 4002 4213; x_wconf 75' lang='lat' dir='ltr'><strong>ignem</strong></span> 
     </span>
    </p>
   </div>
   <div class='ocr_carea' id='block_1_89' title="bbox 2436 4238 4000 4311">
    <p class='ocr_par' dir='ltr' id='par_1_89' title="bbox 2436 4238 4000 4311">
     <span class='ocr_line' id='line_1_89' title="bbox 2436 4238 4000 4311; baseline -0.008 -10"><span class='ocrx_word' id='word_1_636' title='bbox 2436 4251 2681 4307; x_wconf 85' lang='lat' dir='ltr'><strong>minetur,</strong></span> <span class='ocrx_word' id='word_1_637' title='bbox 2717 4244 2921 4297; x_wconf 89' lang='lat' dir='ltr'><strong>etiamsi</strong></span> <span class='ocrx_word' id='word_1_638' title='bbox 2956 4243 3176 4311; x_wconf 80' lang='lat' dir='ltr'><strong>gladios,</strong></span> <span class='ocrx_word' id='word_1_639' title='bbox 3208 4240 3411 4292; x_wconf 87' lang='lat' dir='ltr'><strong>etiamsi</strong></span> <span class='ocrx_word' id='word_1_640' title='bbox 3436 4240 3592 4306; x_wconf 77' lang='lat' dir='ltr'><strong>feras.</strong></span> <span class='ocrx_word' id='word_1_641' title='bbox 3621 4238 3823 4290; x_wconf 87' lang='lat' dir='ltr'><strong>etiamsi</strong></span> <span class='ocrx_word' id='word_1_642' title='bbox 3863 4253 4000 4303; x_wconf 73' lang='lat' dir='ltr'><strong>prie-</strong></span> 
     </span>
    </p>
   </div>
   <div class='ocr_carea' id='block_1_90' title="bbox 2437 4327 4001 4407">
    <p class='ocr_par' dir='ltr' id='par_1_90' title="bbox 2437 4327 4001 4407">
     <span class='ocr_line' id='line_1_90' title="bbox 2437 4327 4001 4407; baseline -0.008 -15"><span class='ocrx_word' id='word_1_643' title='bbox 2437 4339 2613 4407; x_wconf 87' lang='lat' dir='ltr'><strong>cipitia</strong></span> <span class='ocrx_word' id='word_1_644' title='bbox 2640 4347 2685 4390; x_wconf 90' lang='lat' dir='ltr'><strong>ct</strong></span> <span class='ocrx_word' id='word_1_645' title='bbox 2710 4337 2995 4403; x_wconf 81' lang='lat' dir='ltr'><strong>voragines,</strong></span> <span class='ocrx_word' id='word_1_646' title='bbox 3020 4332 3224 4385; x_wconf 82' lang='lat' dir='ltr'><strong>etiamsi</strong></span> <span class='ocrx_word' id='word_1_647' title='bbox 3254 4330 3502 4390; x_wconf 87' lang='lat' dir='ltr'><strong>omnium,</strong></span> <span class='ocrx_word' id='word_1_648' title='bbox 3538 4329 3622 4389; x_wconf 87' lang='lat' dir='ltr'><strong>qui</strong></span> <span class='ocrx_word' id='word_1_649' title='bbox 3665 4343 3890 4395; x_wconf 84' lang='lat' dir='ltr'><strong>unquam</strong></span> <span class='ocrx_word' id='word_1_650' title='bbox 3911 4327 4001 4395; x_wconf 77' lang='lat' dir='ltr'><strong>fu-</strong></span> 
     </span>
    </p>
   </div>
   <div class='ocr_carea' id='block_1_91' title="bbox 2439 4418 4000 4497">
    <p class='ocr_par' dir='ltr' id='par_1_91' title="bbox 2439 4418 4000 4497">
     <span class='ocr_line' id='line_1_91' title="bbox 2439 4418 4000 4497; baseline -0.008 -13"><span class='ocrx_word' id='word_1_651' title='bbox 2439 4448 2555 4484; x_wconf 85' lang='lat' dir='ltr'><strong>rore</strong></span> <span class='ocrx_word' id='word_1_652' title='bbox 2582 4428 2867 4497; x_wconf 72' lang='lat' dir='ltr'><strong>prmipites</strong></span> <span class='ocrx_word' id='word_1_653' title='bbox 2904 4426 3005 4479; x_wconf 88' lang='lat' dir='ltr'><strong>acti</strong></span> <span class='ocrx_word' id='word_1_654' title='bbox 3038 4433 3187 4488; x_wconf 91' lang='lat' dir='ltr'><strong>sunt,</strong></span> <span class='ocrx_word' id='word_1_655' title='bbox 3225 4421 3612 4475; x_wconf 86' lang='lat' dir='ltr'><strong>crudelissimus</strong></span> <span class='ocrx_word' id='word_1_656' title='bbox 3648 4418 3762 4485; x_wconf 77' lang='lat' dir='ltr'><strong>fiat,</strong></span> <span class='ocrx_word' id='word_1_657' title='bbox 3793 4418 4000 4472; x_wconf 85' lang='lat' dir='ltr'><strong>etiamsi</strong></span> 
     </span>
    </p>
   </div>
   <div class='ocr_carea' id='block_1_92' title="bbox 2432 4511 3995 4593">
    <p class='ocr_par' dir='ltr' id='par_1_92' title="bbox 2432 4511 3995 4593">
     <span class='ocr_line' id='line_1_92' title="bbox 2432 4511 3995 4593; baseline -0.01 -17"><span class='ocrx_word' id='word_1_658' title='bbox 2432 4524 2545 4593; x_wconf 78' lang='lat' dir='ltr'><strong>jam</strong></span> <span class='ocrx_word' id='word_1_659' title='bbox 2574 4521 2790 4575; x_wconf 85' lang='lat' dir='ltr'><strong>inventis</strong></span> <span class='ocrx_word' id='word_1_660' title='bbox 2822 4518 3086 4588; x_wconf 86' lang='lat' dir='ltr'><strong>suppliciis</strong></span> <span class='ocrx_word' id='word_1_661' title='bbox 3114 4516 3379 4569; x_wconf 86' lang='lat' dir='ltr'><strong>acerbiora</strong></span> <span class='ocrx_word' id='word_1_662' title='bbox 3411 4512 3516 4565; x_wconf 86' lang='lat' dir='ltr'><strong>alia</strong></span> <span class='ocrx_word' id='word_1_663' title='bbox 3554 4511 3995 4564; x_wconf 83' lang='lat' dir='ltr'><strong>comminiscatur.</strong></span> 
     </span>
    </p>
   </div>
   <div class='ocr_carea' id='block_1_93' title="bbox 776 4585 3997 4695">
    <p class='ocr_par' dir='ltr' id='par_1_93' title="bbox 776 4585 3997 4695">
     <span class='ocr_line' id='line_1_93' title="bbox 776 4585 3997 4695; baseline -0.002 -18"><span class='ocrx_word' id='word_1_664' title='bbox 776 4627 843 4679; x_wconf 78' lang='lat' dir='ltr'><strong>ad</strong></span> <span class='ocrx_word' id='word_1_665' title='bbox 878 4641 935 4680; x_wconf 90' lang='lat' dir='ltr'><strong>se</strong></span> <span class='ocrx_word' id='word_1_666' title='bbox 963 4642 1250 4695; x_wconf 89' lang='lat' dir='ltr'><strong>properare</strong></span> <span class='ocrx_word' id='word_1_667' title='bbox 1294 4627 1441 4681; x_wconf 85' lang='lat' dir='ltr'><strong>velit.</strong></span> <span class='ocrx_word' id='word_1_668' title='bbox 1483 4625 1606 4679; x_wconf 61' lang='lat' dir='ltr'><strong>llaec</strong></span> <span class='ocrx_word' id='word_1_669' title='bbox 1660 4627 1889 4694; x_wconf 88' lang='lat' dir='ltr'><strong>epistola</strong></span> <span class='ocrx_word' id='word_1_670' title='bbox 1946 4585 2087 4681; x_wconf 65' lang='lat' dir='ltr'><strong>inter</strong></span> <span class='ocrx_word' id='word_1_671' title='bbox 2132 4625 2327 4681; x_wconf 72' lang='lat' dir='ltr'><strong>Iuliani</strong></span> <span class='ocrx_word' id='word_1_672' title='bbox 2369 4585 2411 4639; x_wconf 66' lang='grc' dir='ltr'><strong>Β</strong></span> <span class='ocrx_word' id='word_1_673' title='bbox 2444 4616 2519 4670; x_wconf 59' lang='grc' dir='ltr'><strong>ΕΚ</strong></span> <span class='ocrx_word' id='word_1_674' title='bbox 2551 4616 2633 4669; x_wconf 72' lang='lat' dir='ltr'><strong>hi5</strong></span> <span class='ocrx_word' id='word_1_675' title='bbox 2662 4629 2764 4667; x_wconf 78' lang='lat'><strong>&quot;0&quot;</strong></span> <span class='ocrx_word' id='word_1_676' title='bbox 2798 4615 3025 4665; x_wconf 70' lang='grc' dir='ltr'><strong>οιιεευτο</strong></span> <span class='ocrx_word' id='word_1_677' title='bbox 3056 4608 3353 4677; x_wconf 68' lang='grc' dir='ltr'><strong>εοηῖὲίιηυε</strong></span> <span class='ocrx_word' id='word_1_678' title='bbox 3379 4603 3687 4673; x_wconf 64' lang='grc' dir='ltr'><strong>(ἶνθῧοτίηηι</strong></span> <span class='ocrx_word' id='word_1_679' title='bbox 3723 4602 3833 4656; x_wconf 57' lang='lat' dir='ltr'><strong>hi“</strong></span> <span class='ocrx_word' id='word_1_680' title='bbox 3860 4602 3997 4654; x_wconf 63' lang='lat' dir='ltr'><strong>Scri‘</strong></span> 
     </span>
    </p>
   </div>
   <div class='ocr_carea' id='block_1_94' title="bbox 778 4717 2333 4788">
    <p class='ocr_par' dir='ltr' id='par_1_94' title="bbox 778 4717 2333 4788">
     <span class='ocr_line' id='line_1_94' title="bbox 778 4717 2333 4788; baseline 0.001 -17"><span class='ocrx_word' id='word_1_681' title='bbox 778 4717 988 4772; x_wconf 90' lang='lat' dir='ltr'><strong>litteras</strong></span> <span class='ocrx_word' id='word_1_682' title='bbox 1018 4719 1334 4773; x_wconf 89' lang='lat' dir='ltr'><strong>duodecima</strong></span> <span class='ocrx_word' id='word_1_683' title='bbox 1364 4731 1465 4772; x_wconf 85' lang='lat' dir='ltr'><strong>est.</strong></span> <span class='ocrx_word' id='word_1_684' title='bbox 1495 4717 1759 4785; x_wconf 87' lang='lat' dir='ltr'><strong>Scriptam</strong></span> <span class='ocrx_word' id='word_1_685' title='bbox 1794 4719 2012 4788; x_wconf 81' lang='lat' dir='ltr'><strong>conjicit</strong></span> <span class='ocrx_word' id='word_1_686' title='bbox 2045 4718 2283 4787; x_wconf 88' lang='lat' dir='ltr'><strong>Dupiuus</strong></span> <span class='ocrx_word' id='word_1_687' title='bbox 2306 4736 2333 4773; x_wconf 90' lang='lat' dir='ltr'><strong>a</strong></span> 
     </span>
    </p>
   </div>
   <div class='ocr_carea' id='block_1_95' title="bbox 778 4808 2329 4880">
    <p class='ocr_par' dir='ltr' id='par_1_95' title="bbox 778 4808 2329 4880">
     <span class='ocr_line' id='line_1_95' title="bbox 778 4808 2329 4880; baseline 0 -18"><span class='ocrx_word' id='word_1_688' title='bbox 778 4808 991 4863; x_wconf 79' lang='lat' dir='ltr'><strong>Juliano</strong></span> <span class='ocrx_word' id='word_1_689' title='bbox 1016 4811 1248 4865; x_wconf 84' lang='lat' dir='ltr'><strong>nendum</strong></span> <span class='ocrx_word' id='word_1_690' title='bbox 1274 4810 1630 4864; x_wconf 83' lang='lat' dir='ltr'><strong>Christianam</strong></span> <span class='ocrx_word' id='word_1_691' title='bbox 1660 4810 1971 4880; x_wconf 84' lang='lat' dir='ltr'><strong>religionem</strong></span> <span class='ocrx_word' id='word_1_692' title='bbox 2003 4824 2187 4880; x_wconf 90' lang='lat' dir='ltr'><strong>aperte</strong></span> <span class='ocrx_word' id='word_1_693' title='bbox 2216 4813 2329 4880; x_wconf 89' lang='lat' dir='ltr'><strong>eju-</strong></span> 
     </span>
    </p>
   </div>
   <div class='ocr_carea' id='block_1_96' title="bbox 779 4899 2337 4973">
    <p class='ocr_par' dir='ltr' id='par_1_96' title="bbox 779 4899 2337 4973">
     <span class='ocr_line' id='line_1_96' title="bbox 779 4899 2337 4973; baseline 0 -17"><span class='ocrx_word' id='word_1_694' title='bbox 779 4902 942 4956; x_wconf 86' lang='lat' dir='ltr'><strong>rauti.</strong></span> <span class='ocrx_word' id='word_1_695' title='bbox 978 4899 1145 4970; x_wconf 80' lang='lat' dir='ltr'><strong>Negat</strong></span> <span class='ocrx_word' id='word_1_696' title='bbox 1184 4902 1283 4955; x_wconf 90' lang='lat' dir='ltr'><strong>hoc</strong></span> <span class='ocrx_word' id='word_1_697' title='bbox 1312 4902 1717 4967; x_wconf 82' lang='lat' dir='ltr'><strong>Tillemontius;</strong></span> <span class='ocrx_word' id='word_1_698' title='bbox 1770 4903 1967 4971; x_wconf 86' lang='lat' dir='ltr'><strong>quippe</strong></span> <span class='ocrx_word' id='word_1_699' title='bbox 2010 4918 2129 4957; x_wconf 90' lang='lat' dir='ltr'><strong>cum</strong></span> <span class='ocrx_word' id='word_1_700' title='bbox 2181 4918 2337 4973; x_wconf 86' lang='lat' dir='ltr'><strong>repu-</strong></span> 
     </span>
    </p>
   </div>
   <div class='ocr_carea' id='block_1_97' title="bbox 782 4992 2329 5067">
    <p class='ocr_par' dir='ltr' id='par_1_97' title="bbox 782 4992 2329 5067">
     <span class='ocr_line' id='line_1_97' title="bbox 782 4992 2329 5067; baseline -0.003 -17"><span class='ocrx_word' id='word_1_701' title='bbox 782 5004 979 5067; x_wconf 83' lang='lat' dir='ltr'><strong>guetut</strong></span> <span class='ocrx_word' id='word_1_702' title='bbox 1008 4993 1260 5047; x_wconf 76' lang='lat' dir='ltr'><strong>Basiliam</strong></span> <span class='ocrx_word' id='word_1_703' title='bbox 1292 4992 1536 5048; x_wconf 80' lang='lat' dir='ltr'><strong>Julianus</strong></span> <span class='ocrx_word' id='word_1_704' title='bbox 1564 4995 1628 5047; x_wconf 87' lang='lat' dir='ltr'><strong>ad</strong></span> <span class='ocrx_word' id='word_1_705' title='bbox 1658 5009 1715 5048; x_wconf 93' lang='lat' dir='ltr'><strong>se</strong></span> <span class='ocrx_word' id='word_1_706' title='bbox 1748 4994 1799 5048; x_wconf 89' lang='lat' dir='ltr'><strong>iu</strong></span> <span class='ocrx_word' id='word_1_707' title='bbox 1826 4992 2026 5048; x_wconf 88' lang='lat' dir='ltr'><strong>Gallias</strong></span> <span class='ocrx_word' id='word_1_708' title='bbox 2070 4994 2329 5046; x_wconf 80' lang='lat' dir='ltr'><strong>invitave-</strong></span> 
     </span>
    </p>
   </div>
   <div class='ocr_carea' id='block_1_98' title="bbox 780 5083 2319 5153">
    <p class='ocr_par' dir='ltr' id='par_1_98' title="bbox 780 5083 2319 5153">
     <span class='ocr_line' id='line_1_98' title="bbox 780 5083 2319 5153; baseline -0.004 -12"><span class='ocrx_word' id='word_1_709' title='bbox 780 5088 871 5149; x_wconf 87' lang='lat' dir='ltr'><strong>rit,</strong></span> <span class='ocrx_word' id='word_1_710' title='bbox 908 5084 1058 5139; x_wconf 89' lang='lat' dir='ltr'><strong>etde</strong></span> <span class='ocrx_word' id='word_1_711' title='bbox 1097 5084 1306 5153; x_wconf 89' lang='lat' dir='ltr'><strong>publico</strong></span> <span class='ocrx_word' id='word_1_712' title='bbox 1359 5085 1412 5139; x_wconf 93' lang='lat' dir='ltr'><strong>in</strong></span> <span class='ocrx_word' id='word_1_713' title='bbox 1456 5083 1675 5141; x_wconf 90' lang='lat' dir='ltr'><strong>Oriente</strong></span> <span class='ocrx_word' id='word_1_714' title='bbox 1723 5100 1881 5139; x_wconf 82' lang='lat' dir='ltr'><strong>cursu</strong></span> <span class='ocrx_word' id='word_1_715' title='bbox 1934 5086 1996 5137; x_wconf 88' lang='lat' dir='ltr'><strong>al</strong></span> <span class='ocrx_word' id='word_1_716' title='bbox 2031 5084 2319 5137; x_wconf 87' lang='lat' dir='ltr'><strong>arbitrium</strong></span> 
     </span>
    </p>
   </div>
   <div class='ocr_carea' id='block_1_99' title="bbox 780 5174 2329 5245">
    <p class='ocr_par' dir='ltr' id='par_1_99' title="bbox 780 5174 2329 5245">
     <span class='ocr_line' id='line_1_99' title="bbox 780 5174 2329 5245; baseline -0.003 -15"><span class='ocrx_word' id='word_1_717' title='bbox 780 5192 938 5230; x_wconf 87' lang='lat' dir='ltr'><strong>suum</strong></span> <span class='ocrx_word' id='word_1_718' title='bbox 992 5176 1223 5230; x_wconf 92' lang='lat' dir='ltr'><strong>nondum</strong></span> <span class='ocrx_word' id='word_1_719' title='bbox 1254 5176 1523 5245; x_wconf 80' lang='lat' dir='ltr'><strong>Augustus</strong></span> <span class='ocrx_word' id='word_1_720' title='bbox 1556 5177 1825 5230; x_wconf 87' lang='lat' dir='ltr'><strong>statuerit.</strong></span> <span class='ocrx_word' id='word_1_721' title='bbox 1865 5174 1968 5229; x_wconf 88' lang='lat' dir='ltr'><strong>Sed</strong></span> <span class='ocrx_word' id='word_1_722' title='bbox 2001 5185 2177 5228; x_wconf 90' lang='lat' dir='ltr'><strong>tamen</strong></span> <span class='ocrx_word' id='word_1_723' title='bbox 2226 5190 2329 5227; x_wconf 87' lang='lat' dir='ltr'><strong>non</strong></span> 
     </span>
    </p>
   </div>
   <div class='ocr_carea' id='block_1_100' title="bbox 781 5264 2335 5330">
    <p class='ocr_par' dir='ltr' id='par_1_100' title="bbox 781 5264 2335 5330">
     <span class='ocr_line' id='line_1_100' title="bbox 781 5264 2335 5330; baseline -0.004 -9"><span class='ocrx_word' id='word_1_724' title='bbox 781 5266 983 5321; x_wconf 88' lang='lat' dir='ltr'><strong>invitus</strong></span> <span class='ocrx_word' id='word_1_725' title='bbox 1000 5266 1241 5319; x_wconf 90' lang='lat' dir='ltr'><strong>concedit</strong></span> <span class='ocrx_word' id='word_1_726' title='bbox 1268 5264 1561 5330; x_wconf 75' lang='lat' dir='ltr'><strong>Iulianum,</strong></span> <span class='ocrx_word' id='word_1_727' title='bbox 1594 5282 1715 5321; x_wconf 89' lang='lat' dir='ltr'><strong>cum</strong></span> <span class='ocrx_word' id='word_1_728' title='bbox 1745 5267 1857 5319; x_wconf 82' lang='lat' dir='ltr'><strong>h:ec</strong></span> <span class='ocrx_word' id='word_1_729' title='bbox 1888 5266 2171 5327; x_wconf 72' lang='lat' dir='ltr'><strong>Scriberet,</strong></span> <span class='ocrx_word' id='word_1_730' title='bbox 2204 5280 2335 5315; x_wconf 88' lang='lat' dir='ltr'><strong>non-</strong></span> 
     </span>
    </p>
   </div>
   <div class='ocr_carea' id='block_1_101' title="bbox 785 5354 2337 5424">
    <p class='ocr_par' dir='ltr' id='par_1_101' title="bbox 785 5354 2337 5424">
     <span class='ocr_line' id='line_1_101' title="bbox 785 5354 2337 5424; baseline -0.001 -15"><span class='ocrx_word' id='word_1_731' title='bbox 785 5355 909 5409; x_wconf 84' lang='lat' dir='ltr'><strong>duin</strong></span> <span class='ocrx_word' id='word_1_732' title='bbox 939 5354 1325 5424; x_wconf 89' lang='lat' dir='ltr'><strong>persecutionis</strong></span> <span class='ocrx_word' id='word_1_733' title='bbox 1368 5357 1575 5424; x_wconf 83' lang='lat' dir='ltr'><strong>signum</strong></span> <span class='ocrx_word' id='word_1_734' title='bbox 1621 5357 1899 5412; x_wconf 78' lang='lat' dir='ltr'><strong>extulisse.</strong></span> <span class='ocrx_word' id='word_1_735' title='bbox 1931 5356 2121 5409; x_wconf 79' lang='lat' dir='ltr'><strong>Abiere</strong></span> <span class='ocrx_word' id='word_1_736' title='bbox 2151 5356 2202 5407; x_wconf 93' lang='lat' dir='ltr'><strong>in</strong></span> <span class='ocrx_word' id='word_1_737' title='bbox 2242 5354 2337 5408; x_wconf 87' lang='lat' dir='ltr'><strong>has</strong></span> 
     </span>
    </p>
   </div>
   <div class='ocr_carea' id='block_1_102' title="bbox 784 5445 2334 5517">
    <p class='ocr_par' dir='ltr' id='par_1_102' title="bbox 784 5445 2334 5517">
     <span class='ocr_line' id='line_1_102' title="bbox 784 5445 2334 5517; baseline 0.001 -18"><span class='ocrx_word' id='word_1_738' title='bbox 784 5445 1127 5514; x_wconf 85' lang='lat' dir='ltr'><strong>conjecturas</strong></span> <span class='ocrx_word' id='word_1_739' title='bbox 1160 5448 1350 5501; x_wconf 88' lang='lat' dir='ltr'><strong>eruditi</strong></span> <span class='ocrx_word' id='word_1_740' title='bbox 1378 5448 1451 5501; x_wconf 91' lang='lat' dir='ltr'><strong>illi</strong></span> <span class='ocrx_word' id='word_1_741' title='bbox 1478 5447 1599 5511; x_wconf 91' lang='lat' dir='ltr'><strong>viri,</strong></span> <span class='ocrx_word' id='word_1_742' title='bbox 1641 5448 1765 5516; x_wconf 91' lang='lat' dir='ltr'><strong>quia</strong></span> <span class='ocrx_word' id='word_1_743' title='bbox 1794 5450 1931 5503; x_wconf 88' lang='lat' dir='ltr'><strong>hanc</strong></span> <span class='ocrx_word' id='word_1_744' title='bbox 1957 5448 2238 5517; x_wconf 88' lang='lat' dir='ltr'><strong>epistolam</strong></span> <span class='ocrx_word' id='word_1_745' title='bbox 2270 5447 2334 5500; x_wconf 91' lang='lat' dir='ltr'><strong>ad</strong></span> 
     </span>
    </p>
   </div>
   <div class='ocr_carea' id='block_1_103' title="bbox 786 5535 2343 5609">
    <p class='ocr_par' dir='ltr' id='par_1_103' title="bbox 786 5535 2343 5609">
     <span class='ocr_line' id='line_1_103' title="bbox 786 5535 2343 5609; baseline 0.003 -20"><span class='ocrx_word' id='word_1_746' title='bbox 786 5535 1043 5590; x_wconf 79' lang='lat' dir='ltr'><strong>Basiliam</strong></span> <span class='ocrx_word' id='word_1_747' title='bbox 1080 5538 1334 5608; x_wconf 89' lang='lat' dir='ltr'><strong>scriptam</strong></span> <span class='ocrx_word' id='word_1_748' title='bbox 1388 5540 1666 5609; x_wconf 89' lang='lat' dir='ltr'><strong>putabant.</strong></span> <span class='ocrx_word' id='word_1_749' title='bbox 1715 5537 1822 5592; x_wconf 88' lang='lat' dir='ltr'><strong>Sed</strong></span> <span class='ocrx_word' id='word_1_750' title='bbox 1866 5539 1910 5593; x_wconf 87' lang='lat' dir='ltr'><strong>si</strong></span> <span class='ocrx_word' id='word_1_751' title='bbox 1958 5554 2075 5593; x_wconf 88' lang='lat' dir='ltr'><strong>eam</strong></span> <span class='ocrx_word' id='word_1_752' title='bbox 2127 5538 2343 5608; x_wconf 88' lang='lat' dir='ltr'><strong>scripsit</strong></span> 
     </span>
    </p>
   </div>
   <div class='ocr_carea' id='block_1_104' title="bbox 786 5624 2339 5701">
    <p class='ocr_par' dir='ltr' id='par_1_104' title="bbox 786 5624 2339 5701">
     <span class='ocr_line' id='line_1_104' title="bbox 786 5624 2339 5701; baseline 0.002 -21"><span class='ocrx_word' id='word_1_753' title='bbox 786 5624 1265 5695; x_wconf 84' lang='lat' dir='ltr'><strong>Julianus,homini</strong></span> <span class='ocrx_word' id='word_1_754' title='bbox 1296 5632 1822 5701; x_wconf 80' lang='lat' dir='ltr'><strong>scripsitConstantii</strong></span> <span class='ocrx_word' id='word_1_755' title='bbox 1850 5632 1983 5687; x_wconf 68' lang='lat' dir='ltr'><strong>aula:</strong></span> <span class='ocrx_word' id='word_1_756' title='bbox 2004 5631 2339 5686; x_wconf 87' lang='lat' dir='ltr'><strong>incommoda</strong></span> 
     </span>
    </p>
   </div>
   <div class='ocr_carea' id='block_1_105' title="bbox 856 5814 1224 5950">
    <p class='ocr_par' dir='ltr' id='par_1_105' title="bbox 856 5814 1224 5950">
     <span class='ocr_line' id='line_1_105' title="bbox 856 5814 1224 5950; baseline 0.011 -14"><span class='ocrx_word' id='word_1_757' title='bbox 856 5814 933 5950; x_wconf 68' lang='lat' dir='ltr'><strong>ii,</strong></span> <span class='ocrx_word' id='word_1_758' title='bbox 970 5816 1145 5943; x_wconf 71' lang='lat' dir='ltr'><strong>ar-</strong></span> <span class='ocrx_word' id='word_1_759' title='bbox 1177 5816 1224 5872; x_wconf 72' lang='grc' dir='ltr'><strong>ί-</strong></span> 
     </span>
    </p>
   </div>
   <div class='ocr_carea' id='block_1_106' title="bbox 2443 4689 3998 4775">
    <p class='ocr_par' dir='ltr' id='par_1_106' title="bbox 2443 4689 3998 4775">
     <span class='ocr_line' id='line_1_106' title="bbox 2443 4689 3998 4775; baseline -0.01 -17"><span class='ocrx_word' id='word_1_760' title='bbox 2443 4706 2611 4775; x_wconf 84' lang='lat' dir='ltr'><strong>psisse</strong></span> <span class='ocrx_word' id='word_1_761' title='bbox 2646 4717 2783 4754; x_wconf 91' lang='lat' dir='ltr'><strong>anno</strong></span> <span class='ocrx_word' id='word_1_762' title='bbox 2807 4700 2928 4762; x_wconf 72' lang='lat'><strong>362,</strong></span> <span class='ocrx_word' id='word_1_763' title='bbox 2959 4714 3019 4753; x_wconf 89' lang='lat' dir='ltr'><strong>ac</strong></span> <span class='ocrx_word' id='word_1_764' title='bbox 3043 4699 3262 4768; x_wconf 90' lang='lat' dir='ltr'><strong>proinde</strong></span> <span class='ocrx_word' id='word_1_765' title='bbox 3299 4696 3599 4749; x_wconf 86' lang='lat' dir='ltr'><strong>ordinatum</strong></span> <span class='ocrx_word' id='word_1_766' title='bbox 3626 4692 3788 4747; x_wconf 86' lang='lat' dir='ltr'><strong>fuisse</strong></span> <span class='ocrx_word' id='word_1_767' title='bbox 3818 4692 3903 4744; x_wconf 90' lang='lat' dir='ltr'><strong>die</strong></span> <span class='ocrx_word' id='word_1_768' title='bbox 3927 4689 3998 4744; x_wconf 71' lang='lat'><strong>25</strong></span> 
     </span>
    </p>
   </div>
   <div class='ocr_carea' id='block_1_107' title="bbox 2446 4784 3997 4866">
    <p class='ocr_par' dir='ltr' id='par_1_107' title="bbox 2446 4784 3997 4866">
     <span class='ocr_line' id='line_1_107' title="bbox 2446 4784 3997 4866; baseline -0.013 -10"><span class='ocrx_word' id='word_1_769' title='bbox 2446 4799 2749 4857; x_wconf 84' lang='lat' dir='ltr'><strong>Decembris</strong></span> <span class='ocrx_word' id='word_1_770' title='bbox 2770 4798 3010 4866; x_wconf 83' lang='lat' dir='ltr'><strong>proxime</strong></span> <span class='ocrx_word' id='word_1_771' title='bbox 3037 4794 3223 4863; x_wconf 83' lang='lat' dir='ltr'><strong>elapsi.</strong></span> <span class='ocrx_word' id='word_1_772' title='bbox 3254 4792 3479 4844; x_wconf 83' lang='lat' dir='ltr'><strong>Exhibet</strong></span> <span class='ocrx_word' id='word_1_773' title='bbox 3511 4789 3650 4843; x_wconf 92' lang='lat' dir='ltr'><strong>enim</strong></span> <span class='ocrx_word' id='word_1_774' title='bbox 3692 4787 3842 4843; x_wconf 73' lang='lat' dir='ltr'><strong>nobis</strong></span> <span class='ocrx_word' id='word_1_775' title='bbox 3878 4784 3997 4838; x_wconf 86' lang='lat' dir='ltr'><strong>aui-</strong></span> 
     </span>
    </p>
   </div>
   <div class='ocr_carea' id='block_1_108' title="bbox 2444 4876 3998 4958">
    <p class='ocr_par' dir='ltr' id='par_1_108' title="bbox 2444 4876 3998 4958">
     <span class='ocr_line' id='line_1_108' title="bbox 2444 4876 3998 4958; baseline -0.012 -11"><span class='ocrx_word' id='word_1_776' title='bbox 2444 4910 2586 4947; x_wconf 88' lang='lat' dir='ltr'><strong>tnum</strong></span> <span class='ocrx_word' id='word_1_777' title='bbox 2618 4906 2719 4945; x_wconf 93' lang='lat' dir='ltr'><strong>non</strong></span> <span class='ocrx_word' id='word_1_778' title='bbox 2750 4900 2853 4943; x_wconf 89' lang='lat' dir='ltr'><strong>tam</strong></span> <span class='ocrx_word' id='word_1_779' title='bbox 2879 4902 3107 4958; x_wconf 85' lang='lat' dir='ltr'><strong>pugnam</strong></span> <span class='ocrx_word' id='word_1_780' title='bbox 3132 4894 3430 4953; x_wconf 80' lang='lat' dir='ltr'><strong>expertum,</strong></span> <span class='ocrx_word' id='word_1_781' title='bbox 3465 4896 3623 4950; x_wconf 91' lang='lat' dir='ltr'><strong>quam</strong></span> <span class='ocrx_word' id='word_1_782' title='bbox 3656 4886 3896 4947; x_wconf 89' lang='lat' dir='ltr'><strong>paratum</strong></span> <span class='ocrx_word' id='word_1_783' title='bbox 3931 4876 3998 4930; x_wconf 88' lang='lat' dir='ltr'><strong>ad</strong></span> 
     </span>
    </p>
   </div>
   <div class='ocr_carea' id='block_1_109' title="bbox 2441 4964 4006 5055">
    <p class='ocr_par' dir='ltr' id='par_1_109' title="bbox 2441 4964 4006 5055">
     <span class='ocr_line' id='line_1_109' title="bbox 2441 4964 4006 5055; baseline -0.012 -17"><span class='ocrx_word' id='word_1_784' title='bbox 2441 4984 2812 5055; x_wconf 80' lang='lat' dir='ltr'><strong>pugnandum;</strong></span> <span class='ocrx_word' id='word_1_785' title='bbox 2850 4994 2915 5033; x_wconf 79' lang='lat' dir='ltr'><strong>ex</strong></span> <span class='ocrx_word' id='word_1_786' title='bbox 2959 4994 3063 5049; x_wconf 92' lang='lat' dir='ltr'><strong>quo</strong></span> <span class='ocrx_word' id='word_1_787' title='bbox 3106 4975 3229 5029; x_wconf 90' lang='lat' dir='ltr'><strong>illud</strong></span> <span class='ocrx_word' id='word_1_788' title='bbox 3263 4973 3535 5041; x_wconf 88' lang='lat' dir='ltr'><strong>sequitur,</strong></span> <span class='ocrx_word' id='word_1_789' title='bbox 3566 4972 3793 5024; x_wconf 89' lang='lat' dir='ltr'><strong>nondum</strong></span> <span class='ocrx_word' id='word_1_790' title='bbox 3827 4964 4006 5021; x_wconf 79' lang='lat' dir='ltr'><strong>Julia-</strong></span> 
     </span>
    </p>
   </div>
   <div class='ocr_carea' id='block_1_110' title="bbox 2439 5060 3997 5139">
    <p class='ocr_par' dir='ltr' id='par_1_110' title="bbox 2439 5060 3997 5139">
     <span class='ocr_line' id='line_1_110' title="bbox 2439 5060 3997 5139; baseline -0.012 -10"><span class='ocrx_word' id='word_1_791' title='bbox 2439 5092 2562 5129; x_wconf 83' lang='grc' dir='ltr'>ηιιιη</span> <span class='ocrx_word' id='word_1_792' title='bbox 2604 5074 2654 5126; x_wconf 90' lang='lat' dir='ltr'><strong>in</strong></span> <span class='ocrx_word' id='word_1_793' title='bbox 2680 5070 3064 5139; x_wconf 86' lang='lat' dir='ltr'><strong>Cappadociam</strong></span> <span class='ocrx_word' id='word_1_794' title='bbox 3087 5066 3313 5119; x_wconf 85' lang='lat' dir='ltr'><strong>venisse.</strong></span> <span class='ocrx_word' id='word_1_795' title='bbox 3337 5063 3617 5123; x_wconf 68' lang='lat' dir='ltr'><strong>Praeterea,</strong></span> <span class='ocrx_word' id='word_1_796' title='bbox 3640 5060 3681 5112; x_wconf 90' lang='lat' dir='ltr'><strong>si</strong></span> <span class='ocrx_word' id='word_1_797' title='bbox 3711 5061 3822 5112; x_wconf 85' lang='lat' dir='ltr'><strong>haec</strong></span> <span class='ocrx_word' id='word_1_798' title='bbox 3857 5060 3997 5112; x_wconf 86' lang='lat' dir='ltr'><strong>scri-</strong></span> 
     </span>
    </p>
   </div>
   <div class='ocr_carea' id='block_1_111' title="bbox 2438 5153 3999 5237">
    <p class='ocr_par' dir='ltr' id='par_1_111' title="bbox 2438 5153 3999 5237">
     <span class='ocr_line' id='line_1_111' title="bbox 2438 5153 3999 5237; baseline -0.009 -17"><span class='ocrx_word' id='word_1_799' title='bbox 2438 5167 2629 5237; x_wconf 87' lang='lat' dir='ltr'><strong>psisset</strong></span> <span class='ocrx_word' id='word_1_800' title='bbox 2656 5163 2945 5231; x_wconf 88' lang='lat' dir='ltr'><strong>Gregorius</strong></span> <span class='ocrx_word' id='word_1_801' title='bbox 2965 5170 3082 5229; x_wconf 89' lang='lat' dir='ltr'><strong>post</strong></span> <span class='ocrx_word' id='word_1_802' title='bbox 3112 5157 3311 5211; x_wconf 88' lang='lat' dir='ltr'><strong>Pascha</strong></span> <span class='ocrx_word' id='word_1_803' title='bbox 3335 5156 3456 5209; x_wconf 85' lang='lat' dir='ltr'><strong>anni</strong></span> <span class='ocrx_word' id='word_1_804' title='bbox 3480 5153 3601 5216; x_wconf 76' lang='lat'><strong>363,</strong></span> <span class='ocrx_word' id='word_1_805' title='bbox 3624 5167 3728 5219; x_wconf 83' lang='lat' dir='ltr'><strong>quo</strong></span> <span class='ocrx_word' id='word_1_806' title='bbox 3758 5160 3999 5220; x_wconf 88' lang='lat' dir='ltr'><strong>tempore</strong></span> 
     </span>
    </p>
   </div>
   <div class='ocr_carea' id='block_1_112' title="bbox 2442 5244 3996 5311">
    <p class='ocr_par' dir='ltr' id='par_1_112' title="bbox 2442 5244 3996 5311">
     <span class='ocr_line' id='line_1_112' title="bbox 2442 5244 3996 5311; baseline -0.012 0"><span class='ocrx_word' id='word_1_807' title='bbox 2442 5269 2546 5311; x_wconf 89' lang='lat' dir='ltr'><strong>tam</strong></span> <span class='ocrx_word' id='word_1_808' title='bbox 2580 5255 2740 5309; x_wconf 89' lang='lat' dir='ltr'><strong>multa</strong></span> <span class='ocrx_word' id='word_1_809' title='bbox 2800 5255 3082 5307; x_wconf 75' lang='lat' dir='ltr'><strong>exstabant</strong></span> <span class='ocrx_word' id='word_1_810' title='bbox 3130 5248 3323 5303; x_wconf 72' lang='lat' dir='ltr'><strong>Iuliani</strong></span> <span class='ocrx_word' id='word_1_811' title='bbox 3356 5246 3682 5301; x_wconf 89' lang='lat' dir='ltr'><strong>crudelitatis</strong></span> <span class='ocrx_word' id='word_1_812' title='bbox 3729 5244 3996 5310; x_wconf 67' lang='lat' dir='ltr'><strong>exempla,</strong></span> 
     </span>
    </p>
   </div>
   <div class='ocr_carea' id='block_1_113' title="bbox 2441 5340 3999 5416">
    <p class='ocr_par' dir='ltr' id='par_1_113' title="bbox 2441 5340 3999 5416">
     <span class='ocr_line' id='line_1_113' title="bbox 2441 5340 3999 5416; baseline -0.013 -11"><span class='ocrx_word' id='word_1_813' title='bbox 2441 5367 2543 5405; x_wconf 83' lang='lat' dir='ltr'><strong>non</strong></span> <span class='ocrx_word' id='word_1_814' title='bbox 2594 5348 2703 5416; x_wconf 86' lang='lat' dir='ltr'><strong>jam</strong></span> <span class='ocrx_word' id='word_1_815' title='bbox 2735 5347 3036 5415; x_wconf 88' lang='lat' dir='ltr'><strong>suspicatus</strong></span> <span class='ocrx_word' id='word_1_816' title='bbox 3083 5352 3226 5397; x_wconf 88' lang='lat' dir='ltr'><strong>esset</strong></span> <span class='ocrx_word' id='word_1_817' title='bbox 3265 5344 3389 5412; x_wconf 88' lang='lat' dir='ltr'><strong>quid</strong></span> <span class='ocrx_word' id='word_1_818' title='bbox 3433 5340 3665 5393; x_wconf 85' lang='lat' dir='ltr'><strong>facturus</strong></span> <span class='ocrx_word' id='word_1_819' title='bbox 3689 5345 3829 5389; x_wconf 88' lang='lat' dir='ltr'><strong>esset</strong></span> <span class='ocrx_word' id='word_1_820' title='bbox 3869 5351 3999 5402; x_wconf 78' lang='lat' dir='ltr'><strong>apo-</strong></span> 
     </span>
    </p>
   </div>
   <div class='ocr_carea' id='block_1_114' title="bbox 2439 5436 4001 5507">
    <p class='ocr_par' dir='ltr' id='par_1_114' title="bbox 2439 5436 4001 5507">
     <span class='ocr_line' id='line_1_114' title="bbox 2439 5436 4001 5507; baseline -0.011 -10"><span class='ocrx_word' id='word_1_821' title='bbox 2439 5454 2601 5507; x_wconf 87' lang='lat' dir='ltr'><strong>stata,</strong></span> <span class='ocrx_word' id='word_1_822' title='bbox 2630 5440 2722 5495; x_wconf 91' lang='lat' dir='ltr'><strong>sed</strong></span> <span class='ocrx_word' id='word_1_823' title='bbox 2752 5440 2867 5507; x_wconf 85' lang='lat' dir='ltr'><strong>ejus</strong></span> <span class='ocrx_word' id='word_1_824' title='bbox 2911 5440 3046 5491; x_wconf 81' lang='lat' dir='ltr'><strong>facta</strong></span> <span class='ocrx_word' id='word_1_825' title='bbox 3084 5436 3392 5496; x_wconf 81' lang='lat' dir='ltr'><strong>iudicasset,</strong></span> <span class='ocrx_word' id='word_1_826' title='bbox 3419 5443 3645 5500; x_wconf 88' lang='lat' dir='ltr'><strong>eumque</strong></span> <span class='ocrx_word' id='word_1_827' title='bbox 3672 5444 3774 5481; x_wconf 91' lang='lat' dir='ltr'><strong>non</strong></span> <span class='ocrx_word' id='word_1_828' title='bbox 3811 5442 4001 5494; x_wconf 78' lang='lat' dir='ltr'><strong>exspe-</strong></span> 
     </span>
    </p>
   </div>
   <div class='ocr_carea' id='block_1_115' title="bbox 2446 5521 3999 5596">
    <p class='ocr_par' dir='ltr' id='par_1_115' title="bbox 2446 5521 3999 5596">
     <span class='ocr_line' id='line_1_115' title="bbox 2446 5521 3999 5596; baseline -0.015 -3"><span class='ocrx_word' id='word_1_829' title='bbox 2446 5538 2701 5596; x_wconf 77' lang='lat' dir='ltr'><strong>ctatione,</strong></span> <span class='ocrx_word' id='word_1_830' title='bbox 2740 5543 2797 5585; x_wconf 87' lang='lat' dir='ltr'><strong>ut</strong></span> <span class='ocrx_word' id='word_1_831' title='bbox 2826 5534 2879 5585; x_wconf 92' lang='lat' dir='ltr'><strong>in</strong></span> <span class='ocrx_word' id='word_1_832' title='bbox 2930 5528 3232 5585; x_wconf 88' lang='lat' dir='ltr'><strong>testimonio</strong></span> <span class='ocrx_word' id='word_1_833' title='bbox 3262 5527 3441 5590; x_wconf 87' lang='lat' dir='ltr'><strong>allato,</strong></span> <span class='ocrx_word' id='word_1_834' title='bbox 3480 5524 3569 5577; x_wconf 88' lang='lat' dir='ltr'><strong>sed</strong></span> <span class='ocrx_word' id='word_1_835' title='bbox 3602 5539 3655 5576; x_wconf 90' lang='lat' dir='ltr'><strong>re</strong></span> <span class='ocrx_word' id='word_1_836' title='bbox 3689 5521 3999 5574; x_wconf 86' lang='lat' dir='ltr'><strong>crudelissi-</strong></span> 
     </span>
    </p>
   </div>
   <div class='ocr_carea' id='block_1_116' title="bbox 2449 5610 3998 5692">
    <p class='ocr_par' dir='ltr' id='par_1_116' title="bbox 2449 5610 3998 5692">
     <span class='ocr_line' id='line_1_116' title="bbox 2449 5610 3998 5692; baseline -0.014 -9"><span class='ocrx_word' id='word_1_837' title='bbox 2449 5645 2591 5684; x_wconf 90' lang='lat' dir='ltr'><strong>mum</strong></span> <span class='ocrx_word' id='word_1_838' title='bbox 2612 5625 2921 5692; x_wconf 76' lang='lat' dir='ltr'><strong>iudicasset.</strong></span> <span class='ocrx_word' id='word_1_839' title='bbox 2956 5622 3172 5675; x_wconf 77' lang='lat' dir='ltr'><strong>Videtur</strong></span> <span class='ocrx_word' id='word_1_840' title='bbox 3202 5631 3329 5687; x_wconf 81' lang='lat' dir='ltr'><strong>ergo</strong></span> <span class='ocrx_word' id='word_1_841' title='bbox 3354 5618 3463 5672; x_wconf 81' lang='lat' dir='ltr'><strong>haec</strong></span> <span class='ocrx_word' id='word_1_842' title='bbox 3492 5614 3767 5682; x_wconf 88' lang='lat' dir='ltr'><strong>scripsisse</strong></span> <span class='ocrx_word' id='word_1_843' title='bbox 3796 5610 3998 5679; x_wconf 76' lang='lat' dir='ltr'><strong>Grego-</strong></span> 
     </span>
    </p>
   </div>
   <div class='ocr_carea' id='block_1_117' title="bbox 2526 5803 2840 5875">
    <p class='ocr_par' dir='ltr' id='par_1_117' title="bbox 2526 5803 2840 5875">
     <span class='ocr_line' id='line_1_117' title="bbox 2526 5803 2840 5875; baseline -0.01 -15"><span class='ocrx_word' id='word_1_844' title='bbox 2526 5808 2594 5875; x_wconf 90' lang='lat' dir='ltr'><strong>(c)</strong></span> <span class='ocrx_word' id='word_1_845' title='bbox 2634 5803 2721 5875; x_wconf 88' lang='lat' dir='ltr'><strong>0r.</strong></span> <span class='ocrx_word' id='word_1_846' title='bbox 2757 5804 2840 5857; x_wconf 58' lang='lat' dir='ltr'><strong>Il.</strong></span> 
     </span>
    </p>
   </div>
   <div class='ocr_carea' id='block_1_118' title="bbox 2521 5874 2953 5946">
    <p class='ocr_par' dir='ltr' id='par_1_118' title="bbox 2521 5874 2953 5946">
     <span class='ocr_line' id='line_1_118' title="bbox 2521 5874 2953 5946; baseline 0.005 -19"><span class='ocrx_word' id='word_1_847' title='bbox 2521 5880 2595 5946; x_wconf 80' lang='lat' dir='ltr'><strong>(d)</strong></span> <span class='ocrx_word' id='word_1_848' title='bbox 2637 5874 2764 5929; x_wconf 71' lang='grc' dir='ltr'><strong>Νη.</strong></span> <span class='ocrx_word' id='word_1_849' title='bbox 2801 5890 2878 5927; x_wconf 92' lang='lat' dir='ltr'><strong>or.</strong></span> <span class='ocrx_word' id='word_1_850' title='bbox 2912 5876 2953 5929; x_wconf 82' lang='lat' dir='ltr'><strong>l.</strong></span> 
     </span>
    </p>
   </div>
  </div>
