4206 6524
1592 454 1753 509 ἫΤΔ
1790 456 1847 511 S.
1886 456 2152 514 BASILll.

3301 482 3470 523 XXXIII

216 567 339 628 rius.
369 573 670 635 antequam
702 564 988 632 Julianus,
1025 567 1113 635 qui
1144 566 1600 637 Constantinopoli
1633 568 1811 637 profe-
1838 578 1885 634 Α
1912 570 2143 626 Basilius
2176 585 2303 627 vero
2348 572 2597 628 maximis
2629 572 2877 631 laudibus
2928 575 3131 631 efferat.
3165 577 3270 633 Sed
3299 580 3473 634 minus

226 670 335 713 ctus
370 668 451 713 est
484 672 679 713 mense
734 659 886 715 Maio
913 660 1034 714 anni
1070 658 1195 725 362,
1234 660 1284 712 in
1318 658 1642 729 regionibus.
1677 675 1812 729 quas

241 752 566 807 Antiochiam
598 761 798 819 petens
826 753 1152 822 peragravit,
1182 751 1443 809 horrenda
1476 750 1810 806 crudelitatis

246 852 579 899 monuments
630 843 968 912 reliquisset,
1012 843 1202 913 quibus
1229 851 1410 912 postea
1457 841 1722 897 cumulum
1756 842 1810 896 in

250 936 459 991 Oriente
491 936 768 1005 imposuit.

314 1026 401 1082 lll.
452 1025 567 1079 Non
608 1026 783 1080 multo
836 1034 955 1096 post
1005 1024 1243 1094 Gregorii
1299 1022 1809 1090 reditum,B.tsilius

251 1120 542 1172 timsaream
582 1118 751 1181 venit,
807 1118 975 1170 Dianii
1013 1116 1356 1171 Caasariensis
1416 1115 1697 1169 accersitu.
1760 1114 1809 1170 ls

245 1210 388 1263 enim
424 1224 545 1263 cum
592 1210 643 1262 in
700 1224 911 1279 gravem
964 1208 1204 1261 morbum
1251 1207 1541 1271 incidisset,
1593 1221 1658 1261 ex
1702 1221 1808 1275 quo

240 1302 405 1354 etlam
433 1314 464 1353 e
496 1300 604 1353 vita
640 1300 903 1362 discessit,
933 1313 1052 1352 cum
1103 1297 1318 1362 Basilio,
1343 1312 1499 1366 quem
1526 1312 1554 1351 a
1579 1313 1637 1352 se
1675 1298 1805 1353 sub-

240 1392 488 1445 scribens
544 1391 783 1445 formula:
834 1388 1289 1460 Constantinopoli
1334 1389 1507 1444 allata:
1546 1389 1808 1445 alienave-

243 1492 350 1547 rat,
371 1484 665 1538 amicitiam
700 1492 754 1536 et
774 1485 1201 1537 communionem
1229 1482 1591 1552 redintegrare
1617 1484 1802 1548 voluit,

239 1586 535 1644 antequam
600 1583 916 1629 moreretur.
968 1574 1147 1644 itaque
1200 1577 1459 1627 accersito
1494 1573 1687 1630 Basilio
1725 1576 1803 1629 di-

236 1667 320 1719 xit
360 1666 434 1735 (a)
474 1664 743 1719 :Domino
810 1674 953 1731 teste,
998 1682 1051 1719 se
1113 1666 1302 1732 scripto
1353 1664 1801 1735 Constantinopoli

240 1758 413 1811 allato
449 1757 503 1809 in
538 1757 872 1824 simplicitate
893 1759 1062 1811 cordis
1094 1757 1394 1822 assensisse,
1441 1760 1529 1811 sed
1572 1758 1702 1810 nihil
1731 1757 1797 1809 ad

236 1849 365 1915 ﬁdei
396 1847 634 1903 Nicwme
664 1867 695 1903 a
722 1853 915 1904 sanctis
947 1848 1193 1901 Patribus
1221 1850 1467 1917 exposin
1491 1849 1798 1902 eversionem

1912 665 2187 717 commoda
2225 663 2433 718 videtur
2475 665 2590 718 hac
2626 662 2782 719 fama:
2813 666 2982 719 Dianii
3015 666 3357 724 defendenda:
3388 686 3470 723 ra-

1914 752 2007 807 tio.
2038 753 2266 809 Etiamsi
2307 755 2450 809 enim
2487 755 2754 826 Theognis
2807 757 2860 810 in
2916 755 3039 811 Julii
3071 759 3318 827 epistola,
3365 777 3470 815 non

1913 846 2131 901 Dianius
2154 846 2423 915 legeretur
2440 848 2601 917 (quod
2625 859 2797 903 tamen
2831 849 2946 904 fieri
2972 851 3168 907 debere
3201 863 3355 923 negat
3381 854 3474 906 dn-

1911 939 2184 993 ctissimus
2216 940 2391 994 editor
2426 940 2719 995 litterarum
2747 940 3104 997 Romanorum
3140 945 3469 1013 pontiﬁcum,

1911 1030 2035 1099 quia
2090 1029 2356 1099 Theognis
2392 1030 2639 1088 Nicanus
2687 1034 2739 1087 in
2792 1035 2975 1088 eadem
3005 1036 3225 1103 epistola
3258 1038 3473 1107 proprio

1910 1124 2126 1178 nomine
2169 1124 2483 1195 appellatur)
2515 1143 2529 1191 ;
2572 1141 2698 1179 num
2744 1125 2941 1181 idcirco
2978 1125 3149 1182 Dianii
3182 1143 3371 1183 nomen
3406 1144 3471 1183 ex

1911 1215 2195 1270 Sozomeni
2222 1215 2451 1272 Historia
2486 1218 2556 1286 (ε)
2596 1218 2764 1271 deleri
2816 1226 3015 1288 posset,
3047 1220 3134 1289 qui
3180 1236 3301 1275 eum
3332 1221 3474 1276 inter

1907 1310 2205 1379 praecipuos
2240 1309 2448 1365 concilii
2493 1308 2807 1363 Antiocheni
2856 1310 3131 1379 episcopos
3174 1312 3474 1367 numerat?

1905 1397 2170 1456 Praeterea
2220 1401 2362 1455 aliud
2396 1402 2644 1469 probrum
2676 1416 2778 1456 non
2835 1402 3001 1456 multo
3034 1404 3207 1457 minus
3251 1404 3474 1459 inhrret

1905 1487 2096 1544 Dianio
2126 1489 2442 1544 Ctesaricnsi
2486 1504 2551 1543 ex
2608 1489 2914 1545 Sardicensi
2966 1492 3225 1558 concilio,
3257 1492 3309 1546 in
3360 1508 3467 1562 quo

1903 1597 2023 1636 cum
2051 1582 2265 1636 Arianis
2290 1583 2603 1649 conjunctus
2635 1580 2734 1633 fuit
2757 1581 2867 1650 (ά),
2899 1595 3066 1649 seque
3094 1597 3216 1636 cum
3255 1583 3333 1638 eis
3362 1584 3473 1639 dis.

1896 1668 2074 1736 junxit
2102 1672 2167 1724 ab
2192 1670 2505 1725 orthodoxis
2542 1670 2827 1739 episCOpis,
2860 1686 3029 1740 neque
3055 1685 3240 1726 exsors
3264 1673 3471 1728 videtur

1900 1761 2066 1816 fuisse
2090 1777 2273 1817 eorum
2304 1762 2521 1815 nefaria:
2547 1763 2597 1816 in
2627 1760 2822 1814 Julium
2851 1778 3063 1832 papam,
3087 1765 3465 1829 Athanasium,

1906 1854 2113 1919 Osium,
2173 1854 2521 1907 Maximinum
2586 1854 2957 1909 Trevirensem
3009 1856 3278 1921 audacize,
3329 1870 3464 1925 quos

236 1943 340 1994 sibi
371 1946 727 2010 proposuisse,
753 1959 910 2011 neque
956 1942 1097 1993 aliud
1125 1942 1177 1995 in
1204 1942 1360 1995 corde
1399 1940 1608 2002 habere.
1644 1956 1800 2009 quam
1836 1929 1879 1985 Β
1905 1945 2357 2000 anathematizare
2402 1961 2505 1999 non
2559 1946 2888 2001 dubitarunt.
2932 1944 3153 2001 Frustra
3200 1961 3327 2017 ergo
3368 1964 3472 2003 ex-

233 2034 377 2100 quod
390 2036 454 2085 ab
474 2036 623 2086 initio
654 2035 903 2086 traditum
924 2046 1252 2101 acceperat...
1284 2034 1385 2085 imo
1417 2033 1571 2085 etiam
1596 2034 1802 2097 precari

236 2146 293 2182 ιε
334 2142 477 2184 utne
513 2140 831 2198 separetura
860 2139 994 2182 δοτιε
1023 2137 1362 2182 trecentorum
1398 2128 1570 2181 decem
1607 2139 1653 2181 et
1690 2142 1803 2182 υειο

234 2225 621 2290 episcoporum,
651 2222 741 2289 qui
769 2220 907 2286 piant
937 2219 1079 2272 illam
1103 2219 1394 2272 doctrinam
1442 2219 1554 2273 orbi
1594 2236 1802 2273 annun-

237 2314 466 2367 tiarunt.
495 2313 589 2367 llis
621 2312 816 2365 auditis
852 2310 1098 2377 Basilius,
1133 2314 1381 2381 scrupulo
1424 2313 1566 2367 omni
1596 2312 1800 2377 evulso,

238 2408 301 2457 ad
338 2403 769 2458 communionem
806 2404 977 2458 Dianii
1004 2407 1250 2460 accessit.

306 2495 516 2562 Magnis
543 2494 788 2550 laudibus
822 2497 962 2551 hunc
1006 2499 1308 2566 episcopum
1361 2494 1798 2561 ell'ertBasilins;

238 2597 289 2642 et
323 2604 447 2641 cum
479 2603 601 2643 eum
634 2589 1114 2643 anathematizasse
1141 2590 1442 2652 diceretur,
1486 2587 1536 2642 id
1572 2604 1600 2641 a
1633 2604 1691 2643 se
1720 2589 1801 2642 in-

237 2690 347 2733 star
370 2682 550 2751 magni
579 2681 820 2736 criminis
846 2684 1134 2734 detestatus
1158 2690 1256 2735 est.
1280 2680 1523 2736 Declarat
1546 2682 1618 2752 (b)
1648 2696 1705 2735 se
1737 2682 1799 2734 ab

237 2774 445 2826 ineunte
495 2781 652 2827 aetate
700 2774 973 2827 educatum
1009 2772 1173 2837 fuisse
1218 2773 1273 2827 in
1312 2773 1453 2828 illius
1503 2790 1722 2838 amore;
1753 2786 1799 2829 et

235 2862 487 2916 intuendo
521 2864 882 2918 considerasse
909 2879 1061 2930 quam
1094 2875 1223 2919 esset
1254 2865 1342 2920 ille
1377 2868 1453 2921 υἱι-
1480 2878 1689 2936 aspectu
1717 2883 1802 2921 ve-

238 2956 503 3021 nerabilis,
540 2964 737 3025 quanta
767 2955 1039 3023 majestate
1060 2958 1332 3024 prwditus,
1361 2968 1609 3028 quantum
1628 2959 1801 3028 digiti-

237 3048 355 3099 tatis
408 3046 752 3101 sacerdotalis
804 3063 893 3100 ore
941 3049 1242 3119 praeferens.
1298 3050 1584 3119 Postquam
1620 3060 1797 3104 autem

234 3138 443 3193 virilem
476 3148 686 3192 aetatem
721 3138 946 3209 adeptus
974 3152 1075 3208 est,
1110 3153 1217 3197 tum
1253 3157 1381 3196 vero
1410 3143 1554 3195 illunt
1588 3158 1652 3195 ex
1676 3142 1795 3195 ani-

1904 2048 2168 2109 pnngatur
2216 2038 2387 2091 Dianii
2432 2052 2625 2091 nomen
2671 2052 2736 2093 ex
2786 2038 3010 2107 epistola
3044 2038 3169 2093 Julii
3218 2055 3385 2110 papze,
3415 2042 3466 2095 in

1904 2144 2005 2198 qua
2043 2140 2218 2182 tamen
2259 2128 2463 2197 primus
2492 2129 2561 2181 ob
2611 2128 2754 2182 sedis
2786 2128 3101 2195 dignitatem
3145 2130 3352 2183 videtur
3382 2144 3468 2184 re-

1904 2220 2133 2284 censeri,
2166 2220 2305 2289 quod
2337 2218 2532 2283 primas
2559 2219 2695 2274 inter
2726 2219 2943 2275 bznresis
2964 2219 3271 2277 defensores
3320 2233 3468 2278 tene—

1902 2320 2001 2364 ret.

1975 2401 2079 2456 Sed
2111 2417 2206 2456 cur
2235 2402 2375 2457 hunc
2406 2404 2700 2469 hominem,
2724 2403 2874 2475 cujus
2907 2404 3058 2459 fama:
3082 2402 3341 2475 ejusmodi
3364 2422 3472 2461 ma-

1902 2494 2016 2549 cula
2042 2495 2325 2561 insidebat,
2361 2505 2437 2548 tot
2471 2496 2716 2551 laudibus
2764 2498 2953 2552 extulit
3006 2499 3231 2554 Basilius
3267 2498 3290 2553 τ
3320 2499 3469 2554 llhnn

1903 2602 2030 2641 sane
2046 2586 2351 2652 Basilius,si
2376 2596 2517 2641 recte
2542 2588 2886 2653 attendimus,
2906 2604 3008 2641 non
3026 2590 3142 2643 sine
3162 2592 3471 2661 exceptione

1903 2679 2101 2736 laudat.
2128 2679 2239 2733 Non
2256 2679 2395 2733 enim
2414 2681 2461 2733 ei
2487 2679 2717 2734 studium
2735 2693 2876 2733 sana:
2920 2679 3194 2745 doetrmae,
3218 2697 3321 2736 non
3346 2698 3471 2737 con-

1904 2774 2153 2827 stantiam
2191 2772 2241 2825 in
2262 2772 2508 2842 periculis
2526 2788 2622 2842 pro
2647 2774 2746 2826 lide
2769 2772 3025 2828 obeundis
3054 2773 3295 2828 attribuit
3318 2794 3330 2828 :
3351 2788 3472 2842 qua:

1906 2871 2080 2916 tamen
2111 2862 2377 2932 pracipue
2413 2862 2615 2915 laudari
2648 2864 2729 2917 his
2762 2864 3091 2932 temporibus
3138 2864 3189 2917 in
3222 2864 3471 2933 episcOpo

1905 2960 2066 3005 tanta:
2089 2952 2233 3006 sedis
2263 2952 2589 3004 debuissent.
2609 2952 2933 3017 Quinetiam,
2950 2962 3007 3005 ut
3022 2964 3079 3005 se
3100 2950 3166 3004 ab
3181 2952 3295 3021 ejus
3316 2966 3466 3006 com-

1901 3044 2152 3097 munione
2179 3052 2498 3108 removeret,
2524 3044 2659 3096 forte
2694 3057 2794 3096 non
2826 3042 2994 3096 solum
3024 3042 3468 3097 novissimoillins

1903 3136 2069 3200 facto,
2095 3138 2189 3192 sed
2218 3138 2384 3192 etiam
2420 3136 2785 3205 superioribus
2809 3139 2971 3207 gestis
3007 3140 3164 3192 rebus
3208 3137 3469 3191 adductus

234 3245 331 3282 mir
356 3232 503 3281 bonis
533 3230 764 3295 nouisse,
792 3232 1035 3302 illiusque
1073 3234 1383 3287 delectatum
1405 3233 1793 3300 consuetudine,
1823 3267 1865 3327 ϐ
1903 3228 2022 3284 fuit.
2050 3227 2164 3283 Non
2204 3230 2347 3284 enim
2373 3228 2547 3292 video,
2582 3243 2677 3282 cur
2698 3226 2941 3299 Gregorii
2970 3226 3222 3281 Nazianzi
3257 3228 3467 3297 episco-

234 3317 621 3385 simplicitatem
643 3334 689 3377 et
718 3325 1085 3394 ingenuitatem
1110 3341 1171 3377 ac
1198 3324 1563 3377 liberalitatem
1590 3341 1792 3379 morum

232 3414 569 3481 perspexisse,
605 3426 652 3469 et
676 3432 994 3485 quaecunque
1032 3416 1138 3468 alia
1170 3418 1381 3483 propria
1412 3426 1558 3469 erant
1594 3418 1687 3469 viri
1716 3434 1795 3470 or-

235 3515 500 3570 namenta,
525 3508 689 3559 animi
721 3506 1084 3573 mansuetudo,
1114 3507 1520 3576 magnanimitas
1563 3507 1720 3559 simul
1745 3516 1791 3559 et

234 3596 455 3661 bonitas,
488 3598 663 3651 decori
683 3599 940 3661 studium,
968 3600 1172 3652 animus
1197 3600 1290 3652 ira:
1327 3614 1526 3665 expers,
1556 3598 1791 3649 hilaritas

232 3701 278 3741 et
317 3691 605 3757 a/I‘abilitas
665 3690 921 3759 gravitate
960 3691 1227 3756 permista.
1263 3688 1436 3751 Quare
1461 3688 1624 3752 ipsum
1658 3687 1793 3739 inter

232 3781 459 3831 homines
495 3784 679 3832 virtute
704 3782 1103 3845 spectatissimos
1134 3777 1463 3831 numerabat.
1487 3778 1647 3832 Addit
1671 3794 1791 3833 eum

232 3885 324 3939 pro
348 3883 443 3923 sua
486 3884 696 3922 morum
736 3870 953 3925 lenitate
985 3880 1038 3925 et
1084 3870 1490 3927 mansuetudine
1546 3872 1793 3927 omnibus

232 3973 450 4031 paterno
482 3971 698 4030 pectore
735 3962 1046 4017 satisfacere
1073 3963 1265 4018 solere.

302 4053 522 4108 Dillicile
547 4054 717 4124 prima
750 4055 926 4123 specie
962 4056 1168 4109 videtur
1199 4056 1298 4109 has
1329 4055 1512 4110 laudes
1541 4055 1790 4111 concilia-

230 4158 289 4199 re
328 4161 451 4199 cum
500 4147 759 4211 maculis,
794 4161 929 4214 quas
968 4147 1167 4200 nomini
1204 4146 1375 4199 Dianii
1422 4148 1655 4201 historiae
1680 4164 1792 4203 mo-

230 4247 485 4288 numenta
520 4238 756 4289 inurunt.
796 4235 843 4288 ls
888 4237 1026 4288 enim
1062 4238 1112 4290 in
1150 4239 1275 4292 sede
1309 4238 1447 4293 inter
1489 4240 1619 4293 alias
1655 4243 1792 4295 emi-

228 4325 376 4379 nenti
407 4324 697 4379 collocatus
719 4366 733 4390 ,
764 4342 826 4380 ac
861 4342 1173 4397 magnorum
1210 4328 1328 4384 fidei
1358 4330 1582 4386 Nicmna:
1613 4334 1792 4388 defen-

226 4432 410 4472 sorum
438 4430 741 4485 successor,
766 4418 1076 4488 conjunctus
1124 4436 1245 4476 eum
1276 4423 1493 4476 Arianis
1530 4404 1793 4492 reperitur

229 4507 282 4559 in
313 4506 546 4562 concilio
578 4508 912 4566 Antiocheno
938 4514 1062 4567 anni
1097 4514 1192 4567 3H
1220 4553 1235 4579 ,
1278 4514 1329 4568 in
1360 4530 1465 4584 quo
1488 4525 1592 4567 tam
1626 4516 1789 4569 multa

1900 3324 1972 3391 pi,
2005 3324 2098 3392 qui
2133 3322 2375 3376 formula:
2399 3338 2501 3375 non
2534 3323 2843 3378 orthodoxa:
2866 3321 3202 3389 subscripsit,
3227 3336 3468 3375 commn-

1898 3414 2043 3466 nioni
2079 3427 2292 3481 semper
2338 3412 2523 3466 allixus
2556 3412 2739 3473 fuerit,
2791 3412 2979 3465 Dianio
3009 3422 3225 3479 autem,
3257 3412 3343 3467 cui
3390 3422 3467 3466 tot

1897 3504 2205 3556 nominibus
2235 3502 2528 3556 obstriCtus
2568 3512 2707 3568 erat,
2738 3517 2843 3557 non
2884 3503 3125 3559 eamdem
3159 3504 3463 3559 exhibuerit

1896 3592 2059 3647 animi
2110 3594 2565 3657 moderationem;
2612 3594 2713 3647 nisi
2766 3594 2888 3662 quia
2945 3595 3283 3663 perspicuum
3346 3605 3463 3650 erat

1896 3682 2139 3755 Gregorii
2175 3696 2403 3739 mentem
2438 3686 2655 3739 illaesam
2698 3700 2761 3740 ac
2803 3693 3121 3754 atramento,
3148 3698 3205 3741 ut
3240 3688 3316 3742 ait
3350 3687 3465 3757 ejus

1896 3778 2147 3847 filius(e),
2177 3777 2392 3831 minime
2430 3776 2679 3831 infectam
2710 3776 2895 3842 fuisse,
2931 3778 3149 3832 Dianius
3192 3791 3319 3832 vero
3357 3795 3460 3833 non

1895 3867 1968 3921 ita
2009 3882 2127 3920 sese
2172 3868 2429 3921 hactenus
2475 3875 2777 3935 paraverat,
2814 3874 2872 3919 ut
2906 3880 3027 3920 eum
3079 3868 3314 3935 suSpicio
3356 3884 3461 3926 non

1893 3955 2197 4022 attingeret.

1964 4045 2068 4100 Sed
2094 4047 2140 4100 si
2169 4046 2386 4100 Dianius
2418 4046 2737 4102 Arianorum
2768 4046 3083 4102 fermentum
3114 4063 3216 4101 non
3242 4048 3458 4119 effugit,

1894 4149 1998 4190 non
2047 4145 2225 4191 tamen
2265 4152 2450 4191 eorum
2497 4153 2734 4192 errorem
2781 4137 2959 4191 animo
3014 4138 3314 4208 suscepisse
3345 4155 3461 4195 cre-

1892 4228 2098 4283 dendus
2134 4238 2237 4289 est.
2264 4236 2317 4282 et
2362 4244 2389 4282 a
2426 4227 2621 4282 Basilio
2666 4228 2870 4283 laudari
2902 4244 3004 4285 non
3035 4230 3297 4284 debuisse.
3313 4230 3454 4283 Con-

1893 4331 1999 4375 stat
2026 4322 2165 4375 enim
2196 4322 2446 4386 Arianos,
2481 4321 2713 4388 quandiu
2756 4321 2810 4376 in
2844 4321 2957 4377 solo
3006 4321 3456 4379 Consubstantiali
3548 4319 3554 4327 ’

1893 4414 2246 4483 oppugnando
2282 4415 2483 4466 hmrere
2529 4412 2872 4478 videbantur,
2912 4430 2975 4468 ac
3031 4415 3254 4470 haeresis
3300 4431 3458 4471 vene-

1894 4516 2018 4555 ntnn
2069 4503 2401 4571 premebant,
2438 4502 2674 4572 pluribus
2720 4503 3031 4559 orthodoxis
3062 4506 3324 4574 episcopis
3374 4507 3457 4559 fu-

228 4599 390 4667 impie
417 4610 471 4655 et
502 4598 700 4653 nefarie
738 4614 885 4668 gesra
919 4615 1043 4659 sunt
1074 4623 1087 4658 :
1122 4604 1342 4673 ejusque
1374 4620 1563 4659 nomen
1592 4620 1619 4657 a
1651 4606 1791 4660 Jnlio

1894 4607 2014 4645 cum
2054 4594 2267 4658 fecisse,
2289 4595 2377 4665 qui
2406 4597 2598 4665 partim
2630 4597 2777 4666 pacis
2801 4594 3009 4665 decepti
3035 4597 3232 4660 studio,
3260 4598 3451 4664 partim

228 4704 361 4759 papa
398 4693 573 4758 primo
609 4693 719 4747 loco
749 4706 1052 4750 recensetnr
1074 4698 1212 4751 inter
1235 4696 1511 4765 episcopos
1538 4696 1792 4750 Eusebia-

228 4796 416 4835 narum
465 4785 717 4851 partium.
766 4782 822 4836 In
869 4788 1225 4852 annotatione,
1257 4801 1373 4857 qua:
1402 4786 1466 4838 ad
1495 4786 1633 4841 hunc
1670 4784 1791 4840 Julii

228 4872 465 4941 epistola:
480 4874 649 4928 locum
670 4877 903 4946 apposita
917 4888 996 4929 est
1009 4880 1145 4945 apud
1162 4887 1402 4932 sanctum
1417 4876 1786 4944 Athanasium,

231 4967 479 5020 observat
499 4968 736 5021 eruditus
758 4968 929 5022 editor
955 4966 1193 5024 Dianium
1218 4971 1329 5025 sive
1359 4968 1605 5033 Danium,
1630 4987 1788 5040 quem

230 5052 397 5110 Julius
418 5055 593 5125 primo
622 5054 734 5108 loco
760 5067 1020 5121 recenset.
1052 5074 1155 5113 non
1192 5076 1311 5115 esse
1336 5061 1643 5130 episcopum
1671 5062 1785 5116 Ca:-

234 5146 547 5214 sariensem,
564 5145 655 5200 sed
679 5150 921 5202 eumdem
952 5150 1039 5219 qui
1073 5151 1260 5217 passim
1282 5152 1419 5218 apud
1438 5150 1782 5204 Athanasium

234 5233 489 5301 Διόγνιος,
518 5237 826 5305 quandoque
860 5240 998 5304 apud
1045 5236 1304 5291 Hilarium
1350 5240 1782 5308 Diognius,com-

234 5328 432 5377 munius
459 5329 601 5395 apud
631 5340 903 5392 utrumque
922 5329 1167 5397 Θεόγνιθς
1197 5339 1244 5380 et
1276 5328 1527 5399 Theognis
1553 5341 1783 5393 vocatur,

234 5416 279 5467 id
301 5427 381 5472 est
420 5415 787 5488 'l'heognidem
814 5418 1104 5473 Nictennm.
1132 5418 1300 5486 llnjus
1329 5421 1652 5489 conjectura:
1677 5420 1788 5474 hazc

236 5508 439 5564 affertur
461 5511 623 5573 ratio,
661 5510 804 5579 quod
834 5508 1077 5565 Dianium
1110 5510 1491 5567 Cresariensem
1528 5524 1786 5578 nusquam

237 5593 543 5658 Athanasius
596 5602 743 5658 inter
776 5601 1005 5656 Arianos
1042 5604 1123 5658 vel
1156 5601 1482 5659 Eusebianos
1520 5611 1786 5665 numeret,

292 5744 357 5810 (ᾳ)
399 5744 491 5810 lup.
524 5744 615 5805 51,
652 5757 705 5794 n.
751 5739 806 5797 2.

286 5807 350 5879 (li)
384 5807 514 5868 ibid.
561 5830 618 5868 η.
648 5814 700 5863 1.

278 5886 340 5954 (τ)
376 5885 436 5941 L.
470 5900 551 5951 ιιι,
600 5898 657 5939 c.
699 5881 765 5949 5.

1900 4698 1992 4751 spe
2025 4694 2117 4739 aut
2142 4695 2284 4740 metu
2311 4689 2579 4754 conducti,
2604 4701 2788 4741 eorum
2821 4686 3113 4742 intererant
3137 4688 3374 4744 conciliis
3401 4699 3455 4742 et

1897 4771 2139 4830 formulis
2166 4777 2587 4850 subscribebant.
2616 4776 2684 4829 At
2708 4784 2984 4847 postquam
3007 4778 3190 4833 Ariani
3213 4793 3277 4833 ex
3305 4778 3454 4833 dissi-

1898 4868 2204 4923 mulationis
2253 4870 2471 4922 latebris
2503 4869 2554 4922 in
2590 4880 2829 4939 apertam
2868 4872 3191 4937 impietatem
3240 4873 3452 4939 prodie-

1896 4970 2036 5024 runt,
2074 4972 2183 5014 tum
2217 4975 2341 5016 vero
2375 4958 2585 5027 plurimi
2624 4962 2690 5017 ab
2722 4978 2903 5017 eorum
2939 4962 3313 5018 communione
3341 4964 3451 5017 dis-

1894 5064 2125 5115 cessere,
2156 5064 2448 5120 eorumque
2486 5052 2744 5121 impietati
2799 5052 2991 5107 bellum
3024 5053 3280 5117 indixere,
3315 5067 3450 5121 qua-

1889 5139 1967 5194 les
2002 5142 2054 5193 in
2100 5140 2329 5195 concilio
2383 5139 2710 5194 Seleuciensi
2752 5140 2983 5209 quinque
3027 5152 3184 5208 supra
3235 5150 3447 5193 centum

1893 5232 2155 5287 numerati
2190 5244 2333 5287 sunt.
2365 5232 2584 5285 Videtur
2627 5246 2691 5285 ex
2748 5230 3006 5300 ejusmodi
3053 5228 3323 5285 hominum
3352 5245 3447 5281 nn-

1886 5337 2035 5376 mero
2074 5320 2236 5376 fuisse
2300 5321 2543 5375 Dianius.
2593 5321 2750 5375 Lenis
2800 5320 2941 5375 illius
2994 5318 3227 5383 indoles,
3276 5316 3446 5385 qualis

1885 5429 1915 5465 a
1952 5413 2143 5467 Basilio
2176 5414 2587 5483 depingiturntt
2624 5411 2839 5468 omnino
2864 5413 3048 5467 idonea
3074 5427 3177 5465 non
3200 5418 3447 5476 eratqna:

1885 5504 2099 5559 Arionis
2128 5504 2342 5559 fortiter
2367 5510 2667 5569 resisteret,
2699 5505 2770 5559 ita
2805 5521 2833 5559 a
2878 5502 3232 5575 perturbanda
3260 5499 3444 5555 Eccle-

1887 5597 1977 5651 sia:
2010 5611 2118 5651 sua:
2152 5611 2283 5665 pace
2314 5606 2405 5649 aut
2450 5596 2689 5651 doctrina
2720 5596 3049 5651 immntanda
3097 5604 3210 5648 erat
3236 5590 3446 5647 alienis-

1968 5734 2047 5799 id)
2089 5729 2255 5801 Hilar.
2285 5730 2469 5801 fragm.
2499 5730 2551 5783 2.

1968 5804 2036 5871 (ρ)
2071 5800 2271 5854 0r.19.
