4206 6490
786 426 949 470 XXXIV

2117 419 2642 477 PROLEGOMENA.

784 548 941 586 sima.
974 532 1237 587 Nicaznam
1290 535 1447 590 ﬁdem
1480 536 1555 590 ab
1580 552 1649 591 eo
1694 537 1914 594 minime
1951 548 2258 596 attentatam
2291 545 2342 597 in
2372 549 2418 604 Α
2447 554 2594 607 cunt,
2615 558 2677 597 ac
2699 545 2961 614 episcopis
2983 547 3231 611 offerunt,
3252 564 3279 601 a
3310 550 3500 618 quibus
3522 552 3711 618 partim
3740 554 4015 620 precibus,

784 624 1021 677 Ecclesia
1062 625 1373 682 Caesariensi
1422 628 1582 684 fuisse
1630 639 1891 683 testantur
1936 646 2054 700 quae
2112 636 2341 691 moriens

781 712 980 768 Basilio
1009 714 1225 778 juravit.
1270 717 1382 772 lluc
1426 720 1630 773 accedit
1682 721 1847 787 ipsius
1890 721 2071 776 Basilii
2102 727 2339 778 testimo—

781 807 927 860 nium
958 810 1055 877 (a),
1087 810 1173 877 qui
1202 810 1357 865 ﬁdem
1387 811 1651 865 Niczcnam
1678 814 1725 865 in
1755 813 2003 883 Ecclesia:
2024 816 2339 872 Cresariensi

778 913 992 968 semper
1020 900 1249 969 viguisse
1285 914 1537 957 testatur:
1562 921 1659 958 nec
1693 906 1964 973 probabile
1994 918 2074 961 est
2097 908 2337 964 Dianimn

782 1006 971 1045 n0vam
994 1009 1181 1047 ausum
1218 1010 1334 1049 esse
1366 996 1647 1050 formulam
1690 1014 2001 1066 pmponere.
2040 1001 2169 1054 Erat
2197 1004 2339 1056 cnim

778 1082 929 1150 plebs
964 1083 1329 1148 Cazsariensis,
1356 1098 1411 1139 ut
1434 1090 1507 1140 ait
1538 1087 1823 1156 Gregorius
1844 1090 2214 1147 Nazianzenus
2243 1095 2338 1163 (ὁ),

774 1173 842 1227 ob
876 1174 996 1228 ﬁdei
1040 1176 1271 1230 calorem
1329 1178 1394 1231 ad
1446 1180 1757 1233 seditionem
1821 1185 2069 1250 proclivis
2106 1201 2120 1249 ;
2155 1201 2251 1240 nec
2293 1187 2337 1240 si

774 1266 901 1327 quid
930 1267 1046 1320 novi
1082 1270 1351 1322 docuisset
1381 1271 1618 1328 Dianius.
1662 1273 1801 1324 illius
1828 1278 2080 1329 memoria
2112 1287 2258 1330 tanto
2285 1278 2336 1331 in

773 1360 945 1424 pretio
969 1360 1177 1426 fuisset,
1219 1371 1274 1413 ut
1304 1362 1484 1416 odium
1514 1363 1707 1419 Basilio
1730 1364 2048 1421 conﬁaturos
2081 1384 2138 1422 se
2163 1369 2339 1422 inimi-

769 1452 821 1505 ci
860 1464 1159 1519 sperarent,
1212 1455 1257 1508 si
1295 1455 1540 1510 Dianium
1589 1459 1657 1512 ab
1714 1472 1778 1511 eo
1831 1461 2335 1516 anathematizatqu

772 1543 1034 1601 dicerent.

846 1638 1026 1707 Neque
1065 1639 1228 1693 etiam
1254 1639 1382 1695 illud
1410 1641 1631 1695 dubium
1656 1652 1741 1695 est
1773 1644 1899 1711 quin
1933 1658 1989 1698 se
2020 1646 2086 1699 ab
2118 1646 2336 1703 Arianis

770 1732 1117 1801 disjunxerit,
1158 1734 1245 1786 ubi
1287 1747 1474 1787 eorum
1529 1741 1710 1802 aperte
1761 1735 1938 1802 erupit
1989 1735 2255 1804 impietas,
2282 1748 2335 1792 ct

771 1837 892 1875 cum
923 1822 1228 1876 fortissimis
1272 1823 1390 1876 ﬁdei
1434 1820 1804 1877 defensoribus
1852 1824 2224 1892 conjunxerit;
2258 1829 2334 1881 si-

2445 639 2634 705 partim
2674 639 2722 689 vi
2754 648 2805 691 et
2829 638 3179 693 immoderato
3202 650 3255 693 et
3294 642 3633 697 tumultuario
3660 645 3859 712 impetu
3891 660 4016 697 con-

2442 729 2687 789 tendunt,
2720 738 2775 781 ut
2822 729 3107 783 Eusebium
3149 733 3417 799 baptizcnt
3447 745 3499 787 et
3536 736 3841 803 episcopum
3891 751 4017 805 pro-

2440 821 2690 874 clament.
2725 820 2905 875 Coacti
2944 822 3014 874 illi
3053 822 3334 875 Eusebium
3378 825 3671 893 baptizant,
3695 827 4007 894 cpisc0pum

2443 913 2771 973 renuntiant,
2815 912 2868 964 in
2919 920 3109 967 thr0uo
3147 915 3431 980 collocant,
3475 918 3567 969 sed
3612 932 3773 969 manu
3830 920 4013 985 potius

2441 1015 2597 1066 quam
2648 1000 2809 1053 animi
2860 1003 3155 1064 sententia,
3193 1012 3248 1055 ut
3303 1012 3482 1070 postea
3523 1004 3850 1055 declaratum
3899 1015 4005 1056 est.

2444 1087 2633 1142 Statim
2677 1091 2817 1142 enim
2851 1100 3009 1158 atque
3039 1093 3103 1144 ab
3138 1094 3439 1160 importuna
3481 1094 3814 1148 multitudine
3849 1095 4010 1147 liberi

2440 1186 2493 1229 et
2526 1177 2621 1232 soli
2661 1178 2828 1245 fuere,
2878 1179 3155 1233 consilium
3202 1182 3338 1234 inter
3371 1195 3430 1234 se
3474 1180 3736 1245 inierunt,
3781 1192 3839 1235 ut
3872 1180 4009 1234 nihil

2441 1282 2623 1323 eorum
2663 1286 2780 1339 qua:
2826 1282 2974 1341 gesta
3010 1272 3242 1338 fuerant,
3274 1286 3445 1326 ratum
3494 1289 3557 1326 ac
3595 1273 3805 1327 ﬁrmum
3834 1275 4005 1328 duce-

2443 1372 2589 1425 rent;
2628 1363 2731 1413 vim
2761 1364 2807 1417 ei
2852 1364 3185 1432 objicientes,
3211 1366 3299 1433 qui
3332 1380 3435 1419 non
3495 1366 3668 1418 minus
3708 1381 3866 1433 quam
3896 1366 4004 1434 ipsi

2440 1453 2543 1505 vim
2575 1467 2761 1519 passus
2794 1455 2984 1507 fuerat.
3032 1453 3289 1510 Dissensit
3330 1457 3449 1509 huic
3493 1456 3715 1509 consilio
3743 1455 4003 1511 Nazianzi

2439 1542 2739 1611 cpiscopus,
2764 1560 2825 1599 ac
2866 1545 3257 1599 ordinationem
3292 1544 3500 1601 Eusebii
3534 1562 3636 1599 non
3679 1547 3855 1600 minus
3889 1546 4005 1602 for-

2438 1634 2562 1685 titer
2588 1631 2840 1699 defendit,
2880 1650 3039 1705 quam
3088 1637 3132 1691 si
3169 1637 3334 1689 libere
3384 1637 3521 1690 facta
3555 1647 3717 1694 esset.
3767 1636 4001 1691 Demon-

2436 1724 2868 1795 stravitcollegis
2913 1729 3020 1782 vim
3076 1727 3175 1781 sibi
3221 1741 3339 1779 cum
3392 1726 3617 1780 Eusebio
3656 1742 3999 1782 communem

2440 1819 2642 1873 fuisse:
2683 1819 2859 1886 itaque
2892 1829 2982 1871 aut
3020 1819 3377 1873 accusandum
3414 1832 3533 1870 eum
3576 1834 3678 1872 non
3728 1836 3867 1887 esse,
3903 1832 4001 1874 aut

768 1914 983 1981 quidem
1016 1913 1072 1968 S.
1122 1914 1316 1967 Meletii
1368 1915 1791 1969 communicator
1840 1920 2065 1982 exstitit,
2108 1930 2160 1972 et
2197 1935 2335 1987 prab-
2368 1892 2408 1944 Β

2368 1892 2408 1944 Β
2439 1911 2716 1979 episcopos
2763 1912 2874 1979 pari
2910 1911 3130 1963 crimine
3184 1908 3530 1977 implicandos
3564 1909 3644 1963 vel
3673 1914 3832 1967 etiam
3865 1928 3997 1984 gra-

764 2004 895 2056 clari
923 2004 1256 2065 certaminis,
1286 2006 1424 2072 quod
1450 2020 1672 2074 magnus
1705 2005 1791 2059 ille
1819 2007 2017 2060 athleta
2052 2009 2331 2075 sustinuit,

764 2095 1077 2160 admirator,
1102 2103 1159 2149 ut
1179 2094 1352 2164 colligi
1378 2106 1551 2163 potest
1582 2112 1645 2150 ex
1682 2098 1763 2151 his
1792 2096 1970 2151 Basilii
2007 2100 2184 2154 verbis
2215 2098 2282 2170 (c)
2317 2118 2332 2156 :

768 2185 879 2239 Nos
909 2197 1099 2251 autem,
1127 2188 1317 2255 inquit,
1357 2203 1478 2253 quia
1522 2189 1611 2255 qui
1662 2190 1807 2257 prior
1862 2191 2130 2243 veritatem
2178 2193 2333 2247 libere

763 2277 1014 2345 defendit,
1046 2289 1091 2332 et
1120 2278 1307 2330 bonum
1351 2278 1482 2332 illud
1514 2290 1773 2333 certamen
1824 2282 2130 2337 Constantio
2172 2287 2330 2353 impe-

762 2380 909 2424 rante
940 2371 1172 2436 certavit,
1193 2371 1431 2423 Meletius
1459 2381 1531 2422 est
1554 2374 2003 2427 reverendissimus
2026 2377 2291 2442 episcopus
2308 2393 2330 2441 ;

758 2474 809 2514 et
847 2466 969 2529 quia
1008 2479 1124 2515 eum
1172 2463 1350 2514 habuit
1380 2460 1611 2516 Ecclesia
1653 2483 1763 2519 mea
1816 2468 2327 2533 communicatorem,

762 2568 1071 2621 magnopere
1119 2570 1233 2605 eum
1282 2556 1495 2623 diligens
1538 2557 1597 2609 ob
1643 2564 1829 2624 fortem
1882 2559 2031 2611 illam
2082 2576 2142 2612 ac
2197 2562 2328 2613 invi-

761 2654 897 2695 ctam
933 2645 1338 2706 dimicationem,
1367 2644 1561 2696 idcirco
1596 2647 1841 2698 habemus
1872 2646 2021 2699 illum
2055 2649 2322 2711 hactenus,

762 2736 869 2788 Deo
910 2737 1182 2805 largiente,
1208 2738 1717 2801 communicatorem,
1741 2748 1786 2789 et
1824 2749 1978 2799 certe,
2011 2740 2055 2791 si
2084 2738 2221 2791 Deus
2249 2755 2327 2793 vo-

761 2828 938 2892 luerit,
970 2828 1295 2881 habebimus.

833 2920 1057 2975 Videtur
1098 2935 1227 2989 ergo
1259 2918 1476 2974 Dianius
1506 2934 1570 2975 ex
1602 2921 1845 2974 conciliis
1879 2920 2196 2973 Arianorum
2238 2934 2326 2973 re—

760 3029 945 3067 versus
978 3014 1044 3065 ad
1078 3012 1367 3067 Ecclesiam
1398 3029 1569 3077 suam,
1598 3012 1679 3065 vel
1713 3013 2012 3066 occultasse
2047 3027 2165 3079 qua:
2194 3011 2324 3065 foris

758 3115 963 3173 egerat,
995 3104 1077 3157 vel
1109 3119 1314 3156 morum
1346 3104 1579 3166 lenitate,
1615 3120 1675 3157 ac
1702 3105 1936 3172 ejusdem
1962 3121 2176 3173 semper
2201 3104 2321 3159 ﬁdei

2439 2001 2589 2053 viori.
2637 1999 2817 2069 Longe
2872 2001 3015 2053 enim
3067 2002 3234 2055 satius
3282 1999 3445 2054 fuisse
3503 2011 3803 2056 extremum
3859 2008 4001 2073 peri-

2435 2093 2609 2145 eulum
2666 2095 2833 2157 adire,
2867 2095 3191 2149 ordinationi
3251 2093 3576 2159 resistendo,
3619 2111 3778 2163 quam
3828 2099 3997 2151 semel

2435 2198 2707 2255 peractam
2758 2189 3035 2256 antiquare
3082 2189 3243 2253 velle,
3276 2189 3571 2259 praesertim
3616 2204 3679 2241 eo
3735 2200 3996 2256 tempore,

2432 2292 2538 2347 quo
2563 2287 2771 2332 veteres
2801 2279 3093 2335 inimicitia:
3123 2284 3445 2351 deponendae
3471 2289 3657 2345 erant;
3702 2296 3807 2335 non
3844 2296 3997 2336 novae

2430 2369 2806 2436 suscipiendae.

2502 2456 2925 2528 Exspectabatur
2953 2459 3094 2513 enim
3130 2456 3392 2523 Julianus,
3439 2466 3527 2532 qui
3566 2474 3690 2518 tunc
3738 2464 3790 2516 in
3831 2460 3995 2515 Chri-

2428 2551 2632 2605 Stianos
2677 2550 2935 2605 fremebat
2962 2568 2976 2606 :
3008 2552 3354 2605 minitabatur
3379 2555 3425 2607 ei
3463 2557 3549 2622 qui
3575 2559 3850 2610 ordinatus
3876 2556 3995 2610 fue-

2428 2652 2530 2705 rat,
2580 2657 2644 2696 ac
2687 2643 2738 2695 in
2784 2657 3050 2697 summum
3096 2644 3386 2711 periculum
3437 2646 3721 2698 devenerat
3774 2650 3992 2701 civitas.

2427 2730 2560 2783 Nam
2589 2732 2906 2796 iracundiae,
2957 2749 3114 2801 quam
3156 2733 3399 2789 Julianus
3442 2735 3493 2787 in
3524 2734 3878 2790 Caesarienses
3920 2742 3992 2791 ob

2428 2822 2702 2875 incensum
2725 2823 2975 2877 Fortuna:
3010 2826 3259 2892 templum
3291 2835 3631 2895 conceperat,
3657 2843 3818 2880 novas
3844 2828 3994 2884 faces

2427 2917 2667 2971 admovit
2697 2916 2854 2967 unius
2881 2929 2945 2968 ex
2976 2917 3371 2984 magistratibus
3401 2919 3687 2985 ordinatio,
3736 2935 3840 2989 qua
3873 2938 3991 2975 rem

2427 3010 2694 3079 publicam
2724 3008 2838 3061 laedi
2883 3004 3228 3075 querebatur.
3266 3006 3377 3074 Ipse
3420 3012 3579 3062 etiam
3622 3028 3817 3079 praeses
3844 3027 3993 3081 qua!-

2427 3103 2577 3156 rebat
2614 3099 2883 3171 quomodo
2926 3108 2980 3152 et
3028 3100 3253 3168 gratiam
3310 3105 3444 3166 apud
3488 3098 3761 3155 Julianum
3808 3104 3991 3169 iniret,

759 3195 1138 3260 praedicatione
1164 3193 1415 3246 invidiam
1462 3204 1515 3247 et
1547 3195 1964 3262 indignationem
1998 3196 2317 3249 declinasse.
2347 3231 2391 3289 α
2424 3202 2475 3245 et
2507 3192 2795 3245 Eusebium
2844 3188 3225 3254 ulcisceretur,
3262 3189 3346 3244 cui
3398 3190 3602 3245 amicus
3644 3193 3839 3262 alioqui
3883 3211 3993 3250 non

756 3288 934 3354 Quare
957 3302 1060 3342 non
1100 3286 1279 3339 debuit
1316 3285 1543 3338 Basilius
1570 3287 1817 3353 episcOpo
1847 3301 1943 3339 suo
1971 3286 2315 3354 exprobrare,

757 3392 876 3446 qua
904 3392 959 3431 se
983 3393 1149 3447 puero
1183 3374 1503 3430 difﬁcillimis
1537 3377 1862 3444 temporibus
1893 3386 2043 3442 gesta
2086 3376 2316 3441 fuerant,

756 3484 853 3524 nec
877 3470 923 3523 ei
948 3470 1152 3523 debitas
1171 3470 1351 3521 laudes
1377 3470 1668 3533 denegare.
1696 3482 1824 3535 quas
1852 3468 1897 3519 ei
1930 3480 2119 3534 magna
2148 3467 2318 3521 virtu-

759 3572 869 3613 tum
910 3569 1221 3612 ornamenta
1271 3560 1506 3611 onmium
1543 3556 1739 3621 judicio
1765 3556 2121 3611 conciliabant
2155 3574 2316 3623 ;cum

754 3653 1046 3718 praesertim
1068 3652 1290 3702 Basilius
1307 3665 1427 3702 cum
1454 3648 1690 3714 pluribus
1714 3649 1957 3718 aliis,qui
1982 3666 2082 3705 non
2106 3667 2318 3719 semper

752 3744 820 3795 ab
850 3742 994 3795 omni
1043 3742 1360 3795 Arianorum
1412 3737 1672 3792 fermento
1711 3740 1825 3808 puri
1866 3751 1921 3793 et
1968 3740 2152 3794 intacti
2203 3742 2321 3797 fite-

752 3844 893 3899 rant,
921 3844 978 3885 ut
1032 3833 1225 3888 Basilio
1269 3833 1557 3899 Ancyrano
1595 3841 1647 3885 et
1678 3830 1957 3889 Eustathio
1997 3834 2317 3898 Sebasteno,

751 3926 1129 3977 communione
1177 3934 1230 3977 et
1276 3924 1508 3976 amicitia
1559 3925 1872 3991 coniunctus
1924 3925 2108 3982 fuerit.
2155 3927 2319 3985 Forte

752 4015 939 4069 iisdem
981 4016 1043 4069 de
1085 4015 1259 4069 causis
1296 4013 1620 4067 Athanasius
1649 4031 1913 4083 nunquam
1946 4017 2187 4073 Dianium
2228 4018 2317 4073 in-

753 4116 835 4162 ter
885 4107 1213 4162 Eusebianos
1263 4123 1325 4161 ac
1392 4108 1608 4165 hwresis
1658 4106 1962 4161 defensores
2017 4121 2313 4166 numerat:

748 4213 1051 4269 quanquam
1092 4213 1209 4251 cum
1237 4214 1300 4253 eo
1344 4201 1560 4254 minime
1603 4199 2028 4253 communicabat
2073 4202 2313 4255 Athana-

749 4292 882 4345 sius.
931 4291 1265 4345 Enumerans
1303 4292 1447 4343 enim
1486 4293 1785 4359 provincias
1824 4292 2141 4361 quibuscum
2167 4306 2314 4347 com-

750 4380 1079 4445 municabat,
1112 4381 1177 4433 de
1213 4382 1543 4449 Cappadocia
1576 4398 1794 4451 prorsus
1820 4386 1940 4437 silet
1968 4383 2068 4456 (ιι).

816 4471 902 4525 ιν.
938 4471 1145 4525 Mortuo
1191 4473 1375 4525 Dianio
1420 4472 1758 4537 Caesariensi,
1800 4491 1922 4529 eum
1968 4476 2311 4531 advenissent

2426 3295 2561 3345 erat,
2596 3286 2690 3338 sed
2732 3286 2801 3337 ob
2849 3284 3059 3337 diversa
3092 3284 3142 3336 in
3180 3284 3253 3337 rei
3277 3284 3500 3351 publica:
3526 3283 3994 3343 administratione

2429 3371 2601 3423 studia
2652 3374 3021 3425 succensebat.
3071 3372 3395 3425 Accersebat
3446 3390 3571 3442 ergo
3633 3392 3727 3442 per
3782 3376 3994 3430 litteras

2426 3463 2730 3531 episc0pos,
2775 3472 2833 3515 ut
2877 3462 3162 3516 Eusebium
3196 3468 3531 3526 accusare'nt,
3574 3468 3770 3522 additis
3826 3473 3991 3524 etiam

2428 3554 2588 3608 minis
2620 3565 2869 3622 tanquam
2901 3554 3050 3619 jussu
3093 3556 3449 3621 imperatoris.
3495 3555 3589 3609 llic
3622 3572 3831 3627 quoque
3873 3564 3995 3615 eni-

2426 3646 2523 3700 fuit
2575 3646 2809 3716 episcopi
2863 3646 3181 3699 Nazianzeni
3245 3662 3451 3699 summa
3495 3649 3655 3699 animi
3712 3650 3991 3707 fortitudo.

2427 3736 2518 3790 Sic
2546 3740 2684 3790 enim
2727 3740 2998 3806 respondit
3052 3738 3261 3807 pratsitli
3314 3737 3379 3807 (f)
3427 3756 3439 3791 :
3486 3737 3619 3800 Nos,
3653 3740 3843 3809 inquit,
3874 3744 3995 3807 (po-

2426 3829 2709 3880 tentissime
2758 3831 2966 3899 prcrses)
3008 3848 3177 3883 rerum
3244 3834 3506 3896 omnium,
3562 3851 3675 3902 quia
3716 3847 3991 3903 geruntur,

2423 3935 2685 3971 censorem
2722 3936 2881 3971 unum
2924 3937 2984 3972 ac
3040 3938 3208 3987 regem
3259 3924 3539 3991 habemus,
3596 3928 3681 3993 qui
3724 3944 3857 3979 nunc
3897 3945 3995 3996 op-

2420 4023 2701 4084 pugnatur.
2732 4012 2789 4067 ls
2817 4026 2862 4066 et
2884 4024 3185 4081 pra’sentem
3212 4012 3507 4065 electionem
3529 4020 3796 4081 expendet,
3831 4036 3991 4088 quam

2422 4125 2514 4161 nos
2538 4108 2630 4159 rite
2650 4123 2710 4160 ac
2740 4106 3239 4174 lcgitime,atque,ut
3262 4106 3356 4170 ipsi
3381 4118 3583 4172 gratum
3606 4117 3677 4159 est
3705 4150 3719 4171 ,
3747 4110 3991 4174 fecimus.

2428 4198 2530 4253 Vos
2552 4211 2726 4253 autem
2747 4200 2853 4252 alia
2877 4202 3082 4269 quidem
3116 4199 3291 4267 aliqua
3326 4201 3378 4249 in
3412 4214 3462 4250 re
3500 4198 3676 4263 nobis,
3705 4202 3748 4253 si
3781 4205 3990 4258 animus

2420 4292 2494 4343 ita
2520 4292 2715 4355 tulerit,
2755 4294 2853 4342 rim
2899 4291 3084 4357 a/ferre
3128 4288 3379 4357 perfacile
3427 4294 3661 4354 potestis,
3708 4293 3760 4343 id
3812 4307 3989 4348 autem

2420 4398 2565 4434 nemo
2602 4399 2830 4450 unquam
2853 4384 2995 4436 nobis
3026 4386 3249 4446 adimet,
3274 4384 3398 4450 quin
3414 4399 3473 4436 ea
3491 4426 3504 4448 ,
3534 4402 3648 4453 qua:
3672 4388 3811 4454 facta
3841 4402 3985 4453 sunt,

2420 4480 2472 4520 ut
2498 4480 2632 4521 recte
2676 4486 2737 4522 ac
2766 4472 2911 4537 juste
2948 4474 3086 4539 facta
3129 4472 3489 4536 defendamus.
3532 4474 3651 4526 Nisi
3697 4476 3829 4543 forte
3849 4477 3987 4531 hanc

746 4567 985 4618 nonnulli
1028 4566 1317 4633 provincia:
1344 4566 1582 4635 episcopi
1615 4577 1669 4620 ut
1692 4583 2055 4621 successorem
2089 4569 2309 4621 ordina-
2343 4589 2385 4643 ι)
2414 4578 2616 4634 quoque
2637 4562 2796 4630 legem
2833 4566 3096 4623 statuatis,
3130 4563 3311 4630 quibus
3363 4582 3423 4620 ne
3461 4569 3512 4620 in
3544 4579 3746 4619 nostras
3775 4571 3986 4635 quidem

747 4666 884 4723 rent,
921 4658 1073 4711 scissi
1130 4669 1255 4712 sunt
1284 4657 1641 4712 Caesarienses
1688 4659 1739 4711 in
1796 4659 2065 4712 contraria
2112 4661 2308 4723 studia,

744 4750 861 4803 aliis
876 4748 1036 4801 alium
1060 4750 1365 4819 episcopum
1391 4750 1731 4819 poscentibus
1753 4747 1842 4816 (e).
1862 4748 2160 4803 Vehemens
2192 4760 2310 4803 erat

743 4843 936 4896 seditio
968 4856 1067 4895 nec
1092 4839 1245 4893 facile
1276 4842 1453 4896 sedari
1478 4851 1705 4911 poterat.
1732 4840 1998 4906 Propensa
2028 4842 2170 4895 enim
2192 4852 2311 4895 erat

743 4932 935 4985 civitas
969 4933 1036 4984 ad
1058 4930 1369 4993 seditiones,
1403 4933 1453 4986 in
1497 4931 1847 4986 electionibus
1892 4932 2210 4997 praesertim,
2242 4934 2309 4986 ob

746 5020 865 5074 fidei
893 5020 1152 5076 fervorem
1178 5040 1193 5075 :
1224 5036 1288 5075 ac
1311 5024 1615 5091 praacellens
1658 5024 1926 5078 cathedra:
1960 5026 2193 5092 dignitas
2223 5040 2311 5080 ca-

746 5112 911 5165 lorem
931 5114 1126 5167 animis
1154 5114 1403 5168 addebat.
1425 5109 1659 5169 Tandem
1683 5115 1915 5167 universi
1944 5128 2149 5169 summo
2180 5130 2307 5170 con-

744 5217 908 5257 sensu
964 5219 1125 5258 unum
1160 5220 1223 5259 ex
1263 5204 1683 5274 magistratibus,
1742 5206 2026 5260 Eusebium
2075 5209 2307 5273 nomine,

744 5294 917 5346 virum
950 5290 1051 5346 ﬁde
1086 5304 1138 5348 et
1166 5296 1401 5349 moribus
1427 5306 1789 5365 praestantem,
1828 5298 2051 5350 invitum
2090 5308 2145 5349 et
2172 5300 2309 5353 relu-

744 5394 978 5440 ctantem
1007 5387 1322 5455 corripiunt,
1354 5402 1414 5441 ac
1438 5402 1592 5455 opem
1645 5386 1941 5443 ferentibus
1984 5387 2307 5444 militaribus

743 5479 933 5546 copiis,
959 5492 1078 5549 qua:
1121 5488 1244 5535 tunc
1276 5480 1328 5534 in
1357 5479 1488 5536 urbe
1515 5487 1688 5547 erant,
1719 5480 1769 5535 in
1810 5482 2105 5537 sacrarium
2136 5482 2302 5537 addu-

834 5710 889 5768 ο)
927 5702 1021 5770 Ep.
1058 5704 1179 5769 140,
1208 5722 1257 5759 ει.
1283 5707 1334 5761 2.

831 5775 882 5835 b)
916 5778 1006 5827 υτ.
1043 5777 1124 5828 19.

833 5846 882 5909 c)
918 5844 1012 5913 Ep.
1048 5845 1170 5901 258.

2417 4672 2494 4707 res
2523 4654 2815 4721 prospicere
2835 4658 2918 4723 fas
2952 4664 3049 4708 est.
3084 4654 3370 4722 Epistulam
3402 4661 3696 4712 admiratus
3728 4671 3808 4712 est
3847 4679 3987 4731 prac-

2415 4762 2521 4809 ses,
2552 4748 2650 4801 etsi
2691 4750 2862 4815 primo
2901 4748 3124 4801 moleste
3171 4751 3290 4805 tulit
3336 4768 3348 4804 :
3385 4763 3542 4819 atque
3590 4754 3685 4805 hac
3737 4752 4009 4824 Gregorii’

2416 4840 2712 4892 constantia
2777 4840 2973 4895 Juliani
3044 4840 3273 4909 impetus
3346 4858 3726 4912 compressus,
3793 4850 3986 4905 civitas

2418 4940 2560 4981 metu
2590 4931 2833 4994 liberata,
2867 4933 3101 5000 episcopi
3132 4934 3392 4986 dedecore
3420 4945 3471 4987 et
3502 4936 3812 5001 ignominia.

2486 5022 2614 5075 Cum
2666 5026 2779 5077 haec
2827 5023 3093 5077 ordinatio
3125 5036 3340 5094 peracta
3388 5028 3458 5081 sit
3507 5029 3739 5084 instante
3784 5028 3982 5099 Juliani

2413 5113 2665 5179 adventu,
2692 5127 2749 5169 ut
2782 5124 3007 5170 testatur
3050 5116 3361 5185 Gregorius,
3394 5121 3601 5174 videtur
3634 5124 3698 5174 ad
3740 5139 3981 5181 mensem

2412 5203 2626 5259 Junium
2657 5218 2748 5260 aut
2774 5205 2968 5261 Julimn
3014 5210 3344 5267 collocanda.
3394 5211 3675 5269 Profectus
3708 5226 3791 5271 est
3832 5223 3979 5275 enim

2412 5295 2871 5367 Constantinopoli
2917 5298 3161 5354 Julianus
3213 5318 3395 5357 mense
3431 5305 3881 5375 lllaio,excunte,
3927 5322 3982 5366 ct

2412 5404 2533 5442 cum
2573 5392 2623 5443 in
2660 5392 2961 5461 regionibus
2992 5395 3287 5463 interiectis
3333 5399 3638 5466 aliquandiu
3673 5416 3977 5457 commora-

2414 5489 2497 5534 tus
2544 5480 2706 5536 fucrit
2762 5482 2981 5553 (ubique
3032 5486 3175 5542 enim
3229 5489 3518 5560 impietatis
3588 5509 3698 5549 sua:
3749 5497 3978 5564 vestigia

2484 5708 2558 5775 (tl)
2606 5709 2738 5762 "ist.
2774 5710 2813 5761 Α
2825 5711 2955 5763 rian.

2506 5781 2551 5844 ε)
2594 5778 2721 5834 Ms.
2752 5796 2832 5837 or.
2870 5782 2955 5837 19.

2506 5849 2548 5919 r)
2582 5847 2711 5903 Ibid.
