4206 6494
1515 425 1675 485 Vl'l‘A
1717 428 1773 484 S.
1812 430 2051 488 BASILII

3259 456 3399 494 χχιν

176 547 417 618 reliquit),
449 544 541 598 vix
570 545 766 613 potuit
796 554 923 601 ante
941 545 1139 602 Julium
1169 557 1259 604 aut
1282 549 1574 617 Augustum
1622 553 1740 607 Cse-
1770 557 1817 613 A
1844 554 1950 608 Sed
1998 550 2193 608 Juliani
2223 549 2419 606 dictum
2465 554 2617 610 deest
2668 551 2722 606 in
2778 555 3049 626 plerisque
3106 554 3403 625 codicibus,

185 656 367 696 saream
391 637 679 692 advenire.

251 731 305 783 γ.
347 728 477 780 Dum
526 738 717 784 autem
755 733 879 785 urbi
920 729 1257 801 propinquat,
1297 731 1341 785 si
1378 731 1515 789 illius
1548 738 1612 790 ad
1641 736 1742 790 Ba-

192 822 348 874 silium
392 819 632 888 epistola:
661 820 913 874 habenda
959 818 1119 887 fides,
1143 820 1386 891 prmcipit
1419 821 1647 888 Basilio,
1686 834 1743 879 ut

191 914 279 965 sibi
316 911 611 967 Caesaream
656 911 968 965 advenienti
1018 920 1072 966 et
1122 914 1296 966 adhuc
1339 912 1604 982 publicum
1641 916 1743 969 iter

190 1002 402 1067 tenenti,
430 1012 626 1073 praesto
654 1002 766 1053 sint
798 1000 943 1054 mille
969 1004 1083 1057 auri
1126 1004 1276 1057 libra:
1316 1019 1331 1055 :
1372 1019 1526 1062 secus
1568 1007 1739 1060 mina-

188 1106 266 1146 tur
294 1110 351 1149 se
381 1096 683 1150 Caesaream
734 1107 1046 1147 eversurum
1079 1135 1094 1159 ,
1124 1110 1186 1148 ac
1226 1102 1428 1152 statuas
1466 1108 1519 1152 et
1549 1096 1742 1165 templa

181 1196 507 1240 erecturum.
534 1182 639 1235 Sed
669 1183 770 1236 hoc
807 1182 919 1251 ipso
944 1199 1008 1237 ex
1041 1184 1158 1237 loco
1192 1186 1591 1254 spuriam'zesse
1632 1187 1742 1255 cpi-

181 1280 367 1333 stolam
414 1276 759 1345 perspicitur.
806 1275 922 1330 Non
964 1276 1105 1328 enim
1150 1284 1274 1332 tunc
1325 1280 1583 1335 Cmsarea:
1628 1289 1742 1334 erat

180 1372 432 1430 Basilius,
491 1369 587 1423 sed
654 1369 853 1424 latebat
903 1370 957 1422 in
999 1368 1152 1421 Ponti
1197 1371 1503 1435 solitudine,
1546 1372 1741 1440 vixque

177 1470 392 1530 peracta
424 1469 542 1515 erat
577 1462 745 1532 ipsius
780 1459 992 1513 Eusebii
1020 1460 1320 1527 ordinatio,
1347 1477 1467 1516 cum
1501 1461 1742 1520 Julianus

175 1552 341 1603 venit.
370 1552 515 1607 Idem
550 1561 785 1607 erratum
827 1552 1169 1606 commissum
1203 1565 1284 1608 est
1328 1553 1389 1615 inf
1407 1551 1521 1606 Vita
1552 1552 1611 1608 S.
1637 1554 1740 1609 Ba-

172 1644 305 1707 silii,
342 1660 463 1714 quae
491 1642 762 1712 supposita
788 1651 869 1697 est
895 1644 1283 1713 Amphilochio.
1319 1642 1391 1697 lbi
1421 1646 1561 1698 enim
1588 1646 1739 1703 Basi-

174 1737 276 1792 lius
316 1738 532 1793 Iuliano
563 1735 776 1789 obviam
806 1736 1133 1805 processisse
1163 1736 1376 1801 dicitur,
1404 1746 1456 1789 et
1484 1736 1739 1794 Libanius

171 1830 370 1884 Juliani
418 1836 653 1896 qurestor
693 1828 904 1897 genibus
957 1830 1239 1897 pontiﬁcis,
1296 1844 1485 1897 nempe
1533 1829 1735 1899 Basilii,

1844 647 2024 701 Basilii
2056 660 2185 701 vero
2229 643 2283 698 in
2332 646 2578 703 omnibus
2628 654 2823 719 prazter
2862 649 3224 706 llarlzeanum.
3256 648 3407 705 Prae-

1844 747 1989 792 terea
2018 753 2138 793 cum
2172 745 2283 792 tota
2321 736 2542 804 epistola
2588 741 2698 795 haec
2724 748 2843 795 tam
2885 755 3074 806 parum
3110 741 3403 808 cohaerent,

1843 842 1901 883 llt
1942 840 2119 882 assuta
2143 845 2263 885 esse
2297 828 2488 882 merito
2515 833 2821 897 pronuntiet
2846 830 3103 900 Dupinus.

1912 911 2001 965 Vl.
2044 913 2143 967 Vix
2194 915 2356 969 ullam
2411 912 2679 967 civitatem
2732 919 2883 987 pejus
2933 918 3121 970 oderat
3160 918 3404 974 Julianus

1842 1018 2000 1071 quam
2044 1003 2375 1068 Caesaream,
2417 1019 2484 1061 eo
2517 1008 2658 1073 quod
2694 1011 2884 1065 studiis
2931 1010 3250 1067 Christiana:
3280 1014 3407 1067 relic

1841 1092 2013 1163 gionis
2058 1092 2305 1159 ferveret,
2353 1112 2417 1150 ac
2464 1096 2818 1163 paucissimos
2857 1100 3081 1156 haberet
3132 1102 3401 1157 ethnicos.

1842 1187 2105 1240 Praeterea
2150 1200 2217 1239 ex
2263 1186 2430 1242 tribus
2468 1187 2714 1257 templis,
2750 1204 2869 1257 quae
2901 1190 2949 1245 in
2983 1195 3097 1248 hac-
3119 1195 3251 1247 urbe
3290 1193 3407 1249 fue-

1841 1278 1979 1334 rant,
2007 1269 2115 1336 jam
2156 1270 2260 1323 duo
2293 1278 2444 1323 antea
2494 1288 2521 1327 a
2569 1272 2892 1327 Christianis
2934 1290 3116 1331 eversa
3166 1276 3402 1343 fuerant,

1839 1375 2029 1428 nempe
2072 1358 2218 1415 Jovis
2267 1370 2319 1414 et
2356 1362 2633 1429 Apollinis.
2678 1363 2950 1432 Tertium,
2989 1371 3127 1435 quod
3156 1371 3406 1425 Fortuna:

1840 1452 2117 1508 dicebatur
2138 1492 2153 1517 ,
2183 1454 2280 1507 sub
2310 1455 2420 1522 ipso
2440 1452 2646 1511 Juliano
2678 1473 2922 1514 eversum
2943 1499 2957 1523 ,
2989 1458 3142 1516 furiis
3170 1480 3290 1519 eum
3319 1463 3403 1519 in-

1853 1544 2051 1600 cendit.
2084 1544 2362 1609 Quomodo
2392 1560 2580 1614 pennas
2607 1562 2633 1599 a
2663 1548 3086 1605 Cmsariensibus
3114 1557 3403 1622 repetierit,

1841 1634 1939 1704 legi
1984 1643 2161 1704 potest
2206 1638 2343 1703 apud
2397 1636 2672 1691 Socratem
2716 1640 2804 1695 lib.
2844 1659 2896 1707 v,
2943 1658 2995 1697 c.
3040 1640 3403 1702 4.1racundia

1839 1729 2101 1798 prmcipue
2129 1732 2327 1783 exarsit
2360 1730 2409 1783 in
2440 1730 2495 1784 S.
2538 1732 2895 1801 Eupsychium
2921 1776 2934 1801 ,
2965 1735 3057 1805 qui
3089 1736 3245 1803 hujus
3277 1738 3403 1795 facti

1840 1821 1941 1873 dux
1970 1829 2025 1874 et
2056 1829 2243 1874 auctor
2280 1820 2449 1876 fuisse
2483 1822 2696 1878 dicitur.
2737 1823 2869 1877 Huic
2894 1828 3204 1894 adiungitur
3242 1843 3271 1882 a
3297 1828 3405 1883 Ba-

174 1923 472 1973 ndmlulus.
501 1916 613 1973 Nec
635 1920 937 1974 accuratior
958 1918 1312 1987 Nicephorus,
1341 1921 1429 1987 qui
1454 1919 1733 1985 Basilium,
1766 1910 1808 1965 Β

1766 1910 1808 1965 Β
1837 1912 1954 1965 silio
1980 1914 2053 1982 (b)
2084 1922 2302 1969 sanctus
2342 1915 2533 1969 Damas
2560 1926 2614 1969 et
2641 1916 2764 1981 alii,
2789 1915 2878 1985 qui
2909 1919 3105 1987 egregii
3142 1919 3403 1975 facinoris

170 2014 383 2065 Juliano
416 2026 511 2081 per
537 2010 924 2079 Cappadociam
960 2020 1287 2075 transeunte,
1316 2011 1575 2067 Ecclesias
1603 2014 1739 2081 Cap-

174 2103 413 2173 padocia:
454 2103 657 2155 rexisse
700 2101 857 2161 dicit.
894 2099 998 2153 τῶν
1041 2103 1097 2154 ἐν
1142 2104 1503 2174 Καππαδοκίᾳ
1543 2105 1740 2174 ἐκκλη-

172 2195 301 2247 σιῶν
332 2195 585 2262 τηνικάδε
630 2190 725 2261 τὴν
772 2192 1066 2266 ἐπιτροπὴν
1096 2194 1327 2265 ἔχοντος.
1370 2195 1590 2249 Frustra
1638 2195 1739 2250 Pa-

171 2289 287 2355 gius
318 2286 434 2338 hmc
473 2294 690 2340 revocat
727 2286 789 2337 ad
838 2287 1208 2339 auctoritatem
1232 2325 1247 2349 ,
1286 2300 1448 2354 quant
1496 2288 1595 2341 sub
1633 2287 1740 2341 Eu-

173 2380 319 2433 sebio
348 2378 629 2449 presbyter
654 2379 882 2432 Basilius
913 2377 1177 2441 habebat,
1209 2393 1331 2430 nam
1364 2393 1431 2433 ne
1462 2382 1741 2449 presbyter

176 2474 387 2542 quidem
436 2484 564 2526 tunc
596 2482 732 2525 erat.
769 2471 827 2523 ln
876 2467 1129 2522 Chronico
1172 2468 1330 2523 etiam
1384 2470 1738 2525 Alexandrino

181 2568 403 2619 Basilius
452 2565 712 2617 Cresarese
752 2562 850 2616 sub
896 2560 1105 2615 Juliano
1137 2561 1423 2631 episcopus
1467 2560 1735 2615 statuitur.

178 2658 373 2709 Fucum
399 2670 531 2723 ergo
574 2654 701 2708 fecit
730 2654 963 2723 epistola:
997 2654 1309 2709 fabricatori
1347 2654 1460 2707 haec
1495 2652 1558 2708 de
1584 2650 1737 2706 Basi-

175 2748 223 2799 lii
252 2748 567 2814 episc0patu
593 2746 794 2813 opinio.

240 2841 290 2891 lu
330 2839 565 2907 quodam
600 2839 801 2893 scholio
849 2836 1196 2893 vetustissimi
1241 2834 1440 2890 codicis
1476 2836 1734 2904 .‘lledicaei,

177 2940 398 2995 utraque
450 2929 677 2997 epistola
706 2971 721 2993 ,
756 2927 953 2980 Juliani
1000 2938 1053 2980 et
1081 2926 1300 2993 Basilii,
1333 2928 1464 2981 nihil
1513 2943 1737 2996 prorsus

178 3020 364 3072 habere
388 3019 607 3082 dicitur,
635 3020 777 3086 quod
791 3018 1060 3071 lulianum
1087 3021 1448 3074 autBasiIium
1475 3021 1733 3077 redoleat.

175 3110 269 3163 Eas
297 3122 479 3163 tamen
509 3127 614 3164 non
639 3112 861 3164 omnino
888 3110 1058 3176 rejicit
1093 3111 1489 3179 Tillemontius,
1522 3123 1577 3169 et
1604 3129 1735 3183 quo-

176 3206 342 3257 minus
381 3203 608 3257 omnino
642 3202 867 3269 rejiciat,
896 3203 1166 3258 detinetur
1204 3205 1541 3273 potissimum
1576 3208 1729 3261 testi-

1847 2004 2088 2059 videntur
2109 2007 2308 2062 conscii
2345 2006 2533 2063 fuisse.
2587 2006 2786 2061 llorum
2824 2008 2938 2063 dies
2973 2007 3139 2063 festus
3176 2024 3404 2079 quotan‘

1842 2095 1924 2149 nis
1942 2094 2198 2149 Caesarea:
2225 2100 2309 2153 die
2337 2098 2561 2167 septima
2589 2097 2919 2166 Septembris
2940 2116 3145 2154 summa
3178 2102 3405 2156 celebri-

1842 2196 1952 2241 tate
1980 2186 2332 2254 recoleliatur,
2369 2200 2425 2244 ut
2457 2189 2687 2260 perspici
2724 2200 2898 2259 potest
2928 2206 2993 2244 ex
3022 2193 3258 2259 pluribus
3298 2193 3403 2249 Ba-

1840 2283 1946 2338 silii
1982 2283 2222 2353 epistolis
2264 2284 2333 2353 (c)
2359 2326 2371 2348 ,
2396 2287 2445 2339 in
2484 2288 2676 2353 quibus
2710 2288 2989 2358 episcopos
3017 2288 3209 2353 Ponti,
3236 2291 3403 2346 Ense-

1839 2377 1981 2431 bium
2014 2377 2465 2442 Samosateusem,
2491 2380 2915 2448 Amphilochium
2936 2422 2950 2445 ,
2983 2383 3048 2435 ad
3071 2382 3214 2437 hunc
3240 2383 3402 2449 diem,

1839 2478 1896 2522 ut
1929 2470 2083 2541 longe
2121 2469 2531 2524 celeberrimum
2556 2509 2571 2534 ,
2605 2471 2813 2523 invitat.
2856 2470 2960 2526 Sed
2998 2474 3043 2527 si
3092 2488 3283 2542 passus
3320 2483 3407 2531 est

1840 2557 1896 2610 S.
1976 2560 2307 2629 Eupsycbius
2374 2576 2559 2615 mense
2637 2559 2971 2627 Septembri,
3049 2575 3111 2615 ac
3179 2565 3402 2630 proinde

1838 2667 1979 2706 anno
2011 2652 2113 2706 362
2140 2656 2269 2722 (non
2305 2656 2446 2708 enim
2484 2655 2620 2710 alius
2660 2670 2833 2710 annus
2869 2664 3178 2725 regnantem
3220 2656 3402 2711 habui:

1834 2741 2103 2798 lulianum
2136 2758 2316 2798 mense
2348 2742 2696 2815 Septembri),
2733 2748 2817 2801 vel
2852 2746 2926 2817 (ά)
2959 2746 3059 2799 alia
3092 2748 3234 2803 illius
3259 2764 3402 2802 mar-

1839 2837 1959 2907 tyrii
1978 2836 2296 2906 assignanda
2321 2851 2505 2899 causa,
2523 2837 2787 2906 siquidem
2807 2838 2915 2907 jam
2934 2853 3180 2893 eversum
3200 2848 3314 2893 erat
3331 2840 3399 2909 (ε)

1839 2928 2122 2997 templum,
2150 2942 2271 2981 cum
2314 2925 2559 2981 Julianus
2596 2928 2890 2983 Caesaream
2937 2929 3116 2996 venit;
3152 2929 3236 2984 vel
3276 2944 3399 2985 eum

1833 3016 2075 3073 Julianus
2108 3019 2159 3073 in
2196 3033 2411 3072 carcere
2440 3034 2611 3087 usque
2648 3019 2714 3072 ad
2742 3032 2980 3074 mensem
3024 3018 3399 3088 Septembrem

1834 3111 2058 3165 detineri
2096 3110 2297 3172 voluit,
2330 3121 2385 3162 ut
2419 3126 2606 3177 poenas
2639 3112 2753 3180 ejus
2800 3112 3011 3178 longius
3056 3115 3393 3179 produceret.

1834 3199 1997 3252 Error
2027 3207 2107 3251 est
2141 3199 2192 3251 in
2232 3198 2448 3252 Menteis
2472 3198 2804 3253 Grmcorum.
2838 3199 2969 3252 Nam
3015 3200 3098 3253 die
3139 3201 3171 3254 9
3197 3200 3397 3270 Aprilis

176 3295 348 3348 mouio
394 3295 707 3357 Sozomeni,
739 3295 823 3349 cui
879 3305 1032 3351 notas
1077 3296 1194 3351 illas
1239 3297 1404 3352 fuisse
1446 3308 1614 3365 putat.
1664 3256 1837 3351 AtL.

1685 3256 1733 3351 ti,
1759 3256 1800 3311 (λ
1835 3288 2091 3343 habemus
2133 3289 2323 3342 festum
2370 3290 2424 3343 S.
2479 3290 2766 3358 Eupsychii
2804 3291 2900 3344 sub
2938 3288 3151 3345 Juliano
3203 3256 3346 3361 passi

176 3389 409 3454 profecto
468 3388 707 3456 epistola:
752 3388 852 3440 illre
900 3405 1003 3441 non
1042 3391 1325 3442 exstabant
1370 3399 1604 3457 tempore
1632 3388 1733 3443 So-

178 3481 394 3533 zomeni.
436 3478 486 3532 Is
523 3476 895 3533 enim‘Juliani
928 3479 1208 3546 epistolam
1247 3491 1632 3534 commemorat
1658 3481 1732 3550 (α)

176 3572 233 3621 ad
261 3572 545 3636 episcopos
582 3567 671 3636 qui
707 3577 831 3621 tunc
869 3570 1098 3623 maxime
1138 3570 1373 3638 insignes
1405 3580 1595 3634 erant,
1622 3573 1732 3634 τοῖς

173 3662 281 3711 τότε
299 3659 692 3729 διαπρέπουσιν
715 3661 1031 3723 ἐπισκόποις
1051 3661 1379 3715 ἐπέστειλεν.
1404 3661 1531 3728 Qua:
1555 3672 1729 3717 autem

176 3752 324 3805 hodie
350 3761 551 3815 exstat,
583 3752 681 3804 soli
712 3752 965 3818 inscripta
1002 3752 1216 3814 Basilio,
1252 3768 1349 3807 nec
1379 3753 1539 3806 alium
1572 3768 1729 3821 quam

177 3844 422 3898 Basilium
458 3844 765 3911 compellat.
794 3843 991 3897 Deinde
1017 3860 1143 3898 vero
1181 3845 1421 3897 Julianus
1455 3860 1539 3899 res
1576 3845 1731 3900 Chri-

175 3937 460 3988 stianorum
497 3935 549 3988 in
586 3933 837 4003 epistola,
880 3948 1035 3998 quam
1076 3942 1334 3989 memorat
1379 3931 1727 4003 Sozomenus,

173 4026 463 4089 irridebat,
512 4034 565 4077 et
611 4024 925 4092 Apollinarii
965 4025 1218 4080 adversus
1257 4026 1498 4082 ethnicos
1538 4026 1729 4081 librum

169 4116 496 4186 exagitabat.
529 4114 741 4170 Nullum
785 4115 941 4184 hujus
978 4118 1051 4171 rei
1092 4118 1370 4187 vestigium
1409 4117 1461 4171 in
1504 4118 1731 4186 epistola

168 4222 324 4275 quam
372 4223 521 4262 nunc
562 4210 843 4262 habemus.
883 4208 1000 4276 Ipsa
1036 4208 1198 4263 etiam
1244 4210 1614 4277 episcoporum
1646 4224 1731 4263 re-

167 4302 405 4370 sponsio,
436 4316 597 4368 quam
634 4299 826 4353 Basilio
851 4299 1181 4354 Sozomenus
1205 4316 1233 4352 a
1268 4302 1536 4355 nonnullis
1570 4302 1727 4355 tribui

170 4403 410 4458 testatur,
449 4393 662 4445 videtur
694 4406 826 4461 Opus
866 4392 1078 4460 aliquod
1119 4392 1327 4461 insigne
1364 4393 1430 4447 ad
1477 4392 1730 4447 eruditio-

168 4499 284 4537 nem
335 4483 524 4538 fuisse.
573 4482 665 4535 Ait
717 4482 860 4536 enim
914 4484 1050 4537 idem
1099 4482 1363 4552 scriptor,
1425 4485 1729 4553 quicunque

1835 3380 1919 3433 die
1944 3390 2119 3431 autem
2165 3379 2195 3430 7
2242 3378 2570 3445 Septembris
2611 3381 2669 3435 S.
2709 3379 2995 3451 Eupsychii
3043 3380 3304 3436 Cznsareaa
3341 3382 3395 3433 in

1832 3471 2160 3540 Cappadocia
2196 3472 2465 3541 martyris,
2508 3486 2664 3539 quem
2704 3474 2801 3524 sub
2834 3472 3071 3525 Adriano
3110 3471 3396 3526 collocant.

1832 3564 2013 3619 Fidem
2041 3565 2199 3618 etiam
2228 3580 2407 3617 curam
2452 3561 2663 3615 Juliauo
2697 3562 2963 3617 liberrime
3006 3564 3287 3619 confessus
3318 3574 3401 3618 est

1833 3670 1896 3709 ac
1924 3657 2066 3707 varia
2095 3654 2606 3724 pertulitsupplicia,
2634 3665 2765 3709 teste
2784 3655 3020 3711 Palladio
3064 3657 3153 3725 (Γ),
3184 3656 3401 3727 presby-

1836 3758 1917 3800 ter
1938 3746 2291 3814 Philommus,
2310 3745 2503 3800 Basilio
2523 3747 2897 3809 charissimus,
2918 3749 3006 3817 qui
3028 3750 3397 3804 describendis

1834 3837 1984 3892 libris
2013 3848 2065 3892 et
2091 3840 2285 3893 victum
2322 3839 2421 3893 sibi
2450 3849 2503 3893 et
2532 3839 2852 3907 pauperibus
2879 3839 3117 3897 subsidia
3144 3841 3390 3909 parabat,

1832 3944 1931 3986 nec
1957 3946 2277 4002 quemquam
2318 3932 2417 3989 sibi
2467 3933 2736 3987 munerari
2780 3934 3105 4002 patiebatur.
3142 3933 3197 3986 Si
3239 3932 3396 3986 nullae

1830 4036 2040 4081 exstant
2089 4024 2287 4081 Juliaui
2334 4028 2400 4080 ad
2440 4026 2695 4080 Basilium
2753 4026 2977 4092 litterae;
3025 4024 3151 4080 illud
3200 4026 3393 4080 saltem

1830 4127 2059 4182 constat,
2093 4118 2362 4171 infensum
2393 4119 2441 4172 ei
2472 4116 2635 4172 fuisse
2659 4116 2925 4172 Iulianum
2954 4117 3047 4189 (g).
3083 4118 3213 4171 Nam
3242 4118 3394 4172 Basi-

1829 4209 1957 4261 lium
1984 4218 2037 4261 et
2069 4206 2385 4276 Gregorium
2428 4208 2635 4261 consilii
2674 4218 2727 4263 et
2760 4209 2973 4277 incmpti
3021 4208 3103 4261 sui
3138 4208 3393 4261 adversa-

1830 4301 1939 4354 rios
1974 4310 2027 4354 et
2056 4300 2235 4354 hostes
2268 4300 2446 4355 dicere
2467 4299 2693 4365 solebat,
2718 4315 2816 4354 nec
2837 4299 3026 4353 leviter
3045 4299 3123 4353 eis
3148 4299 3391 4352 minaba-

1830 4399 1917 4445 tur
1948 4408 1960 4443 :
1991 4390 2082 4445 sed
2108 4390 2265 4443 minae
2294 4390 2454 4445 decus
2483 4390 2751 4444 addebant
2784 4396 2838 4441 et
2863 4387 2927 4441 ad
2958 4387 3207 4456 pietatem
3235 4401 3396 4440 acue-

1828 4484 1977 4536 bant.
2019 4480 2151 4536 Cum
2190 4491 2366 4535 autem
2411 4496 2504 4534 eos
2532 4488 2587 4533 et
2625 4478 2863 4533 moribus
2901 4487 2954 4532 et
2990 4477 3295 4546 eloquentia
3338 4485 3393 4530 et

164 4577 343 4645 operis
390 4586 581 4629 auctor
620 4575 719 4640 sit,
751 4588 872 4628 eum
906 4576 972 4629 ob
1001 4574 1165 4629 animi
1205 4576 1629 4646 magnitudinem
1672 4586 1725 4631 et
1752 4594 1801 4652 ι)
1828 4582 2007 4626 mutua
2032 4573 2169 4627 inter
2209 4586 2267 4627 se
2292 4572 2579 4627 concordia
2609 4569 2778 4625 claros
2812 4568 2924 4637 jam
2971 4568 3095 4621 inde
3120 4582 3151 4621 a
3183 4565 3389 4621 Graecia

164 4668 521 4721 eruditionem
552 4667 902 4720 admiratione
944 4667 1160 4735 dignum
1189 4682 1328 4723 esse.
1356 4669 1425 4721 At
1456 4668 1723 4723 neminem

163 4770 289 4824 puto
319 4760 374 4813 in
418 4757 643 4825 epistola
666 4797 680 4821 ,
711 4772 828 4828 qua:
862 4759 958 4811 sub
998 4757 1177 4812 Basilii
1207 4758 1421 4813 nomine
1465 4760 1530 4813 ad
1556 4757 1725 4813 Julia-

166 4866 287 4902 num
311 4849 517 4917 scripta
551 4860 815 4914 servatur,
842 4848 1198 4903 eruditionem
1242 4851 1578 4903 miraturum.
1620 4848 1723 4903 Le—

164 4948 361 5004 guntur
387 4938 603 5008 quidem
640 4941 692 4991 in
728 4938 926 4993 nostris
966 4938 1210 5009 epistolis
1242 4953 1360 5007 qua:
1390 4938 1725 4995 Sozomenus

164 5044 229 5081 ex
266 5026 461 5084 Juliani
504 5039 558 5085 et
596 5029 966 5099 episcoporum
998 5030 1187 5084 litteris
1214 5031 1491 5098 excerpit:
1532 5046 1722 5099 nempe

165 5118 289 5171 illud
315 5117 512 5173 Juliani
552 5139 565 5174 :
601 5121 667 5171 Ἃ
702 5118 757 5171 δὲ
787 5119 1055 5186 ἀνέγνων,
1089 5119 1259 5188 ἔγνων
1297 5120 1391 5173 καὶ
1421 5121 1715 5187 κατέγνων.

168 5216 296 5274 Qua
340 5220 514 5264 autem
552 5211 670 5281 legi,
716 5211 947 5265 intellexi
981 5222 1025 5266 et
1067 5213 1403 5267 condemnavi
1431 5229 1449 5267 :
1481 5221 1590 5265 tum
1622 5212 1725 5265 Ba-

168 5303 267 5356 silii
300 5304 577 5373 responsio
603 5324 615 5359 :
648 5306 684 5358 ἂ
727 5305 910 5375 μέντοι
930 5305 1168 5373 ἀνέγνως
1196 5306 1293 5358 οὐκ
1320 5305 1487 5374 ἔγνως
1505 5321 1518 5334 ·
1544 5305 1592 5357 εἰ
1616 5304 1727 5375 γὰρ

170 5396 351 5462 ἔγνως,
380 5400 479 5451 οὐκ
498 5398 563 5452 ἂν
592 5400 887 5468 κατέγνως.
918 5398 1045 5464 Qua:
1076 5410 1248 5453 autem
1274 5399 1465 5469 legisti,
1506 5416 1605 5452 non
1643 5400 1725 5451 in-

172 5486 398 5543 tellexisti
416 5506 434 5554 ;
460 5508 581 5545 nam
598 5493 644 5545 si
666 5491 1028 5556 intellexisses,
1057 5508 1154 5545 non
1169 5507 1292 5545 sane
1310 5493 1723 5545 condemnasses.

240 5647 306 5711 la)
341 5646 452 5702 Lib.
479 5665 529 5710 v,
561 5666 609 5703 c.
647 5647 735 5702 18.

233 5720 302 5785 (ἐν)
338 5721 427 5787 Ep.
463 5722 585 5775 252.

239 5793 301 5853 tl‘)
340 5790 500 5857 Epist.
536 5792 659 5853 100,
690 5789 813 5852 176,
843 5786 968 5841 232.

224 5863 297 5926 (Δ)
336 5855 661 5927 ΤίΙΙι-ιιιυηιη
691 5871 805 5916 uot.
854 5860 912 5912 19
935 5860 985 5912 in
1016 5855 1177 5913 Basil.

1819 4766 2156 4823 stremosque
2206 4754 2517 4809 reservabat
2576 4773 2591 4810 :

1824 4678 1943 4718 esse
1965 4665 2160 4726 sciret,
2208 4662 2459 4732 Cyclopis
2497 4662 2755 4717 honorem
2796 4660 2901 4715 illis
2942 4657 3249 4723 deferebat,
3291 4672 3388 4727 po-

2652 4753 2737 4807 vel
2787 4752 3119 4807 damonibus
3180 4764 3272 4806 eos
3331 4760 3390 4803 ut

1822 4861 2070 4916 magnum
2099 4846 2351 4915 quiddam
2382 4860 2573 4900 munus
2620 4844 2897 4899 immolare
2942 4841 3161 4907 volens,
3204 4841 3292 4898 vel
3328 4857 3390 4898 se

1822 4937 2172 5006 abrepturum
2198 4937 2250 4990 in
2282 4936 2593 4991 barathrum
2620 4949 2776 4990 suum
2802 4932 3227 5003 stultesperaus.

1896 5027 2225 5097 Vll.Scripti
2271 5028 2518 5082 videntur
2555 5026 2655 5081 sub
2703 5023 2915 5078 Juliano
2961 5024 3080 5078 libri
3130 5024 3388 5079 adversus

1825 5120 2180 5187 Eunomium,
2223 5135 2287 5173 ac
2326 5135 2432 5175 non
2462 5120 2631 5173 multo
2672 5125 2793 5186 post
2827 5116 3019 5171 Juliani
3059 5124 3287 5171 mortem
3330 5116 3383 5169 in

1824 5211 1993 5266 lucem
2016 5210 2162 5267 editi.
2193 5210 2307 5265 Non
2337 5212 2479 5264 enim
2506 5208 2665 5263 citius
2694 5208 2791 5263 hoc
2811 5223 2944 5278 opus
2969 5206 3187 5276 aggredi
3212 5207 3385 5274 potuit

1823 5304 2065 5358 Basilius.
2093 5302 2379 5372 Depositus
2407 5309 2487 5356 est
2511 5300 2802 5355 Eunomius
2842 5313 2982 5353 anno
3013 5298 3226 5353 circiter
3257 5297 3379 5350 561.

1822 5397 2013 5455 Coram
2047 5394 2350 5463 iudicibus,
2388 5394 2477 5463 qui
2510 5408 2631 5447 eum
2674 5394 3031 5456 damnavere,
3063 5406 3131 5445 ne
3164 5391 3381 5445 verbum

1823 5487 2036 5557 quidem
2066 5486 2312 5555 proloqui
2346 5485 2545 5551 voluit,
2575 5499 2638 5540 eo
2663 5484 2806 5554 quod
2833 5482 3027 5540 nefarii
3058 5483 3298 5539 homines
3329 5490 3381 5537 et

1890 5642 1957 5712 (ε)
1998 5641 2128 5695 Naz.
2156 5657 2239 5694 or.
2275 5642 2357 5695 l9.

1890 5714 1957 5783 (Ῑ)
2002 5714 2139 5765 (list.
2176 5712 2333 5764 Laus.
2366 5730 2412 5766 (‘.
2445 5712 2561 5767 H3.

1890 5786 1967 5853 (9)
2007 5784 2134 5837 Naz.
2175 5799 2257 5836 or.
2290 5784 2343 5835 4.
