4206 6486
794 435 953 487 ιιχνι

2124 407 2656 465 PBOLEGOMENA.

792 532 1052 603 improbi,
1076 539 1139 583 ut
1170 529 1283 599 ipse
1313 528 1487 582 aiebat
1516 526 1588 596 (τι)
1610 569 1625 592 ,
1660 526 1714 579 in
1742 524 1975 592 iudicum
2005 539 2197 580 munus
2234 539 2353 578 sese
2382 531 2426 584 Α
2456 536 2609 576 neam
2660 518 2866 574 dicendi
2910 518 3013 571 vim
3062 523 3427 583 accepturum.
3483 510 3589 569 Sed
3643 512 3828 567 nescio
3880 518 4025 571 unde

787 626 1164 681 obtrusissent.
1208 622 1309 676 Sed
1346 631 1530 690 postea
1569 619 1761 673 librum
1818 632 1969 673 suum
2027 616 2348 687 composuit,

787 737 947 789 quem
978 718 1251 786 inscripsit
1276 716 1604 785 Apologiam.
1639 712 1752 767 Non
1790 724 1965 767 tamen
2001 711 2136 767 lianc
2172 710 2355 765 elucu-

787 815 1089 869 brationem
1120 812 1301 863 statim
1339 806 1635 861 exsudavit.
1672 804 1803 858 Nam
1842 805 2173 873 perabsurda
2209 802 2357 855 illum

789 906 973 961 facere
1011 905 1086 957 ait
1117 901 1393 973 Nyssenns
1429 900 1504 967 (ὑ)
1546 898 1685 967 quod
1714 899 1814 953 sibi
1866 895 2139 950 videretur
2169 895 2357 961 Apolo-

788 999 929 1068 giam
976 998 1025 1049 in
1062 1004 1301 1061 tempore
1352 992 1652 1046 instituisse
1676 1031 1691 1055 ,
1736 987 1984 1059 quamvis
2020 988 2170 1054 longe
2202 988 2360 1039 aber-

792 1095 971 1143 rasset
1014 1101 1041 1138 a
1077 1096 1339 1150 tempore,
1368 1083 1505 1150 quod
1554 1092 1683 1135 tunc
1723 1078 1955 1132 maxime
2001 1085 2359 1147 Opportunum

792 1181 917 1241 fuit,
948 1194 1065 1235 cum
1097 1175 1306 1242 jndices
1336 1176 1606 1228 sederent.
1652 1171 1871 1225 Ἑαυτὸν
1920 1174 2018 1243 μὲν
2054 1166 2194 1223 κατὰ
2236 1186 2360 1221 και-

795 1274 887 1346 ρὸν
909 1270 1334 1340 ἀπολελογῆσθαι
1363 1268 1539 1336 λέγει,
1582 1264 1832 1321 τοσοῦτον
1859 1266 1952 1319 τοῦ
1990 1262 2177 1333 καιροῦ
2226 1279 2359 1315 κατ-

793 1369 915 1422 όπιν
949 1363 1257 1433 γενόμενον.
1289 1363 1362 1415 Ex
1402 1362 1485 1414 his
1525 1368 1667 1427 patet
1704 1358 1903 1426 aliquid
1929 1356 2080 1422 spatii
2104 1355 2359 1421 judicium

796 1460 932 1513 inter
961 1464 1015 1510 et
1045 1454 1346 1522 Apologiam
1375 1451 1680 1511 eiliusisse;
1711 1466 1809 1505 nec
1841 1449 2060 1519 proinde
2095 1446 2354 1501 Basiliam

795 1559 920 1605 ante
952 1563 1148 1602 annum
1189 1545 1297 1601 362
1322 1554 1412 1598 aut
1446 1542 1571 1606 563,
1620 1544 1818 1613 stylum
1856 1541 1921 1594 ad
1953 1554 2071 1594 eam
2115 1540 2363 1595 refellen-

796 1641 919 1696 dam
954 1638 1255 1694 exacuisse.

867 1778 1052 1848 Neque
1086 1779 1246 1833 etiam
1288 1774 1466 1830 serius
1512 1775 1614 1828 hoc
1655 1787 1791 1841 Opus
1847 1771 2105 1827 collocari
2159 1779 2356 1839 potest.

2460 612 2698 668 hauserit
2734 610 2954 666 Photius
3003 610 3139 663 hanc
3188 621 3398 674 quoque
3443 609 3670 675 primam
3709 606 4027 676 Apologiani

2459 706 2776 763 Ennominm
2832 705 2884 758 in
2918 702 3151 757 tenebris
3200 715 3395 754 arcano
3443 700 3664 763 fovisse,
3702 703 3773 755 ita
3808 709 3864 754 nt
3902 713 4028 752 eam

2459 801 2542 851 vix
2576 796 2813 851 nancisci
2844 795 3094 865 potuerit.
3123 792 3263 847 Nihil
3296 790 3553 858 ejusmodi
3588 796 3724 857 apud
3762 792 4024 847 Basiliam

2460 892 2651 959 legitur
2692 876 2836 941 :Vsed
2880 899 3003 940 suas
3038 884 3253 950 quidem
3295 880 3613 937 Eunomium
3661 882 4031 953 blasphemias

2459 984 2559 1038 sub
2604 980 2850 1050 specioso
2885 977 3152 1047 Apologia:
3229 978 3443 1031 nomine
3503 972 3800 1030 occultasse
3856 977 4027 1039 dicit;

2460 1076 2630 1145 ipsam
2656 1082 2833 1125 autem
2870 1069 3176 1137 Apologiam
3200 1069 3417 1122 minime
3440 1069 3565 1123 dicit
3592 1067 3913 1124 occultasse.

2532 1167 2740 1235 Scripta
2774 1174 2857 1218 est
2890 1166 3145 1219 adversus
3173 1160 3491 1213 Eunominm
3533 1161 3755 1231 epistola
3788 1159 3878 1223 16,
3907 1178 4032 1229 qua:

2464 1271 2641 1314 tamen
2679 1259 2891 1313 videtur
2917 1256 3176 1327 longioris
3206 1252 3628 1310 elucubrationis
3656 1255 4029 1326 fragmentum

2460 1356 2638 1423 potius
2660 1367 2800 1415 eSse,
2828 1364 2987 1417 quam
3018 1346 3263 1418 cpistola.

2533 1482 2744 1555 Scripta
2788 1482 2888 1539 sub
2931 1478 3145 1534 Juliano
3188 1479 3415 1550 epistola
3461 1491 3692 1547 sequens
3730 1480 3794 1533 ad
3835 1477 4032 1548 Orige-

2461 1589 2618 1637 nem,
2654 1575 2807 1643 Cujus
2845 1572 2981 1625 filios
3018 1571 3243 1624 Basilius
3281 1571 3509 1623 libenter
3535 1569 3585 1621 in
3610 1582 3706 1619 sua
3735 1568 4034 1622 solitudine

2461 1667 2691 1720 viderat.
2728 1667 2857 1721 Erat
2887 1663 3150 1731 Origenes
3194 1663 3283 1716 ille
3314 1662 3391 1714 vir
3420 1663 3681 1724 eruditus,
3720 1666 3773 1711 et
3808 1660 4032 1728 religio-

2464 1776 2583 1819 nem
2626 1762 2726 1815 sub
2759 1760 2921 1829 impio
2950 1758 3273 1821 imperatore
3317 1755 3531 1822 scriptis
3564 1755 3903 1815 defenderat,
3938 1762 4036 1806 ant

796 1873 886 1928 Ait
909 1845 1049 1926 enim
1107 1868 1332 1923 Basilius
1382 1870 1451 1938 (ε)
1499 1882 1556 1920 se
1604 1866 1653 1918 in
1700 1864 1803 1918 hoc
1846 1866 2115 1919 scribendi
2166 1880 2363 1934 genere
2395 1877 2435 1932 Β
2467 1852 2654 1907 saltem
2686 1853 2958 1906 liberrime
2988 1848 3264 1905 confessus
3290 1847 3483 1899 fuerat.
3516 1846 3621 1899 Deo
3651 1846 3792 1900 enim
3823 1845 4036 1915 gratias

795 1966 1014 2020 omnino
1045 1960 1455 2016 inexercitatum
1493 1970 1639 2019 esse,
1680 1971 1847 2026 seque
1881 1955 2177 2019 silentium,
2206 1958 2359 2025 cujus

796 2057 865 2111 ab
889 2053 1041 2108 initio
1074 2051 1345 2107 studiosus
1375 2046 1474 2101 fuit
1495 2086 1511 2111 ,
1554 2058 1897 2101 servaturum
1929 2044 2129 2112 fuisse,
2156 2048 2199 2102 si
2235 2048 2362 2101 nihil

796 2157 985 2200 contra
1021 2146 1299 2199 veritatem
1343 2139 1619 2208 Evangelii
1670 2148 1927 2192 tentatum
1964 2136 2174 2194 fuisset.
2218 2138 2363 2193 Prae-

797 2252 945 2298 terea
980 2244 1081 2295 hoc
1126 2253 1261 2307 opus
1293 2238 1438 2290 misit
1479 2233 1706 2289 Leontio
1756 2234 2010 2301 sophistae
2043 2250 2185 2289 anno
2234 2232 2359 2297 56‘,

797 2344 856 2387 ιιι
900 2333 1081 2386 videre
1128 2339 1213 2385 est
1264 2331 1316 2383 in
1351 2326 1578 2396 epistola
1609 2324 1701 2379 20.
1738 2323 1843 2379 Sed
1880 2326 2156 2380 dubitandi
2190 2326 2364 2378 locant

798 2439 903 2479 non
941 2422 1155 2490 reliquit
1194 2420 1493 2492 Nyssenns.
1531 2418 1579 2474 ls
1621 2420 1763 2475 enim
1800 2428 2028 2473 testatur
2070 2420 2147 2487 (rt)
2189 2417 2367 2471 Euno-

798 2519 967 2573 mium
1008 2518 1063 2571 in
1088 2515 1410 2571 elaboranda
1444 2514 1701 2568 adversus
1731 2510 1987 2564 Basiliam
2020 2510 2369 2578 responsione

801 2610 1192 2663 nonminimam
1210 2610 1326 2661 vita:
1359 2624 1468 2661 sum
1502 2616 1699 2674 partem
1738 2601 2121 2671 insumpsisse;
2158 2616 2253 2655 nec
2273 2600 2371 2654 mi-

798 2715 918 2755 rum
935 2715 1074 2765 esse,
1094 2700 1137 2754 si
1159 2708 1356 2753 tantam
1374 2708 1673 2752 amatorum
1693 2712 1910 2751 suorum
1932 2695 2369 2765 approbationem

798 2794 1184 2857 commoverit;
1217 2809 1336 2847 cum
1366 2792 1466 2847 hoc
1501 2806 1635 2860 opus
1674 2806 1765 2859 per
1803 2800 1875 2843 tot
1910 2805 2166 2842 annorum
2203 2788 2371 2858 olym-

799 2887 979 2956 ρίαάεε
1005 2884 1430 2939 conciunaverit.
1460 2883 1640 2951 Quare
1682 2897 1803 2936 cum
1850 2885 1961 2935 haec
1994 2881 2227 2935 secunda
2262 2879 2369 2933 Eu-

800 2978 966 3033 nomii
1001 2975 1255 3046 Apologia
1279 2975 1457 3029 statim
1474 2982 1591 3043 post
1622 2981 1846 3025 mortem
1869 2970 2047 3023 Basilii
2080 2969 2361 3039 prodierit,

801 3069 896 3140 qui
964 3070 1135 3140 prima
1185 3068 1271 3123 die
1309 3066 1433 3121 anni
1478 3063 1580 3120 379
1634 3064 1806 3131 obiit;
1852 3062 2038 3117 saltem
2085 3059 2367 3114 duodecim

801 3176 1066 3217 annorum
1094 3160 1326 3229 spatium
1352 3158 1492 3212 inter
1512 3170 1647 3227 opus
1670 3155 1849 3209 Basilii
1882 3164 1936 3209 et
1963 3152 2369 3223 responsionem

804 3250 1052 3305 Eunomii
1092 3225 1466 3312 statuendum,
1505 3225 1571 3301 ne
1604 3254 1685 3301 tot
1732 3245 2067 3316 olympiades
2091 3285 2104 3308 ,
2151 3258 2283 3312 quas
2316 3243 2368 3298 in
2396 3225 2440 3283 (ἶ

805 3344 907 3398 hac
967 3340 1372 3395 elucubratione
1434 3339 1783 3406 insumpsisse
1826 3338 2117 3391 Eanomius
2155 3337 2371 3401 dicitur,

807 3433 1100 3490 absurdam
1138 3429 1607 3501 enggerationem
1658 3428 1861 3482 habere
1912 3430 2215 3481 videantur.
2285 3428 2377 3480 Vi-

804 3528 1005 3579 dentur
1038 3538 1165 3593 ergo
1202 3522 1321 3576 libri
1350 3522 1401 3575 in
1439 3521 1759 3576 Eunomium
1792 3518 2053 3590 prodiisse
2078 3534 2217 3572 anno
2244 3516 2369 3581 565,

803 3624 900 3667 aut
927 3614 1052 3668 56L

879 3750 1076 3803 Narrat
1106 3750 1331 3803 Pliotius
1364 3748 1453 3818 (ε)
1481 3748 1822 3810 Eunomium,
1856 3748 1954 3801 etsi
1986 3749 2177 3801 multas
2208 3746 2375 3819 olym-

808 3844 996 3915 piades
1029 3843 1081 3897 in
1105 3842 1207 3895 hoc
1248 3855 1411 3909 Opere
1441 3842 1756 3908 insumpsit,
1791 3840 1916 3892 illud
1957 3849 2133 3896 tamen
2165 3840 2379 3894 vivente

811 3933 1012 3988 Basilio
1037 3932 1352 3995 absolvisse,
1398 3930 1491 3982 sed
1521 3927 1704 3982 sedqu
1750 3927 1963 3981 cavisse
2018 3941 2085 3979 ne
2129 3927 2181 3979 in
2232 3926 2378 3979 illius

812 4038 1005 4077 manus
1032 4023 1358 4090 perveniret,
1387 4035 1449 4075 ac
1476 4020 1594 4074 fidis
1618 4023 1822 4073 tantum
1852 4018 2041 4071 amicis
2089 4017 2377 4086 legendum

811 4113 1171 4170 commisisse.
1203 4113 1361 4165 Addit
1386 4111 1600 4164 easdem
1630 4111 1902 4165 cautiones
1932 4117 2141 4161 mortuo
2183 4106 2379 4160 Basilio

809 4206 1082 4262 adhibitas
1117 4203 1305 4266 fuisse,
1341 4203 1589 4273 quamvis
1623 4202 1753 4257 nihil
1781 4203 1889 4272 jam
1921 4200 2265 4255 metuendum
2294 4199 2379 4252 vi-

810 4300 1065 4355 deretur:
1091 4298 1183 4353 sed
1208 4310 1381 4350 tamen
1400 4303 1747 4349 consecutum
1775 4311 1877 4349 non
1903 4308 2021 4349 esse
2040 4291 2379 4353 Eunominm,

816 4402 875 4446 ut
901 4406 1035 4462 opus
1058 4406 1165 4445 non
1192 4388 1453 4443 incideret
1479 4388 1532 4441 in
1566 4401 1755 4439 manus
1790 4385 2096 4447 Theodori.
2133 4384 2381 4453 Gregorii

814 4482 1041 4554 Nysseni
1076 4492 1130 4535 et
1159 4480 1468 4549 Sophrouii,
1492 4478 1581 4549 qui
1600 4476 1725 4531 illud
1764 4478 1979 4544 egregie
2006 4474 2379 4544 profligarunt.

820 4579 895 4631 Ex
927 4576 1012 4631 his
1042 4582 1186 4645 patet
1215 4588 1374 4641 quam
1417 4586 1520 4624 non
1572 4570 1829 4641 pudenter
1868 4565 2159 4619 mentiatur
2200 4564 2378 4616 I'liilo-
2411 4576 2457 4632 ι)

814 4669 1093 4737 storgius,
1118 4679 1236 4719 cum
1272 4662 1525 4715 Basiliam
1571 4662 1647 4714 ait
1674 4658 1740 4729 (Ι)
1796 4658 1932 4712 lecto
1976 4656 2135 4724 huius
2162 4669 2383 4722 respon-

815 4762 986 4815 sionis
1008 4761 1183 4827 primo
1207 4757 1364 4820 libro,
1386 4754 1688 4824 pereulsmn
1713 4752 1898 4806 dolore
1915 4766 1945 4805 e
1969 4752 2074 4802 vita
2099 4749 2379 4817 migrasse.

819 4851 1065 4904 Secunda
1094 4847 1182 4899 illa
1213 4845 1458 4899 Eunomii
1492 4842 1743 4910 Apologia
1780 4841 1831 4894 in
1868 4851 1975 4894 tres
2012 4840 2176 4893 libros
2211 4837 2388 4891 distri-

821 4942 947 4995 buta
985 4948 1133 5001 erat,
1170 4940 1213 4992 si
1257 4936 1449 4992 Photio
1494 4934 1779 4990 credimus.
1829 4933 2079 5001 Quinque
2140 4940 2387 4984 numerat

821 5030 1229 5099 Philostorgius.
1284 5027 1465 5081 Prima
1504 5041 1628 5079 vero
1667 5024 1827 5078 unico
1859 5024 2040 5076 libello
2067 5025 2386 5076 contineba-

822 5132 931 5176 tur.
968 5119 1190 5175 Videtur
1230 5118 1463 5172 Basilius
1508 5119 1608 5171 hoc
1649 5132 1782 5185 opus
1824 5114 2213 5168 monachorum
2264 5128 2388 5165 sun-

822 5230 943 5268 rum
1016 5224 1204 5282 rogatu
1276 5210 1629 5265 refellendum
1695 5208 2011 5275 suscepisse.
2085 5206 2177 5259 Ait
2239 5205 2379 5258 enim

822 5305 899 5374 (p.
925 5302 1050 5366 ειη,
1085 5304 1209 5373 208)
1240 5304 1325 5367 iis,
1362 5301 1555 5371 quibus
1582 5301 2033 5355 elucubrationem
2060 5313 2211 5353 suam
2253 5313 2385 5350 nun-

824 5407 1003 5464 cupat,
1032 5409 1090 5449 se
1118 5411 1302 5449 eorum
1328 5408 1510 5448 amore
1538 5393 1726 5447 adduci
1756 5436 1769 5460 ,
1797 5404 1854 5447 ut
1890 5393 2125 5462 ipsorum
2160 5392 2391 5445 manda-

821 5488 895 5540 tis
926 5500 1126 5538 morem
1151 5494 1331 5551 gerat;
1361 5499 1525 5553 seque
1554 5497 1739 5538 eorum
1785 5485 2032 5555 precibus
2061 5494 2244 5555 sperat
2268 5485 2381 5538 ido-

898 5762 973 5827 (ο)
1014 5757 1171 5829 Nyss.
1210 5776 1223 5815 ι
1261 5758 1481 5814 Eunoni.

895 5835 970 5901 (ὁ)
1011 5832 1136 5901 lbi_d.

894 5897 966 5972 (ι’)
1008 5916 1024 5953 ι
1060 5897 1282 5954 Eunom.
1309 5919 1361 5957 ιι.
1391 5902 1442 5957 1.

2462 1948 2571 2019 agit
2610 1945 2859 2009 Basilius,
2910 1944 3052 2013 quod
3103 1941 3384 1996 veritatem
3426 1954 3491 1994 ex
3528 1954 3714 1993 eorum
3752 1941 3839 2010 qui
3882 1955 4037 1994 surn-

2464 2054 2603 2094 mam
2645 2045 2960 2108 potestatem
2997 2035 3197 2089 habent
3236 2034 3536 2101 proditione
3572 2032 3687 2086 laedi
3736 2048 3838 2087 non
3883 2034 4030 2087 sive-

2464 2134 2565 2194 rit,
2592 2132 2682 2186 sed
2712 2144 2804 2200 per
2834 2126 3117 2197 Origenem
3166 2127 3532 2180 defensionem
3571 2128 3811 2180 veritatis
3850 2126 4035 2195 imple-

2463 2226 2622 2276 verit.
2655 2222 2769 2276 Non
2816 2224 3026 2277 dubitat
3061 2221 3186 2290 quin
3224 2219 3293 2273 illi
3332 2221 3439 2273 cito
3472 2232 3811 2283 exarescant,
3840 2220 4039 2288 Orige—

2465 2329 2561 2368 nes
2602 2329 2731 2367 vero
2776 2314 3194 2368 eﬂlorescentem
3233 2327 3296 2365 ac
3344 2325 3554 2379 semper
3600 2327 3790 2363 novam
3826 2326 4042 2364 merce-

2466 2404 2585 2459 dem
2640 2419 2669 2456 a
2700 2405 2924 2457 Domino
2955 2416 3314 2474 consequatur
3345 2405 3413 2456 ob
3452 2416 3513 2455 ea
3558 2416 3676 2469 qua:
3722 2417 3817 2468 pro
3868 2402 4042 2468 ipsius

2468 2498 2684 2552 nomine
2725 2495 2931 2548 locutus
2976 2506 3079 2549 est.
3133 2494 3418 2549 Existimat
3456 2487 3830 2548 Tillemontius
3878 2492 3929 2544 id
3970 2492 4042 2546 de

2469 2587 2705 2644 Ecclesia
2738 2588 2985 2642 meritum
3039 2601 3155 2640 esse
3186 2585 3468 2653 Origeneni
3493 2628 3507 2652 ,
3539 2596 3596 2639 ut
3632 2601 3751 2640 cum
3790 2581 4041 2637 Julianus

2468 2680 2802 2737 Christianos
2844 2693 2875 2733 a
2919 2677 3227 2732 liberalibus
3276 2678 3575 2745 disciplinis
3628 2686 3869 2741 arceret,
3924 2677 4045 2744 ip>8

2470 2774 2723 2831 nonnulla
2780 2772 2835 2827 in
2868 2786 3052 2829 eorum
3092 2785 3282 2836 usum,
3322 2769 3504 2824 itidem
3548 2783 3605 2825 ut
3650 2770 4042 2839 Apollinarius,

2469 2865 2788 2921 elaboraret.

2540 3004 2766 3059 Bedolet
2803 3003 2939 3057 idem
2974 3011 3182 3072 tempus
3213 3000 3436 3071 epistola
3471 3000 3535 3054 18
3569 3000 3635 3053 ad
3667 2998 3961 3055 Macarinm
3988 3009 4046 3054 et

2471 3096 2764 3159 Joannem,
2809 3110 2944 3165 quos
2971 3110 3091 3149 cum
3128 3095 3291 3147 multa
3332 3094 3670 3147 deterrerent
3709 3095 3775 3148 ab
3803 3095 4041 3147 ascetica

2472 3189 2577 3241 vita
2606 3185 2973 3255 amplectenda
2994 3225 3010 3251 ,
3037 3186 3284 3238 hortatur
3308 3182 3539 3238 Basilius
3572 3194 3630 3238 ιιι
3666 3200 3764 3239 nec
3788 3198 3883 3237 eos
3910 3198 4048 3236 con-

2474 3280 2649 3335 turbet
2672 3280 2902 3332 mendax
2927 3277 3248 3331 contumelia
3270 3314 3286 3339 ,
3338 3290 3436 3332 nec
3482 3276 3639 3330 mina:
3675 3281 3913 3329 terreant
3944 3287 4047 3326 eo-

2471 3388 2611 3434 rum,
2649 3370 2740 3438 qui
2794 3383 3058 3423 summam
3105 3376 3429 3438 potestatem
3464 3366 3694 3429 habent,
3752 3377 3852 3418 nec
3900 3363 4049 3416 risus

2471 3464 2753 3517 contristet
2797 3472 2889 3516 aut
2939 3461 3265 3515 contumelia
3329 3457 3707 3519 familiarium,
3751 3470 3849 3509 nec
3912 3471 4045 3509 cou~

2472 3557 2744 3610 demnatio
2785 3557 2853 3611 ab
2899 3555 3203 3610 hominibus
3244 3567 3425 3605 curam
3468 3560 3524 3604 et
3556 3550 3790 3604 studium
3835 3565 3944 3618 prae
3984 3565 4045 3604 se

2473 3647 2794 3709 ferentibus,
2846 3662 2872 3697 a
2924 3646 3120 3713 quibus
3187 3643 3481 3697 fortissima
3532 3642 3601 3697 ad
3665 3640 4045 3711 decipiendum

2473 3758 2598 3797 esca
2631 3740 2997 3810 praetenditur,
3032 3737 3279 3791 simulata
3310 3735 3613 3788 adhortatio

2554 3880 2681 3935 VIII.
2705 3880 2924 3933 Videtur
2947 3877 3045 3932 sub
3067 3874 3276 3931 Iuliano
3297 3883 3515 3929 sanctus
3527 3871 3755 3927 Basilius
3773 3872 4051 3942 accepisse

2476 3974 2683 4027 litteras
2709 3988 2736 4024 a
2764 3972 2820 4025 S.
2848 3970 3179 4034 Athanasio;
3213 3982 3347 4038 quas
3375 3968 3427 4022 in
3465 3967 3715 4021 manibus
3749 3967 3945 4021 habere
3990 3982 4051 4021 se

2484 4074 2539 4118 et
2585 4062 2996 4129 exposcentibus
3019 4061 3301 4113 ostendere
3328 4068 3552 4113 teetatnr
3582 4060 3632 4113 iu
3659 4057 3882 4127 cpistola
3914 4057 4048 4125 204,

2480 4171 2535 4209 ιι.
2566 4156 2617 4207 6.
2647 4155 2698 4206 In
2732 4154 2813 4206 bis
2840 4153 3028 4206 litteris
3063 4161 3281 4204 sanctus
3304 4154 3675 4203 Atlianasiusa
3704 4151 3898 4204 Basilio
3928 4167 4053 4206 con-

2479 4249 2651 4301 sultus
2665 4247 2808 4301 clare
2827 4245 3225 4315 pronuntiabat,
3246 4241 3433 4311 Siquis
3451 4258 3514 4296 er
3532 4244 3842 4295 Arianorum
3862 4244 4053 4298 [Mercii

2483 4342 2755 4409 transferri
2805 4340 3044 4405 voluerit,
3094 4340 3248 4409 ﬁdem
3299 4338 3567 4392 Nicwnam
3603 4338 3890 4406 con/item,
3931 4358 4051 4395 enm

2488 4433 2866 4485 admittendum
2900 4447 3007 4483 esse
3031 4468 3045 4491 ,
3067 4446 3156 4483 nec
3194 4431 3246 4481 in
3283 4447 3340 4483 eo
3368 4429 3654 4495 recipiendo
3681 4431 4051 4487 lia'sitnudum.

2488 4524 2656 4592 iiajns
2680 4525 2880 4577 decreti
2914 4523 3088 4575 socios
3123 4521 3323 4576 citabat
3349 4520 3679 4576 Athanasius
3715 4514 4050 4579 et‘Macedo-

2486 4616 2585 4667 nia:
2618 4622 2671 4668 et
2698 4612 2912 4666 Achaiae
2941 4611 3222 4680 episcopos
3246 4625 3453 4664 omnes.

2553 4748 2663 4804 Cur
2694 4750 2790 4804 has
2815 4748 3024 4804 litteras
3062 4748 3128 4803 ad
3182 4750 3284 4803 hoc
3334 4755 3546 4816 tempus
3584 4748 3835 4808 referam.
3871 4748 4056 4817 potius

2486 4855 2644 4910 quam
2676 4840 2741 4893 ad
2770 4855 2968 4893 annum
3003 4841 3126 4905 δη,
3159 4854 3267 4893 non
3314 4838 3523 4891 infirma
3565 4844 3851 4907 suppetunt
3887 4840 4058 4895 ratio-

2488 4949 2611 4985 num
2632 4940 2922 4985 momenta.
2940 4932 2991 4985 ι·
3006 4929 3137 4985 Cum
3166 4942 3405 4985 sanctum
3425 4932 3767 4985 Athanasium
3784 4932 4059 4986 consuluit

2487 5022 2713 5077 Basilius
2738 5039 2879 5077 anno
2905 5023 3028 5081 571.
3057 5023 3168 5091 jam
3200 5022 3401 5077 moveri
3439 5030 3678 5089 cmperat
3716 5022 3949 5089 qumstio
3991 5023 4057 5075 de

2487 5114 2691 5183 Spiritu
2726 5124 2945 5178 sancto,
2976 5128 3094 5182 qua:
3122 5112 3376 5167 Basiliam
3423 5113 3616 5182 aliquid
3659 5111 3779 5166 fidei
3825 5110 4057 5167 Nicaeum

2486 5205 2683 5257 addere
2709 5204 2900 5273 coegit.
2924 5205 2990 5256 At
3016 5204 3204 5257 littera:
3234 5206 3299 5257 de
3324 5203 3515 5271 quibus
3539 5218 3681 5255 nunc
3714 5203 3947 5271 agimus,
3975 5204 4056 5256 ni~

2488 5297 2562 5350 hil
2610 5310 2830 5365 prorsus
2881 5296 3179 5350 addendum
3212 5296 3629 5365 praascrihebant
3663 5313 3674 5347 :
3708 5294 3851 5363 quod
3888 5310 4055 5365 argu-

2490 5398 2669 5444 mento
2699 5398 2783 5443 est
2814 5387 2944 5441 nihil
2973 5402 3033 5441 ea
3064 5388 3130 5442 de
3161 5404 3218 5443 re
3246 5388 3572 5443 sciscitatum
3619 5402 3737 5442 esse
3766 5387 4053 5451 Basiliam,

2488 5480 2580 5534 sed
2619 5488 2822 5532 tantum
2869 5479 2932 5533 de
2961 5480 3025 5533 iis
3065 5479 3157 5549 qui
3195 5481 3262 5535 ab
3304 5480 3620 5535 Arianorum
3674 5480 3862 5533 haeresi
3922 5478 4061 5533 redi-

2562 5755 2636 5818 (d)
2678 5756 2803 5811 Ibid.
2834 5754 2919 5807 86.

2562 5825 2630 5895 (ε)
2670 5824 2798 5895 Cod.
2832 5825 2951 5878 iss.

2559 5892 2623 5967 (ι’)
2664 5894 2778 5950 Lib.
2806 5909 2920 5963 vin,
2956 5910 3005 5949 η,
3044 5892 3125 5947 13,
