4206 6480
1522 441 1563 494 V
1576 441 1634 494 2T
1647 444 1682 494 ,Χ
1719 440 1775 494 S.
1815 441 1892 496 ΠΛ
1905 440 2074 495 SILII.

3221 464 3401 500 XXXV"

199 565 325 616 bant.
360 563 417 617 Ξο
454 560 671 613 (Zitabat
723 559 1050 611 Athanasius
1099 558 1262 629 hujus
1312 561 1510 613 decreti
1561 560 2069 622 socinsAJuliauo.
2122 552 2253 613 Erat
2313 561 2455 615 enim
2509 559 2637 613 illud
2691 571 2940 630 tempus,
2999 561 3097 614 ctsi
3154 564 3405 617 omnibus

201 653 494 708 Macedonia:
545 661 600 704 et
650 653 874 704 Achaia:
911 653 1193 720 episc0pos
1228 665 1437 715 onmcs,
1473 656 1560 722 qui
1599 652 1737 706 idem

200 741 554 815 proculdubio
603 743 655 794 in
695 743 945 795 conciliis
995 742 1108 795 suis
1139 752 1461 797 statuerant.
1506 747 1572 797 At
1607 743 1739 796 nihil

202 848 394 903 prorsus
451 834 664 888 dicebat
725 837 788 885 de.
843 834 1068 886 aliarum
1127 836 1388 905 gentium,
1443 851 1632 904 nempe
1686 838 1736 888 itt

200 924 346 978 Gallia
374 935 423 978 et
448 924 704 994 Hispania
740 925 1032 992 etubique,
1067 927 1352 995 episcoliis,
1375 931 1570 997 quibus
1599 931 1739 982 idem

203 1016 441 1082 placuisse
476 1026 709 1069 testatur
744 1017 795 1067 in
833 1018 1054 1084 epistola
1093 1021 1155 1072 ad
1186 1018 1566 1074 Iinliiniauum.
1606 1020 1739 1074 l\um

202 1106 342 1173 igitur
392 1109 445 1160 S.
483 1107 841 1160 Athanasium
881 1111 1120 1163 dicemus
1171 1121 1248 1161 tot
1295 1115 1617 1180 synodorum
1651 1115 1742 1165 dc-

201 1210 326 1252 ereta
383 1199 776 1264 imprudentem
836 1204 1108 1264 omisisse,
1174 1211 1266 1255 aut
1319 1203 1598 1266 Basilium,
1649 1203 1741 1272 qui

203 1291 322 1346 illius
347 1291 623 1358 epistolam
671 1294 722 1345 in
759 1299 1010 1349 manibus
1045 1295 1367 1359 babebat,et
1400 1298 1739 1364 exposcenti-

203 1384 288 1436 bus
330 1383 528 1435 solebat
581 1390 892 1450 ostendere,
933 1387 1059 1454 quid
1111 1387 1162 1440 in
1205 1403 1265 1442 ea
1298 1387 1560 1457 scripturn
1597 1401 1741 1444 esset

203 1474 502 1528 uescivisse?
537 1474 593 1530 II
647 1477 895 1546 profecto
939 1476 1236 1534 verisimile
1286 1495 1390 1533 non
1444 1480 1519 1533 lit.
1565 1479 1743 1545 Quare

203 1567 336 1630 longe
375 1567 545 1622 satius
585 1579 672 1624 est
718 1569 1000 1636 epistolam
1055 1569 1112 1624 S.
1161 1573 1443 1627 Athanasii
1489 1577 1741 1642 scriptam

200 1655 390 1723 quidem
438 1669 558 1726 post
601 1660 843 1725 synodos
893 1659 946 1710 in
983 1658 1218 1732 Egypto
1253 1671 1308 1717 et
1353 1662 1660 1717 Macedonia
1691 1673 1743 1718 et

203 1749 378 1803 Achaia
413 1752 718 1805 celebratas
764 1751 1099 1820 existimare,
1144 1757 1237 1810 sed
1271 1765 1558 1822 antequam
1608 1773 1741 1812 con-

203 1841 306 1893 cilia
335 1845 513 1895 eadem
545 1841 611 1894 de
643 1859 704 1897 re
735 1843 787 1897 itt
821 1843 1073 1915 lIiSpania
1106 1858 1162 1900 et
1187 1846 1358 1900 Gallia
1385 1859 1437 1900 et
1469 1849 1587 1904 aliis
1613 1851 1743 1902 locis

1844 651 2163 706 Christianis
2215 655 2516 715 molestum,
2577 651 2892 708 ortltodoxis
2927 662 3102 706 tamen
3156 663 3220 706 ad
3283 656 3406 708 litlci

1843 743 2157 806 catholicae,
2227 758 2385 810 quam
2445 744 2713 800 haereticis
2775 743 3141 800 defensionem
3205 747 3408 800 erroris

1842 834 2196 887 commodius.
2234 832 2338 884 Sed
2375 841 2549 883 tamen
2582 850 2702 886 cum
2737 848 2830 886 sua
2863 845 3050 901 sponte
3095 850 3198 889 non
3246 851 3406 903 repu-

1842 931 1992 988 gnat,
2039 933 2097 973 ut
2147 921 2878 990 Gregorius-paciﬁcationis
2908 936 3066 980 causa
3106 926 3270 978 etiam
3301 928 3404 977 sub

1841 1007 2052 1061 Juliano
2084 1009 2322 1063 formulae
2353 1009 2510 1062 alicui
2536 1025 2640 1061 non
2673 1027 2812 1065 sana:
2843 1011 3259 1080 subscripserit;
3296 1025 3410 1068 tum

1845 1113 1972 1150 vero
2005 1115 2126 1151 cum
2188 1111 2312 1154 tunc
2347 1100 2736 1167 subscripsisse
2777 1103 2889 1157 Itzec
2927 1105 3160 1156 maxime
3192 1105 3410 1161 demon-

1845 1199 1981 1241 strat
2012 1188 2169 1254 ratio,
2211 1192 2351 1258 quod
2395 1194 2642 1246 monachi
2678 1191 3002 1248 Nazianzeni
3034 1195 3216 1248 statim
3249 1206 3410 1264 atque

1845 1279 2168 1346 subscripsit
2213 1283 2277 1332 ab
2324 1284 2438 1348 ejus
2483 1285 2864 1337 communione
2893 1288 3278 1350 discesserunt,
3312 1301 3412 1340 nec

1853 1379 2028 1422 tamen
2063 1381 2185 1424 ante
2227 1371 2351 1425 illud
2383 1377 2524 1442 quod
2563 1376 2670 1428 dixi
2707 1386 2918 1443 tempus
2951 1377 3336 1432 discesserunt.

1915 1458 2158 1513 Nondum
2204 1463 2447 1530 prol'ccto
2491 1465 2739 1517 monachi
2780 1464 3142 1519 discesserant
3179 1482 3208 1521 a
3259 1481 3410 1520 com-

1846 1551 2096 1604 munione
2159 1553 2395 1620 episcopi
2461 1551 2813 1619 Nazianzeni,
2874 1572 2996 1610 cum
3051 1556 3342 1628 Gregorius
3381 1575 3413 1616 ο

1845 1641 2016 1696 Ponto
2050 1644 2263 1696 rediens
2297 1659 2438 1697 anno
2473 1645 2578 1698 562
2610 1662 2876 1701 summam
2905 1647 3154 1704 Ecclesia!
3184 1652 3416 1707 Nazian-

1845 1747 1991 1789 zenae
2045 1735 2388 1787 concordiam
2445 1735 2690 1790 laudaret
2754 1741 2804 1792 in
2870 1744 3104 1795 secunda
3169 1745 3413 1798 oratione

1847 1828 1923 1898 (p.
1951 1825 2060 1881 48).
2095 1825 2306 1881 Recens
2335 1837 2454 1881 erat
2483 1830 2740 1882 tumultus
2769 1847 2887 1885 cum
2917 1833 3179 1889 scriberet
3210 1838 3413 1890 oratio-

202 1931 527 1995 habcrentur,
571 1946 666 1987 aut,
715 1907 1132 1991 saltem-habita
1169 1938 1551 1995 ηυηιίπρηιυι.
1579 1942 1745 1994 Aula,
1774 1907 1818 1962 Β
1848 1933 1968 1973 nem
2003 1919 2242 1985 tertiam,
2274 1934 2396 1988 qua:
2431 1921 2603 1988 prima
2638 1932 2720 1975 est
2752 1922 2804 1975 in
2836 1923 3128 1979 lulianum.
3168 1927 3239 1980 lbi
3270 1930 3412 1983 enim

204 2023 351 2074 nasio.
377 2022 431 2075 5ο
454 2023 744 2080 Rationem
781 2029 955 2082 reddit
989 2029 1239 2096 Basilius,
1277 2045 1375 2091 cur
1402 2033 1744 2088 Eustathium

203 2115 256 2166 ad
295 2129 435 2170 suam
469 2119 914 2172 communionem
955 2121 1283 2178 admisisset.
1306 2123 1605 2196 Non_enim
1639 2125 1746 2179 dil-

203 2206 320 2259 licile
339 2219 416 2262 est
436 2208 785 2262 Eustathium
819 2209 899 2264 bis
913 2213 1092 2268 verbis
1119 2215 1388 2285 depictum
1413 2231 1744 2285 agnoscere:

202 2298 393 2366 Siquos
417 2301 735 2369 aliquando,
767 2303 943 2373 inquit
968 2305 1220 2370 Basilius,
1251 2310 1313 2358 ab
1341 2309 1467 2362 Aria
1496 2312 1745 2378 magistro

201 2390 431 2455 profectos
468 2392 523 2444 in
565 2400 987 2450 communionem
1027 2399 1356 2466 admisimus,
1391 2406 1627 2458 morbum
1665 2409 1746 2460 in-

202 2479 309 2533 timo
349 2485 498 2537 corde
554 2489 879 2540 occultantes
909 2499 954 2540 et
996 2491 1081 2556 pia
1134 2494 1287 2545 verba
1335 2494 1617 2562 loquentes,
1655 2506 1747 2548 aut

203 2583 317 2626 certe
352 2576 413 2627 iis
438 2593 556 2644 qua:
591 2594 624 2629 α
654 2578 798 2630 nobis
827 2579 1131 2634 dicebantur
1161 2599 1262 2636 non
1299 2589 1750 2654 repugnantes,ita

202 2667 499 2731 suscepimus
531 2683 549 2717 :
594 2682 712 2718 cum
765 2684 868 2722 non
920 2686 1069 2726 omne
1123 2674 1186 2727 de
1240 2674 1432 2728 talibus
1479 2677 1745 2745 judicium

204 2755 328 2805 nobis
357 2756 476 2814 ipsis
502 2759 941 2829 permitteremus,
981 2767 1070 2817 sed
1100 2771 1431 2832 sententiam,
1464 2786 1579 2839 qute
1605 2772 1750 2838 prius

203 2844 296 2896 lata
333 2846 392 2898 de
421 2847 527 2902 illis
575 2850 749 2917 fuerat
797 2869 828 2905 a
867 2855 1103 2920 patribus
1149 2860 1363 2922 nostris,
1399 2877 1748 2927 sequeremur.

205 2931 300 3001 Ego
334 2939 465 2991 enim
506 2959 631 2994 cum
674 2944 982 3009 accepissem
1020 2944 1223 2999 litteras
1259 2947 1540 3000 beatissimi
1585 2955 1750 3017 patris

203 3023 604 3084 Athanasii......
667 3045 810 3082 ratus
846 3047 1047 3086 necesse
1079 3051 1188 3088 esse
1223 3045 1428 3090 tantum
1459 3040 1628 3092 virum
1662 3058 1745 3093 se-

202 3114 274 3176 qui
304 3115 360 3164 ob
389 3132 571 3168 coruus
620 3121 708 3186 qui
755 3121 915 3188 legem
949 3124 1194 3188 tulerant,
1239 3131 1629 3192 auctoritatem,
1671 3133 1749 3185 si-

204 3203 386 3270 mulque
415 3209 630 3275 cupiens
663 3212 1046 3277 paciﬁcationis
1072 3219 1357 3272 mercedem
1385 3225 1648 3290 consequi,
1683 3225 1748 3290 fi-
1778 3251 1818 3306 α

203 3294 300 3346 dem
337 3295 476 3350 illam
517 3299 828 3363 conﬁtentes
858 3306 1177 3361 ascribebam
1211 3326 1426 3365 numero
1458 3317 1750 3367 communi-

205 3397 437 3442 catorum.
480 3391 840 3447 Adduxerunt
886 3410 1016 3467 ergo
1055 3399 1313 3457 Basilium
1347 3405 1629 3462 Athanasii
1666 3409 1752 3462 l'tt-

207 3482 334 3539 terze,
374 3488 430 3531 ut
479 3498 607 3536 cum
657 3486 938 3542 Eustathio
984 3494 1443 3561 communicaret;
1493 3505 1547 3552 et
1596 3510 1749 3554 antc-

203 3577 344 3630 quam
377 3567 476 3625 bas
529 3577 802 3643 acciperet
847 3580 1075 3644 litteras,
1126 3582 1362 3638 incertus
1415 3596 1534 3640 erat
1569 3598 1750 3644 utrum

204 3655 444 3713 Hustatbii
492 3667 929 3722 communionem
982 3683 1152 3724 necne
1185 3673 1518 3730 admitteret.
1570 3677 1621 3732 Id
1656 3694 1752 3732 au-

206 3757 294 3799 tem
325 3752 542 3809 minime
570 3759 823 3827 congruit
872 3774 1016 3814 anno
1045 3761 1168 3817 571.
1206 3763 1358 3820 Tunc
1390 3767 1532 3821 enim
1575 3770 1753 3823 nullas

205 3839 435 3910 habebat,
487 3855 581 3901 aut
620 3851 811 3904 saltem
863 3853 1034 3911 nullas
1083 3856 1185 3910 sibi
1229 3857 1430 3913 habere
1465 3860 1752 3914 videbatur

203 3930 486 4003 ambigendi
516 3952 706 3993 causas
737 3958 750 3992 :
782 3951 836 3995 et
869 3957 987 3996 cum
1022 3943 1181 4013 longe
1227 3955 1352 4000 aute
1395 3962 1594 4002 annum
1625 3951 1750 4016 571,

203 4017 340 4077 lirma
373 4040 496 4080 cum
522 4028 804 4084 Eustathio
848 4036 1226 4090 communione
1254 4045 1308 4090 et
1352 4039 1585 4094 amicitia
1619 4057 1751 4097 con-

198 4110 392 4176 iunctus
425 4129 606 4184 esset;
646 4137 988 4192 nequaquam
1037 4140 1162 4180 eum
1213 4127 1408 4183 litterae
1459 4131 1563 4184 hoc
1611 4149 1753 4190 anno

203 4215 413 4273 accepta:
436 4210 504 4261 ad
531 4212 664 4266 hanc
688 4216 1121 4270 connnunionem
1148 4219 1415 4274 adducere
1440 4231 1749 4288 potuerunt.

203 4289 294 4344 Sed
327 4309 446 4349 cum
494 4297 824 4366 Eustathius,
855 4319 998 4358 anno
1025 4305 1150 4371 560,
1191 4309 1599 4378 subscripsisset
1643 4312 1753 4368 ior-

205 4383 340 4439 mulze
374 4387 1013 4462 Constantinopolitaum,
1070 4413 1132 4451 ac
1169 4397 1268 4452 sub
1301 4399 1512 4455 Juliano
1555 4404 1756 4457 rediret

203 4487 256 4524 ex
288 4475 548 4533 Dardania
582 4482 656 4549 (in
686 4483 825 4538 hanc
855 4487 996 4539 enim
1028 4490 1308 4558 regionem
1340 4491 1609 4560 relegatus
1640 4493 1754 4548 fue-

207 4564 294 4634 rat)
317 4607 329 4628 .
363 4586 557 4640 magna
591 4575 908 4630 deliberatio
943 4579 1130 4632 incidit
1166 4580 1384 4647 Basilio,
1424 4585 1749 4653 quibusnam
1780 4587 1824 4641 D

203 4660 582 4720 conditionibus
622 4681 743 4720 cum
793 4684 858 4722 eo
889 4673 1331 4727 communicaret.
1379 4673 1510 4727 Nam
1539 4691 1658 4731 cum
1693 4695 1751 4734 se

204 4745 411 4807 Basilius
438 4757 626 4809 eadem
677 4761 742 4812 de
786 4775 945 4814 causa
995 4764 1061 4815 ab
1116 4764 1351 4832 episcopi
1401 4764 1751 4824 Caesariensis

202 4845 565 4898 communione
627 4851 977 4913 removisset,
1035 4860 1236 4904 temere
1291 4867 1412 4905 cum
1468 4853 1750 4912 Eustathio

203 4937 586 4990 communicare
619 4954 724 4992 non
757 4942 959 4994 debuit.
1007 4943 1185 5006 Quare
1218 4944 1375 5011 digna
1414 4958 1499 4999 res
1538 4956 1655 4999 erat
1686 4947 1752 5002 de

203 5036 292 5089 qua
339 5029 404 5080 ad
448 5030 808 5083 Athanasium
861 5034 1089 5087 referret
1129 5051 1140 5085 :
1180 5048 1278 5086 nec
1337 5034 1480 5087 aliud
1543 5046 1750 5105 tempus

203 5119 354 5182 magis
395 5120 646 5173 idoneum
700 5123 783 5175 bis
835 5123 976 5178 inter
1009 5125 1369 5179 Athanasium
1408 5138 1460 5180 et
1495 5128 1746 5182 Basilium

202 5205 377 5262 litteris
407 5213 675 5281 assignari
720 5225 919 5279 potest.

263 5298 342 5352 IX.
377 5300 484 5356 lter
520 5305 573 5356 in
609 5305 839 5358 Pontum
874 5305 1086 5360 videtur
1117 5309 1426 5377 suscepisse
1458 5307 1748 5374 Gregorius

200 5393 287 5444 sub
321 5393 476 5447 tinent
509 5397 724 5464 imperii
752 5398 983 5464 Juliaui;
1025 5417 1213 5468 nempe
1245 5417 1364 5454 cum
1400 5401 1564 5468 ipsius
1599 5414 1748 5468 pater

201 5497 274 5543 νο,
304 5497 353 5537 ut
380 5488 509 5540 satis
537 5504 631 5557 per
653 5505 710 5542 se
737 5503 902 5558 patet,
933 5493 1153 5545 absente
1186 5492 1508 5560 subscripsit
1536 5495 1745 5547 cuidam

201 5570 442 5642 l'urutulm,
474 5595 595 5648 qua:
644 5597 869 5650 magnas
911 5585 962 5636 in
995 5583 1220 5637 ecclesia
1253 5580 1592 5636 Nazianzena
1637 5593 1749 5637 tur-

200 5661 286 5718 bas
311 5671 620 5735 commovit,
648 5687 713 5726 ac
740 5674 1017 5726 monachis
1043 5673 1221 5726 locum
1253 5673 1399 5726 dedit
1423 5674 1489 5726 ab
1511 5673 1747 5742 episcopi

197 5755 268 5808 sui
309 5763 686 5817 communione
734 5765 1064 5818 discedendi.
1119 5762 1312 5819 Mirum
1364 5779 1496 5817 sane
1547 5779 1610 5818 ac
1659 5765 1746 5816 vix

197 5846 438 5907 credibile
493 5851 763 5921 ejusmodi
822 5856 1238 5922 subscriptionis
1297 5855 1599 5926 exemplum
1651 5856 1748 5910 sub

489 5945 765 6006 l’srnoc.
816 5947 931 6007 Gn.
983 5949 1031 6008 Χ
1047 5949 1219 6011 XIX.

1845 2010 1924 2062 sic
1955 2011 2187 2079 loquitur
2215 2011 2293 2082 (p.
2337 2013 2423 2082 55)
2457 2034 2469 2066 :
2502 2014 2624 2067 Εἴθε
2671 2033 2758 2089 μοι
2808 2017 2898 2068 τοῦ
2945 2020 3102 2088 χοροῦ
3150 2021 3313 2091 μέρος
3349 2018 3417 2092 ἧν

1847 2101 2060 2154 κάκεῖνο
2101 2105 2160 2156 τὸ
2193 2104 2462 2174 σύστημα.
2490 2107 2517 2157 ὃ
2545 2109 2639 2160 σὺν
2667 2111 2793 2178 ἡμῖν
2829 2111 2965 2172 τέως
2991 2111 3066 2180 τῷ
3099 2112 3215 2183 Θεῷ
3246 2129 3416 2184 προσ-

1851 2193 1975 2264 ᾁδον
2038 2196 2096 2246 οὺ
2146 2198 2398 2268 κίϐδηλον
2443 2198 2618 2271 ᾠδὴν,
2669 2204 2788 2255 οὐδὲ
2842 2204 3114 2274 ἀδόκιμον,
3150 2207 3283 2262 ἀλλὰ
3325 2210 3417 2261 καὶ

1845 2288 1943 2355 τῆς
1973 2287 2150 2353 δεξιᾶς
2185 2305 2312 2342 ποτε
2344 2293 2582 2356 στάσεως
2620 2293 2953 2365 ἀξιούμενον,
2991 2300 3225 2351 πιστεύω
3257 2301 3313 2351 δὲ
3337 2303 3418 2353 ὅτι

1848 2380 1940 2432 καὶ
1972 2381 2087 2450 μετ’
2133 2379 2310 2448 ὀλίγον
2355 2382 2806 2455 ἀξιωθησόμενον,
2845 2390 2942 2442 οὐκ
2972 2386 3067 2442 οἷδ’
3096 2391 3176 2442 ὅτι
3226 2390 3416 2456 παθὸν,

1847 2471 2102 2543 ἐξαίφνης
2180 2473 2580 2545 μεθαρμόζεταί
2618 2495 2675 2528 τε
2728 2481 2843 2531 καῖ’
2872 2483 3287 2548 μετατάττεται·
3325 2485 3419 2536 καὶ

1848 2563 1966 2613 οὐδὲ
1997 2566 2098 2616 ὑπὸ
2131 2567 2231 2634 τῆς
2280 2566 2639 2639 εὐφροσύνης,
2683 2569 2710 2620 ὃ
2757 2571 2847 2621 καὶ
2891 2570 3153 2640 θαυμάζω
3198 2573 3416 2640 μᾶλλον,

1851 2655 1929 2716 εἰς
1951 2657 2145 2708 ταύτὸν
2177 2658 2413 2728 ἔρχεται.
2466 2662 2633 2730 Atque
2665 2664 2870 2714 utinam
2902 2663 2988 2715 ille
3019 2680 3219 2733 quoque
3257 2675 3418 2718 castus

1851 2749 1918 2801 ad
1961 2747 2176 2800 chorum
2215 2763 2450 2804 nostrum
2487 2771 2538 2804 se
2588 2755 2919 2823 adjungeret,
2965 2773 3076 2826 qui,
3124 2773 3236 2810 cum
3273 2757 3418 2826 prius

1851 2840 2140 2892 cantionem
2173 2841 2580 2912 haudquaquam
2617 2847 2968 2897 adulterinum
3020 2858 3172 2914 atque
3217 2848 3420 2916 ignobi-

1853 2929 1952 2982 lem
1981 2931 2249 2984 nobiscum
2283 2931 2391 2985 Deo
2421 2935 2697 2999 accineret,
2729 2952 2789 2988 ac
2819 2937 3003 2990 dextro
3035 2938 3297 3007 quondam
3330 2957 3420 2992 or-

1853 3019 1976 3070 dine
2015 3020 2201 3088 dignus
2267 3022 2564 3087 haberetur,
2629 3037 2780 3094 atque
2836 3028 3012 3091 etiam,
3079 3039 3133 3080 ut
3182 3029 3418 3096 conﬁdo,

1855 3109 1990 3162 brevi
2018 3112 2308 3180 habebitur,
2342 3116 2486 3168 Itautl
2519 3119 2626 3169 scio
2654 3134 2755 3185 qua
2783 3135 2835 3170 re
2868 3127 3179 3180 commotus,
3215 3130 3420 3186 repente

1857 3210 2066 3252 cantum
2103 3203 2155 3253 in
2188 3205 2447 3256 diversum
2476 3219 2660 3269 mutat,
2700 3209 2904 3276 alioque
2931 3209 3099 3275 gradu
3141 3217 3295 3277 atque
3329 3226 3419 3264 or-

1852 3291 1972 3342 dine
1998 3306 2106 3344 sese
2126 3293 2381 3357 collocat;
2417 3312 2479 3347 ac
2506 3313 2567 3349 ne
2599 3301 2658 3350 ob
2693 3314 3014 3351 communem
3041 3300 3250 3367 quidem
3282 3301 3419 3356 laeti-

1853 3381 1979 3434 tiam
2023 3382 2183 3451 (quod
2226 3387 2385 3438 etiam
2443 3390 2608 3457 magis
2662 3389 2845 3460 miror)
2896 3391 3089 3444 adduci
3143 3401 3309 3458 potest
3361 3404 3418 3446 ut

1853 3476 2117 3528 uobiscum
2153 3478 2523 3548 conjungatur.
2556 3481 2648 3535 IIis
2679 3492 2827 3536 certe
2871 3484 3112 3547 vocibus,
3150 3501 3266 3536 cum
3293 3486 3418 3538 liac-

1854 3574 2002 3619 tenus
2045 3566 2149 3622 Deo
2184 3572 2476 3624 cantionem
2521 3573 2779 3624 acciueret
2815 3574 3108 3637 nobiscum,
3136 3575 3304 3628 subito
3345 3576 3416 3627 ad

1853 3657 2010 3709 aliam
2037 3661 2450 3712 communionem
2476 3663 2789 3731 prorumpit,
2830 3679 3018 3717 recens
3057 3677 3177 3718 esse
3213 3664 3418 3718 indicat

1854 3747 2240 3800 monachorum
2289 3749 2512 3802 factum.
2556 3749 2651 3805 llis
2690 3753 2824 3804 adde
2856 3769 3003 3821 spem
3036 3753 3246 3807 illorum
3279 3756 3420 3811 redi—

1856 3845 1959 3899 tus,
2005 3852 2268 3892 summam
2322 3839 2617 3909 lenitatem,
2657 3859 2760 3911 qua
2807 3857 2899 3898 eos
2930 3854 2987 3897 ut
3036 3846 3274 3900 membra
3318 3861 3418 3902 sua

1854 3926 2261 3995 complectitur;
2289 3939 2344 3983 et
2367 3933 2509 4000 quod
2538 3933 2613 3986 ait
2643 3933 2694 3986 in
2727 3945 2864 3990 orat.
2895 3934 2979 3998 1‘3,
3017 3951 3068 4002 p.
3111 3936 3235 3999 196,
3260 3946 3416 3992 etor.

1855 4020 1941 4084 19,
1985 4036 2035 4090 p.
2072 4021 2198 4083 297,
2240 4026 2533 4078 monachos
2570 4025 2808 4077 omnium
2856 4037 3157 4091 postremos
3214 4027 3419 4083 disces-.-

1853 4114 2008 4167 sisse.
2042 4114 2114 4166 Ex
2146 4114 2229 4167 bis
2264 4126 2440 4168 autem
2473 4115 2630 4167 simul
2662 4117 2922 4184 probatur
2953 4132 3057 4170 non
3090 4117 3257 4172 multo
3287 4129 3416 4174 ante

1855 4203 2239 4272 subscripsisse
2266 4205 2605 4272 Gregorium.
2628 4206 2779 4271 Nam,
2809 4208 2854 4261 si
2882 4210 3292 4276 subscripsisset
3318 4211 3418 4264 sub

1853 4291 2170 4347 Constantio
2215 4307 2357 4347 anno
2407 4295 2508 4348 560
2557 4297 2635 4350 νει
2675 4297 2798 4360 561,
2849 4299 3119 4365 quomodo
3167 4300 3417 4354 monachi

1854 4384 2276 4454 indignationem
2334 4402 2487 4440 suam
2537 4402 2707 4455 usque
2754 4389 2819 4439 ad
2873 4401 3070 4442 annum
3121 4389 3224 4444 565
3255 4389 3420 4444 corde

1854 4477 2212 4544 pressissent?
2252 4487 2343 4531 aut
2381 4478 2426 4531 si
2471 4476 2654 4531 tandiu
2703 4489 3032 4545 presserunt,
3085 4495 3183 4533 cur
3212 4480 3418 4535 disces-

1854 4567 2056 4621 sionem
2088 4569 2269 4622 subito
2297 4579 2350 4621 et
2391 4567 2653 4635 praecipiti
2685 4569 2908 4622 consilio
2937 4571 3187 4624 attribuit
3213 4571 3421 4641 Grego-

1853 4657 1999 4712 rius?
2045 4659 2273 4715 Eosdem
2305 4671 2460 4712 vocat
2490 4661 2799 4714 calidiorem
2839 4660 3091 4717 Ecclesiae
3122 4670 3330 4731 partem
3363 4663 3418 4715 in

1852 4748 2095 4800 oratione
2135 4747 2222 4811 19,
2259 4764 2380 4817 pag.
2424 4749 2549 4804 297.
2582 4749 2889 4805 Generatim
2936 4752 3002 4804 de
3029 4753 3274 4807 omnibus
3304 4767 3420 4808 mo-

1853 4841 2039 4893 nachis
2069 4841 2142 4892 ait
2173 4842 2224 4892 in
2253 4853 2391 4897 orat.
2419 4842 2510 4904 21,
2540 4859 2589 4911 p.
2622 4843 2745 4907 588,
2775 4861 2869 4896 eos
2897 4844 2948 4895 in
2976 4843 3097 4898 aliis
3130 4847 3291 4899 rebus
3319 4861 3417 4915 pa-

1853 4943 2001 4987 catos
2028 4944 2080 4986 et
2112 4933 2415 4987 moderatos
2455 4951 2593 4999 esse,
2634 4937 2732 4988 bac
2777 4937 2827 4988 in
2864 4951 2920 4988 re
2956 4935 3099 4989 lenes
3131 4947 3185 4990 ct
3227 4937 3419 4994 faciles

1853 5039 1956 5075 non
1985 5039 2127 5089 esse,-
2161 5039 2282 5077 cum
2322 5040 2414 5090 per
2457 5026 2731 5077 silentium
2765 5037 2817 5078 et
2843 5029 3076 5091 quietem
3121 5027 3214 5081 Dei
3251 5043 3414 5082 causa

1853 5116 2120 5183 proditur,
2152 5117 2243 5169 sed
2288 5118 2513 5172 bellaces
2548 5128 2600 5171 ct
2634 5119 2686 5168 in
2715 5119 3047 5185 conﬂigendo
3073 5133 3227 5172 acres
3251 5128 3304 5171 et
3334 5119 3414 5174 fe-

1853 5223 2026 5261 roces.
2079 5208 2209 5260 Cum
2257 5210 2338 5262 his
2383 5224 2487 5262 non
2521 5208 2752 5276 quadrat
2795 5208 3157 5261 dissimulatio
3185 5209 3414 5276 plurium

1851 5315 2150 5364 annorum,
2199 5316 2360 5366 quam
2411 5302 2692 5353 monachis
2760 5300 3118 5353 Nazianzenis
3172 5301 3419 5355 attribuit

1852 5391 2245 5454 'I'illemontius,
2274 5407 2396 5445 cum
2425 5391 2745 5461 Gregorium
2775 5391 3205 5447 subConstantio
3232 5393 3418 5447 existi-

1852 5491 1964 5534 mat
1992 5482 2396 5551 subscripsisSe.

1925 5575 2191 5628 l’rwtcrca
2225 5591 2441 5629 causam
2490 5578 2860 5632 subscribendi
2906 5594 3011 5633 non
3049 5578 3243 5647 repetit
3281 5577 3421 5633 Gre-

1852 5670 2030 5736 gorius
2064 5683 2129 5722 ex
2160 5669 2325 5737 jussis
2352 5669 2469 5722 aula
2496 5669 2754 5738 profectis
2786 5680 2877 5722 aut
2904 5686 2971 5724 ex
2999 5685 3176 5724 rerum
3206 5681 3422 5738 pertur-

1851 5760 2086 5823 bationc,
2132 5777 2252 5830 qua:
2299 5770 2427 5816 tunc
2477 5778 2686 5816 summa
2736 5762 2857 5826 fuit,
2912 5763 3002 5816 sed
3051 5777 3115 5816 ex
3147 5761 3417 5815 desiderio

1851 5853 1998 5921 pacis
2061 5862 2116 5906 et
2187 5855 2583 5910 communionis
2633 5869 2753 5908 cum
2820 5852 3088 5909 nonnullis
3148 5850 3414 5908 ineundas:

3061 5961 3093 6000 ε
