4206 6486
757 470 783 504 ι
797 469 821 502 ι
835 468 859 499 Χ
872 464 960 503 ιῖιιι

2081 432 2604 489 PROLEGOMENA.

751 560 903 613 Patet
935 558 983 609 id
1027 570 1089 609 ex
1139 555 1220 609 his
1256 556 1431 609 verbis
1480 562 1617 609 orat.
1660 553 1725 607 l9
1754 552 2189 624 (p.297):1hp‘1
2218 553 2307 605 τοῦ
2342 564 2384 617 Α
2488 555 2657 620 Quam
2714 567 2817 606 non
2868 551 3023 605 modo
3072 553 3203 605 citra
3253 552 3621 621 ambitionem,
3677 550 3769 606 sed
3814 553 3980 609 etiam

746 649 1074 722 (θερμοτέρου
1096 649 1292 719 μέρους
1307 648 1402 717 τῆς
1418 648 1740 718 Ἐκκλησίας
1752 648 2183 720 κατεστασιάσθη
2194 666 2310 718 μεν,

746 741 1030 813 γράμματι
1062 740 1359 803 κλαπέντες
1384 742 1476 794 καὶ
1502 740 1708 810 ῥήμασι
1739 744 2003 811 τεχνικοῖς
2040 740 2119 803 εἰς
2148 759 2312 811 πονη-

748 835 846 907 ρὰν
876 832 1178 886 κοινωνίαν.
1223 835 1267 886 Α
1306 832 1608 901 ferrentiore
1652 830 1904 887 Ecclesiae
1936 841 2084 900 parte
2108 834 2168 886 ob
2202 848 2314 886 eam

748 942 962 980 causam
992 926 1174 979 seditio
1206 924 1262 978 in
1300 941 1387 977 nos
1418 925 1646 977 excitata
1677 937 1773 987 est,
1803 926 1939 994 quod
1967 924 2167 992 scripto
2191 938 2315 993 quo-

745 1016 866 1067 dam
911 1025 958 1067 et
1005 1013 1304 1081 artiﬁciosis
1351 1012 1515 1065 verbis
1560 1012 1958 1082 circumscripti,
2011 1013 2065 1067 in
2100 1029 2313 1081 pravam

745 1107 1044 1160 societatem
1092 1103 1337 1175 pertracti
1375 1105 1673 1173 fuissemus.
1713 1104 1851 1156 Hinc
1899 1102 2061 1156 etiam
2110 1102 2316 1170 Grego-

747 1199 861 1252 rius
895 1199 971 1251 ait
996 1198 1051 1253 in
1072 1197 1315 1255 oratione
1338 1196 1403 1251 12
1424 1194 1497 1265 (p.
1532 1195 1654 1265 196)
1704 1195 1999 1251 Ecclesium
2024 1195 2316 1249 Nazianze—

752 1306 872 1344 nam
904 1303 1030 1347 ante
1055 1282 1183 1345 illud
1215 1290 1515 1353 dissidium,
1540 1304 1721 1343 aream
1755 1286 1866 1342 Noe
1892 1288 2071 1343 vocari
2098 1286 2314 1341 solitam

744 1396 887 1448 esse,
916 1393 974 1436 ut
1020 1395 1140 1449 qua:
1186 1380 1418 1436 universi
1452 1380 1600 1434 orbis
1630 1379 1889 1433 diluvium
1924 1380 2034 1434 sola
2091 1376 2319 1449 elfagis-

750 1486 854 1531 set.
916 1474 1040 1538 Sed,
1094 1476 1137 1531 si
1190 1474 1473 1543 cpiscopus
1519 1471 1811 1541 Gregorius
1861 1472 1958 1525 sub
2004 1469 2317 1524 Constantio

749 1568 1070 1619 Arianorum
1101 1565 1306 1618 artibus
1346 1564 1723 1624 succabuerat,
1752 1577 1857 1614 non
1891 1561 2046 1615 video
2084 1576 2183 1615 cur
2207 1560 2310 1614 Ec-

749 1658 969 1711 clesiam
1003 1657 1397 1711 Nazianzenatn
1427 1654 1563 1706 mala
1599 1653 1907 1707 communia
1943 1653 2164 1706 minime
2191 1652 2316 1706 alti—

747 1752 890 1820 gisse
923 1752 1190 1803 dicantur.

820 1843 885 1895 Χ.
912 1841 1106 1895 Joliani
1150 1853 1296 1892 mors
1340 1836 1597 1892 divinitus
1641 1836 1839 1890 Basilio
1880 1836 2117 1890 revelata
2149 1837 2314 1889 fuisse

749 1934 976 1997 dicitur;
1010 1931 1102 1986 sed
1131 1946 1253 1985 eum
1287 1939 1435 1985 tanta
1468 1927 2001 1983 circumstantiaram
2029 1928 2311 1991 varietate,
2348 1908 2391 1964 Β

746 2033 806 2077 ut
852 2024 1053 2077 referre
1092 2038 1199 2075 non
1256 2021 1442 2082 libeat,
1479 2032 1599 2088 qua:
1649 2033 1709 2073 ea
1762 2018 1829 2074 de
1874 2034 1932 2073 re
1975 2017 2222 2088 leguntur
2260 2019 2314 2073 itt

750 2114 1005 2169 Chronico
1041 2111 1408 2175 Alexandrino,
1447 2108 1589 2177 apud
1634 2117 1878 2163 sanctum
1913 2108 2313 2162 Damascenam

749 2207 802 2259 in
836 2207 969 2257 libro
1005 2203 1077 2256 De
1111 2202 1449 2272 imaginibus,
1481 2202 1571 2272 qui
1610 2199 1803 2254 Vitam'
1822 2200 2007 2255 Basilii
2036 2202 2103 2254 ah
2133 2199 2313 2255 Hella-

750 2296 839 2350 dio
869 2297 1130 2365 scriptam
1176 2296 1324 2361 citat,
1363 2306 1417 2350 et
1458 2296 1508 2348 in
1558 2292 1751 2347 Basilii
1794 2292 1906 2345 Vita
1940 2293 2316 2364 Amphilochia

749 2389 1042 2455 supposita.

819 2470 896 2534 Ex
937 2481 1019 2534 his
1058 2478 1236 2533 verbis
1282 2480 1530 2532 secunda:
1578 2475 1841 2531 orationis
1864 2474 2109 2547 Gregorii
2141 2475 2195 2527 in
2218 2473 2317 2527 Ju-

748 2576 972 2636 lianum,
1021 2573 1148 2627 lltec
1191 2572 1283 2625 tibi
1336 2570 1566 2625 Basilius
1606 2581 1651 2624 et
1686 2565 2007 2639 Gregorius,
2056 2568 2320 2637 colligunt

750 2663 945 2717 eruditi
983 2664 1084 2717 viri
1132 2661 1450 2731 Gregorium
1480 2676 1510 2715 a
1555 2660 1755 2715 Basilio
1792 2660 2032 2728 adjutnm
2066 2658 2233 2714 fuisse
2263 2659 2316 2713 in

748 2763 837 2815 his
871 2760 1207 2815 orationibus
1258 2757 1663 2826 componendis.
1710 2754 2012 2810 Probabilis
2047 2769 2177 2809 sane
2204 2755 2320 2809 haec

750 2854 1065 2923 conjectura
1098 2870 1112 2919 ;
1147 2860 1199 2906 et
1232 2866 1351 2905 cum
1387 2848 1683 2919 Gregorius
1717 2864 1839 2905 sese
1866 2858 2101 2919 paterna:
2130 2848 2318 2903 domus

749 2946 1099 3003 sollicitudini
1151 2944 1418 2999 interdum
1474 2946 1682 3012 eripere
1728 2943 1949 3005 soleret,
2005 2942 2215 2995 videtur
2265 2940 2318 2993 in

750 3039 979 3094 Pontum
1012 3035 1222 3090 venisse
1248 3045 1368 3104 post
1392 3043 1617 3087 mortem
1645 3032 1869 3095 Juliani,
1901 3040 1953 3084 et
1976 3030 2157 3084 Basilii
2190 3045 2318 3084 con-

751 3136 871 3189 silit)
897 3136 962 3189 ad
995 3135 1135 3188 hanc
1163 3130 1619 3187 elucubrationem
1650 3144 1781 3185 usus
1810 3128 1995 3182 fuisse.

1352 3243 1576 3301 CAPUT
1630 3243 1723 3302 1X.

751 3341 792 3399 l.
827 3341 1100 3409 Presbyter
1121 3350 1332 3409 creatur
1352 3339 1608 3392 Basilius.
1633 3338 1695 3391 ll.
1724 3336 2175 3409 Ortlittatus‘anao

822 3414 905 3467 Ill.
948 3402 1023 3465 De
1050 3411 1218 3477 prima
1239 3406 1383 3460 illius
1414 3410 1652 3477 oratione
1688 3417 1734 3458 et
1764 3406 1930 3477 tribus
1958 3403 2207 3477 epistolis.
2231 3402 2318 3455 IV.

824 3484 983 3535 Pacis
1014 3472 1173 3533 causa
1220 3478 1409 3531 secedit
1449 3478 1503 3528 in
1553 3473 1804 3527 Pontum.
1854 3473 1913 3526 V.
1953 3473 2101 3526 Redit
2143 3472 2322 3525 Cresa-

823 3569 988 3611 ream,
1038 3559 1094 3601 ut
1138 3555 1271 3600 hanc
1309 3548 1580 3600 ecclesiam
1635 3542 1849 3597 Valente
1895 3544 2217 3611 adveniente
2235 3542 2324 3611 tte-

824 3608 1023 3692 feuda't.
1067 3617 1154 3673 γι.
1185 3615 1722 3692 -δςςεεὶἱοηροηεηάα
1762 3620 1979 3692 egerunt:
2022 3625 2159 3663 anno
2190 3608 2317 3670 564,

824 3681 913 3747 aut
953 3692 1158 3745 ineunte
1185 3688 1309 3743 365.
1351 3681 1571 3739 Reditus
1605 3701 1741 3737 anno
1771 3681 1896 3737 365.

830 3787 872 3837 l.
909 3784 1158 3850 Deplorat
1185 3778 1480 3848 Gregorius
1522 3776 1620 3846 (ιι).
1646 3786 1702 3829 at
1727 3788 1976 3844 magnum
2008 3772 2182 3827 aetatis
2214 3787 2324 3827 sate

751 3878 965 3939 vitium,
1001 3874 1141 3943 quod
1187 3885 1326 3939 saepe
1371 3870 1422 3921 in
1455 3868 1811 3921 electionibus
1856 3865 1998 3918 trulla
2032 3865 2326 3919 haberetur

754 3967 1015 4024 doctrina:
1036 3974 1090 4019 et
1128 3960 1433 4016 sanctitatis
1460 3957 1621 4019 ratio,
1653 3970 1714 4008 ac
1743 3954 1990 4007 homines
2019 3963 2213 4007 neutro
2241 3955 2324 4007 in-

754 4059 945 4114 structi
975 4053 1223 4126 prmsidio
1249 4052 1314 4105 ad
1340 4047 1702 4104 sacerdotium
1729 4043 1906 4099 subito
1939 4041 2316 4103 eveherentur,

754 4162 810 4207 et
838 4152 1009 4221 primo
1041 4147 1161 4199 loco
1204 4139 1503 4200 constituti,
1546 4137 1799 4191 meliores
1842 4148 1899 4187 se
1930 4146 1993 4185 ac
2022 4131 2322 4185 sanctiores

753 4242 1113 4310 despicerent,
1149 4234 1302 4305 quasi
1329 4246 1449 4286 cum
1483 4230 1747 4296 dignitate
1778 4224 2095 4295 sapientiam
2123 4232 2176 4277 et
2198 4238 2323 4277 eru-

752 4334 1011 4388 ditionem
1062 4328 1424 4397 accepissent.
1456 4316 1574 4376 Non
1617 4320 1695 4374 sic
1746 4318 1997 4382 Basilius,
2039 4315 2131 4370 sed
2180 4328 2323 4384 prae-

753 4428 957 4494 scripto
997 4420 1293 4478 canouibas
1325 4415 1515 4472 ordine
1556 4412 1619 4466 ad
1652 4409 2015 4465 sacerdotium
2043 4407 2322 4477 pervenit;

751 4530 806 4570 et
846 4532 967 4568 cum
1014 4527 1197 4568 saeros
1239 4510 1408 4563 libros
1452 4502 1646 4575 p0pulo
1678 4501 1915 4570 legisset,
1964 4498 2016 4551 in
2048 4498 2327 4567 presbyte-

2421 660 2523 700 non
2570 642 2798 695 libenter
2842 640 3120 696 ordinatus
3170 639 3351 702 fuerit,
3386 655 3453 694 ex
3488 642 3709 709 epistola
3744 640 3800 695 ll
3840 638 3983 692 Gre-

2420 736 2551 805 gorii
2580 734 2945 803 perspicimus.
2984 736 3054 785 Tu
3086 750 3285 802 quoque
3314 743 3495 799 captus
3521 749 3595 794 es,
3625 736 3795 802 inquit
3822 732 3863 786 Β
3884 731 3975 784 tsi-

2420 828 2510 890 lio,
2559 825 2991 893 quemadmodum
3035 829 3084 875 et
3146 840 3236 877 uos
3293 821 3670 885 circumscripti
3721 824 3984 891 :quanzlo

2417 918 2624 985 quidem
2660 914 2728 965 ad
2769 914 3137 983 presbyterium
3184 915 3430 979 pertracti
3477 928 3678 967 sumus.
3710 914 3877 982 Λιίίηε
3930 916 3985 967 id

2418 1011 2623 1076 quilem
2654 1022 2682 1056 (ι
2708 1004 2854 1058 nobis
2886 1023 2989 1059 non
3015 1005 3367 1069 expetebatur.
3404 1005 3542 1057 Nam
3573 1019 3781 1065 uterque
3807 1007 3983 1070 alteri,

2418 1105 2461 1155 si
2493 1102 2585 1153 alii
2613 1098 2858 1166 cuipiam,
2896 1098 3173 1166 locupletes
3196 1112 3305 1148 esse
3332 1105 3483 1150 testes
3513 1112 3807 1163 possumus,
3828 1114 3987 1164 quam

2420 1198 2565 1246 nobis
2602 1191 2745 1245 cordi
2787 1202 2919 1243 esset
2961 1189 3211 1260 pedestris
3249 1186 3578 1256 philosophia
3614 1189 3859 1251 humique
3893 1193 3988 1240 tte-

2419 1300 2615 1352 pressa.
2654 1284 2727 1337 Ex
2758 1282 2944 1351 primis
2965 1282 3200 1351 ejusdem
3233 1279 3469 1348 epistola:
3502 1282 3698 1343 verbis,
3732 1278 3987 1348 Epmtolw

2420 1385 2521 1425 tute
2548 1374 2851 1439 prooemium
2892 1370 3070 1424 laudo.
3119 1370 3257 1435 Quid
3285 1376 3457 1421 autem
3490 1378 3697 1423 tuorum
3735 1386 3838 1423 non
3871 1368 3989 1420 lau-

2419 1465 2650 1515 dandum
2670 1463 2874 1531 ?liqaet
2897 1461 3149 1515 Basiliam
3174 1464 3403 1531 priorem
3432 1460 3735 1529 scripsisse.
3765 1478 3826 1517 ac
3855 1461 3990 1515 Grec

2419 1557 2569 1625 gorio
2612 1569 2747 1607 onus
2795 1554 2897 1608 sibi
2953 1554 3263 1621 impositum
3314 1551 3666 1621 signiﬁcasse,
3700 1553 3779 1606 vel
3811 1554 3991 1621 potius

2420 1646 2765 1716 ingemuisse.
2810 1646 2960 1699 lllam
3002 1648 3145 1699 enim
3195 1648 3508 1700 consolatur
3554 1642 3877 1712 Gregorius;
3933 1654 3991 1696 ct.

2420 1740 2671 1811 quoniam
2722 1740 2774 1795 id
2835 1740 3031 1794 factum
3087 1747 3187 1801 est,
3236 1740 3375 1807 quod
3425 1739 3657 1791 fortasse
3709 1751 3814 1788 non
3868 1737 3989 1789 lieri

2421 1833 2777 1900 praestitisset,
2828 1832 3105 1887 ferendum
3161 1845 3278 1883 esse
3328 1833 3537 1893 statuit,
3582 1827 3869 1898 praesertim
3924 1826 3990 1878 ob

2423 1936 2618 1991 tempus
2651 1927 2861 1991 multas,
2914 1926 3105 1992 inquit,
3136 1926 3187 1975 in
3218 1940 3309 1974 uos
3358 1925 3593 1974 excitans
3621 1923 3990 1975 Itwreticorum

2423 2016 2655 2086 linguas;
2692 2016 2921 2086 μάλιστα
2966 2016 3053 2068 διὰ
3091 2014 3179 2067 τὸν
3228 2013 3418 2083 καιρὸν
3447 2012 3645 2074 πολλὰς
3680 2015 3808 2083 ἡμῖν
3840 2013 3995 2078 αἱρε-

2423 2108 2589 2161 τικῶν
2610 2102 2980 2175 ’ἐπεισάγοντα
3012 2106 3280 2174 γλώσσας.

2492 2202 2556 2257 ll.
2602 2202 2746 2255 Satis
2793 2202 2930 2254 inter
2982 2199 3224 2251 eruditos
3269 2197 3518 2251 convenit
3560 2197 3815 2250 Basiliam
3842 2207 3988 2247 annc

2422 2294 2527 2347 562
2582 2297 2951 2365 presbyterum
3018 2292 3183 2345 fuisse
3238 2291 3569 2343 ordinatum.
3623 2288 3886 2343 Baronins
3937 2296 3995 2343 et

2424 2386 2771 2438 llermautius
2803 2401 2866 2438 ex
2911 2384 3135 2453 epistola
3166 2382 3323 2436 modo
3353 2380 3565 2433 laudata
3604 2380 3858 2448 colligunt
3892 2392 3992 2431 or-

2424 2479 2663 2533 dinatum
2709 2477 2854 2528 illum
2900 2476 3064 2530 fuisse
3108 2475 3292 2528 eodem
3331 2472 3443 2528 fere
3476 2481 3714 2539 tempore
3758 2485 3820 2522 ac
3852 2468 3994 2523 Grc-

2425 2568 2668 2637 gorium;
2712 2562 2933 2631 conjicit
2977 2562 3353 2616 Tillemontius
3396 2559 3675 2620 Basiliam,
3703 2572 3823 2611 cum
3870 2556 3994 2609 Cm-

2426 2672 2634 2712 saream
2662 2654 2897 2709 venisset
2918 2660 3212 2721 aegrotante
3238 2653 3444 2714 Diauio,
3476 2653 3545 2706 ibi
3574 2664 3739 2717 usque
3772 2648 3837 2701 ad
3872 2648 3991 2703 cle-

2427 2748 2654 2800 ctionem
2685 2744 2895 2797 Eusebii
2934 2751 3196 2795 moratum
3227 2756 3366 2805 esse,
3400 2754 3453 2793 et
3477 2744 3541 2795 ab
3565 2741 3817 2799 Eusebio,
3853 2738 3998 2793 forte

2426 2839 2642 2891 hortatu
2691 2832 2932 2901 Gregorii
2982 2832 3174 2902 patris,
3225 2840 3499 2884 retentam
3555 2838 3609 2883 et
3656 2830 3991 2887 ordinatum.

2497 2925 2860 2980 Timiditatem
2897 2924 3069 2993 injicit
3107 2922 3381 2977 hominum
3423 2922 3859 2975 doctissimorum
3895 2936 3997 2974 an-

2426 3019 2671 3082 ctoritas,
2723 3016 3010 3086 quominus
3063 3015 3130 3071 ab
3178 3014 3258 3070 eis
3291 3014 3602 3067 dissentiam
3639 3013 3775 3069 :sed
3813 3022 3996 3067 tamen

2427 3126 2588 3182 cogor
2619 3110 2921 3165 dissentire.
2954 3113 3126 3177 Atque
3158 3106 3285 3162 illud
3319 3107 3535 3175 quidem
3574 3116 3721 3160 certo
3750 3116 3997 3160 statuere

2426 3208 2693 3272 videntur,
2747 3208 2919 3260 serius
2971 3205 3221 3259 Basiliam
3282 3204 3589 3256 ordinatum
3622 3202 3787 3255 luisse
3830 3212 3994 3266 quam

2347 3270 2393 3332 Ο
2424 3299 2761 3367 Gregorium.
2803 3297 2917 3350 Non
2966 3297 3141 3349 minus
3189 3295 3531 3363 perspicuum
3566 3304 3619 3347 et
3651 3292 3993 3360 exploratum

2424 3400 2507 3446 est
2548 3406 2668 3445 eum
2712 3404 2813 3441 non
2861 3403 2890 3439 a
2933 3386 3139 3447 Diauio,
3192 3395 3248 3437 ut
3295 3387 3511 3454 quidam
3550 3384 3854 3445 voluerunt,
3896 3380 3993 3435 sed

2424 3485 2492 3538 ab
2525 3483 2754 3537 Eusebio
2782 3480 3086 3534 ordinatum
3123 3477 3305 3532 fuisse.
3355 3476 3489 3529 Nam
3539 3476 3759 3530 Dianius
3804 3475 3995 3545 paucis

2425 3577 2699 3630 mensibus
2729 3584 2846 3643 post
2885 3573 3129 3643 Gregorii
3162 3573 3553 3627 ordinationem
3593 3578 3837 3623 mortuus
3881 3581 3990 3631 εει,

2422 3681 2521 3720 nec
2557 3682 2677 3718 cum
2719 3682 2782 3719 co
2824 3666 3053 3720 Basilius
3088 3668 3154 3721 ab
3203 3682 3343 3721 anno
3376 3666 3503 3732 560,
3539 3664 3639 3719 nisi
3671 3664 3722 3718 in
3751 3672 3996 3717 extremo

2422 3760 2611 3814 morbo
2653 3759 3092 3812 communicavit.
3146 3759 3251 3812 Sed
3295 3758 3435 3825 quod
3484 3755 3877 3811 ordinationem
3924 3752 3996 3805 ad

2425 3863 2628 3902 annum
2663 3846 2767 3901 ’562
2808 3844 3067 3908 referant,
3110 3845 3160 3898 id
3195 3846 3384 3897 vellem
3431 3844 3662 3897 vincibili
3694 3843 3871 3910 aliqua
3902 3855 3994 3892 rae

2428 3940 2571 3991 tione
2601 3939 2927 3992 firmassent.
2957 3935 3089 3989 Nam
3132 3934 3385 3988 Basiliam
3432 3933 3689 3987 Caesarne
3727 3948 3896 4001 usque
3928 3934 3996 3985 ad

2425 4029 2741 4084 electionem
2793 4030 3007 4084 Eusebii
3062 4037 3325 4080 moratum
3366 4041 3503 4089 esse,
3554 4026 3863 4094 cnujectnra
3912 4036 3999 4079 cst

2425 4119 2566 4172 nulla
2595 4135 2815 4186 prorsus
2842 4119 2970 4171 fulta
3003 4118 3233 4178 ratione,
3264 4115 3348 4169 vel
3382 4116 3559 4185 potius
3587 4115 3769 4168 Basilii
3803 4116 3996 4168 solita-

2426 4210 2565 4265 diuis
2592 4212 2782 4273 amori,
2808 4220 2862 4263 et
2893 4224 3035 4261 cura:
3064 4206 3380 4259 monasterii
3414 4207 3628 4275 regendi
3664 4221 3997 4274 repugnans,

2428 4318 2547 4357 cum
2580 4301 2876 4371 prtcsertim
2906 4299 3134 4352 fateatur
3160 4295 3537 4350 Tillemontias
3570 4306 3779 4364 tempus
3807 4298 3859 4349 in
3895 4298 3998 4351 hac

2427 4394 2687 4451 electione
2724 4391 3151 4447 dissensionibus
3186 4397 3487 4442 extractam
3520 4386 3708 4440 fuisse.

2500 4485 2626 4550 Sed,
2669 4486 2807 4554 quod
2850 4498 2934 4536 me
2984 4483 3217 4534 maxime
3266 4480 3505 4533 deterret
3535 4480 3603 4533 ab
3640 4480 3737 4532 hac
3788 4481 3996 4545 ample-

753 4625 933 4665 rorum
988 4621 1052 4659 ac
1098 4604 1292 4657 deinde
1348 4602 1401 4654 in
1453 4571 1832 4667 episc0porutn
1872 4589 2127 4645 cathedra
2164 4588 2322 4654 sedit,
2356 4613 2400 4668 ι)
2430 4580 2617 4636 cleuda
2671 4577 2941 4646 opinione,
2986 4572 3228 4641 pluribus
3260 4574 3526 4624 rationum
3569 4572 3860 4624 momentis
3896 4571 3995 4624 ad-

752 4718 859 4758 nou
905 4700 1161 4753 honorem
1206 4705 1475 4762 quzerens,
1531 4689 1624 4744 sed
1666 4686 1731 4741 ab
1786 4686 1989 4739 honore
2033 4681 2320 4750 qttaasitus;

753 4809 853 4848 nec
902 4793 967 4843 ab
1012 4786 1339 4847 hominibus,
1386 4780 1479 4836 sed
1523 4794 1551 4832 a
1593 4781 1704 4833 Deo
1751 4775 1977 4847 gratiam
2031 4773 2323 4840 accipiens.

752 4883 1007 4938 Basiliam
1044 4875 1431 4944 Philostorgias
1464 4869 1538 4940 (b)
1568 4868 1679 4938 jam
1720 4881 1859 4921 anno
1890 4863 1997 4919 559
2041 4863 2323 4916 diaconum

756 4978 921 5029 fuisse
944 4982 1095 5041 putat
1121 4986 1133 5022 :
1166 4968 1419 5023 Socrates
1437 4962 1525 5035 (c),
1556 4961 1647 5032 qui
1680 4975 1801 5013 cum
1831 4956 2031 5030 Basilio
2059 4953 2117 5007 S.
2150 4951 2326 5021 Chry-

752 5069 975 5123 sostomi
1030 5064 1204 5117 amico
1249 5070 1494 5114 nostrum
1520 5053 1826 5119 confundit,
1879 5050 1945 5105 ad
2005 5049 2147 5102 hanc
2198 5058 2321 5098 eum

753 5162 1068 5231 dignitatem
1100 5171 1128 5210 a
1163 5155 1220 5210 S.
1250 5150 1467 5207 Meletio
1496 5157 1739 5204 evectum
1777 5152 1984 5199 narrat.
2023 5139 2129 5194 Sed
2159 5136 2321 5191 Tille-

749 5254 988 5309 montins
1035 5264 1099 5304 ne
1129 5249 1417 5303 diaconum
1450 5242 1672 5312 quidem
1708 5238 1873 5292 fuisse
1905 5234 2166 5289 Basiliam
2195 5245 2322 5299 pro-

748 5345 842 5400 bat
883 5359 950 5397 ex
997 5338 1300 5395 testimonio
1330 5332 1694 5398 Nazianzeui,
1725 5332 1813 5401 qui
1847 5329 1899 5383 in
1930 5337 2039 5380 tam
2071 5330 2320 5378 accurata

749 5438 1017 5500 ordinum,
1047 5448 1179 5502 quos
1207 5429 1445 5485 exercuit
1470 5425 1725 5487 Basilius,
1760 5417 2190 5479 enumeratione,
2216 5426 2318 5467 non

750 5527 1021 5579 mnisisset
1052 5526 1418 5588 diaconatum,
1458 5519 1504 5574 si
1540 5520 1591 5573 in
1625 5516 1729 5572 hoc
1756 5526 1973 5586 quoque
2008 5507 2173 5581 gradu
2217 5505 2317 5560 mi-

752 5620 1053 5674 nistrasset.

813 5816 897 5887 (et)
939 5816 1085 5869 Orat.
1118 5816 1206 5871 ΞΟ.

823 5884 895 5958 (6.)
938 5888 1052 5942 Lib.
1087 5903 1159 5951 tv,
1192 5901 1241 5940 c.
1274 5884 1357 5939 t2.

2431 4675 2618 4732 ducor,
2673 4681 2731 4722 ιιι
2767 4668 3023 4722 Basiliam
3079 4680 3219 4718 anno
3256 4664 3359 4718 ’564
3392 4666 3489 4716 sub
3526 4663 3751 4717 Valente
3778 4663 3995 4717 credam

2430 4760 2737 4817 Ordinatum
2782 4758 2968 4813 fuisse.
3012 4756 3067 4809 1ο
3114 4756 3229 4824 Ipsa
3265 4752 3511 4821 Gregorii
3548 4752 3711 4806 verba
3739 4751 3995 4805 Basiliam

2431 4852 2722 4917 monentis,
2759 4861 2817 4905 ut
2848 4852 2948 4905 sibi
2981 4858 3168 4905 caveat
3197 4848 3482 4915 prtrsertim
3510 4844 3572 4896 ob
3607 4857 3825 4912 ternpus,
3852 4842 3999 4895 mul-

2431 4959 2511 5001 tas
2545 4948 2598 5000 in
2626 4962 2741 5009 uos,
2762 4944 3049 5015 inquit(d),
3076 4941 3435 4995 Iuereticorum
3480 4940 3711 4992 excitans
3748 4934 3996 5004 linguas;

2429 5039 2563 5103 hare,
2600 5038 2840 5107 inquam,
2878 5039 3042 5089 verba
3073 5030 3311 5085 Valentis
3352 5030 3576 5097 imperio
3604 5025 3832 5080 miriﬁce
3866 5041 3999 5081 con-

2426 5140 2645 5204 gruunt,
2679 5128 2876 5185 Jaliani
2914 5142 3041 5180 vero
3074 5138 3433 5191 nequaquam.
3476 5120 3605 5174 Nam
3639 5118 3742 5173 sub
3775 5118 3995 5173 Juliano

2426 5224 2571 5277 nulla
2612 5222 2678 5275 ab
2719 5219 2988 5274 hzereticis
3022 5214 3257 5284 pericula
3292 5215 3519 5267 maxima
3549 5211 3617 5265 ab
3661 5210 3997 5279 imperatore

2426 5324 2669 5383 apostata
2724 5312 3062 5366 exstiterunt.
3119 5309 3232 5362 Sub
3274 5307 3493 5361 Valente
3537 5314 3717 5357 autem
3773 5302 3997 5356 ha’resis

2428 5408 2607 5463 Statim
2645 5406 2900 5459 verticem
2934 5401 3174 5467 sustulit,
3214 5410 3269 5454 et
3300 5398 3460 5469 ignis,
3497 5396 3588 5466 qui
3618 5394 3877 5449 saeviente
3900 5392 3996 5447 Ja-

2428 5502 2555 5555 liaui
2592 5499 2966 5567 persecutione
3011 5495 3315 5562 suppositus
3359 5490 3527 5570 cineri
3562 5488 3867 5545 videbatur,
3904 5487 3999 5538 de-

2429 5608 2535 5647 nuo
2559 5590 2780 5645 exarsit.
2814 5589 2945 5643 Nota
2979 5586 3219 5656 profecto
3258 5600 3345 5639 res
3376 5591 3459 5638 est
3485 5590 3535 5636 et
3574 5581 3641 5635 ab
3671 5581 3789 5649 ipso
3820 5576 3991 5633 Tiile-

2505 5792 2573 5860 (c)
2615 5792 2728 5844 Lih.
2763 5806 2833 5850 tv,
2867 5807 2914 5844 ρ.
2951 5789 3037 5843 26.

2502 5868 2578 5935 (α)
2620 5860 2746 5913 Naz.
2785 5878 2868 5930 cp.
2904 5861 2987 5913 11.
