4206 6486
1535 461 1689 516 VlTA
1735 460 1792 516 S.
1837 458 2090 515 BASlLll.

3266 479 3427 519 ΣΣῊ(

201 570 378 624 mentio
425 579 637 635 notata,
701 571 996 630 haereticos
1049 577 1191 643 ipsos
1241 579 1340 634 sub
1371 578 1580 635 Iuliano
1608 598 1635 635 a
1665 583 1756 637 do-
1798 586 1840 642 Α
1868 583 2079 636 videtur
2123 595 2183 633 ea
2230 580 2518 643 exstitisse,
2553 595 2710 649 quam
2765 579 2949 632 habuit
3006 579 3056 632 in
3102 595 3190 633 sex
3227 582 3430 648 primos

203 662 415 716 mesticis
437 662 890 720 dissensionibus
929 670 1324 735 quodammodo
1368 675 1432 727 ad
1461 677 1759 731 communis

203 768 359 806 causa:
389 753 768 809 defensionem
807 768 1058 812 avocatos
1105 759 1290 815 fuisse.
1327 763 1445 817 Non
1482 775 1594 818 erat
1632 782 1761 837 ergo

203 844 290 897 hoc
336 855 546 914 tempus
584 847 653 901 ad
689 864 877 902 eorum
906 851 1216 906 excitandas
1254 853 1458 925 linguas
1488 857 1756 912 idoneum.

203 937 253 989 Ξ*
277 935 529 1000 Basilius,
570 939 622 992 in
656 941 1196 1013 epist.9.l0(p.515),
1217 947 1289 999 ait
1314 949 1438 1000 sein
1457 947 1609 1001 Ponti
1640 951 1764 1004 soli—

205 1028 376 1082 tudine
421 1031 598 1092 plures
661 1048 830 1085 annos
878 1034 1148 1088 continuos
1189 1052 1576 1094 commoratum
1619 1059 1759 1100 esse.

201 1119 264 1170 At
299 1121 348 1171 in
378 1135 440 1173 ea
476 1136 638 1189 quam
692 1124 987 1178 refellimus
1028 1129 1281 1195 opinione
1338 1134 1518 1198 plures
1546 1137 1761 1202 quidem

203 1213 430 1264 traduxit
465 1229 636 1264 annos
662 1214 714 1266 in
745 1214 932 1279 Ponto,
969 1219 1060 1271 sed
1089 1221 1412 1289 interruptos
1443 1239 1506 1279 ac
1543 1228 1763 1284 minime

201 1305 501 1359 continuos.
535 1307 663 1360 llluc
696 1308 837 1359 enim
872 1323 929 1362 se
970 1313 1192 1364 contulit
1229 1329 1368 1367 anno
1396 1316 1520 1384 558,
1545 1324 1766 1391 presby.

201 1407 277 1450 ter
307 1411 445 1450 anno
499 1397 605 1450 ’ὁδὶ
650 1409 863 1453 creatus
911 1403 1067 1456 rediit
1107 1405 1156 1456 in
1208 1403 1436 1460 Pontum
1470 1425 1611 1466 anno
1638 1413 1762 1478 565,

198 1493 398 1563 ibique,
432 1504 491 1546 ut
519 1493 790 1546 existimat
817 1495 1210 1564 Tillemontius,
1261 1517 1432 1573 usque
1462 1505 1528 1559 ad
1559 1521 1758 1562 annum

197 1583 297 1638 566
347 1586 518 1638 rEsedi
531 1595 568 1639 ι.

264 1677 327 1730 5ο
362 1678 501 1728 Duas
543 1678 801 1733 habemus
835 1680 1019 1735 Basilii
1055 1684 1120 1736 ad
1155 1682 1436 1742 Leontium
1480 1693 1759 1758 epistolas,

196 1781 329 1833 quze,
357 1774 417 1817 ut
455 1767 615 1821 modo
663 1770 978 1836 videbimus,
1023 1774 1160 1827 notis
1196 1779 1320 1830 anni
1366 1778 1470 1832 364
1511 1785 1762 1835 exeuntis

195 1857 416 1925 signatae
446 1868 590 1911 sunt.
625 1860 830 1915 Emdem
857 1864 1006 1917 initio
1029 1868 1315 1921 sacerdotii
1343 1873 1552 1939 scripta:
1578 1875 1762 1928 viden-

1866 691 2051 731 versus
2086 675 2522 729 Proverbiorum.
2563 675 2616 727 ln
2671 675 2965 740 primordio
2995 676 3137 726 enim
3195 674 3432 728 declarat

1864 783 1920 820 se
1950 766 2171 820 obedire
2195 767 2412 835 benigno
2456 766 2617 832 patri,
2655 766 2743 832 qui
2777 781 2916 816 more
2951 765 3232 830 peritorum
3274 769 3431 816 ven'n—

1865 873 2032 913 torum
2073 862 2125 912 in
2169 859 2297 911 locis
2345 859 2603 927 difficilem
2653 857 2854 908 aditum
2902 857 3230 916 habentibus,
3283 855 3436 918 quasi

1865 951 2024 1002 catuli
2061 951 2290 1018 alicujus
2318 966 2523 1001 cursum
2554 948 2776 1014 experiri
2794 948 2986 1005 rolens,
3023 944 3432 997 Proverbioruin

1867 1045 2192 1114 principium
2239 1052 2597 1112 proposuerat
2639 1041 3035 1108 exponendum.
3082 1038 3225 1089 Inter
3251 1036 3432 1089 Basilii

1866 1138 2118 1191 hmnilias
2175 1138 2290 1191 haec
2338 1135 2444 1190 sola
2483 1135 2740 1197 occurrit,
2771 1147 2892 1200 qua:
2944 1145 3130 1183 coram
3180 1131 3432 1197 episcopo

1865 1230 2051 1282 habita
2087 1228 2371 1292 videatur;
2415 1225 2522 1279 sola
2568 1226 2710 1278 enim
2767 1230 3082 1291 prazsentem
3127 1220 3434 1288 episcopum

1867 1320 2161 1374 honoriﬁce
2191 1319 2410 1372 salutat.

1935 1410 2203 1465 Cmternm
2245 1426 2346 1462 non
2381 1411 2432 1462 in
2474 1409 2586 1462 solo
2617 1407 2762 1460 verbi
2800 1404 3099 1458 ministerio
3141 1402 3436 1455 Eusebium

1857 1503 2082 1572 juvahat
2104 1502 2335 1556 Basilius
2361 1545 2374 1567 ,
2427 1503 2518 1554 sed
2553 1504 2732 1569 plures
2768 1497 3024 1551 Ecclesize
3052 1493 3436 1547 administran—

1868 1601 1947 1654 dae
1979 1610 2159 1668 partes
2192 1599 2238 1653 ei
2287 1598 2590 1652 commissa:
2645 1596 2909 1648 videntur.
2950 1591 3081 1644 Nam
3137 1590 3334 1643 crebrae
3361 1589 3434 1642 illi

1865 1693 2243 1761 occupationes
2293 1705 2480 1760 parum
2535 1689 2629 1740 otii
2666 1686 3064 1754 relinquebant,
3105 1693 3161 1736 ut
3210 1683 3320 1750 ipse
3356 1689 3438 1734 te-

1865 1794 2041 1839 statur
2064 1784 2114 1837 in
2142 1784 2301 1853 epist.
2335 1783 2426 1836 20.
2471 1780 2636 1848 llujus
2670 1789 2845 1832 autem
2879 1788 2932 1831 et
2959 1778 3224 1830 vicesima:
3252 1776 3438 1844 prima:

1871 1876 2169 1930 scribenda:
2195 1891 2253 1928 ea
2286 1875 2385 1928 fuit
2438 1874 2654 1928 occasio
2685 1891 2696 1925 :
2732 1872 2862 1925 Cum
2898 1868 3154 1922 Leontius
3197 1867 3434 1936 sophista

193 1957 296 1999 tur.
326 1948 414 2000 Ait
441 1951 584 2004 enim
622 1969 635 2004 :
667 1950 833 2008 Nobis
856 1956 991 2007 enim
1017 1956 1215 2011 crebra:
1238 1959 1343 2013 illa:
1371 1965 1761 2029 occupationes,
1796 1940 1837 1994 Β
1869 1967 2131 2020 Basilium
2161 1976 2473 2022 accusasset
2499 1965 2640 2035 quod
2677 1979 2799 2016 raro
2833 1963 2899 2017 ad
2931 1977 2988 2016 se
3014 1962 3299 2024 scriberet,
3333 1961 3440 2014 cri—

191 2037 373 2104 quibus
406 2057 548 2093 nunc
575 2042 904 2110 distinemur,
936 2049 1323 2102 excusationem
1345 2051 1482 2117 forte
1511 2055 1760 2123 afferant,

191 2130 235 2181 si
255 2131 445 2185 litteris
487 2134 739 2191 desimus.
768 2136 826 2189 4°
850 2135 1040 2194 Libros
1073 2141 1122 2193 in
1171 2142 1488 2199 Eunomium
1531 2151 1763 2220 scriptos

192 2235 308 2276 esse
333 2226 674 2280 ostendimus
713 2242 852 2281 anno
883 2228 1007 2283 565.
1056 2230 1241 2300 Longe
1281 2245 1462 2292 autem
1508 2241 1764 2309 probabi-

191 2310 292 2368 καί
336 2323 467 2370 tunc
514 2315 766 2372 Basilium
812 2319 984 2376 adhuc
1032 2322 1084 2376 in
1137 2325 1426 2383 solitudine
1477 2335 1761 2398 resedisse,

192 2416 348 2471 quam
378 2407 614 2460 insolitis
662 2412 944 2465 sacerdotii
992 2416 1436 2484 occupationibus
1465 2420 1760 2478 ditlicillimi

194 2498 369 2562 Operis
407 2496 647 2550 laborem
674 2498 967 2558 addidisse.

258 2583 370 2638 Non
401 2587 618 2641 videtur
660 2603 782 2646 ante
818 2609 1052 2649 mensem
1102 2595 1471 2666 Septembrem
1503 2603 1617 2658 haec
1643 2621 1765 2674 per-

195 2688 305 2730 acta
362 2680 661 2736 ordinatio.
703 2684 884 2753 Neque
904 2689 1044 2740 enim
1073 2700 1199 2743 ante
1233 2690 1334 2746 hoc
1364 2701 1572 2761 tempus
1598 2699 1762 2750 verti-

194 2784 301 2823 cem
345 2775 574 2828 sustulit
615 2775 854 2834 htrresis.
885 2778 1130 2843 Quandiu
1172 2782 1223 2835 in
1259 2783 1482 2840 Oriente
1528 2788 1627 2842 fuit
1663 2787 1762 2840 Va-

195 2862 540 2928 lentinianus,
575 2867 710 2919 nihil
756 2871 1098 2924 metuendum
1133 2871 1232 2928 fuit
1279 2876 1346 2930 ab
1387 2879 1759 2936 ha-reticorum

195 2958 449 3019 pctentia.
480 2957 675 3011 Valens
701 2958 783 3012 die
803 2959 871 3014 28
900 2959 1070 3017 Martii
1093 2965 1363 3036 Augustus
1391 2974 1757 3041 renuntiatus,

195 3047 368 3115 elapso
413 3050 637 3103 circiter
690 3066 872 3106 mense
905 3054 1128 3112 fratrem
1171 3057 1428 3116 Sirmium
1461 3081 1628 3133 usque
1663 3084 1756 3122 co-

194 3139 406 3194 mitatus
433 3152 517 3195 est
546 3140 655 3209 (a);
689 3152 743 3197 et
774 3160 896 3200 cum
941 3147 991 3202 in
1029 3153 1302 3208 nonnullis
1330 3155 1640 3211 civitatibus
1673 3159 1757 3211 iu-

196 3231 425 3298 terjectis
459 3235 595 3286 satis
635 3235 722 3289 diu
752 3241 942 3293 morati
982 3242 1202 3304 fuerint,
1233 3245 1320 3297 vix
1364 3247 1536 3312 potuit
1564 3247 1760 3307 Valens

194 3333 310 3374 ante
338 3337 582 3380 mensem
612 3326 979 3396 Septembrem
1005 3329 1520 3403 ConstantinOpoliin
1556 3343 1756 3398 redire.

193 3411 452 3469 Redeunti
483 3429 840 3471 occurrerunt
876 3419 1145 3479 Heracleae
1175 3426 1330 3498 legati
1359 3430 1711 3503 Lampsaceni
1740 3454 1756 3503 ;

191 3505 300 3572 sed,
333 3521 454 3560 cum
493 3508 605 3575 jam
650 3509 793 3563 illum
845 3514 896 3564 in
943 3529 1069 3569 suas
1133 3530 1308 3586 partes
1357 3524 1606 3579 traxisset
1654 3528 1760 3580 Eu-

192 3597 394 3659 doxius,
435 3602 696 3670 pra-cepit
733 3602 925 3673 legatis
969 3617 1025 3659 ut
1073 3608 1316 3665 Eudoxio
1346 3628 1466 3669 sese
1502 3617 1758 3687 :ttljungc-

191 3699 343 3744 rent:
375 3702 670 3747 renuentes
695 3695 953 3750 iracunde
977 3701 1179 3756 dimisit
1217 3718 1280 3757 ac
1314 3705 1607 3759 Ecclesiam
1638 3725 1759 3776 pcr-

189 3786 333 3852 sequi
383 3787 569 3852 etrapit.
611 3786 733 3841 llaec
763 3790 934 3856 prima
974 3792 1072 3844 fuit
1100 3793 1475 3851 hmrcticorttm
1522 3801 1622 3855 sub
1654 3803 1756 3857 Va-

189 3873 324 3927 lente
360 3875 570 3928 ncfaria
602 3879 823 3942 molitio,
865 3880 1017 3948 cujus
1051 3883 1193 3938 fama
1233 3887 1344 3954 jam
1380 3890 1430 3943 in
1474 3892 1755 3962 Cappado-

188 3965 318 4018 ciam
348 3968 556 4034 perlata
583 3966 776 4034 fuerat,
804 3987 925 4026 cum
961 3973 1211 4031 Basilium
1242 3995 1425 4037 recens
1449 3988 1753 4041 ordinatum

188 4059 390 4111 monuit
413 4057 731 4130 Gregorius,
758 4076 1017 4133 quantum
1052 4069 1118 4123 ab
1148 4071 1416 4128 haereticis
1452 4077 1747 4145 periculum

186 4154 508 4208 immineret.
554 4153 734 4211 Basilii
779 4161 1175 4217 ordinationem
1231 4166 1442 4236 longius
1475 4186 1501 4221 a
1565 4189 1750 4228 mense

186 4240 490 4309 Septembri
534 4261 811 4302 removere
855 4265 959 4302 n-.u
1004 4253 1202 4317 sinunt.
1237 4272 1354 4326 quae
1400 4261 1466 4315 ab
1499 4276 1563 4316 eo
1606 4264 1754 4318 deiu-

184 4346 327 4400 ceps,
379 4349 551 4403 usque
599 4337 665 4391 ad
719 4339 959 4397 Valentis
1007 4347 1293 4403 adventum
1348 4365 1498 4422 gesta
1568 4372 1755 4411 narra-

185 4425 378 4479 bimus.

253 4521 334 4575 111.
363 4521 600 4577 Evectus
647 4529 713 4580 ad
743 4530 1099 4586 sacerdotium
1131 4534 1360 4590 Basilius
1403 4538 1600 4604 locum,
1645 4556 1749 4595 non

1869 2077 1988 2115 men
2019 2061 2072 2114 in
2101 2061 2384 2116 Leontium
2415 2069 2688 2126 retorquet
2714 2059 2957 2118 BaSilius,
2990 2068 3215 2123 eumque
3235 2068 3299 2108 eo
3332 2069 3443 2105 ma-

1869 2153 1950 2221 gis
1976 2152 2302 2220 culpandum
2344 2154 2697 2212 demonstrat,
2746 2151 2884 2218 quod
2929 2157 2984 2202 et
3024 2147 3279 2217 plurimas
3302 2145 3440 2200 scri-

1867 2245 2025 2298 bendi
2057 2245 2368 2298 occasiones
2409 2246 2624 2307 habeat,
2653 2253 2726 2311 et,
2750 2253 2804 2294 ut
2829 2242 3092 2312 sophista,
3117 2238 3440 2309 loquacissis-

1869 2353 1985 2390 nius
2020 2338 2090 2392 sit
2127 2357 2139 2391 :
2179 2353 2276 2392 cur
2327 2347 2503 2391 autem
2546 2338 2656 2405 ipse
2682 2336 2854 2388 rarius
2882 2332 3179 2401 scripserit,
3215 2337 3439 2384 excusat

1868 2430 2090 2484 crebras
2129 2429 2511 2499 occupationes
2547 2429 2741 2496 quibus
2783 2427 3094 2486 distinetur,
3137 2429 3191 2477 et
3220 2429 3442 2474 contraa

1869 2531 2006 2576 ctam
2056 2537 2120 2577 cx
2177 2520 2415 2590 vulgaris
2467 2518 2733 2574 sermonis
2768 2533 2861 2570 usu
2905 2518 3193 2586 aeruginem
3249 2528 3439 2582 quam-

1867 2615 2015 2677 dam,
2055 2631 2175 2683 qua:
2213 2614 2480 2682 sophistas
2535 2613 2735 2680 alloqui
2795 2611 3093 2681 prohibeat.
3142 2606 3439 2677 Respondit

1869 2706 2123 2761 Leontius
2150 2715 2203 2759 et
2224 2705 2495 2760 lulianum
2523 2705 2809 2774 quemdam
2836 2703 3119 2764 incusavit,
3150 2699 3290 2768 quod
3311 2712 3436 2754 suas

1868 2797 2068 2852 Basilio
2104 2797 2311 2851 litteras
2340 2813 2446 2851 non
2487 2795 2827 2850 reddidisset.
2864 2792 2998 2845 Tum
3044 2790 3271 2844 Basilius
3316 2804 3438 2857 per—

1867 2902 2022 2945 acute
2048 2889 2314 2944 Julianum
2345 2897 2619 2957 comparat
2652 2901 2770 2941 cum
2801 2886 2862 2938 iis
2893 2901 2921 2937 a
2957 2883 3151 2952 quibus
3187 2891 3312 2934 tunc
3345 2895 3436 2930 an-

1869 2981 2015 3048 tiqua
2057 2981 2234 3033 debita
2279 2978 2696 3044 reposcebantur
2740 2995 2750 3028 :
2794 2985 2846 3028 et
2879 2974 3068 3042 qumrit
3099 2987 3160 3026 es
3209 2970 3434 3024 Leontio

1866 3087 1993 3123 num
2023 3072 2068 3123 ei
2105 3071 2309 3140 placeat
2344 3068 2753 3123 celeberrimum
2792 3066 2917 3120 illud
2949 3064 3254 3132 tetraplum,
3289 3063 3435 3132 quod

1868 3171 1992 3217 tunc
2038 3162 2208 3232 pluris
2244 3161 2515 3217 faciebant
2566 3160 2806 3231 pecunia:
2840 3158 3062 3227 publica:
3096 3155 3430 3212 collectores.

1867 3271 2026 3325 quam
2054 3255 2387 3326 Pythagormi
2432 3255 2739 3324 Tetractyn.
2780 3253 2871 3305 llis
2910 3248 3180 3318 leporibus
3213 3245 3436 3300 notabat

1844 3335 2092 3400 “Basilius
2115 3346 2487 3400 crudelitatem
2531 3344 2790 3406 Petronii,
2822 3343 2995 3397 soceri
3024 3340 3280 3400 Valentis,
3316 3340 3430 3406 qui,

1859 3433 1923 3494 ut
1976 3440 2050 3492 ait
2081 3438 2399 3493 Ammianus
2426 3439 2522 3508 (ε),
2564 3441 2630 3489 ad
2665 3437 2936 3488 nudandos
2979 3434 3085 3485 sine
3116 3431 3433 3484 discretione

1863 3539 2072 3582 cunctos
2101 3530 2394 3580 immaniter
2411 3529 2666 3594 ﬂagrans,
2699 3536 2934 3578 nocentes
2956 3525 3150 3592 pariter
3180 3535 3223 3576 et
3254 3524 3433 3574 inson-

1863 3633 1935 3675 tes
1973 3632 2086 3690 post
2120 3622 2373 3688 exquisita
2416 3632 2672 3674 tormenta
2695 3617 2972 3688 quadrupli
3003 3616 3214 3669 nexibus
3237 3615 3432 3668 vincie-

1863 3712 1971 3776 bat,
2003 3713 2174 3765 debita
2200 3713 2315 3782 jam
2338 3712 2457 3764 inde
2481 3729 2510 3764 α
2543 3711 2854 3776 temporibus
2886 3708 3130 3774 principis
3157 3706 3431 3759 Aureliani

1861 3816 2214 3872 perscrutans,
2236 3815 2282 3856 et
2316 3803 2572 3871 impendio
2602 3818 2838 3865 maerens,
2859 3802 2902 3852 si
2923 3814 3230 3869 quemquam
3253 3797 3428 3849 absol-

1860 3897 2010 3948 visset
2043 3895 2350 3947 indemnem.
2391 3894 2514 3945 Haec
2533 3903 2712 3945 autem
2738 3891 2971 3944 Petronii
3000 3889 3309 3947 crudelitas,
3342 3902 3428 3938 eo-

1861 3988 1980 4040 dem
2014 3997 2146 4039 tcste
2178 3985 2483 4048 Ammiano,
2511 3999 2632 4040 cum
2657 3982 2894 4036 omnium
2921 3982 3128 4035 animos
3163 3981 3214 4032 in
3243 3978 3434 4032 Valen-

1862 4087 1966 4131 tem
2015 4077 2399 4140 exulcerasset,
2452 4093 2599 4146 spem
2653 4076 2835 4144 injecit
2887 4073 3149 4140 Procopio
3185 4071 3431 4140 potiundi

1860 4172 2092 4239 imperii,
2130 4173 2272 4240 quod
2305 4172 2518 4224 tandem
2566 4169 2848 4236 occupavit
2881 4182 3020 4218 anno
3052 4165 3174 4217 565.
3207 4161 3425 4216 Utram-

1859 4278 1963 4332 que
1991 4278 2119 4331 ergo
2146 4263 2425 4329 epistolam
2467 4277 2570 4314 non
2617 4258 2885 4312 immerito
2917 4255 3199 4309 referimus
3228 4256 3294 4308 ad
3328 4270 3426 4305 an~

1858 4370 1984 4406 num
2016 4353 2117 4406 564
2143 4365 2448 4417 exeuntem,
2477 4361 2564 4404 aut
2593 4349 2696 4402 51ῑῦ
2730 4349 3022 4404 ineuntem.
3067 4348 3248 4399 Serius
3276 4347 3422 4399 enim

1856 4446 2104 4500 collocari
2153 4462 2255 4499 non
2304 4447 2518 4505 debent,
2555 4442 2677 4509 quia
2716 4441 2939 4496 Basilius
2969 4442 3113 4493 circa
3158 4439 3257 4492 hoc
3291 4449 3422 4492 tem-

1856 4553 1954 4604 pus
1986 4538 2224 4593 Carsarea
2255 4537 2519 4592 discessit.

187 4613 490 4670 institutum
545 4620 792 4673 mutavit.
853 4623 1311 4690 Quemadmodum
1359 4631 1501 4684 enim
1555 4647 1620 4686 ex
1661 4649 1749 4688 so-
1781 4631 1825 4685 D
1928 4630 2062 4684 Cum
2111 4631 2372 4684 scriberet
2416 4628 2610 4682 Basilio
2653 4627 2944 4697 Gregorius
2991 4640 3138 4680 more
3181 4639 3275 4677 suo
3303 4622 3421 4690 epi-

183 4705 407 4764 litudine
452 4708 641 4763 urbem
692 4709 947 4769 eﬂ‘ecerat
994 4717 1172 4770 studio
1204 4718 1426 4784 juvandi
1475 4725 1743 4791 proximi,

184 4798 255 4850 ita
295 4798 346 4850 in
378 4803 515 4858 urbe
558 4814 809 4873 tanquam
852 4807 903 4858 in
935 4810 1237 4881 solitudine
1273 4817 1480 4870 versari
1517 4819 1741 4886 sciebat,

186 4898 317 4944 teste
346 4890 592 4962 Nysseno
616 4896 711 4965 (ὁ),
737 4910 834 4949 nec
862 4896 1138 4956 hominum
1170 4904 1471 4973 frequentia
1522 4927 1618 4966 nec
1651 4927 1746 4965 ne-

184 4984 446 5052 gotiorum
483 4989 823 5043 multitudine
850 5005 877 5040 a
906 4990 995 5059 pio
1032 5003 1085 5047 et
1114 5007 1270 5051 cauto
1299 4998 1512 5054 vivendi
1551 5018 1745 5072 genere

185 5088 454 5132 avocatus.
483 5078 734 5149 Magnum
772 5098 901 5139 sane
932 5087 1235 5155 prmsidium
1261 5094 1466 5146 exstitit
1494 5095 1745 5152 Ecclesia:

184 5167 502 5227 Caesariensi
535 5172 586 5224 in
618 5171 883 5240 ejusmodi
921 5179 1245 5247 presbytero,
1288 5185 1377 5253 qui
1409 5198 1604 5253 praeter
1633 5189 1743 5243 clo-

184 5265 482 5328 quentiam,
530 5279 635 5334 qua
674 5268 944 5332 sophistas
981 5285 1166 5325 omnes
1213 5276 1352 5328 illius
1377 5280 1554 5331 aetatis
1583 5284 1740 5349 longe

185 5355 488 5422 superabat,
529 5374 625 5427 per
673 5366 798 5412 octo
839 5374 1010 5416 annos
1059 5377 1177 5416 sese
1211 5377 1527 5421 exercuerat
1568 5370 1624 5424 in
1657 5388 1744 5424 sa-

183 5449 289 5501 cris
318 5448 611 5517 Scripturis
667 5450 929 5521 legendis,
984 5457 1035 5508 in
1073 5457 1373 5513 meditanda
1426 5475 1490 5514 ac
1545 5478 1743 5532 prepu-

187 5540 384 5603 gnanda
422 5541 682 5598 Ecclesia:
714 5547 980 5609 doctrina,
1014 5563 1074 5601 ac
1103 5549 1151 5601 in
1177 5551 1426 5605 omnibus
1458 5558 1744 5612 monastici

185 5627 405 5687 instituti
440 5635 737 5691 virtutibus
788 5639 1113 5695 excolendis.
1158 5639 1334 5697 Prima
1391 5644 1528 5699 illius
1568 5649 1742 5703 oratio

242 5812 450 5881 (σμῆν.
476 5819 512 5872 1.
543 5831 691 5872 xm.
729 5829 777 5867 c.
816 5817 864 5868 l.

240 5885 304 5952 (ὸ)
336 5887 408 5939 De
433 5889 589 5941 Basil
623 5924 640 5948 ,
669 5897 798 5938 ton.
819 5885 898 5945 lli,
925 5903 972 5950 ιι.
1015 5890 1122 5941 255.

1861 4723 2048 4776 stolam
2078 4721 2254 4774 verbis
2283 4720 2521 4782 brevem,
2553 4721 2830 4774 sententiis
2872 4719 3164 4786 cepiosam,
3201 4714 3424 4767 tabella-

1861 4815 1991 4877 rius,
2042 4814 2259 4866 absente
2307 4812 2525 4875 Basilio,
2569 4813 2845 4882 epistolam
2896 4809 3169 4864 commisit
3224 4807 3311 4858 uni
3345 4821 3411 4858 ex

1859 4903 2036 4959 Basilii
2063 4904 2251 4958 amicis
2282 4921 2293 4955 :
2326 4921 2391 4958 ex
2418 4921 2523 4975 quo
2552 4903 2777 4970 conjicio
2803 4918 2921 4956 eum
2948 4901 3204 4954 Cursarem
3239 4896 3418 4965 potius

1859 5014 2012 5067 quam
2048 4997 2099 5050 in
2137 4997 2306 5053 Ponto
2356 4997 2684 5052 domicilium
2724 4996 3000 5049 habuisse.
3035 4993 3165 5045 Nam
3213 4991 3264 5041 in
3303 5004 3417 5039 nio—

1854 5093 2092 5146 nasterio
2142 5094 2338 5148 tradita
2374 5093 2562 5145 fuisset
2601 5091 2820 5160 epistola
2859 5091 2930 5151 ei,
2974 5089 3038 5140 ad
3084 5101 3240 5156 quem
3290 5100 3417 5138 cura

1855 5184 2116 5250 ejusmodi
2152 5200 2330 5239 rerum
2362 5185 2668 5254 pertinebat
2705 5202 2717 5236 :
2756 5198 2853 5237 nec
2891 5179 3165 5249 quaerendi
3195 5179 3245 5229 in
3278 5179 3418 5230 hunc.

1857 5291 2009 5329 usum
2037 5277 2262 5332 fuissent
2289 5276 2465 5330 Basdii
2501 5277 2814 5329 familiares.
2851 5274 3158 5341 Respondet
3188 5271 3417 5324 Basilius

1855 5384 1947 5438 per
1973 5370 2212 5432 Petrum,
2239 5386 2397 5440 quem
2435 5372 2597 5440 ipsius
2626 5370 2845 5422 fratrem
2874 5369 3040 5422 fuisse
3067 5367 3230 5419 nolim
3267 5379 3417 5417 asse-

1855 5478 2062 5527 verare,
2098 5467 2295 5536 quippe
2327 5484 2447 5521 cum
2481 5483 2603 5521 eum
2647 5466 2713 5519 de
2750 5480 2895 5519 more
2924 5462 3153 5517 Basilius
3189 5460 3411 5511 fratrem

1855 5568 2008 5609 suum
2055 5573 2155 5610 non
2189 5559 2442 5626 appellet.

1928 5648 2013 5704 IV.
2047 5650 2118 5702 Eo
2162 5652 2380 5706 charior
2415 5654 2645 5709 Eusebio
2685 5657 2959 5709 dcbmssct
3005 5665 3121 5706 esse
3155 5647 3406 5710 Basilius,

1918 5832 1985 5898 (ι’)
2011 5833 2122 5886 Lib.
2157 5851 2296 5896 xxvi,
2328 5852 2373 5886 c.
2412 5840 2461 5890 ϐ.
