4206 6518
737 494 804 534 XL
2075 467 2609 526 PROLEGOMENA.

736 609 841 664 quo
867 595 1039 664 magis
1072 609 1190 648 eum
1229 593 1280 645 in
1333 589 1552 645 ferendo
1582 590 1924 659 episcopatus
1955 605 2119 644 oncre
2144 589 2298 657 juva-
2328 598 2373 652 Α
2403 603 2583 652 causa,
2621 586 2948 653 abduxisset,
2988 587 3126 642 idem
3154 587 3294 642 illius
3324 587 3552 642 reditunt
3595 587 3657 640 ad
3712 587 3973 644 Ecclesite

737 689 850 742 bat.
899 687 1004 740 Sed
1059 685 1309 754 quamvis
1357 682 1647 752 Gregorius
1694 682 2050 736 dissensionis
2087 698 2304 736 causam

737 775 983 829 consulto
1007 784 1204 837 taceat,
1231 775 1442 828 videtur
1471 772 1655 827 Basilii
1699 774 1838 826 fama
1871 784 1924 827 et
1954 789 2198 828 summus
2229 774 2307 826 in-

737 866 876 932 genii
911 875 966 918 et
995 866 1253 918 doetrinae
1293 863 1547 933 splendor
1578 863 1766 918 oculos
1819 863 2033 919 Eusebii
2085 865 2304 918 laesisse.

736 954 869 1007 Erat
896 954 1042 1008 enim
1077 955 1341 1008 Eusebius
1367 963 1560 1007 caetera
1588 954 1804 1022 quidem
1834 953 1988 1008 fortis
2025 965 2079 1008 et
2110 955 2309 1024 pietate

739 1043 1089 1110 conspicuus,
1122 1053 1180 1096 ut
1219 1041 1519 1111 persecutio
1547 1042 1872 1106 declaravit;
1902 1045 1995 1098 sed
2019 1056 2197 1098 tamen
2225 1061 2308 1099 re-

741 1151 869 1190 cens
901 1136 952 1188 in
984 1135 1237 1189 cathedra
1267 1135 1558 1188 collocatus
1591 1134 1691 1204 (a),
1723 1136 1961 1190 nondum
1991 1152 2177 1192 omnes
2209 1154 2308 1191 sa:-

742 1227 845 1281 culi
884 1227 1112 1280 affectus
1149 1229 1494 1295 deposuerat,
1525 1244 1587 1281 ac
1631 1229 1846 1281 humani
1888 1229 2087 1298 aliquid
2116 1247 2305 1299 passus

739 1331 844 1385 est,
882 1331 936 1373 et
981 1319 1235 1372 Basiliutn
1271 1320 1339 1373 ab
1382 1318 1637 1374 Ecclesia:
1683 1321 2149 1377 administratione
2194 1339 2304 1377 non

739 1413 856 1465 sine
892 1411 1192 1480 ignominia
1250 1412 1502 1464 removit.
1553 1411 1752 1464 Ducem
1789 1427 1944 1466 suum
1992 1413 2070 1468 sic
2109 1414 2304 1484 injuria

739 1502 985 1556 affectum
1027 1511 1081 1555 et
1123 1499 1379 1568 reiectum
1432 1502 1681 1556 monachi
1745 1503 2107 1560 Czesarienses
2162 1503 2305 1560 ferre

739 1609 848 1648 non
885 1601 1177 1662 potuerunt
1207 1591 1313 1662 (b);
1366 1592 1458 1647 sed
1491 1595 1670 1647 statim
1714 1596 1904 1648 audaci
1953 1595 2194 1651 facinore
2240 1598 2306 1653 ab

736 1684 972 1756 episcopi
1007 1687 1384 1740 communione
1416 1687 1667 1741 recedere
1713 1695 1977 1752 statuunt,
2019 1703 2306 1759 secumque

737 1789 946 1847 partem
976 1777 1147 1846 plebis
1172 1787 1226 1832 et
1257 1778 1642 1833 honoratorum
1673 1794 1780 1833 non
1816 1781 2064 1849 exiguam
2095 1781 2306 1837 abstra-

738 1872 891 1926 hunt.
942 1871 1067 1925 Erat
1106 1871 1367 1941 perfacile
1415 1871 1650 1926 schisma
1694 1871 1948 1938 conflare,
2012 1874 2183 1929 tribus
2239 1875 2305 1928 de

737 1963 919 2024 causis
947 1981 959 2015 :
1012 1977 1172 2017 nemo
1207 1962 1570 2017 venerabilior
1598 1979 1664 2019 eo
1695 1965 1779 2018 cui
1813 1964 1953 2020 facta
1986 1966 2208 2036 injuria,
2242 1980 2304 2021 ac
2335 1940 2380 1999 Β

737 2056 963 2110 idoneus
996 2065 1115 2110 erat
1135 2053 1250 2124 qui,
1286 2054 1330 2109 si
1356 2054 1632 2121 voluisset,
1660 2056 1828 2111 robur
1849 2065 1900 2112 et
1931 2057 2184 2112 fiduciam
2217 2058 2304 2113 ad-

735 2152 889 2202 deret
920 2146 1144 2202 factioni
1170 2165 1184 2214 ;
1241 2145 1510 2202 Eusebius
1536 2147 1743 2200 civitati
1773 2157 2058 2216 suspectus
2088 2157 2304 2219 propter

736 2238 1171 2304 ordinationem;
1214 2238 1443 2292 aderant
1481 2252 1545 2291 ex
1583 2236 1876 2293 Occidente
1917 2239 2179 2308 episc0pi,
2214 2241 2300 2310 qui

736 2344 924 2384 omnes
954 2329 1283 2384 orthodoxos
1317 2331 1368 2384 in
1406 2344 1536 2384 suas
1566 2339 1748 2399 partes
1798 2332 2206 2400 pertrahebant.
2237 2336 2303 2386 At

736 2422 969 2478 Basilius
1001 2439 1105 2477 non
1148 2424 1192 2478 is
1221 2433 1360 2488 erat,
1397 2429 1488 2493 qui
1529 2433 1622 2476 aut
1672 2424 1738 2477 iis
1773 2437 1908 2491 quos
1943 2427 2301 2495 adversarios,

737 2526 831 2567 aut
877 2515 944 2568 iis
976 2530 1112 2584 quos
1151 2515 1378 2568 nimium
1417 2515 1500 2568 sui
1544 2514 1814 2568 studiosos
1855 2514 2114 2580 habebat,
2153 2516 2304 2570 oblu-

736 2608 870 2659 ctari
902 2607 1084 2670 vellet,
1113 2615 1204 2659 aut
1233 2604 1529 2660 Ecclesiam
1565 2621 1660 2661 sua
1693 2621 1854 2660 causa
1898 2605 2178 2659 dilacerari
2213 2622 2302 2675 pa-

737 2705 967 2761 teretur,
1010 2712 1132 2750 cum
1176 2698 1475 2765 praesertim
1521 2698 1735 2751 aliunde
1765 2709 2122 2766 oppugnatam
2164 2705 2216 2750 ct
2250 2699 2300 2752 in

735 2787 1031 2858 periculum
1064 2787 1363 2856 conjectam
1404 2788 1611 2842 videret
1645 2788 1712 2841 ob
1765 2787 2172 2852 haereticorum,
2215 2789 2302 2855 qui

738 2888 865 2933 tunc
897 2880 1169 2949 vigebant,
1205 2880 1556 2934 dominatum.
1592 2878 1772 2946 Quare
1804 2877 2115 2933 consiliario
2151 2885 2305 2931 utens

737 2979 791 3023 et
819 2971 1094 3025 hortatore
1127 2969 1390 3041 Gregorio
1436 2971 1572 3042 fugit
1601 2988 1722 3026 cum
1754 2971 1845 3026 illo
1872 2971 1925 3025 in
1972 2970 2220 3034 Pontum,
2253 2980 2307 3025 et

738 3065 1088 3129 monasteria,
1128 3081 1244 3136 quae
1291 3066 1404 3119 illic
1452 3077 1630 3131 erant,
1676 3066 1960 3137 gubernat.
2009 3063 2304 3134 E'piscopos

740 3157 859 3211 illos
905 3158 1269 3213 occidentales
1298 3159 1608 3213 existimant
1647 3160 1842 3212 eruditi
1880 3159 1981 3211 viri
2014 3158 2301 3213 Eusebium

739 3262 860 3303 esse
904 3248 1306 3303 V’crcellensem
1355 3265 1477 3304 cum
1525 3250 1644 3303 aliis
1688 3248 1983 3311 nonnullis,
2035 3249 2122 3318 qui
2153 3250 2306 3304 nobis

739 3341 938 3411 cogniti
975 3357 1080 3396 non
1127 3351 1272 3396 sunt.
1317 3341 1522 3395 Revera
1575 3351 1798 3394 narrant
1834 3342 2087 3394 Socrates
2139 3341 2209 3408 (ρ)
2257 3353 2311 3394 et

739 3431 964 3487 Rufinus
1015 3435 1091 3502 (ιι)
1153 3435 1210 3488 S.
1266 3435 1579 3500 Eusebium,
1642 3434 1928 3488 Antiochia
1984 3433 2306 3502 digressum,

739 3525 976 3580 Orientis
1008 3525 1281 3580 Ecclesias
1321 3540 1658 3595 peragrasse.
1693 3527 1819 3580 lude
1843 3525 2116 3580 concludit
2149 3524 2308 3580 Tille-

740 3615 975 3667 montius
999 3614 1282 3669 dissidium
1316 3613 1442 3668 illud
1475 3614 1542 3668 ad
1565 3629 1764 3668 annum
1800 3613 1906 3666 565
1948 3614 2304 3668 referendum.

743 3705 876 3769 Sed,
923 3705 970 3758 si
1020 3713 1148 3758 tunc
1183 3705 1354 3758 adfuit
1385 3705 1441 3758 S.
1480 3705 1743 3757 Eusebius
1781 3702 2169 3766 Vercelleusis,
2220 3721 2310 3758 ne-

739 3811 890 3854 cesse
929 3807 1010 3850 est
1044 3796 1318 3864 longiores
1349 3796 1397 3850 ei
1434 3795 1484 3849 in
1516 3795 1738 3851 Oriente
1768 3810 1950 3850 moras
1993 3795 2307 3860 attribuere,

740 3902 862 3941 cum
896 3888 1081 3945 Basilii
1130 3891 1405 3945 ordinatio
1453 3893 1517 3945 ad
1569 3904 1768 3944 annum
1802 3888 1906 3945 365
1955 3889 2146 3944 referri
2201 3904 2305 3943 non

739 3982 931 4049 possit.

813 4076 876 4128 V.
913 4074 968 4128 Si
1024 4073 1262 4129 secessio
1315 4073 1503 4129 Basilii
1558 4076 1712 4144 digna
1771 4076 1872 4130 fuit
1929 4077 2305 4138 admiratione,

741 4165 910 4219 multo
939 4166 1148 4235 dignior
1177 4167 1384 4221 reditus
1410 4166 1637 4220 exstitit.
1677 4165 1808 4220 Nam
1859 4182 1982 4225 cum
2032 4165 2100 4235 (ε)
2138 4167 2308 4235 impe-

741 4266 891 4312 rator
921 4256 1134 4319 Valens,
1166 4258 1283 4309 auri
1331 4257 1758 4320 amantissimus,
1798 4267 1854 4311 ut
1883 4259 1960 4312 ait
1990 4255 2304 4324 Gregorius,

743 4357 795 4398 et
820 4348 1019 4402 Christi
1045 4348 1469 4413 inimicissimus,
1515 4349 1775 4404 Caesarea:
1820 4348 2128 4403 immineret
2167 4362 2307 4401 anno

740 4437 869 4500 365,
896 4451 1084 4504 agmen
1112 4440 1334 4508 impium
1363 4454 1546 4508 agens,
1583 4443 1866 4509 episcopos
1893 4442 2142 4504 Arianos,
2179 4453 2304 4491 cru-

742 4529 888 4584 deles
925 4526 1284 4582 Ecclesiarum
1334 4529 1657 4594 tetrarchas,
1689 4529 2035 4585 Caesariensis
2067 4528 2305 4583 Ecclesia

2414 680 2776 734 defensionem
2827 681 2938 748 pari
2976 682 3253 749 prudentia
3291 680 3547 734 confecit.
3576 679 3808 735 Vocatus
3847 696 3973 749 per-

2411 775 2703 828 honorifice
2729 775 2793 828 ab
2826 773 3057 828 Eusebio
3093 773 3410 827 Caesariensi
3449 773 3513 825 ad
3545 773 3774 840 aliquem
3805 770 3970 840 spiri-

2410 864 2568 918 talem
2601 873 2946 929 conventum,
2987 864 3037 917 id
3067 873 3149 917 est
3192 863 3256 916 ad
3308 861 3537 929 aliquem
3574 862 3714 914 diem
3751 861 3972 926 festorn,

2410 966 2618 1025 gratum
2662 958 2923 1020 animum,
2970 967 3026 1010 ut
3057 971 3154 1026 par
3186 965 3323 1018 erat,
3363 953 3688 1022 significavit
3715 951 3784 1021 (f)
3820 969 3833 1014 ;
3877 953 3972 1004 sed

2411 1065 2514 1103 non
2546 1050 2726 1103 omisit
2759 1049 3097 1104 occasionem
3125 1049 3293 1102 libere
3320 1045 3704 1114 conquereudi,
3725 1043 3866 1113 quod
3894 1043 3973 1095 in-

2407 1138 2602 1207 juriam
2631 1138 2826 1192 Basilio
2867 1139 3082 1191 fecisset
3127 1137 3387 1191 Eusebius
3429 1144 3482 1188 et
3519 1136 3692 1188 adhuc
3741 1134 3969 1186 faceret.

2412 1230 2546 1282 Dum
2578 1229 2717 1282 enim
2756 1229 2856 1283 sibi
2885 1230 3142 1282 honorem
3181 1229 3359 1290 habet,
3398 1234 3703 1292 contempto
3729 1223 3929 1276 Basilio
3952 1262 3968 1285 ,

2409 1317 2550 1371 idem
2590 1333 2709 1372 eum
2739 1318 2938 1382 facere,
2975 1332 3036 1371 ac
3066 1318 3107 1370 si
3146 1319 3267 1386 quis
3300 1317 3456 1371 unius
3482 1315 3582 1368 viri
3616 1324 3775 1382 caput
3799 1313 3972 1366 altera

2409 1425 2571 1464 tnanu
2607 1409 2926 1476 demulceat,
2985 1409 3151 1462 altera
3202 1409 3398 1462 malam
3449 1407 3639 1468 feriat;
3687 1406 3970 1460 autetiam

2407 1500 2679 1557 convulsis
2714 1501 2900 1556 domus
2949 1501 3312 1555 fundamentis
3354 1502 3587 1566 parietes
3632 1501 3838 1569 pingat,
3876 1508 3968 1551 at-

2407 1612 2510 1667 que
2552 1604 2803 1649 externas
2842 1605 3017 1664 partes
3061 1603 3308 1649 exornet.
3353 1593 3644 1648 Pollicetur
3694 1606 3966 1648 summam

2406 1687 2520 1743 fore
2553 1689 2606 1743 in
2649 1703 2771 1743 eum
2804 1687 2985 1742 Basilii
3029 1686 3446 1746 observantiam,
3484 1685 3525 1737 si
3556 1701 3741 1755 :equus
3777 1687 3828 1739 in
3859 1685 3966 1739 Ba-

2406 1781 2581 1835 silium
2631 1779 2761 1834 esse
2811 1779 2972 1845 velit;
3017 1795 3075 1834 se
3128 1793 3340 1850 quoque
3391 1777 3571 1831 statim
3630 1788 3970 1844 secuturum,

2407 1874 2850 1940 quemadmodum
2885 1873 3083 1927 umbrae
3122 1888 3346 1942 corpora
3385 1881 3700 1939 sequuntur.

2481 1965 2736 2028 Quamvis
2776 1965 3194 2020 admonitionem
3236 1965 3450 2018 eximiis
3482 1961 3725 2046 laudibus
3757 1971 3970 2031 tempe-

2411 2065 2513 2121 ret,
2539 2071 2768 2127 eumque
2795 2058 3132 2113 sacerdotem
3169 2056 3398 2125 appellet
3426 2056 3686 2118 omnium,
3711 2068 3845 2120 quos
3875 2070 3977 2107 no-

2410 2148 2638 2213 verit,et
2670 2151 2774 2202 vita
2807 2159 2860 2204 et
2884 2163 3134 2206 sermone
3165 2147 3690 2217 prmstantissimum,
3719 2143 3858 2198 illius
3891 2154 3975 2196 ta-

2411 2254 2533 2294 men
2579 2239 2878 2294 libertatem
2915 2242 3018 2295 sibi
3066 2241 3380 2311 injuriosam
3425 2239 3596 2292 videri
3644 2235 3976 2305 signiﬁcavit

2410 2332 2688 2387 Eusebius.
2727 2329 2862 2384 Tum
2903 2331 3196 2401 Gregorius
3228 2331 3302 2402 (g)
3341 2329 3660 2385 declaratse
3694 2343 3797 2383 non
3837 2342 3974 2381 con-

2413 2425 2708 2490 tumeliose,
2740 2424 2830 2478 sed
2867 2426 3268 2478 accommodate
3303 2426 3366 2477 ad
3397 2425 3537 2493 leges
3573 2423 3794 2493 spiritus
3839 2419 3979 2476 srri-

2409 2518 2578 2585 psisse
2615 2535 2626 2569 :
2659 2531 2868 2585 aequum
2899 2515 3040 2568 enim
3071 2528 3211 2577 esse,
3247 2523 3303 2566 ut
3332 2514 3429 2566 sibi
3463 2515 3745 2579 Eusebius,
3771 2528 3970 2583 quam-

2409 2609 2490 2661 vis
2516 2607 2680 2677 gradu
2725 2606 2968 2676 superior
2990 2605 3079 2670 sit,
3108 2603 3308 2672 justam
3347 2601 3649 2657 libertatem
3686 2604 3968 2658 concedat.

2409 2699 2695 2763 Caeterum,
2729 2701 2770 2753 si
2803 2715 2860 2754 se
2895 2700 3067 2754 instar
3100 2697 3284 2752 famuli
3321 2711 3440 2750 esse
3476 2695 3620 2758 velit,
3670 2697 3866 2763 quique
3905 2710 3977 2750 ne

2411 2791 2622 2845 ohtueri
2653 2791 2868 2859 quidem
2901 2791 3114 2854 debeat,
3145 2803 3427 2859 passurum
3454 2802 3512 2841 se
3539 2787 3676 2839 hanc
3700 2785 3977 2854 injuriam,

2412 2881 2504 2934 sed
2531 2879 2583 2932 id
2611 2881 2808 2947 pietate
2833 2879 3047 2934 Eusebii
3076 2895 3293 2950 prorsus
3317 2881 3589 2950 indignum
3622 2891 3760 2930 esse.
3799 2875 3980 2944 Signi-

2413 2972 2535 3024 ﬁcat
2560 2972 2611 3024 in
2637 2970 2738 3022 alia
2764 2972 2984 3038 epistola
3018 2972 3093 3039 (Ii)
3128 2972 3326 3024 nullam
3367 2985 3424 3023 se
3469 2969 3814 3024 offensionem
3857 2969 3980 3020 ani-

2413 3080 2501 3118 mo
2528 3063 2868 3132 suscepisse;
2925 3064 3043 3127 sed,
3096 3064 3306 3116 etiamsi
3364 3063 3709 3131 suscepisset,
3743 3062 3980 3116 libenter

2411 3159 2513 3211 hoc
2546 3165 2786 3226 tempore
2828 3157 3217 3224 depositurum,
3258 3168 3377 3207 cum
3407 3155 3583 3205 videat
3623 3151 3764 3206 feras
3791 3154 3844 3206 in
3871 3153 3980 3207 Ee~

2412 3249 2628 3303 clesiam
2670 3250 2957 3312 irruentes,
3004 3259 3058 3302 et
3094 3261 3353 3314 generose
3408 3247 3748 3300 resistentem
3800 3245 3976 3300 Euse-

2412 3342 2578 3393 bium.
2621 3339 2804 3409 ltaque
2838 3351 3125 3393 venturum
3159 3355 3216 3392 se
3245 3338 3528 3407 promittit,
3567 3337 3610 3391 si
3638 3337 3706 3390 ita
3733 3337 3980 3390 videatur

2410 3430 2664 3495 Eusebio,
2711 3442 2769 3484 ut
2807 3448 2925 3484 cum
2957 3431 3096 3483 illius
3130 3430 3379 3497 precibus
3420 3445 3547 3483 suas
3585 3428 3895 3497 coniungat.
3923 3438 3980 3483 ct

2411 3522 2568 3577 simul
2595 3531 2816 3592 pugnet,
2854 3535 3105 3589 eumque,
3148 3530 3206 3573 ut
3254 3521 3761 3587 praestantissimum
3799 3519 3977 3574 athle-

2412 3625 2518 3669 tam
2545 3614 2692 3683 pueri
2721 3614 3049 3677 hortatores,
3075 3610 3458 3666 succlamando
3484 3611 3689 3664 incitet.

2479 3706 2594 3760 Non
2628 3707 2832 3774 ingrata
2876 3703 2974 3757 fuit
3004 3703 3232 3757 Eusebio
3266 3717 3429 3771 opera
3459 3701 3700 3770 Gregorii
3733 3701 3819 3772 fi),
3861 3713 3976 3756 sta-

2413 3797 2617 3862 timque
2644 3798 2709 3847 ad
2735 3811 2854 3850 eum
2885 3811 2942 3850 se
2981 3795 3207 3850 contulit
3236 3793 3545 3865 Gregorius,
3578 3808 3808 3863 eumque
3842 3805 3981 3850 tem-

2411 3903 2563 3957 pore,
2591 3897 2646 3942 ut
2680 3888 2881 3941 ferrum
2918 3889 3060 3957 igne,
3103 3890 3365 3944 mollitum
3409 3904 3527 3944 esse
3577 3889 3978 3955 animadvertit,

2409 3993 2462 4038 et
2517 3983 2582 4037 ad
2638 3981 2961 4035 reddendam
3011 3979 3210 4032 Basilio
3257 3981 3683 4034 benevolentiam
3753 3984 3976 4037 omnino

2408 4073 2762 4143 propendere.
2817 4070 3120 4137 Quinetiam
3161 4068 3483 4136 significavit
3514 4085 3572 4122 se
3603 4071 3667 4122 ad
3718 4071 3976 4126 Basilium

2408 4165 2652 4227 placandi
2701 4173 2753 4219 et
2821 4162 3111 4217 advocandi
3171 4177 3330 4216 causa
3398 4161 3751 4229 scripturum,
3810 4163 3975 4231 idque

2410 4256 2587 4321 inulti,
2623 4257 2714 4323 qui
2743 4256 2958 4308 Eusebii
3004 4255 3243 4309 consiliis
3275 4253 3452 4309 intimi
3486 4265 3662 4319 erant,
3689 4253 3982 4307 confirma-

2409 4357 2556 4402 runt.
2611 4347 2802 4400 Statim
2847 4361 2973 4416 crgo
3014 4346 3306 4417 Gregorius
3352 4348 3611 4402 Basilium
3669 4347 3836 4402 totius
3897 4345 3977 4400 rei

2409 4441 2692 4495 certiorem
2727 4438 2874 4502 facit,
2899 4453 3130 4506 eumque
3162 4439 3429 4500 hortatur,
3469 4449 3525 4492 ut
3555 4441 3863 4510 episcopum
3888 4454 3984 4491 oc-

2409 4542 2567 4602 cupet
2616 4543 2709 4584 aut
2757 4532 3093 4586 adveniendo
3147 4540 3238 4583 aut
3308 4532 3616 4599 scribendo,
3671 4533 3753 4585 vel
3805 4530 3982 4597 potius

741 4621 795 4673 in
835 4620 1129 4674 maximum
1159 4619 1452 4687 periculum
1487 4632 1726 4676 venerat.
1783 4619 1915 4673 Nam
1955 4621 2190 4675 strenuis
2216 4619 2302 4674 illa
2337 4634 2380 4687 1)
2410 4625 2690 4679 scribendo
2735 4639 2796 4676 ac
2845 4624 3037 4677 deinde
3083 4624 3367 4678 veniendo.
3418 4625 3531 4678 Non
3587 4624 3733 4678 enim
3783 4622 3980 4680 honori

742 4711 960 4776 quidem
985 4709 1118 4762 viris
1146 4708 1469 4774 abundabat,
1504 4708 1594 4762 sed
1624 4717 2023 4778 propugnatore
2055 4708 2308 4761 destituta

741 4808 860 4852 erat
905 4814 967 4851 ac
1010 4797 1297 4852 defensore
1336 4799 1604 4851 sermonis
1657 4808 1708 4850 et
1758 4798 1980 4866 spiritus
2043 4796 2306 4864 prarsidiis

741 4891 1008 4944 instructo
1041 4907 1052 4942 :
1096 4905 1195 4943 nec
1221 4888 1436 4952 Ariani,
1483 4890 1568 4955 qui
1610 4889 1718 4955 jam
1756 4890 1889 4942 alias
1923 4886 2196 4941 Ecclesias
2223 4888 2300 4940 vi-

741 4996 944 5052 cerant,
980 4985 1114 5040 alias
1138 4985 1544 5056 oppugnabant,
1583 4985 1716 5038 alias
1743 4984 1980 5037 victuros
2025 4996 2085 5036 se
2117 4996 2302 5050 spera-

740 5076 893 5139 bant,
918 5077 1021 5130 ulla
1057 5092 1114 5130 re
1146 5077 1248 5130 alia
1300 5077 1471 5146 magis
1496 5075 1846 5144 erigebantur
1875 5076 1939 5128 ad
1981 5089 2128 5142 spem
2153 5089 2302 5128 ever-

741 5164 917 5219 tendat
944 5166 1220 5232 Caesareae,
1262 5181 1420 5236 quam
1462 5165 1646 5218 Basilii
1685 5181 1901 5221 secessu
1933 5175 1985 5218 et
2016 5164 2169 5217 ducis
2198 5164 2301 5217 im-

738 5258 957 5327 peritia.

813 5348 918 5405 Sed
953 5363 1136 5403 eorum
1196 5351 1357 5422 fregit
1395 5351 1615 5408 consilia
1669 5351 1959 5425 Gregorius
2007 5350 2302 5404 Nazianze-

739 5459 861 5506 nus,
897 5441 987 5511 qui
1021 5457 1140 5496 cum
1167 5441 1705 5511 BasiliumCmsarea,
1738 5447 1883 5514 pacis
1922 5443 2302 5500 ecclesiasticae

813 5630 888 5700 (η)
922 5630 1076 5695 Naz.,
1113 5647 1163 5699 p.
1200 5632 1318 5684 540.

812 5705 883 5772 (b)
916 5704 1042 5772 Ibid.
1075 5719 1125 5768 ρ.
1153 5701 1275 5755 556.

816 5773 886 5833 (ε)
914 5771 1032 5824 Lib.
1065 5788 1145 5834 tu,
1177 5790 1225 5824 (α.
1255 5771 1303 5823 9.

815 5843 892 5899 (di
919 5841 1031 5895 Lib.
1063 5859 1097 5902 ι,
1126 5857 1171 5893 c.
1211 5843 1294 5893 50.

819 5913 886 5980 (c)
916 5910 1038 5964 Nat.
1067 5927 1145 5963 0r.
1179 5910 1269 5962 ‘20.

2410 4717 2646 4771 futurum
2679 4714 2894 4782 Basilio,
2925 4717 2968 4770 si
3004 4715 3148 4784 prior
3187 4716 3469 4786 episcOpus
3507 4716 3737 4769 cessisse
3771 4716 3983 4772 videre-

2411 4819 2515 4860 tur.
2555 4807 2817 4862 Praetcrea
2854 4807 3062 4874 tempus
3107 4809 3396 4875 postulare,
3436 4819 3491 4860 ut
3530 4821 3665 4874 quos
3714 4807 3978 4863 hactenus

2409 4898 2632 4953 sudores
2666 4917 2724 4952 ac.
2759 4901 2970 4953 labores
3005 4901 3279 4965 sustinuit,
3320 4916 3655 4968 nequaquam
3690 4901 3810 4957 illos
3841 4913 3980 4956 tem-

2410 4993 2554 5062 poris
2597 5002 2797 5061 puncto
2842 4991 3098 5058 effundat,
3154 4994 3244 5047 sed
3290 4994 3463 5061 potius
3504 4994 3703 5048 auxilio
3730 5004 3981 5048 acrurrat

2411 5081 2662 5135 Ecclesia:
2709 5082 3084 5135 hmreticoruni
3145 5097 3409 5137 concursu
3465 5094 3689 5146 vexatio,
3749 5099 3976 5152 quorum

2413 5170 2503 5222 alii
2549 5170 2656 5236 jam
2707 5172 2930 5223 aderant
2965 5181 3016 5222 et
3051 5172 3236 5224 turbas
3262 5171 3493 5238 ciebant,
3543 5175 3626 5226 alii
3668 5188 3787 5226 mox
3822 5187 3979 5230 erant

2411 5259 2643 5314 afluturi.
2684 5259 2956 5313 l’rontiltit
3001 5277 3055 5314 se
3096 5263 3345 5316 comitem
3385 5265 3595 5318 itineris
3638 5264 3868 5320 libenter
3903 5267 3980 5319 fu-

2412 5363 2607 5419 turum,
2638 5354 2678 5405 si
2710 5354 2808 5404 hoc
2831 5367 3007 5420 opera:
3033 5354 3263 5421 pretium
3290 5356 3557 5410 existimet
3585 5355 3830 5411 Basilius.

2484 5443 2595 5497 Non
2631 5446 2813 5497 multis
2843 5459 2976 5512 opus
3016 5445 3198 5499 habuit
3221 5447 3557 5502 sermonibus
3589 5463 3845 5517 generosa
3875 5446 3975 5501 Ba-

2485 5627 2552 5693 (ί)
2582 5627 2711 5681 Ντιῑ.
2748 5644 2832 5690 cp.
2864 5627 2952 5683 ‘20.

2482 5700 2553 5765 (ῃ)
2590 5699 2680 5766 ep.
2718 5700 2836 5751 169.

2483 5769 2556 5834 (Ιι)
2592 5771 2682 5834 Ιεξι),
2721 5769 2832 5821 ΠΟ.

2483 5838 2556 5907 (i)
2592 5841 2684 5907 ιςιι.
2717 5840 2797 5891 ιυ.
