4206 6494
1560 450 1718 504 \‘lTA
1762 450 1819 505 S.
1862 450 2125 506 BASlLll.
3351 467 3436 505 xu

207 560 487 620 siliianima
524 564 634 633 (υ),
674 566 776 619 sed
813 569 1002 621 statim
1037 582 1095 621 ac
1123 567 1436 634 Gregorium
1467 568 1598 622 vidit
1623 567 1781 638 legati
1812 572 1858 630 Α
1889 570 2018 623 titur
2062 582 2239 621 rerum
2281 581 2307 618 a
2336 566 2532 620 Basilio
2586 566 2895 635 presbytero
2930 574 3201 636 gestarum
3249 569 3437 636 series,

216 671 383 710 namus
424 656 763 722 obeuntem,
808 675 936 712 eum
990 675 1052 713 eo
1084 661 1317 712 accurrit
1353 659 1672 724 Czesarcani,
1717 677 1778 715 ac

222 749 355 804 nullis
378 765 603 819 prorsus
629 751 936 803 simulzatis
978 750 1217 819 reliquiis
1243 752 1293 803 in
1335 753 1510 806 animo
1542 753 1778 806 residen-

227 844 349 896 tibus
375 853 544 895 totum
578 857 638 896 se
683 843 752 895 ad
785 843 1148 896 defensionem
1184 841 1433 897 Ecclesiae
1461 844 1648 897 matris
1675 844 1779 896 im-

230 936 406 1002 pendit.
449 935 645 987 Omnia
680 937 874 1004 quippe
910 935 1062 991 simul
1104 946 1336 1002 pra‘stat,
1384 934 1554 1002 inquit
1580 934 1782 1003 Grego-

232 1031 345 1089 rius,
387 1027 696 1078 inimicitias
739 1029 974 1093 tleponit,
1019 1029 1296 1090 consultat,
1342 1028 1502 1080 aciem
1544 1027 1778 1093 instruit,

232 1118 471 1169 scandala
501 1128 546 1169 et
584 1115 926 1185 oﬂ'entlicula,
956 1133 1070 1184 qua:
1109 1119 1161 1170 in
1189 1119 1352 1170 medio
1384 1127 1552 1180 erant,
1577 1118 1781 1171 submo-

232 1219 320 1271 vet,
346 1219 634 1274 cunctaque
651 1223 736 1268 ea,
765 1223 986 1276 quorum
1019 1209 1210 1276 ﬁducia
1239 1209 1314 1259 illi
1343 1225 1431 1260 nos
1460 1209 1590 1260 bello
1617 1210 1780 1262 laces-

227 1301 403 1351 sendos
443 1309 773 1364 putaverant.
824 1299 967 1353 Alios
1001 1302 1239 1362 assmnit,
1277 1301 1405 1352 alios
1426 1304 1624 1364 retinet,
1653 1303 1781 1355 alios

225 1389 509 1456 propulsat.
568 1388 697 1440 Aliis
749 1406 929 1443 murus
986 1390 1166 1456 ﬁrmus
1209 1401 1253 1443 et
1296 1391 1486 1443 vallum
1531 1393 1780 1460 eﬂicitur;

225 1480 342 1533 aliis
375 1480 574 1533 securis
607 1491 804 1542 petram
834 1481 1091 1545 scindens,
1121 1491 1207 1534 aut
1246 1483 1378 1550 ignis
1419 1484 1470 1534 in
1512 1484 1695 1549 spinis,
1729 1493 1781 1534 ut

223 1572 394 1623 dir-ina
427 1569 704 1637 Scriptura
746 1573 996 1641 loquitur,
1043 1575 1390 1626 sarmentitios
1447 1575 1676 1626 homines
1735 1583 1780 1626 et

225 1663 278 1711 in
315 1660 651 1713 'divinitatem
697 1663 1111 1724 contumeliosos,
1153 1663 1304 1724 facile
1345 1665 1634 1716 absumens.
1679 1662 1781 1717 De-

223 1752 396 1804 clarat
419 1753 735 1820 Gregorius,
772 1756 815 1808 si
851 1756 976 1824 quid
1004 1754 1272 1810 Barnabas
1310 1755 1468 1812 Paulo
1492 1756 1782 1810 decertanti

223 1845 436 1898 navavit
491 1847 594 1912 (sic
640 1848 782 1900 enim
831 1857 884 1901 et
918 1863 974 1901 se
1023 1848 1353 1902 ctBasilium
1410 1848 1699 1918 designat),
1732 1850 1781 1903 id

222 1933 386 1990 Paulo
423 1939 771 1993 tribuendum
803 1954 938 2002 esse,
968 1940 1056 2006 qui
1086 1955 1206 1994 eum
1243 1942 1548 1996 certaminis
1579 1943 1780 1996 socium

222 2028 486 2082 adhibuit.
553 2027 780 2084 Rediere
825 2044 952 2098 ergo
985 2045 1041 2083 re
1099 2031 1293 2085 infecta
1354 2031 1616 2098 lueretici,
1662 2043 1784 2088 tunc

222 2122 455 2191 primum
489 2124 696 2191 pudore
721 2121 905 2176 suffusi
933 2132 986 2174 ct
1016 2122 1158 2182 victi,
1191 2137 1290 2176 nec
1313 2122 1454 2176 aliud
1495 2125 1782 2194 quidquam

221 2229 283 2268 ex
318 2215 483 2268 tantis
516 2215 794 2268 conatibus
826 2223 1202 2284 perceperunt,
1235 2215 1416 2270 nisiut
1445 2218 1696 2270 invictum
1734 2218 1784 2270 in

223 2307 561 2362 defendenda
613 2306 896 2361 Trinitatis
957 2309 1060 2363 fide
1108 2309 1484 2379 Cappadocum
1548 2310 1784 2364 animum

224 2401 616 2470 perspicerent.

292 2490 378 2544 γι.
416 2490 792 2547 Secessionem
818 2507 880 2546 ac
906 2493 1134 2547 reditum
1161 2494 1336 2546 Basilii
1369 2493 1524 2548 aliter
1552 2509 1614 2550 ac
1638 2494 1789 2550 Tillc-

227 2585 462 2638 montius
498 2595 554 2639 et
580 2584 668 2638 alii
702 2586 876 2639 critici
912 2586 1298 2638 distribuimus.
1334 2585 1465 2640 Nam
1499 2591 1787 2643 SCCCSSlS:C

224 2675 366 2730 illum
409 2692 553 2731 anno
588 2676 716 2743 565,
737 2677 958 2730 rediisse
1002 2692 1142 2730 anno
1178 2677 1280 2732 566
1314 2682 1586 2734 existimat
1625 2679 1787 2734 Tillc-

224 2769 478 2823 montius.
519 2768 766 2822 Beditum
796 2768 865 2820 ad
908 2783 1104 2822 annum
1139 2769 1242 2822 567
1271 2787 1390 2823 cum
1434 2771 1666 2826 Baronio
1703 2787 1788 2826 re-

221 2859 413 2928 jiciunt
466 2859 870 2914 continuatores
926 2859 1198 2924 Bollandi,
1258 2859 1452 2930 Pagius
1491 2863 1556 2916 ad
1591 2878 1785 2915 annum

224 2947 344 3002 570.
375 2947 627 3002 Pluribus
676 2947 942 3002 rationum
983 2951 1266 3003 momentis
1297 2951 1556 3014 adducor,
1581 2962 1638 3003 ut
1665 2967 1787 3005 eum

226 3056 363 3096 anno
401 3041 506 3095 564
537 3051 787 3104 exeunte,
823 3053 913 3095 aut
960 3043 1174 3096 ineunte
1213 3042 1336 3106 363,
1373 3043 1673 3096 existimem
1700 3059 1786 3098 se-

229 3135 475 3194 cessisse,
521 3145 664 3184 anno
692 3141 867 3186 autem
897 3134 999 3187 565
1039 3135 1282 3188 rediisse.
1330 3133 1401 3186 De
1429 3149 1645 3189 secessu
1677 3136 1786 3206 jam

1881 677 2034 729 quam
2073 659 2208 713 infra
2259 669 2516 714 texemus.
2563 658 2684 728 Ipse
2721 659 3011 724 Gregorius
3057 660 3186 714 nihil
3227 661 3279 714 in
3329 664 3440 733 pri-

1881 753 2103 807 mordiis
2147 752 2434 805 sacerdotii
2472 762 2657 805 narrat
2699 762 2896 821 prmter
2941 753 3267 806 simultatem
3314 769 3440 808 cum

1883 845 2132 899 Eusebio.
2158 844 2372 897 Initium
2409 859 2719 910 magnarum
2755 859 2934 897 rerum
2977 858 3004 896 a
3043 843 3216 898 reditu
3252 845 3438 907 sumit,

1879 937 2020 1005 quod
2044 946 2356 1004 argumento
2385 946 2466 990 est
2501 950 2596 989 nec
2635 936 2720 988 diu
2763 935 2999 988 abfuisse
3036 934 3308 999 Basiliam,
3345 952 3441 990 nec

1883 1029 2050 1082 multo
2098 1037 2216 1096 post
2267 1029 2660 1082 ordinationem
2719 1029 3030 1082 secessisse.
3084 1028 3139 1080 2°
3192 1028 3443 1082 Certissi-

1883 1134 2025 1172 tnum
2085 1128 2455 1187 argumentum
2508 1120 2811 1188 suppeditat
2868 1119 3098 1173 Valentis
3145 1120 3195 1172 in
3253 1120 3441 1173 urbem

1883 1209 2180 1262 Carsaream
2213 1209 2469 1262 adventus
2501 1225 2640 1262 attno
2662 1210 2783 1263 565.
2817 1210 2945 1263 Erat
2983 1212 3033 1264 in
3073 1212 3171 1264 hac
3217 1213 3350 1265 urbe
3391 1226 3444 1264 tv

1882 1297 2018 1352 Non.
2045 1297 2148 1352 Jul.
2181 1300 2366 1353 eodem
2396 1316 2556 1362 anno,
2588 1311 2645 1354 ut
2671 1303 2994 1371 perspicitur
3015 1317 3080 1356 ex
3113 1302 3226 1371 lege
3255 1303 3442 1371 quinta

1883 1390 1946 1442 de
1987 1391 2390 1456 susceptoribus
2422 1393 2543 1443 data
2572 1391 2845 1455 Caasareae,
2897 1391 3028 1446 Cod.
3068 1392 3270 1448 Theod.
3311 1403 3440 1447 tom.

1883 1477 1971 1544 IV,
2014 1496 2064 1547 p.
2094 1479 2216 1533 539.
2247 1480 2300 1532 In
2323 1481 2507 1534 eadem
2534 1483 2662 1534 urbe
2691 1483 2932 1536 nuntium
2958 1485 3162 1554 accepit
3193 1483 3445 1538 defectio-

1884 1574 1967 1626 nis
1998 1571 2265 1642 Procopii.
2305 1571 2566 1625 Valentem
2605 1591 2634 1624 a
2663 1572 2903 1626 C(csarea
2949 1574 3331 1644 Cappadocum,
3363 1577 3446 1630 in-

1883 1664 2000 1732 quit
2035 1666 2352 1720 An‘nnianus
2379 1664 2470 1733 (c),
2505 1676 2554 1715 ut
2588 1667 2846 1730 vaporatis
2875 1666 3083 1720 testibus
3111 1657 3307 1722 Cilicite
3327 1669 3442 1737 jam

1884 1757 2052 1810 lenitis
2093 1758 2159 1809 ad
2201 1758 2488 1810 Antiochite
2537 1767 2854 1824 percurreret
2898 1759 3059 1822 sedes,
3120 1760 3445 1828 Sophronias

1885 1851 2062 1902 avertit
2092 1848 2377 1906 Calatiam.
2421 1850 2738 1904 defectionis
2773 1851 3008 1918 Procopii
3039 1853 3280 1906 nuntium
3321 1851 3449 1906 alie-

1888 1959 2030 1996 rens.
2071 1943 2200 2008 Quis
2226 1957 2352 2012 ergo
2387 1943 2594 1996 dubitet
2621 1943 2684 1994 ad
2721 1942 2861 1996 hunc
2899 1959 3096 1997 annum
3136 1944 3335 1998 referre
3362 1960 3446 1999 re-

1886 2034 2051 2087 (litum
2084 2034 2289 2097 Basilii,
2315 2035 2402 2102 qui
2434 2034 2736 2088 necessario
2762 2033 3077 2102 coniunctus
3104 2045 3183 2089 est
3212 2050 3329 2089 cum
3355 2035 3448 2090 ad-

1886 2133 2046 2176 ventu
2079 2122 2352 2176 Valentis?

1947 2215 2163 2269 Fatetur
2184 2214 2553 2269 Tillemontius
2585 2212 2860 2268 Valentem
2901 2215 3110 2269 venisse
3139 2213 3437 2268 Caesaream

1887 2323 2027 2362 anno
2053 2306 2193 2374 56:3;
2227 2322 2396 2376 neque
2432 2307 2648 2361 enimid
2685 2307 2869 2375 negari
2901 2308 3090 2374 possit.
3127 2307 3232 2362 Sed
3266 2308 3450 2361 venire

1887 2400 2080 2454 iterum
2115 2401 2353 2468 potuisse
2409 2399 2683 2453 contendit
2718 2413 2858 2451 anno
2900 2399 3024 2451 566.
3078 2398 3256 2451 Ροιιιίι
3319 2414 3450 2453 sane

1886 2492 2091 2552 venire,
2131 2491 2221 2544 sed
2261 2505 2382 2544 eum
2419 2491 2627 2544 venisse
2670 2490 2816 2545 nullo
2865 2505 3086 2555 prorsus
3133 2501 3449 2559 argumento

1887 2583 2148 2650 suspicari
2201 2597 2507 2652 possumus.
2560 2581 2668 2635 lmo
2695 2599 2801 2636 non
2844 2584 3075 2647 venisse,
3111 2584 3296 2638 saltem
3329 2599 3448 2638 cum

1889 2676 2259 2744 triumphante
2308 2675 2396 2729 illo
2447 2675 2819 2742 episcoporum
2865 2674 3239 2729 hasreticorum
3285 2676 3453 2729 comi-

1890 2777 2022 2832 tatu,
2089 2776 2424 2836 perspectum
2484 2775 2538 2819 et
2590 2766 2926 2832 exploratum
2983 2766 3261 2820 habemus.
3317 2764 3449 2817 Nam

1888 2865 2033 2916 victo
2062 2876 2225 2931 prope
2254 2860 2525 2914 Nacoliam
2561 2859 2612 2911 in
2649 2858 2876 2927 Phrygia
2913 2866 2965 2910 ct
2992 2857 3168 2912 occiso
3192 2855 3452 2926 Proc0pio

1888 2952 1972 3005 die
2001 2952 2068 3003 9.7
2093 2951 2238 3012 Maii,
2272 2965 2410 3002 anno
2445 2949 2569 3012 556,
2607 2960 2790 3018 postea
2828 2948 3073 3017 negotiis,
3113 2964 3232 3018 qua:
3284 2949 3453 3002 victo-

1890 3042 2022 3096 riam
2067 3042 2119 3095 in
2141 3040 2282 3095 bello
2310 3040 2456 3095 civili
2487 3041 2740 3109 subsequi
2776 3040 2970 3102 solent,
2997 3051 3292 3108 occupatus
3327 3041 3451 3106 fuit,

1890 3151 1952 3191 ac
1991 3151 2093 3191 non
2149 3149 2336 3203 parum
2397 3134 2650 3202 temporis
2697 3133 2748 3185 in
2800 3132 3032 3186 consciis
3078 3133 3454 3201 perquirendis

229 3240 415 3290 magna
457 3241 522 3278 ex
549 3235 700 3294 parte
731 3225 967 3292 perfecta
1000 3241 1084 3278 res
1115 3240 1179 3279 ex
1211 3226 1294 3281 his
1323 3241 1440 3295 quae
1464 3227 1696 3284 diximus
1725 3230 1789 3285 dc
1818 3252 1858 3309 ο
1894 3227 2200 3296 insumpsit.
2239 3226 2528 3295 Postquam
2585 3232 2765 3278 autem
2835 3223 2919 3278 his
2977 3223 3124 3278 curis
3174 3225 3456 3292 expeditus

230 3319 370 3372 illius
399 3319 760 3374 ordinatione.
793 3319 924 3373 Nam
949 3319 993 3373 si
1030 3321 1313 3391 presbyter
1337 3331 1551 3376 creatus
1586 3331 1666 3377 est
1689 3338 1786 3376 an-

232 3424 296 3463 no
318 3409 442 3474 564,
502 3414 547 3465 si
578 3426 720 3465 anno
749 3413 934 3466 eodem
975 3424 1225 3479 exeunte,
1274 3424 1366 3468 aut
1414 3415 1655 3483 sequenti
1706 3416 1784 3468 in-

229 3514 383 3557 eunte
433 3503 608 3558 adhuc
647 3504 905 3558 Caesarem
931 3506 1228 3561 sacerdotio
1266 3506 1697 3578 perfungebatur,
1729 3517 1786 3561 ut

230 3595 458 3650 vidimus
494 3612 556 3649 ex
590 3597 831 3658 epistolis
861 3598 931 3650 20
973 3608 1025 3653 et
1055 3599 1148 3662 ει,
1177 3615 1282 3653 non
1328 3602 1499 3668 potuit
1531 3610 1653 3652 ante
1685 3599 1787 3653 hoc

233 3694 437 3751 tempus
480 3685 824 3740 imminentes
867 3689 1049 3742 turbas
1087 3689 1330 3756 prudenti
1378 3703 1593 3745 secessu
1626 3691 1788 3746 decli-

234 3789 377 3826 nare.
409 3776 586 3842 Atque
639 3777 688 3828 id
719 3778 932 3844 quidem
967 3778 1192 3832 mirifice
1225 3781 1454 3848 quadrat
1502 3799 1621 3838 cum
1675 3787 1788 3854 ipso

235 3864 407 3918 Basilii
437 3867 770 3931 testimonio,
817 3868 904 3937 qui
932 3873 1218 3926 secundam
1261 3873 1403 3926 illam
1429 3876 1785 3930 secessionem

232 3972 297 4010 ne
339 3967 585 4012 numerat
625 3960 837 4029 quidem
870 3960 967 4032 (b),
1013 3964 1182 4018 sedse
1210 3964 1381 4029 plures
1420 3980 1582 4018 annos
1620 3968 1786 4018 conti-

235 4065 359 4101 uuas
396 4051 446 4102 in
492 4049 645 4104 Ponti
689 4051 978 4106 solitudine
1020 4054 1322 4107 traduxisse
1356 4061 1600 4108 testatur.
1645 4058 1788 4111 Adeo

235 4138 408 4193 brevis
449 4140 548 4194 fuit
591 4141 822 4195 secunda
858 4141 942 4194 illa
986 4144 1236 4198 secessio.
1273 4144 1378 4198 Sed
1427 4145 1556 4199 nihil
1587 4147 1788 4217 signiti-

235 4229 441 4282 cautius
497 4233 738 4302 Gregorii
791 4232 1097 4289 testimonio
1147 4236 1237 4306 qui
1285 4237 1562 4304 conceptis
1613 4238 1789 4291 verbis

235 4332 460 4376 testatur
509 4337 755 4388 magnam
812 4323 1183 4378 haereticorum
1243 4333 1560 4392 potestatem
1603 4325 1783 4387 fuisse,

235 4430 351 4467 cum
378 4413 603 4468 Basilius
627 4414 914 4470 discessit:
947 4416 1086 4483 quod
1111 4419 1325 4485 quidem
1358 4418 1422 4470 de
1457 4415 1650 4472 Juliani
1685 4419 1786 4471 im-

236 4507 381 4572 perio
412 4506 516 4560 dici
545 4520 644 4558 non
679 4517 880 4574 potest,
927 4506 1091 4560 multo
1119 4509 1296 4563 minus
1338 4509 1400 4561 de
1429 4493 1660 4562 Joviani.
1701 4508 1790 4563 Sic

1895 3319 2161 3373 convertit
2215 3332 2272 3374 se
2329 3318 2392 3370 ad
2451 3317 2769 3371 evertendas
2819 3315 3123 3379 Ecelesias,
3156 3324 3265 3369 tum
3327 3332 3457 3372 vero

1894 3409 2074 3461 multa:
2101 3407 2347 3460 civitates
2387 3405 2737 3474 peragranda:
2764 3404 2998 3472 fuerunt,
3027 3407 3179 3461 multi
3217 3408 3458 3477 episcopi

1892 3497 2108 3551 Ariauis
2159 3495 2502 3565 subiiciendi,
2555 3509 2840 3564 antequam
2895 3497 3196 3550 Cazsaream
3223 3499 3453 3552 veniret.

1895 3589 1984 3644 Sic
2010 3591 2152 3644 enim
2183 3591 2232 3642 in
2260 3591 2398 3643 hanc
2433 3591 2616 3642 urbem
2647 3589 2880 3652 advenit,
2905 3596 2964 3642 ut
2984 3586 3299 3656 jamdudum
3337 3591 3458 3645 nul-

1894 3683 2002 3737 lum
2031 3683 2172 3734 aliud
2218 3681 2417 3734 bellum
2461 3681 2715 3736 habuisse
2769 3682 3050 3748 videatur,
3103 3693 3296 3751 prazter
3330 3683 3459 3737 illud

1895 3775 2036 3844 quod
2100 3773 2356 3828 Ecclesiis
2413 3774 2696 3828 inferebat.
2748 3774 2912 3841 Atque
2975 3779 3069 3826 hoc
3117 3776 3324 3841 quidem
3371 3776 3458 3827 ille

1895 3869 2105 3932 animo,
2161 3866 2333 3934 inquit
2380 3864 2672 3930 Gregorius
2728 3864 2840 3934 (ά),
2886 3874 2930 3918 et
2973 3881 3089 3917 cum
3119 3865 3215 3918 hac
3271 3866 3456 3935 impie-

1897 3968 2000 4012 tate
2047 3958 2320 4011 aduersum
2354 3973 2453 4009 .nos
2510 3959 2885 4022 expeditionem
2919 3957 3155 4024 suscipit.
3197 3954 3452 4024 Impetum

1895 4067 2095 4121 quoque
2125 4067 2229 4102 una
2253 4066 2368 4102 cum
2414 4066 2471 4103 eo
2504 4050 2632 4117 facit
2664 4050 2920 4101 exercitus
2953 4051 3065 4114 ipso
3118 4049 3326 4114 dignus,
3361 4049 3459 4100 im—

1894 4141 2039 4210 probi
2079 4141 2414 4194 ecclesiarum
2453 4140 2838 4208 gnbernatores,
2884 4139 3008 4191 swvi
3061 4137 3203 4216 illius
3256 4139 3458 4206 imperii

1895 4233 2194 4286 tetrarclta’.
2251 4232 2354 4296 Qui
2385 4248 2499 4284 cum
2540 4246 2601 4282 ex
2627 4231 2856 4283 ecclesiis
2884 4231 3020 4284 alias
3057 4231 3170 4298 jam
3205 4239 3458 4295 tenerent,

1895 4326 2028 4380 alias
2095 4332 2474 4394 oppugnarent,
2514 4319 2648 4375 alias
2702 4321 2762 4373 ob
2813 4322 3141 4390 imperatoris
3199 4339 3343 4390 Opem
3397 4340 3459 4376 ac

1897 4434 2130 4480 manum,
2160 4432 2275 4484 quw
2305 4415 2499 4482 partim
2531 4413 2893 4477 adhibebatur,
2934 4413 3122 4479 partim
3179 4414 3459 4466 denuntia-

1899 4511 2068 4574 batur,
2100 4510 2152 4559 in
2180 4517 2486 4573 potestatem
2517 4518 2758 4558 venturas
2795 4513 3082 4571 sperarent,
3108 4502 3206 4556 huc
3236 4521 3457 4574 quoque,

237 4607 409 4647 autem
457 4595 690 4664 loquitur
723 4594 1016 4665 Gregorius
1041 4598 1113 4668 (p.
1145 4597 1268 4666 557)
1309 4617 1321 4651 :
1355 4597 1485 4651 Οὐδὲ
1519 4600 1652 4669 πρὸς
1692 4601 1789 4651 αὑ·
1825 4610 1866 4664 1)
1899 4613 1949 4654 ut
1987 4610 2216 4654 nostram
2249 4601 2301 4652 in
2334 4600 2582 4652 ditionem
2637 4613 2784 4650 suam
2824 4598 3130 4666 redigerent,
3189 4610 3455 4650 uenerunt.

235 4684 325 4736 τοῦ
360 4686 421 4737 τὸ
453 4688 718 4758 μάχεςῧαι
749 4688 1031 4758 ﬂauas-xiv
1060 4690 1119 4742 τὸ
1151 4688 1304 4758 σῶμα
1339 4690 1791 4760 τῆςἙκκλησὶας,

238 4777 326 4828 καὶ
351 4776 521 4840 ἄλλως
553 4777 978 4846 πολεμουμένης,
1010 4781 1100 4831 καὶ
1127 4779 1286 4848 cells
1299 4781 1402 4848 ρῶς
1429 4780 1792 4852 διακειμένης,

238 4869 340 4921 ὑπὸ
376 4868 475 4937 τῆς
509 4872 626 4923 τότε
656 4870 766 4924 τῶν
806 4870 1091 4939 αἱρετικῶς)
1121 4871 1453 4936 δυναστείας.
1502 4870 1610 4924 Nec
1654 4873 1794 4926 illius

235 4972 343 5015 erat
386 4963 658 5026 dimicare,
702 4974 792 5015 aut
843 4961 1087 5015 Ecclesia:
1137 4981 1323 5030 corpus
1378 4963 1630 5027 lacerare,
1679 4981 1791 5032 anc

236 5055 390 5107 etiam
415 5055 613 5124 alioqui
642 5053 706 5105 ab
744 5055 1021 5114 hazreticis,
1053 5055 1138 5121 qui
1166 5065 1272 5107 tum
1317 5057 1599 5122 potentiam
1638 5065 1792 5120 atque

237 5147 505 5213 imperium
557 5147 872 5212 obtinebant,
930 5147 1346 5217 oppugnabatur,
1399 5165 1459 5200 ac
1510 5147 1793 5216 periculose

235 5237 417 5305 a/fecta
454 5248 588 5292 erat.

307 5328 411 5383 γη.
443 5332 596 5396 Quod
639 5339 850 5400 spectat
893 5332 960 5387 ad
1007 5332 1258 5395 reditum,
1297 5330 1565 5385 immerito
1609 5327 1662 5382 in
1697 5343 1792 5382 an-

235 5439 355 5476 num
385 5424 487 5478 566
525 5435 618 5478 aut
656 5427 760 5479 507
802 5424 1064 5478 dificrtttt‘.
1098 5423 1258 5478 Multo
1293 5423 1575 5479 absurdius
1608 5423 1794 5491 rejice-

233 5528 375 5571 retur
397 5520 464 5572 ad
492 5535 695 5573 annum
730 5520 855 5582 570;
885 5521 1186 5574 necessario
1217 5519 1558 5573 collocandus
1599 5517 1660 5569 ad
1695 5532 1790 5569 an-

230 5622 352 5663 num
381 5612 507 5667 565.
570 5611 708 5667 Nam
751 5616 801 5667 1°
843 5621 947 5666 tam
983 5613 1188 5683 longam
1218 5613 1510 5670 absentiam
1552 5625 1655 5665 non
1693 5624 1788 5680 pa-

297 5818 371 5880 (ιι)
399 5816 555 5874 Νη..
587 5834 670 5871 nr.
706 5825 794 5872 eo.

293 5885 362 5952 (ὁ)
387 5887 480 5955 Ep.
519 5891 642 5940 1'10.

1894 4694 2061 4747 Nemo
2101 4703 2181 4747 est
2202 4707 2352 4754 sane,
2389 4692 2477 4758 qui
2505 4691 2588 4743 his
2642 4687 2876 4756 legendis
2904 4704 3005 4740 non
3043 4687 3456 4746 animadvertat,

1896 4785 2169 4838 Valentem
2196 4785 2511 4851 jamdudum
2543 4781 2607 4832 ab
2658 4782 2779 4833 aliis
2805 4781 2950 4832 curis
2981 4778 3208 4830 liberum
3236 4787 3289 4831 et
3318 4779 3460 4832 solu—

1895 4885 2030 4941 tum,
2057 4878 2168 4930 otio
2208 4893 2306 4930 suo
2343 4882 2408 4929 ad
2443 4873 2866 4943 persequendam
2904 4869 3198 4923 Ecclesiam
3229 4870 3455 4922 abusum

1893 4970 2059 5024 fuisse
2090 4987 2103 5034 ;
2143 4985 2203 5024 ac
2241 4970 2465 5038 proinde
2519 4983 2621 5020 non
2655 4965 2789 5018 satis
2819 4963 3151 5032 superfuisse
3200 4963 3457 5031 temporis

1901 5072 1958 5114 ut
1986 5061 2284 5115 Caesaream
2311 5059 2516 5112 veniret
2549 5072 2690 5108 anno
2715 5055 2840 5108 566.

1972 5149 2064 5203 llis
2095 5150 2229 5202 adde
2251 5150 2526 5203 Valentem
2561 5146 2820 5213 Procopio
2849 5146 2898 5198 in
2923 5143 3154 5213 Phrygia
3187 5153 3460 5212 superato,

1900 5240 2346 5308 internarumque
2392 5239 2786 5294 dissensionum
2814 5230 3037 5288 materia
3067 5236 3370 5304 consoliita,
3403 5244 3461 5285 ut

1898 5333 1972 5384 ait
2003 5331 2340 5395 Ammianus,
2366 5331 2596 5384 otiosum
2628 5342 2731 5380 non
2762 5327 2950 5381 fuisse.
2990 5326 3130 5381 Misit
3159 5328 3301 5380 enim
3367 5324 3457 5376 Vi-

1896 5434 2096 5477 ctorem
2135 5422 2726 5492 magistrumequitum
2780 5424 2867 5475 ad-
2900 5421 3106 5476 Gothos
3139 5429 3234 5484 ,ιιι
3276 5431 3340 5471 ex
3381 5421 3458 5470 eis

1896 5515 2292 5579 sciscitaretur,
2324 5514 2673 5584 quamobrem
2703 5512 2966 5580 Proc0pio
2991 5510 3243 5564 auxilium
3277 5507 3458 5562 dedis-

1897 5615 2036 5661 sent.
2094 5606 2330 5660 Reverso
2365 5605 2576 5660 Victore
2611 5603 2796 5660 Valens
2823 5607 2968 5675 porri
2997 5605 3188 5657 ducens
3236 5616 3457 5656 excusa-

1978 5815 2047 5879 (c)
2079 5814 2193 5866 Lib.
2221 5829 2363 5874 ut”,
2395 5830 2441 5868 c.
2475 5813 2503 5863 Ἰ

1971 5887 2044 5948 (tl)
2085 5887 2172 5935 Ur.
2200 5887 2284 5935 ﬁt).
