4206 6490
760 417 867 458 χιιι

2113 426 2640 490 PROLEGOMENA.

758 528 948 623 tionem
985 532 1339 598 vanissimam,
1378 536 1558 606 inquit
1601 541 1918 599 Ammianus
1947 587 1960 611 ,
2015 546 2109 602 lib.
2145 562 2318 610 nm,
2351 553 2396 608 Α
2427 550 2498 601 tia
2529 559 2582 603 et
2610 548 2914 618 eloquentia
2939 561 2993 607 et
3017 553 3244 608 consilio
3275 561 3328 608 et
3359 552 3555 608 virtute
3590 557 3856 623 superari,
3882 570 3990 611 nec

757 635 807 670 ι’.
837 619 890 681 5,
925 619 979 672 in
1019 638 1104 674 eos
1134 625 1284 692 signa
1325 631 1633 696 commovit,
1668 646 1838 690 motus
1863 637 2186 694 adventantis
2201 643 2319 709 jam

754 711 1023 776 prtescios,
1053 722 1100 764 et
1125 713 1431 780 pubescente
1455 737 1572 774 vere
1610 727 1827 790 quwsito
1859 727 1913 780 in
1942 745 2101 781 unum
2126 733 2321 783 exerci-

755 811 830 861 tu,
883 818 1041 866 prope
1101 803 1363 872 Dapltnem
1404 814 1608 867 nomine
1635 817 2008 873 munimentum
2030 833 2104 875 est
2147 833 2318 878 castra

754 901 997 945 metatus.
1045 892 1221 957 Quare
1275 894 1514 955 Valentis
1555 903 1643 956 ille
1699 902 1998 960 Caesaream
2038 910 2315 975 adventus,

753 981 843 1043 qui
872 991 1078 1037 tantum
1110 987 1297 1042 habuit
1327 1005 1670 1062 apparatum,
1701 1001 1765 1051 ad
1798 1015 1997 1053 annum
2046 1001 2150 1056 565
2185 1002 2317 1058 refe-

754 1072 972 1126 rendus.
1014 1075 1162 1132 Tunc
1205 1082 1347 1134 enim
1381 1083 1432 1136 in
1463 1083 1672 1156 Syriam
1701 1091 1922 1145 tendens
1973 1092 2172 1146 lentius
2201 1109 2317 1161 pro-

757 1165 1126 1234 grediebatur,
1154 1182 1210 1224 ut
1242 1171 1440 1227 Ciliciae
1495 1178 1701 1234 calores
1736 1182 1980 1250 evitaret,
2027 1192 2160 1238 teste
2186 1185 2314 1238 Am-

749 1265 954 1310 mtano.

821 1344 878 1397 3°
928 1344 1151 1403 Etiamsi
1196 1353 1417 1408 daretur
1471 1355 1822 1414 Tillemontio
1862 1358 2144 1414 Valentem
2177 1377 2314 1416 anno

746 1433 851 1488 366
904 1437 1094 1492 iterum
1138 1445 1350 1499 venisse
1373 1445 1691 1517 Cmsaream,
1727 1466 1832 1506 non
1873 1451 2073 1508 idcirco
2096 1468 2311 1508 causam

745 1524 1034 1582 obtineret.
1067 1530 1224 1586 Modo
1250 1536 1390 1589 enim
1420 1549 1659 1602 constet,
1699 1551 1758 1594 ut
1793 1541 2038 1608 profecto
2072 1554 2306 1607 constat,

748 1614 1024 1672 Valentem
1075 1623 1127 1674 itt
1187 1624 1326 1680 banc
1361 1629 1547 1681 urbem
1581 1645 1721 1684 anno
1760 1630 1862 1684 565
1899 1631 2135 1695 venisse,
2175 1634 2311 1688 refe.

747 1710 947 1762 rendus
1001 1713 1103 1765 erit
1157 1717 1222 1768 ad
1272 1721 1519 1773 eumdem
1572 1736 1770 1775 annum
1836 1725 2040 1777 reditus
2091 1725 2306 1790 Basilii,

746 1815 906 1866 quem
944 1804 1231 1862 imminens
1257 1824 1286 1861 a
1319 1824 1661 1878 persecutore
1702 1815 1998 1883 periculum
2035 1818 2086 1871 in
2117 1818 2296 1873 solitu-

746 1892 872 1944 dine
913 1896 1154 1951 residere
1182 1915 1284 1953 non
1315 1902 1554 1957 sivisset.
1597 1905 1711 1960 Non
1751 1908 1894 1961 enim
1928 1908 2064 1962 lenis
2093 1911 2305 1977 quidem
2338 1889 2380 1942 Β

745 1981 901 2035 initio
941 1994 996 2037 et
1026 1996 1336 2046 moderatus
1364 1993 1463 2047 luit
1493 1994 1715 2058 Valens,
1746 2007 1804 2050 ut
1835 2000 2111 2052 existimat
2141 1998 2307 2053 Tille-

745 2074 1005 2142 manlius,
1031 2079 1123 2131 sed
1153 2082 1336 2136 eadem
1373 2100 1596 2150 prorsus
1629 2089 1771 2142 illius
1799 2089 2006 2159 imperii
2038 2105 2101 2144 ac
2125 2107 2306 2161 perse-

742 2168 976 2221 cutionis
1020 2171 1311 2238 primordia
1353 2177 1589 2232 luerunt.
1624 2180 1781 2235 Certa
1816 2195 1870 2237 et
1893 2183 2167 2252 explorata
2219 2201 2306 2240 res

742 2268 824 2312 est
853 2276 919 2315 ex
960 2266 1281 2323 testimoniis
1334 2272 1581 2343 Gregorii
1623 2275 1947 2331 Nazianzeni
1975 2277 2071 2348 (α).
2133 2278 2306 2332 Perti-

742 2354 1045 2409 tnescendte
1066 2369 1220 2412 erant
1255 2361 1631 2420 haereticorum
1667 2367 1888 2436 linguae,
1927 2383 2049 2423 cum
2079 2368 2304 2424 Basilius

742 2443 1027 2512 presbyter
1070 2450 1349 2505 ordinatus
1379 2463 1477 2507 est.
1509 2455 1643 2510 Cum
1675 2459 1824 2527 pacis
1869 2474 2030 2514 causa
2057 2460 2216 2513 rediit
2248 2463 2301 2514 in

739 2534 1082 2591 solitudinem
1115 2541 1211 2610 (b),
1241 2548 1640 2611 oppugnabatur
1679 2549 1917 2604 Ecclesia
1940 2562 1990 2605 et
2019 2554 2304 2619 periculose

741 2622 930 2690 affecta
963 2637 1074 2681 erat
1109 2631 1171 2683 ob
1216 2634 1584 2690 Ita'reticorum
1612 2640 1959 2694 dominatum.
1995 2643 2221 2696 Basilius
2251 2655 2304 2698 et

741 2713 832 2766 alii
866 2719 1128 2789 episcopi,
1163 2723 1252 2791 qui
1305 2727 1357 2778 in
1385 2725 1728 2783 Occidentem
1760 2746 1902 2785 anno
1931 2731 2034 2784 376
2073 2734 2305 2800 scripse-

734 2818 882 2870 runt,
909 2809 1020 2877 jam
1051 2816 1306 2870 tredecim
1335 2833 1500 2874 annos
1519 2823 2300 2888 persecutionisnumerabant,

735 2909 792 2985 ut
816 2910 962 2964 patet
1009 2917 1071 2956 ex
1100 2905 1185 2958 bis
1217 2909 1396 2963 verbis
1433 2913 1666 2977 epistolae
1686 2913 1811 2980 249,
1849 2929 1902 2967 n.
1946 2914 2000 2977 2,
2042 2915 2302 2985 Τρισκαι-

731 2983 957 3042 δέκατον
990 2992 1098 3064 γάρ
1132 2994 1248 3059 ἔτος
1285 3000 1453 3063 ἐστὶν,
1485 3002 1577 3068 ἀφ’
1611 2997 1669 3052 οὗ
1691 3007 1718 3054 ὁ
1745 3005 2015 3073 αἱρετικὺς
2051 3007 2180 3074 ἡμῖν
2204 3007 2301 3059 πό-

732 3077 895 3148 λεμος
919 3082 1212 3156 ἐπανέστη.
1251 3087 1495 3142 Decimus
1521 3092 1656 3142 enim
1693 3092 1879 3144 tertius
1925 3109 2093 3144 annus
2115 3106 2212 3160 est,
2237 3112 2300 3148 ea:

730 3189 832 3239 quo
863 3175 1164 3229 lttcreticum
1197 3181 1342 3233 nobis
1364 3182 1550 3234 bellum
1579 3193 1816 3237 exortum
1855 3194 1951 3238 est.

805 3264 1167 3335 Tilletnontio,
1199 3272 1288 3341 qui
1337 3276 1764 3342 persecutionem
1795 3277 1976 3331 dill'ert
2010 3292 2181 3346 usque
2233 3278 2297 3331 ad

733 3371 935 3411 annum
975 3359 1100 3427 566,
1155 3362 1333 3417 lucum
1373 3367 1500 3420 fecit
1549 3371 1840 3424 auctoritas
1877 3370 2219 3425 Theodoreti.
2250 3371 2299 3426 ls

729 3451 873 3502 enim
907 3463 1090 3507 narrat
1136 3453 1412 3511 Valentem
1461 3459 1610 3514 initio
1638 3462 1901 3516 catholice
1953 3465 2292 3527 sentientem,

731 3539 920 3592 uxoris
975 3541 1270 3597 Dominicae
1325 3558 1378 3600 et
1412 3548 1639 3602 Eudoxii
1682 3552 1889 3605 artibus
1945 3563 2052 3604 tum
2081 3554 2293 3606 demum

733 3633 1005 3699 corrumpi
1050 3634 1302 3701 cepisse,
1345 3652 1466 3690 cunt
1541 3654 1599 3692 se
1642 3640 1892 3709 baptismi
1936 3643 2182 3711 praesidio
2228 3644 2292 3694 ad

730 3718 931 3776 bellum
993 3723 1276 3780 Gothicum
1328 3730 1538 3784 munire
1580 3731 1764 3788 voluit.
1826 3731 1975 3788 Tunc
2036 3735 2175 3787 enim
2228 3736 2293 3788 ab

742 3813 1004 3882 Eudoxio,
1038 3833 1065 3867 a
1097 3833 1200 3884 quo
1235 3821 1565 3886 iniliabatur,
1590 3825 1905 3877 obstrictum
1944 3826 2293 3894 jurejurando

730 3905 922 3970 fuisse,
948 3923 1219 3977 nunquam
1256 3925 1313 3964 se
1353 3915 1418 3966 ab
1461 3914 1659 3967 Ariana
1697 3915 1885 3968 haeresi
1930 3931 2290 3980 recessurum,

732 4007 787 4050 et
818 4001 1100 4054 cottlraria:
1147 4001 1271 4056 ﬁdei
1325 4005 1563 4059 cultores
1610 4006 1858 4062 omnibus
1882 4006 2013 4061 locis
2036 4006 2290 4074 expulsu-

731 4108 874 4144 runt.
903 4092 1082 4162 Longe
1108 4097 1282 4164 potior
1307 4097 1406 4151 bac
1426 4099 1478 4150 in
1508 4113 1565 4150 re
1592 4097 1882 4169 Gregorius
1906 4101 2247 4156 Tlteodoreto
2274 4119 2288 4164 ;

728 4203 825 4239 nec
854 4191 1036 4242 dubito
1059 4191 1184 4258 quin
1212 4191 1605 4254 'l‘illemontius,
1632 4193 1676 4246 si
1703 4195 1767 4247 ad
1792 4195 1950 4262 primi
1982 4196 2287 4250 testimonia

726 4278 962 4333 animum
1005 4284 1347 4348 advertisset,
1373 4301 1558 4352 parum
1595 4286 1878 4340 tribuisset
1923 4285 2283 4350 Tbeodoreto,

725 4374 879 4441 cujus
914 4388 976 4426 ex
1013 4377 1318 4431 narratione
1352 4393 1416 4433 nc
1444 4378 1575 4431 illud
1613 4381 1828 4448 quidem
1859 4377 2122 4442 edicitur,
2145 4381 2286 4448 quod

724 4465 1000 4519 contendit
1059 4465 1453 4536 Tillemontius,
1494 4473 1926 4539 persecutionem
1985 4472 2050 4526 ad
2084 4487 2286 4525 annum

720 4558 825 4611 566
863 4558 1200 4614 referendam
1235 4577 1375 4625 esse,
1403 4563 1492 4617 sed
1519 4563 1698 4631 potius
1724 4554 2019 4618 ad'annum
2053 4563 2174 4618 367.

1329 4654 1552 4709 CAPUT
1594 4654 1659 4708 Χ.

717 4735 759 4790 Ι.
794 4737 1623 4817 Basiliiarc‘tissimafonjunclio
1658 4761 1775 4798 cum
1805 4744 2031 4800 Eusebio
2050 4748 2284 4817 episcopo

789 4807 1121 4866 Ca’sariensi.
1165 4811 1224 4864 ll.
1281 4807 1497 4866 Videtur
1553 4814 1606 4865 in
1639 4819 1957 4869 monasterio
2003 4807 2286 4880 υἱέίδδρίει

785 4895 942 4952 unum
1002 4884 1261 4948 praecipue
1330 4882 1622 4937 Ecclesium
1673 4889 1951 4952 regendam
2008 4889 2280 4951 accepisse.

783 4947 872 4999 Ill.
900 4948 1089 5004 Basilii
1123 4947 1411 5007 auctoritas
1437 4953 1530 5006 sub
1563 4947 1789 5007 Eusebio
1825 4957 1879 5007 in
1923 4947 2283 5013 ecclesiasticis

785 5023 999 5091 negotiis
1027 5024 1096 5073 ad
1121 5021 1435 5083 thsaream,
1456 5034 1507 5074 ut
1533 5026 1878 5090 melropolint,
1907 5027 2274 5091 spectantibus.

783 5085 873 5162 LV.
900 5089 1164 5162 “Quasnam
1199 5095 1493 5145 exstiterint
1536 5085 1888 5148 ecclesiastica
1920 5085 2014 5148 illa
2051 5101 2270 5162 negotia.

782 5158 847 5236 Υ.
888 5157 1018 5221 Quw
1050 5161 1235 5214 Basilii
1291 5175 1462 5227 partes
1492 5165 1544 5214 in
1681 5181 1817 5236 quia
1857 5179 1969 5234 post
2020 5157 2273 5236 synodum

783 5227 1194 5306 Lampsacenajn
1221 5244 1369 5306 gesta
1399 5244 1548 5306 sunt.
1579 5231 1662 5289 Vl.
1692 5227 1954 5289 Probatur
1988 5227 2121 5290 Itavnc
2147 5255 2270 5306 syn—

779 5301 936 5351 odum
962 5317 1098 5352 anno
1128 5301 1231 5354 364
1253 5303 1482 5355 habitam
1524 5305 1700 5370 fuisse.

780 5392 820 5443 ι.
865 5390 1158 5458 Reportata
1217 5408 1282 5447 ex
1327 5396 1518 5449 ltmt'esi
1583 5398 1814 5454 victoria
1871 5398 2125 5454 Basilium
2155 5416 2276 5455 cum

708 5484 939 5537 Eusebio
967 5496 1071 5537 tam
1101 5498 1244 5543 arcte
1270 5489 1568 5557 conjunxit,
1606 5501 1662 5544 ut
1708 5509 1804 5544 nec
1836 5492 2084 5560 episcopo
2113 5493 2276 5548 mole-

707 5587 851 5630 stum
876 5588 1018 5630 esset
1050 5579 1115 5632 ab
1141 5594 1224 5641 eo,
1250 5594 1407 5646 quem
1443 5585 1703 5652 dignitate
1747 5584 2054 5655 superabat,
2097 5587 2274 5642 scien-

779 5780 849 5852 ’_;.‘
884 5781 1008 5837 Nae.
1047 5804 1129 5852 ep.
1175 5792 1262 5844 H.-

771 5848 855 5928 _(b)
887 5853 1048 5921 tum,
1082 5848 1162 5912 δν.
1206 5863 1293 5914 ~20.

2427 639 2653 695 Basilius
2678 642 2796 697 ideo
2825 645 3129 714 episcopum
3151 647 3328 701 minus
3347 646 3548 702 coleret
3566 655 3618 700 et
3643 647 3983 713 observaret,

2422 730 2562 795 quod
2586 744 2650 784 eo
2681 738 2758 785 tot
2802 743 2946 786 esset
2990 735 3232 800 partibus
3258 737 3503 805 superior
3527 745 3578 789 et
3611 737 3978 805 prmstantior.

2422 819 2899 875 l'rznclarissimum
2929 822 3070 877 illum
3099 837 3418 879 concentum
3451 830 3529 882 sic
3554 828 3811 881 describit
3839 826 3982 884 Gre-

2419 911 2602 980 gorius
2655 912 3024 970 Nazianzenus
3057 916 3123 988 (c)
3158 935 3170 969 :
3231 918 3321 989 Τῷ
3368 918 3424 971 δέ
3459 937 3510 972 τι
3538 920 3786 990 δεύτερον
3819 920 3981 990 ἔργον

2421 1005 2513 1057 καὶ
2569 1006 2883 1080 σπούδασμα
2937 1011 3139 1080 γίνεται
3185 1012 3504 1084 θεραπεύειν
3548 1015 3638 1066 τὸν
3693 1017 3979 1088 πρόεδρον,

2419 1096 2565 1149 λύειν
2588 1100 2682 1167 τὴν
2719 1101 2972 1170 ὑποψίαν,
3005 1103 3210 1156 πείθειν
3241 1105 3446 1168 πάντας
3472 1106 3806 1177 ἀνθρώπους,
3835 1108 3911 1170 ὡς
3942 1108 3980 1161 ἃ

2421 1189 2520 1258 μὲν
2565 1189 2846 1262 λελύπητο,
2881 1195 3042 1265 πείρά
3070 1211 3153 1257 τις
3199 1191 3264 1266 ἦν
3312 1194 3407 1249 τού
3446 1197 3678 1267 πονηροῦ
3709 1198 3802 1250 καὶ
3829 1196 3976 1268 πάλη

2412 1283 2533 1343 ταῖς
2560 1284 2638 1343 είς
2662 1283 2721 1335 τὸ
2749 1284 2906 1340 καλὸν
2957 1287 3224 1356 ὁμονοίαις
3274 1286 3668 1356 βασκαίνοντοςο
3701 1288 3863 1352 αὐτὸς
3919 1289 3978 1342 δὲ

2415 1373 2528 1443 ᾔδει
2591 1375 2787 1445 νόμους
2836 1377 3139 1441 εὐπειθείας
3193 1379 3289 1432 καὶ
3327 1381 3697 1451 πνευματικῆς
3744 1380 3973 1445 τάξεως.

2412 1465 2511 1517 Διά
2553 1466 2706 1519 τοῦτο
2748 1469 2948 1538 παρῆν,
3001 1470 3269 1538 ὲσόφιξεν,
3324 1471 3613 1541 ὑπήκουεν,
3677 1473 3972 1525 ἐνουθέτει.

2411 1558 2596 1611 Πάντα
2663 1556 2730 1630 ἦν
2780 1563 2946 1632 αύτῷ,
2981 1565 3279 1636 σύμϐουλος
3326 1566 3565 1634 ἀγαθὸς,
3615 1571 3988 1641 παραστάτης

2410 1649 2599 1714 δεξιὸς,
2632 1651 2737 1703 τῶν
2767 1650 2922 1704 θείων
2956 1653 3258 1727 ἐξηγητὴς,
3312 1657 3418 1709 τῶν
3481 1661 3773 1729 πρακτέων
3831 1662 3973 1715 καθ-

2411 1742 2722 1812 ηγητὴς.γή
2735 1759 2840 1812 ρως
2864 1743 3149 1816 βακτηρία,
3169 1748 3400 1812 πίστεως
3417 1748 3661 1820 ἔρεισμα,
3689 1751 3794 1804 τῶν
3821 1752 3974 1808 ἔνδον

2411 1833 2439 1883 ὁ
2472 1834 2805 1900 πιστότατος,
2835 1836 2942 1889 τῶν
2981 1838 3136 1900 ἐκτὸς
3158 1840 3184 1890 ὁ
3217 1844 3692 1910 πρακτικώτατος·
3723 1843 3802 1894 ἐνὶ
3822 1843 3972 1914 λόγῳ

2408 1927 2655 1990 τοσοῦτος
2685 1932 2762 1991 εἰς
2787 1930 3018 1994 εύνοιαν,
3052 1933 3172 1995 ὅσος
3213 1938 3290 1996 είς
3316 1935 3518 2006 ἔχθραν
3544 1935 3604 1988 τὸ
3627 1936 3752 2006 πρὶν
3791 1938 3975 2006 ἐνομί’

2408 2016 2548 2081 ζετο.
2606 2018 2880 2073 Ἐντεῦθεν
2932 2020 3079 2091 αὐτῷ
3134 2025 3327 2092 περιῆν
3372 2027 3465 2078 καὶ
3509 2027 3567 2078 τὸ
3622 2026 3819 2096 κράτος
3865 2026 3973 2095 τῆς

2420 2109 2762 2179 Ἐκκλησίας,
2789 2114 2834 2164 εί
2885 2115 2974 2166 καὶ
3020 2114 3117 2184 τῆς
3179 2115 3441 2187 καθέδρας
3468 2112 3579 2186 εἶχε
3625 2117 3692 2170 τὰ
3716 2115 3968 2186 δεύτερα.

2407 2200 2514 2271 Τὴν
2558 2200 2664 2270 γὰρ
2693 2200 2901 2254 εὔνοιαν
2930 2206 3195 2275 εἰσφέρων
3225 2247 3240 2269 ,
3275 2207 3372 2278 τὴν
3407 2206 3651 2273 ἐξουσίαν
3702 2206 3972 2275 ἀντελαμ-

2406 2288 2530 2340 ϐανε
2552 2306 2565 2317 ·
2599 2291 2692 2342 καὶ
2714 2285 2780 2360 ἦν
2805 2289 3086 2360 θαυμαστή
3116 2311 3197 2356 τις
3220 2297 3252 2364 ἡ
3293 2297 3576 2365 συμφωνία
3608 2297 3700 2350 καὶ
3723 2299 3756 2368 ἡ
3789 2295 3970 2367 πλοκὴ

2403 2380 2494 2432 τοῦ
2526 2380 2803 2446 δύνασοαι,
2836 2385 2863 2433 ὁ
2891 2383 2988 2452 μὲν
3011 2384 3099 2436 τὸν
3122 2384 3246 2437 λαὸν
3275 2381 3429 2455 ἦγεν,
3465 2391 3492 2440 ὁ
3524 2388 3580 2440 δὲ
3623 2389 3714 2441 τὸν
3743 2390 3966 2456 ἄγοντα.

2404 2472 2510 2524 Καὶ⁷
2559 2467 2668 2525 οἷον
2696 2473 3044 2545 λεοντοκόμος
3071 2493 3156 2537 τις
3181 2471 3269 2547 ἦν,
3314 2477 3477 2547 τέχνῃ
3519 2479 3853 2534 τιθασσεύων
3871 2479 3969 2532 τὸν

2402 2563 2805 2616 δυναστεύοντα.
2837 2566 2945 2617 Καὶ
2984 2565 3092 2637 γὰρ
3136 2565 3325 2629 ἐδεῖτο,
3350 2565 3543 2617 νεωστὶ
3575 2567 3671 2635 μὲν
3718 2569 3809 2620 ἐπὶ
3863 2568 3971 2640 τὴν

2404 2655 2669 2726 καθέδραν
2696 2655 2894 2719 τεθεὶς,
2919 2657 3071 2709 ἔτιδὲ
3098 2660 3195 2728 τῆς
3227 2659 3496 2728 κοσμικῆς
3517 2656 3646 2726 ὕλης
3675 2675 3729 2709 τι
3766 2660 3967 2723 πνέων,

2403 2747 2551 2799 οὔπω
2572 2749 2628 2799 δὲ
2669 2751 3094 2818 κατηρτισμένος
3131 2752 3187 2802 ἐν
3212 2754 3319 2814 τοῖς
3364 2751 3455 2804 τοῦ
3483 2751 3806 2820 πνεύματος,
3837 2752 3972 2803 πολ-

2403 2839 2495 2890 λοῦ
2518 2839 2572 2890 δὲ
2596 2838 2688 2890 τού
2715 2839 2979 2900 κλύδωνος
3004 2840 3340 2910 περιζέοντος
3366 2844 3458 2896 καὶ
3475 2843 3583 2895 τῶν
3605 2840 3971 2912 ἐπικειμένων

2401 2930 2497 2998 τῆς
2539 2928 2859 2999 Ἐκκλησίας
2913 2928 3142 3000 ἐχθρῶν,
3183 2930 3274 2982 τοῦ
3325 2933 3807 3003 χειραγωγοῦντος,
3869 2933 3970 2985 καί⁸

2402 3022 2788 3093 ὑπερείδοντος.
2819 3020 2914 3073 Διὰ
2939 3020 3096 3072 τοῦτο
3138 3021 3231 3074 καὶ
3281 3022 3379 3092 τὴν
3409 3024 3720 3094 συμμαχίαν
3751 3023 3966 3094 ἠγάπα,

2399 3114 2492 3167 καὶ
2520 3113 2844 3183 κρατοῦντος
2875 3113 3106 3177 ἐκείνου,
3137 3117 3357 3186 κρατεῖν
3396 3115 3553 3178 αὐτὸς
3592 3116 3965 3186 ὑπελάμϐανε.

2327 3227 2368 3283 c
2403 3207 2709 3258 Proximum
2741 3216 2913 3258 autem
2952 3204 3152 3259 Basilio
3186 3208 3449 3276 negotium
3476 3223 3538 3260 ac
3587 3208 3816 3260 studium
3867 3212 3969 3261 hoc

2405 3296 2529 3363 fuit,
2562 3294 2848 3347 antistitem
2888 3297 3054 3348 colere
3089 3309 3242 3364 atque
3272 3296 3563 3363 observare,
3612 3300 3966 3362 suspicionem

2403 3387 2766 3455 exstinguere,
2830 3386 3138 3438 mortalibus
3186 3389 3423 3439 ontnibus
3483 3388 3792 3454 persuadere
3852 3404 3968 3442 mo-

2403 3479 2602 3532 lestiam
2640 3495 2776 3542 eum,
2817 3495 2974 3546 quam
3005 3486 3301 3544 acceperat,
3325 3481 3661 3533 tentationem
3679 3479 3964 3544 quamdam

2402 3583 2448 3624 et
2476 3571 2669 3625 lactant
2715 3571 2862 3638 pravi
2918 3572 3060 3623 illius
3093 3569 3296 3638 fuisse,
3351 3569 3580 3622 honesta:
3601 3585 3661 3621 ac
3704 3569 3966 3624 laudabili

2403 3666 2691 3716 concordiae
2717 3665 2996 3718 invidentis
3023 3679 3040 3715 :
3069 3675 3310 3716 ca'terum
3345 3679 3444 3715 non
3479 3662 3721 3731 ignarum
3749 3678 3803 3714 se
3829 3677 3962 3726 esse,

2401 3754 2524 3821 quid
2565 3755 2865 3806 obedientitc
2891 3757 3190 3823 ordinisque
3219 3755 3429 3808 ritualis
3451 3755 3586 3823 leges
3613 3753 3962 3824 postularent.

2400 3844 2474 3897 Ac
2498 3841 2713 3910 proinde
2735 3842 2933 3903 adesse,
2958 3844 3160 3903 docere,
3199 3847 3336 3896 dicto
3360 3846 3653 3898 audientem
3681 3861 3734 3896 se
3758 3844 3962 3912 prtebe-

2401 3951 2473 3997 re,
2506 3950 2734 3998 monere,
2779 3933 2979 4004 quidvis
3022 3934 3242 4001 denique
3281 3935 3361 3986 illi
3404 3951 3532 4000 esse,
3577 3938 3800 3988 monitor
3837 3952 3963 4003 pro-

2399 4025 2514 4087 bus,
2552 4024 2838 4093 opitulator
2903 4023 3225 4085 commodus,
3272 4023 3566 4075 divinorum
3626 4023 3961 4078 oraculorum

2397 4129 2691 4182 enarrator,
2739 4133 2912 4168 rerum
2963 4119 3284 4185 agendarum
3319 4125 3772 4186 pratmonstrator,
3811 4132 3961 4169 sene-

2397 4210 2552 4261 ctutis
2598 4207 2909 4272 subsidium,
2949 4208 3072 4276 ﬁdei
3109 4210 3504 4271 adminiculum,
3551 4209 3955 4262 domesticorum

2395 4298 2753 4365 ﬁdelissimus,
2782 4313 3108 4352 externorum
3129 4302 3198 4352 ad
3226 4317 3307 4353 res
3337 4301 3584 4367 regendas
3613 4301 3912 4368 aptissimus
3932 4318 3953 4356 :

2395 4400 2448 4440 ut
2473 4405 2575 4440 uno
2614 4394 2761 4443 verbo
2785 4392 2979 4452 dicant,
3011 4402 3186 4445 tantus
3215 4393 3280 4444 ad
3336 4392 3760 4455 benevolentiam,
3789 4408 3959 4460 quan-

2395 4492 2477 4533 tus
2499 4479 2641 4548 prius
2669 4485 2737 4535 ad
2766 4485 3091 4536 inimicitiam
3123 4501 3229 4536 esse
3253 4484 3554 4551 putabatur.
3595 4485 3679 4539 Es:
3718 4501 3820 4554 quo
3852 4486 3952 4540 hoc

2319 4587 2362 4639 ι)
2393 4573 2819 4640 consequebatur,
2867 4584 2922 4625 ut
2978 4576 3182 4627 etiamsi
3226 4577 3476 4630 cathedra
3529 4577 3750 4646 inferior
3799 4587 3952 4640 esset,

2394 4660 2644 4716 Ecclesia:
2671 4674 2839 4715 tamen
2871 4664 3143 4732 imperium
3172 4666 3444 4718 obtineret.
3482 4662 3687 4717 Etenim
3722 4680 3816 4734 pro
3867 4665 3957 4720 be-

2393 4751 2700 4816 nevolentia,
2733 4771 2891 4823 quam
2917 4756 3186 4824 afferebat,
3213 4759 3580 4810 auctoritatem
3623 4759 3899 4826 recipiebat
3931 4774 3951 4811 :

2389 4863 2450 4900 ac
2493 4849 2655 4902 mirus
2681 4849 2888 4916 quidem
2927 4861 3036 4901 erat
3060 4864 3334 4905 concentus
3372 4869 3636 4923 nexusque
3655 4852 3950 4920 potestatis.

2387 4939 2484 4993 Ille
2514 4941 2709 5008 plebem
2741 4943 2984 5003 ducebat,
3009 4938 3089 4995 hic
3116 4946 3383 4997 ductorem
3421 4961 3439 4998 :
3483 4963 3542 4999 ac
3575 4945 3705 4999 velut
3737 4944 3953 5012 quidam

2385 5028 2587 5082 leonum
2632 5045 2846 5084 curator
2871 5041 3002 5094 erat,
3051 5035 3304 5102 cum,qui
3357 5037 3700 5106 principatum
3727 5033 3950 5099 tenebat,

2384 5131 2493 5173 arte
2526 5121 2839 5177 dentulccns.
2869 5124 3088 5192 Quippe,
3117 5135 3169 5175 ut
3203 5141 3362 5189 nuper
3394 5126 3446 5178 in
3498 5124 3748 5181 cathedra
3791 5123 3952 5178 collo-

2384 5223 2549 5276 catus,
2593 5231 2653 5265 ac
2707 5217 2984 5268 ηιιιιιάαηίιι
3010 5217 3242 5268 inmerita
3292 5218 3492 5287 aliquid
3519 5218 3688 5270 adhuc
3715 5218 3948 5285 spirans,

2387 5307 2715 5376 nondumque
2747 5309 2798 5359 in
2828 5309 2908 5360 Itis
2932 5326 3048 5376 qua:
3085 5310 3304 5378 spiritus
3340 5321 3518 5371 erant,
3550 5313 3858 5372 instructus,
3888 5325 3950 5361 ac

2387 5412 2635 5469 pratterea
2703 5403 2896 5471 ingenti
2964 5412 3263 5467 tempestate
3335 5403 3559 5472 undique
3631 5410 3891 5456 testuante
3933 5447 3949 5467 ,

2389 5505 2539 5562 atque
2567 5494 2953 5548 imminentibus
2982 5495 3232 5549 Ecclesia:
3270 5498 3526 5560 lwstibus,
3571 5513 3698 5564 opus
3730 5494 3952 5548 habebat

2386 5588 2612 5653 Itomine,
2641 5605 2673 5638 a
2700 5604 2801 5656 quo
2829 5587 2961 5641 velut
2992 5602 3227 5658 porrecta
3274 5608 3429 5645 manu
3461 5592 3738 5645 duceretur
3767 5601 3816 5644 ct
3847 5589 3951 5654 full

2455 5793 2522 5862 (cl
2559 5794 2650 5853 0r.
2680 5795 2767 5850 9.0.
