4206 6496
738 436 862 475 mv
2096 411 2636 467 ‘PROLECOMENA.

737 537 1007 609 episcopis
1047 536 1324 603 conjuncti
1356 542 1511 591 erant
1542 532 1983 602 praestantissimi
2020 532 2122 588 viri
2152 534 2315 587 Mele-
2342 540 2387 593 A
2420 536 2569 589 noris
2598 529 2881 599 episcopos
2901 531 3156 587 habuisse
3199 530 3401 586 homini
3445 546 3548 586 non
3581 533 3680 587 alia
3714 547 3878 603 quant
3915 530 3991 585 le-

737 634 865 694 tius,
916 630 1179 684 Eusebius
1232 626 1651 689 Sarnosatcnsis,
1703 626 1938 680 Basilius
1986 635 2040 679 et
2094 625 2306 695 plurimi
2416 628 2583 680 ctoris
2619 624 2879 693 dignitate
2916 634 3123 681 ornato.
3172 625 3303 678 Nam
3351 622 3495 693 saepe
3539 625 3670 678 alias
3723 626 3987 689 Basilius,

734 720 828 775 alii
856 721 1101 774 doctrina
1131 731 1187 774 et
1214 718 1505 774 sanctitate
1533 718 1901 771 celeberrimi.
2416 728 2473 772 ut
2492 717 2954 786 Constantinopoli
2976 717 3250 781 ann0559,
3276 719 3456 773 utilem
3477 716 3741 786 episcopis
3758 735 3986 787 operam

809 810 1071 877 Quamvis
1109 822 1288 867 autem
1344 825 1542 875 magno
1578 808 1834 864 Ecclesia:
1866 808 2147 863 commodo
2188 824 2312 864 eve—
2416 816 2735 869 navaverat,
2767 822 2830 860 ac
2855 808 3160 876 nuperrime
3189 822 3402 861 causam
3429 807 3678 864 Ecclesia:
3717 810 3988 863 adversus

740 907 903 967 nerit,
935 914 990 958 ut
1026 904 1093 959 ab
1122 902 1337 958 Arianis
1386 902 1677 955 orthodoxi
1725 900 2058 966 secederenl,
2093 918 2195 956 non
2233 901 2310 953 id-
2415 898 2734 953 Eunomlum
2768 899 3232 967 prmstantissitnis
3258 900 3475 965 scriptis
3502 898 3835 953 defenderat.

739 994 890 1050 circo
922 1005 1099 1050 tatnen
1146 1009 1247 1063 pax
1307 994 1583 1059 restituta,
1631 996 1722 1049 sed
1779 992 2209 1047 dissensionibus
2259 1002 2313 1045 et
2484 990 2778 1044 Concilium
2815 989 3246 1060 Lampsacenum
3279 990 3567 1044 subsecuta
3613 1001 3694 1047 est
3724 1006 3986 1060 persecu-

738 1092 977 1158 partium
1008 1088 1199 1143 studiis
1231 1088 1428 1141 referta
1462 1090 1647 1142 omnia
1698 1087 1942 1149 fuerunt,
1978 1087 2047 1141 ita
2084 1096 2138 1137 nt
2175 1086 2310 1139 alius
2416 1081 2508 1144 tio,
2539 1082 2588 1133 in
2621 1096 2725 1149 qua
2762 1082 2976 1151 quidem
3011 1085 3120 1152 jam
3172 1082 3405 1134 vidimus
3436 1084 3565 1150 quid
3616 1085 3681 1138 de
3736 1082 3983 1137 Ecclesia

740 1180 880 1236 alios
926 1178 1413 1235 communicatores
1449 1178 1695 1237 haberet,
1736 1187 1828 1228 aut
1877 1192 1903 1228 a
1950 1191 2042 1230 sua
2071 1190 2311 1227 commu-
2418 1171 2649 1226 Basilius
2675 1175 2934 1227 meruerit
2964 1192 3102 1230 anno
3126 1175 3253 1237 565,
3286 1190 3406 1227 cum
3441 1172 3700 1244 Valentis,
3727 1176 3819 1247 qui
3857 1175 3983 1244 plu-

743 1273 903 1327 nione
930 1268 1713 1325 removeret.Communicabat
1742 1266 1969 1322 Basilius
1992 1281 2114 1320 cum
2143 1268 2308 1318 Atha-
2426 1266 2574 1318 ribus
2605 1264 2717 1332 jam
2758 1266 2979 1319 vastatis
3036 1267 3280 1322 ecclesiis
3337 1266 3724 1321 Cresariensem
3776 1283 3871 1339 spe
3928 1276 3987 1319 et

745 1363 929 1425 nasio;
972 1363 1065 1415 sed
1102 1377 1444 1429 nequaquam
1472 1360 1799 1414 Athanasius
1844 1377 1964 1414 cum
2012 1358 2221 1412 Melctio
2258 1366 2312 1411 et
2415 1354 2670 1407 aviditate
2697 1356 3005 1419 devorabat,
3036 1359 3215 1412 irritos
3240 1356 3571 1426 infcctosquc
3598 1369 3821 1414 conatus
3857 1358 3992 1413 red-

744 1453 981 1507 Eusebio
1011 1452 1402 1516 Samosatensi,
1440 1450 1643 1503 intimis
1699 1449 1882 1503 Basilii
1938 1448 2148 1501 amicis.
2193 1448 2312 1500 Fla-
2414 1445 2563 1499 didit.
2595 1444 2796 1501 Praeter
2832 1449 2967 1502 hanc
3013 1449 3313 1511 victoriam,
3350 1464 3467 1515 qua:
3513 1448 3715 1502 fractos
3767 1452 3985 1504 animos

748 1545 941 1615 grabat
972 1544 1286 1598 Eustathius
1318 1543 1636 1612 justissimis
1667 1540 1955 1597 Arianismi
1991 1540 2313 1609 suspicioui-
2413 1538 2752 1592 exsuscitare
2781 1540 2983 1605 debuit,
3020 1551 3263 1594 exortum
3295 1541 3451 1594 civile
3485 1541 3679 1595 bellum
3711 1542 3986 1610 episcopis

744 1639 882 1705 bus;
919 1636 1183 1698 Basilius,
1208 1638 1299 1705 qui
1337 1636 1479 1691 illius
1515 1636 1751 1690 animum
1779 1652 1843 1689 ex
1882 1650 1979 1688 suo
2013 1636 2308 1703 spectabat,
2414 1632 2621 1702 c0piam
2673 1631 2821 1687 dedit
2850 1633 2915 1686 de
2945 1632 3104 1685 rebus
3136 1632 3519 1687 ecclesiasticis
3556 1635 3696 1688 inter
3734 1648 3793 1687 se
3838 1634 3984 1687 deli-

746 1728 913 1781 multa
961 1727 1110 1782 illius
1140 1744 1304 1783 causa
1343 1728 1481 1782 bella
1517 1728 1789 1783 sustinuit.
1834 1726 1981 1779 Multi
2026 1728 2116 1781 alii
2154 1728 2311 1780 ﬁdem
2415 1725 2661 1779 berandi.
2697 1726 2812 1780 Non
2848 1726 2990 1779 enim
3022 1728 3279 1793 perducta
3311 1727 3378 1781 ad
3410 1726 3613 1780 exitum
3643 1726 3855 1781 fuerant
3884 1726 3982 1779 de-

743 1819 1102 1873 defendcbant
1130 1836 1233 1873 non
1273 1821 1559 1883 insincero,
1601 1828 1657 1871 ut
1690 1818 2032 1883 Eustathius,
2069 1822 2250 1873 animo
2294 1837 2306 1870 :
2418 1828 2565 1873 creta
2600 1818 2980 1886 Lampsacenae
3006 1817 3228 1887 synodi;
3261 1820 3449 1873 eadem
3498 1834 3712 1886 semper
3744 1829 3863 1873 erat
3892 1833 3984 1871 re-

740 1912 835 1963 sed
871 1920 1047 1964 tamen
1081 1910 1325 1979 pluribus
1364 1912 1597 1979 suspecti
1634 1921 1811 1966 erant.
1844 1912 1981 1968 Hinc
2039 1913 2146 1965 illa).
2197 1913 2312 1982 0pi-
2344 1889 2385 1941 Β
2418 1927 2531 1964 rum
2556 1909 2931 1979 perturbatio;
2964 1909 3198 1978 episcopi
3244 1911 3334 1977 qui
3380 1912 3447 1964 ab
3478 1910 3695 1963 Arianis
3737 1925 3985 1965 recesse-

740 1999 935 2053 niones
980 2001 1304 2070 anticipatze,
1345 2000 1541 2068 quibus
1591 2016 1649 2054 se
1689 2002 1967 2055 Musonius
2028 2000 2309 2056 Neocmsa-
2414 2011 2556 2065 rant,
2587 2000 2783 2054 bellum
2817 1998 3141 2066 inexpiabile
3196 1998 3469 2054 habebant
3510 2014 3629 2055 cum
3674 2000 3984 2061 Anomoeis,

740 2093 938 2146 riensis
968 2094 1197 2146 detineri
1235 2092 1526 2158 fatebatur,
1588 2096 1880 2161 quominus
1939 2095 2192 2149 Basilium
2257 2097 2307 2147 in
2415 2110 2511 2146 nec
2546 2104 2723 2146 tamen
2761 2091 3065 2147 Occidentis
3089 2101 3141 2145 et
3172 2089 3389 2160 IEgypti
3420 2091 3853 2145 communionem
3881 2090 3986 2143 ba-

740 2186 1094 2253 paciﬁcandis
1120 2186 1377 2241 Ecclesiis
1399 2187 1632 2253 juvaret.
1660 2186 1945 2255 Permagni
1984 2203 2115 2258 ergo
2148 2189 2313 2241 inter-
2413 2183 2634 2245 hebant,
2673 2194 2765 2236 aut
2798 2184 2988 2237 saltem
3028 2198 3131 2237 non
3160 2196 3256 2249 per
3289 2196 3347 2235 se
3376 2182 3497 2248 ipsi,
3530 2186 3622 2236 sed
3654 2199 3747 2252 per
3775 2182 3987 2236 medios

740 2286 855 2330 erat
898 2287 951 2330 et
997 2277 1062 2330 ad
1096 2277 1251 2331 ﬁdem
1281 2289 1333 2331 et
1361 2279 1424 2330 ad
1453 2278 1710 2332 unitatem
1746 2278 2016 2342 Ecclesiae,
2042 2289 2097 2331 ut
2128 2279 2312 2330 ortho-
2412 2276 2666 2343 quosdam
2697 2278 3178 2332 communicatores
3219 2275 3520 2329 habebant:
3556 2286 3820 2343 praeterea
3844 2276 3985 2330 mul-

740 2366 865 2418 doxi
896 2381 1085 2419 omnes
1116 2368 1337 2421 remotis
1385 2369 1781 2435 suspicionibus
1813 2384 1875 2421 ac
1928 2384 2029 2421 una
2087 2382 2310 2435 prorsus
2414 2380 2588 2420 torum
2624 2366 2805 2435 lapsus
2836 2368 2887 2419 in
2934 2370 3309 2435 persecutione
3365 2380 3560 2421 novum
3600 2365 3795 2421 vulnus
3844 2368 3987 2420 lece-

740 2455 978 2510 stabilita
1038 2459 1417 2509 communione
1453 2459 1595 2511 vires
1642 2473 1767 2511 suas
1824 2458 1876 2509 in
1934 2459 2310 2527 oppugnandis
2413 2469 2518 2513 rat.
2569 2460 2750 2527 Itaque
2803 2460 2949 2511 varia
2980 2462 3203 2513 concilia
3239 2462 3505 2531 Smyrnae,
3531 2470 3585 2513 et
3625 2460 3676 2511 in
3711 2458 3986 2527 Pamphy-

740 2546 1014 2600 lnereticis
1064 2546 1473 2617 coniungerent.
1527 2546 1583 2601 ln
1633 2553 1735 2603 hoc
1769 2548 2103 2619 perﬁciendo
2151 2564 2312 2618 opere
2421 2550 2516 2615 lia,
2549 2550 2748 2605 Isauria
2800 2564 2861 2602 ac
2913 2548 3073 2619 Lycia
3124 2552 3388 2605 celebrata
3443 2562 3567 2605 sunt
3617 2551 3710 2620 (c),
3750 2565 3983 2619 quorum

737 2637 967 2691 Basilius
996 2653 1096 2693 nec
1128 2640 1434 2710 presbyter.
1460 2655 1558 2695 nec
1598 2642 1884 2709 episcopos
1914 2642 2191 2695 elaborare
2222 2644 2313 2695 de-
2415 2642 2631 2696 nomine
2658 2652 2765 2695 tres
2798 2640 2956 2708 legali
2986 2639 3040 2692 in
3075 2638 3419 2697 Occidentem
3448 2657 3569 2693 cum
3596 2638 3983 2703 lillerismiSSi.

736 2729 893 2782 stitit.
950 2728 1055 2783 Sed
1114 2743 1235 2783 eum
1293 2733 1358 2784 ad
1396 2740 1608 2799 optatos
1662 2734 1838 2787 exitus
1894 2734 2147 2786 eximium
2212 2734 2313 2788 hoc
2415 2735 2731 2789 Eustathius
2756 2733 3105 2794 Sebastenus,
3139 2730 3392 2783 Silvanus
3425 2730 3707 2785 Tarsensis
3733 2741 3788 2784 et
3814 2730 3989 2783 Theo-

735 2818 1022 2875 consilium
1076 2819 1375 2888 perducere
1427 2836 1573 2874 mors
1606 2822 1901 2888 prohibuit.
1934 2826 2005 2874 At
2035 2826 2186 2889 operi
2223 2839 2313 2876 co-
2415 2830 2594 2896 philus
2625 2827 3081 2881 Castabalitanus.
3118 2820 3212 2875 llis
3244 2822 3425 2875 datum
3486 2821 3538 2873 in
3600 2819 3890 2885 mandatis,
3925 2830 3988 2872 ut

736 2912 982 2968 ronidem
1026 2913 1286 2981 imposuit
1313 2913 1551 2981 synodus
1591 2913 1927 2966 (ecumenica
1962 2914 2218 2976 secunda,
2258 2914 2309 2965 in
2414 2920 2536 2972 ﬁdei
2569 2918 2799 2972 Niczenae
2824 2917 3253 2977 subscriberent,
3282 2913 3559 2968 etlitteras
3589 2912 3988 2967 communionis

736 3020 842 3073 qua
896 3005 1079 3059 Basilii
1128 3006 1291 3059 amici
1347 3005 1636 3075 plurimum
1682 3014 1997 3072 potuerunt.
2048 3004 2122 3057 lbi
2165 3005 2308 3057 enim
2414 3024 2441 3061 a
2476 3009 2693 3062 Liberio
2736 3010 3115 3074 impetrarent.
3162 3006 3365 3061 Praater
3408 3006 3715 3060 communia
3766 3003 3984 3073 negetia

737 3094 1032 3148 constituta
1075 3097 1464 3164 suntquaadam
1488 3095 1649 3149 veluti
1676 3106 1859 3149 centra
1890 3096 2310 3159 communionis,
2414 3102 2670 3154 curanda:
2702 3108 2860 3152 erant
2918 3099 3203 3152 Eustathio
3249 3113 3333 3152 res
3391 3098 3640 3165 propriae.
3697 3093 3985 3161 Depositus

742 3196 806 3234 ac
836 3184 1221 3248 spectatissimi
1253 3186 1455 3251 quique
1488 3185 1541 3238 in
1583 3186 1811 3252 singulis
1841 3186 2130 3252 provinciis
2158 3186 2309 3239 electi
2341 3226 2382 3281 Ο
2415 3193 2557 3246 enim
2584 3206 2724 3245 anno
2757 3188 2860 3243 560
2902 3190 2967 3241 ab
3010 3190 3309 3251 Anomozis,
3346 3203 3407 3241 ac
3441 3197 3621 3255 postea
3661 3186 3710 3238 in
3741 3183 3986 3238 Valentis

740 3285 869 3331 sunt
920 3274 1182 3344 episcOpi,
1217 3275 1539 3343 quibuscum
1596 3280 1906 3344 quicunque
1946 3280 2313 3332 communica-
2347 3274 2382 3281 ⁷
2416 3284 2792 3352 persecutione
2820 3281 3023 3350 lapsus,
3052 3281 3259 3348 magnis
3304 3278 3570 3347 prazsidiis
3609 3276 3823 3345 egebat,
3866 3287 3923 3329 ut
3954 3291 3984 3329 a

735 3375 883 3431 rent,
926 3380 1020 3421 eos
1050 3382 1149 3436 pro
1183 3367 1468 3421 catholicis
1503 3366 1688 3421 haberi
1723 3367 1956 3435 synodus
1984 3368 2183 3429 voluit;
2224 3384 2315 3422 se-

2417 3375 2715 3429 Catholicis
2750 3373 3101 3443 reciperetur,
3135 3388 3231 3426 nec
3275 3372 3677 3439 opprimeretur
3706 3369 3774 3422 ab
3804 3369 3982 3423 ntere-

739 3474 859 3515 cns.
896 3458 943 3512 si
982 3458 1196 3513 illorum
1243 3469 1494 3515 carerent
1533 3460 1935 3512 communione.
1976 3456 2177 3527 Synodi
2217 3460 2312 3512 de-
2418 3467 2560 3519 ticis.
2595 3466 2709 3519 Non
2744 3468 2886 3520 enim
2912 3466 2976 3519 ad
3006 3466 3147 3517 aliud
3170 3475 3377 3533 tempus
3412 3462 3599 3515 referri
3630 3462 3790 3516 debet
3838 3460 3984 3528 quod

741 3559 950 3605 cretum
977 3553 1299 3605 auctoritate
1332 3566 1425 3604 sua
1470 3550 1813 3603 confirmavit
1842 3549 2200 3613 Theodosius,
2255 3560 2312 3605 ιιι
2419 3558 2494 3609 ait
2522 3556 2750 3609 Basilius
2784 3556 2887 3623 (d),
2920 3557 3280 3616 Eustatltium,
3318 3570 3438 3608 cum
3469 3565 3612 3607 tomo
3642 3553 3709 3606 ab
3752 3552 3984 3607 Eudoxii

738 3649 887 3707 patet
906 3656 970 3691 ex
1004 3640 1354 3692 celeberrima
1380 3640 1520 3691 illius
1544 3641 1677 3708 lege,
1702 3642 1791 3693 lib.
1819 3658 1903 3693 xvi
1930 3640 2309 3709 Cod.Theod.,
2416 3646 2649 3701 factione
2680 3644 2981 3713 composito
3011 3645 3400 3708 consensisset,
3437 3644 3490 3696 in
3542 3644 3803 3697 concione
3836 3642 3984 3695 frau-

740 3726 826 3778 tit.
864 3726 916 3779 ί.
952 3724 1179 3796 Magnus
1207 3741 1339 3781 sane
1368 3727 1522 3781 dolor
1557 3730 1767 3781 exstitit
1799 3730 2022 3796 Basilio,
2056 3734 2197 3799 quod
2231 3734 2311 3786 la-
2416 3742 2535 3794 dem
2572 3738 2671 3792 sibi
2707 3737 2902 3789 factam
2935 3735 3269 3804 deplorasse.

734 3814 931 3871 borum
972 3833 1196 3873 suorum
1237 3818 1473 3872 fructum
1508 3834 1610 3872 non
1642 3820 1833 3873 viderit
1868 3839 1878 3872 :
1922 3823 2014 3874 sed
2049 3824 2191 3876 illius
2216 3840 2312 3877 no-
2486 3831 2699 3897 Aliquid
2727 3830 2959 3884 Basilius
2987 3828 3219 3883 consilio
3248 3841 3347 3879 suo
3384 3825 3448 3877 ad
3481 3825 3623 3879 hanc
3658 3824 3983 3893 legationem

740 3910 875 3963 mini
911 3911 1182 3979 rebusque
1226 3912 1395 3979 gestis
1424 3927 1676 3979 magnum
1711 3912 1839 3965 mihi
1880 3914 2093 3966 videtur
2143 3915 2309 3967 decus
2414 3923 2624 3974 videtur
2658 3922 2971 3975 contulisse.
3014 3919 3182 3974 Erant
3220 3921 3361 3972 enim
3404 3928 3514 3971 tres
3547 3916 3703 3985 legati
3746 3930 3811 3970 ex
3850 3916 3981 3969 inti-

741 4000 1014 4055 addidisse
1047 4001 1284 4071 synodus
1341 4000 1958 4068 Constantinopolitana,
2016 4002 2139 4055 dum
2194 4001 2311 4069 ejus
2415 4015 2515 4065 mis
2536 4014 2679 4064 illius
2711 4012 2901 4064 amicis
2932 4028 2946 4062 :
2979 4012 3119 4080 quod
3142 4010 3356 4077 quidem
3383 4010 3447 4062 de
3476 4007 3751 4062 Eustathio
3771 4018 3980 4063 certum

738 4093 971 4159 vestigia
1005 4094 1226 4161 premit,
1258 4103 1312 4147 et
1340 4092 1645 4146 inchoatam
1671 4093 1739 4146 ab
1770 4106 1834 4146 eo
1864 4093 2019 4146 telam
2053 4094 2307 4161 pertexit.
2412 4118 2505 4158 sua
2539 4113 2731 4171 sponte
2752 4112 2805 4155 et
2839 4101 3180 4169 exploratum
3206 4110 3320 4159 est;
3373 4100 3437 4152 de
3468 4098 3762 4167 Theophilo
3799 4110 3979 4154 autem

814 4178 880 4233 V.
916 4180 1134 4235 initium
1190 4198 1511 4252 magnarum
1566 4198 1750 4237 rerum
1810 4182 2016 4237 exstitit
2072 4184 2311 4253 synodus
2415 4211 2475 4250 co

2415 4195 2623 4250 consuli
2672 4201 2849 4263 potest
2877 4189 3101 4259 epistola
3132 4189 3239 4243 245
3268 4189 3333 4241 ad
3365 4204 3487 4242 eum
3532 4189 3753 4256 scripta.
3800 4192 3983 4261 Atque

740 4271 1133 4343 Lampsacena.
1158 4273 1314 4339 cujus
1362 4275 1725 4329 convocanda:
1765 4275 2035 4330 licentiam
2074 4276 2153 4347 (a)
2184 4291 2311 4331 con-

2414 4286 2557 4340 haud
2588 4284 2702 4339 scio
2736 4298 2802 4335 an
2841 4282 3119 4335 Silvanum
3159 4282 3399 4334 omnium
3429 4280 3719 4348 plurimum
3764 4280 3976 4346 fecerit,

743 4360 908 4417 cessit
941 4360 1368 4426 Valentinianus,
1402 4368 1529 4416 dum
1566 4365 1741 4419 adhuc
1776 4366 1827 4419 in
1869 4365 2162 4422 Occidente
2197 4383 2311 4421 mo-
2413 4392 2568 4447 quem
2600 4386 2655 4430 ει
2685 4385 2958 4428 mortuum
2995 4374 3214 4427 beatum
3250 4372 3507 4440 appellat,
3560 4382 3614 4427 et
3665 4373 3845 4428 vivum
3900 4373 3979 4427 sic

741 4455 985 4509 πεδίλων·
1022 4456 1077 4508 1⁵⁸
1108 4455 1209 4509 hoc
1236 4456 1464 4509 εοηείιίο
1494 4471 1590 4525 ρετ
1615 4458 1747 4511 duos
1782 4473 1997 4513 menses
2044 4460 2311 4515 delibera-
2414 4469 2599 4532 coluit,
2634 4478 2692 4521 ut
2726 4468 2869 4521 illius
2897 4465 3101 4519 visendi
3140 4465 3409 4520 desiderio
3449 4464 3793 4519 solitudinem
3820 4480 3975 4520 suam

739 4556 853 4599 tum
906 4556 1008 4609 est,
1034 4560 1097 4599 ac
1126 4545 1407 4601 decretum
1456 4556 1512 4600 ut
1562 4547 1715 4600 irrita
1753 4558 1956 4613 essent,
1992 4565 2113 4618 quae
2170 4551 2313 4606 Con-
2344 4578 2389 4636 υ

2344 4578 2389 4636 ο
2418 4560 2703 4629 aliquando
2734 4558 3013 4626 reliquerit
3059 4558 3156 4628 (ε),
3182 4558 3432 4611 comitem
3464 4573 3522 4610 se
3570 4556 3850 4611 Eustathio
3883 4556 3977 4609 ad-

737 4638 1086 4705 stantinopoli
1157 4636 1386 4692 Eudoxii
1447 4648 1501 4694 et
1560 4639 1744 4693 Acacii
1818 4642 2309 4699 machinationibus
2410 4649 2659 4717 jnngens.
2710 4646 2912 4699 Deinde
2958 4660 3089 4699 vero
3140 4646 3425 4714 plurimum
3475 4647 3731 4699 intererat
3762 4644 3973 4709 Basilii,

740 4740 896 4800 gesta
942 4730 1177 4796 fuerant,
1220 4740 1383 4800 atque
1422 4740 1483 4785 ut
1536 4730 2132 4802 Constantinopolitana
2186 4737 2307 4789 ﬁdei
2418 4748 2472 4792 ut
2522 4738 2700 4805 lapsus
2746 4737 3011 4793 Eustathii
3068 4746 3433 4804 repararetur;
3494 4737 3685 4804 vixque
3736 4734 3961 4787 dubium

739 4820 975 4874 formula
1010 4820 1351 4887 rejiceretur,
1399 4820 1571 4875 filius
1608 4820 1755 4875 Patri
1788 4823 1979 4875 similis
2012 4824 2306 4877 secundum
2418 4830 2544 4897 quin
2579 4830 2843 4883 suadente
2878 4839 2971 4881 aut
2995 4827 3180 4881 saltent
3211 4828 3473 4891 probante
3504 4826 3697 4881 Basilio
3724 4824 3974 4896 (f),ltanc

742 4912 1097 4967 substantiam
1137 4912 1541 4981 prmdicaretur,
1569 4928 1741 4978 eaque
1769 4914 1820 4966 in
1845 4914 2096 4968 omnibus
2124 4914 2309 4968 Eccle-
2420 4920 2733 4974 EuStathius
2760 4920 2925 4975 errati
2978 4918 3235 4987 purgandi
3270 4920 3408 4972 viam
3444 4918 3727 4982 invenerit,
3764 4926 3820 4970 ut
3866 4917 3976 4971 Bo-

740 5004 841 5059 siis
896 5003 1027 5057 ﬁdes
1082 5004 1310 5072 vigeret,
1351 5020 1471 5073 qua:
1522 5004 1783 5058 Seleucia:
1834 5005 2050 5071 quidem
2106 5004 2304 5059 conﬁr-
2418 5025 2557 5063 mam
2590 5009 2884 5078 profectus,
2935 5009 3057 5061 inde
3104 5006 3262 5061 ﬁdem
3307 5019 3516 5077 patrum
3555 5008 3849 5077 acciperet,
3899 5010 3975 5063 ita

742 5106 913 5158 mata,
942 5096 1242 5150 Antiochia:
1274 5110 1404 5149 vero
1440 5097 1492 5149 in
1518 5096 1857 5151 dedicatione
1887 5097 2108 5163 majoris
2138 5098 2310 5150 eccle-
2415 5110 2471 5155 ut
2495 5102 2634 5170 quod
2667 5102 2919 5156 Ecclesiis
2942 5100 3252 5154 detrimenti
3302 5099 3556 5153 intulerat
3587 5101 3729 5152 malo
3776 5115 3975 5169 appro-

743 5188 839 5243 sia:
866 5188 1111 5257 exposita
1170 5187 1365 5243 fuerat.
1416 5188 1533 5242 Non
1581 5189 1750 5243 adfuit
1814 5189 2094 5256 Lampsaci
2152 5188 2307 5243 Basi-
2414 5193 2607 5255 bando.
2647 5193 2697 5245 id
2735 5192 2954 5247 meliore
3000 5191 3393 5243 introducendo
3440 5191 3775 5245 emendaret.
3815 5191 3974 5245 Deni»

742 5278 963 5349 lius(b),
996 5280 1087 5333 sed
1118 5295 1238 5333 eum
1282 5280 1595 5334 Eustathius
1637 5296 1756 5334 cum
1783 5280 2022 5348 pluribus
2052 5281 2171 5335 aliis
2203 5282 2313 5349 epi-
2414 5300 2517 5353 que
2549 5284 2779 5338 Basilius
2812 5298 2955 5337 anno
2988 5280 3085 5335 371
3124 5282 3201 5336 sic
3230 5282 3335 5350 agit
3365 5297 3486 5335 cum
3521 5292 3707 5337 sancto
3730 5285 3972 5336 Athana-

747 5372 929 5441 scopis
964 5371 1319 5441 Lampsacum
1362 5373 1740 5440 proﬁciscens,
1773 5374 1823 5427 iu
1867 5373 2039 5426 locum
2081 5373 2311 5429 Eusinoe
2414 5380 2493 5432 sio
2520 5378 2585 5431 de
2611 5378 2802 5444 legatis
2848 5377 3069 5429 Romam
3121 5374 3421 5435 mittendis,
3454 5384 3645 5429 utnon
3699 5385 3826 5430 tunc
3863 5378 3971 5445 pri-

745 5463 953 5518 dictum
980 5464 1280 5527 advocavit,
1312 5465 1489 5533 ibique
1522 5466 1755 5520 Basilius
1797 5481 1917 5519 cum
1952 5467 2217 5537 episcopis
2242 5469 2306 5522 de
2419 5484 2561 5521 mum
2603 5469 2740 5521 hanc
2792 5468 3175 5535 cogitationem
3229 5467 3533 5534 suscepisse
3573 5469 3839 5533 videatur,
3873 5469 3969 5521 sed

752 5554 857 5610 ﬁde
880 5555 1042 5614 multa
1077 5556 1354 5627 disseruit.
1382 5556 1596 5611 Minime
1640 5560 1833 5615 mirum
1862 5570 1945 5613 est
1975 5567 2179 5612 tantum
2206 5560 2305 5614 ho—
2418 5560 2725 5625 iamdudum
2785 5559 2927 5613 illius
2986 5560 3271 5614 utilitatem
3335 5560 3691 5629 perspexisse.
3759 5558 3975 5614 Dudum

820 5741 895 5815 (ᾳ)
919 5740 1166 5815 _Sozorn..
1198 5743 1289 5803 lib.
1325 5757 1399 5807 νι,
1436 5758 1483 5796 c.
1515 5744 1562 5797 7.

1339 5757 1399 5807 vt,
1436 5758 1483 5796 c.
1515 5744 1562 5797 7.
2485 5744 2683 5813 ((1)131).
2709 5742 2830 5815 ΞΗ.
2865 5760 2917 5795 n.

818 5811 892 5875 (ὁ)
917 5812 1011 5881 Ep.
1038 5814 1161 5864 “2'25.

2485 5811 2557 5880 (et
2581 5816 2671 5879 Iip.
2709 5814 2833 5876 2'23,
2872 5831 2921 5864 ιι.
2950 5814 3000 5864 5.

820 5882 1273 5959 (ι’),δορωιηιὶμ
1303 5898 1374 5948 tv,
1413 5898 1461 5938 c.
1504 5884 1584 5937 12.

1338 5898 1374 5948 r',
1413 5898 1461 5938 ευ
1504 5884 1584 5937 Ιὶο
2482 5885 2545 5953 (Ῑ)
2572 5882 2667 5953 Ep.
2706 5884 2830 5953 241,
2863 5902 2915 5938 ll.
