4206 6486
1583 443 1742 498 ΠΤΑ
1784 443 1839 499 S.
1877 445 2140 501 BASlLlI.

3338 467 3440 507 ην

211 565 310 620 ιιουὶ
333 571 374 613 et
398 556 720 625 ipse,inquit
744 559 962 631 (a),pro
984 560 1226 614 mediocri
1243 577 1355 614 mea
1383 561 1774 626 rernmuatitin,
1804 569 1850 624 Α
1959 563 2107 628 Quod
2137 564 2213 616 ait
2247 562 2477 618 Basilius
2509 565 2587 636 (rt)
2619 562 2957 617 Eustatliium
3000 561 3164 614 Roma
3197 565 3438 619 attulisse

211 673 353 712 unam
383 670 489 707 esse
515 651 774 710 Ecclesiis
805 656 1000 709 nostris
1031 659 1216 712 auxilii
1240 658 1395 722 viam,
1427 659 1473 712 si
1508 659 1774 713 nobiscum

209 749 490 810 conspirant
519 746 894 803 Occidentales
930 749 1172 817 episcopi.

274 837 534 894 Videntur
568 850 682 893 tres
729 839 890 905 legati
930 842 1024 896 sub
1057 851 1296 896 extrema
1349 842 1590 896 autumni
1635 849 1771 892 tern-

214 944 335 996 pora
365 946 508 985 anno
563 929 672 984 565
717 932 946 998 profecti
990 948 1130 986 esse.
1181 928 1314 982 Nam
1362 947 1478 986 cum
1527 930 1771 986 Liberius

213 1022 400 1077 abierit
432 1038 576 1077 anno
607 1021 736 1085 566,
762 1040 993 1093 cumque
1026 1022 1187 1091 legati
1234 1038 1336 1077 non
1383 1025 1554 1079 solum
1586 1023 1653 1075 ab
1682 1035 1768 1086 eo,

214 1117 300 1169 sed
326 1118 491 1170 etiam
522 1114 591 1167 ab
633 1116 899 1186 episcopis
928 1116 1114 1177 Italiae,
1145 1114 1359 1181 Ᾱΐτίοω,
1387 1117 1570 1168 Gallia:
1601 1123 1655 1166 et
1687 1114 1770 1167 Si-

214 1209 347 1262 cilia:
399 1207 614 1260 litteras
644 1206 926 1262 attulerint
952 1206 1105 1258 initio
1147 1207 1289 1261 veris
1332 1207 1458 1260 anni
1499 1205 1626 1268 ⁸567,
1665 1220 1767 1258 nou

214 1301 346 1353 satis
377 1296 701 1352 habuissent
745 1296 904 1365 spatii
931 1297 996 1350 ad
1031 1306 1108 1349 tot
1155 1311 1218 1350 ac
1249 1307 1426 1350 tantas
1471 1310 1557 1348 res
1603 1296 1769 1348 couti-

212 1389 455 1454 ciendas,
491 1391 536 1442 si
569 1390 745 1444 serius
773 1385 994 1455 profecti
1025 1385 1272 1443 fuissent.
1313 1387 1594 1440 Probabile
1625 1387 1766 1441 enim

211 1488 289 1532 est
319 1478 440 1535 illos
497 1482 598 1534 has
646 1478 916 1547 regiones,
948 1488 1004 1532 ut
1037 1479 1312 1534 existimat
1373 1477 1763 1543 Tillemontius,

214 1580 304 1624 aut
347 1571 511 1626 simul
547 1583 890 1638 peragrasse,
918 1578 1010 1622 aut
1045 1570 1231 1625 saltem
1261 1569 1496 1623 laborem
1536 1568 1674 1623 inter
1710 1584 1768 1624 se

211 1665 434 1733 partitos
461 1676 601 1716 esse.

285 1756 402 1811 Dixi
463 1756 670 1822 legatos
703 1753 930 1808 rediisse
958 1768 1120 1808 verno
1176 1764 1413 1821 tempore
1461 1754 1585 1806 anui
1641 1753 1764 1816 567,

210 1849 329 1916 quia
368 1846 660 1900 redeuntes
717 1844 912 1898 Liberii
966 1844 1174 1899 litteras
1230 1845 1462 1899 concilio
1495 1845 1761 1917 Tyanensi

210 1938 542 2002 obtulerunt,
576 1939 662 1993 cui
694 1937 834 1990 aliud
868 1946 1076 2005 tempus
1103 1937 1362 2006 assignari
1412 1955 1517 1992 non
1565 1948 1762 2006 potest.

209 2029 261 2082 ltt
298 2031 398 2083 hac
429 2034 574 2084 enim
609 2031 812 2100 synodo
853 2039 1110 2084 statutum
1137 2031 1233 2102 (b),
1269 2042 1328 2085 ut
1367 2031 1606 2098 episcopi
1642 2041 1764 2082 ante

207 2119 398 2173 exitum
451 2122 603 2184 ueris,
642 2119 691 2170 id
743 2126 825 2174 est
871 2131 994 2173 ante
1026 2120 1232 2174 aestatis
1279 2117 1488 2170 calores
1531 2115 1762 2171 Tarsum

211 2209 408 2261 Ciliciae
440 2210 819 2264 convenirent.
859 2211 970 2266 lloe
1022 2217 1198 2261 autem
1254 2223 1395 2260 anno
1433 2207 1536 2261 567
1589 2208 1764 2262 conti-

209 2299 347 2366 gisse
387 2309 560 2366 patet,
606 2302 732 2369 quia
798 2298 1071 2369 probabile
1117 2312 1220 2351 non
1256 2307 1339 2352 est
1384 2299 1587 2368 legatos
1641 2307 1762 2366 post

210 2390 412 2443 obitum
456 2389 690 2454 Liberii,
732 2391 822 2459 qui
869 2404 1050 2443 mense
1099 2389 1400 2460 Septembri
1454 2407 1596 2443 anno
1649 2390 1761 2443 566

212 2496 454 2537 mortuus
489 2496 597 2544 est,
632 2493 736 2534 tam
787 2483 875 2536 diu
924 2495 1157 2539 moratos
1196 2499 1338 2549 esse,
1377 2493 1435 2537 ut
1477 2499 1582 2535 non
1615 2484 1759 2536 redi-

214 2584 326 2626 rent
357 2572 459 2624 nisi
500 2587 640 2623 anno
667 2570 790 2625 568.

275 2662 496 2715 Praefuit
528 2662 652 2716 huic
697 2665 921 2719 concilio
961 2663 1225 2719 Eusebius
1263 2661 1632 2726 Caesariensis,
1663 2677 1761 2716 nec

207 2755 420 2809 dubium
461 2765 546 2810 est
580 2757 705 2824 quin
727 2771 849 2811 eum
878 2765 1095 2810 secutus
1118 2756 1188 2809 sit
1233 2755 1482 2826 Basilius,
1515 2769 1606 2812 aut
1650 2756 1761 2809 sal-

211 2859 332 2910 tem,
364 2858 423 2901 ut
457 2847 513 2901 in
547 2847 666 2902 aliis
693 2850 872 2910 rebus,
907 2846 976 2899 ita
1015 2847 1066 2898 in
1105 2849 1205 2900 hoc
1236 2848 1478 2914 cogendo
1531 2846 1761 2899 concilio

208 2940 314 2992 suis
354 2955 482 2994 eum
530 2940 774 2994 consiliis
837 2939 1057 3009 juverit.
1130 2938 1346 3009 Synodo
1405 2938 1763 2993 interfuerunt

208 3030 536 3084 Athanasius
598 3030 859 3100 Ancyraa,
931 3029 1183 3099 Pelagius
1239 3029 1556 3093 Laodiceze,
1616 3028 1760 3084 Zeno

208 3119 350 3189 Tyri,
390 3121 596 3174 Paulus
620 3121 846 3186 Etuesai,
895 3121 1109 3176 Otreius
1153 3120 1425 3186 Melitinat,
1468 3119 1761 3189 Gregorius

209 3212 454 3266 Nazianzi
491 3221 545 3267 et
567 3212 658 3266 alii
680 3213 1004 3282 complures,
1038 3214 1128 3278 qui
1169 3213 1266 3268 sub
1289 3212 1513 3266 Joviano
1533 3211 1753 3264 consuli-

212 3305 458 3358 stantiale
485 3305 822 3359 retinendum
872 3306 922 3357 in
950 3305 1180 3359 concilio
1209 3304 1543 3357 Antiocheno
1571 3301 1756 3355 decre-

211 3409 413 3452 verant.
446 3398 580 3452 Cum
611 3398 762 3450 lecta:
795 3396 1023 3448 fuissent
1062 3395 1261 3449 Liberii
1290 3405 1342 3448 et
1376 3394 1600 3446 aliorqu
1647 3391 1760 3460 epi-

208 3503 490 3557 scoparum
534 3489 750 3552 litterze,
791 3503 1002 3542 summo
1029 3503 1216 3543 omnes
1273 3486 1468 3554 gaudio
1517 3484 1757 3539 exsulta-

207 3591 342 3643 runt,
374 3596 440 3633 ac
478 3579 673 3633 laztitiae
729 3595 837 3633 suae
884 3580 1153 3633 Ecclesias
1202 3577 1440 3634 Orientis
1494 3579 1756 3632 certiores

208 3667 398 3735 fecere,
432 3669 636 3722 indicto
688 3668 740 3721 itt
796 3668 979 3723 urbem
1012 3668 1331 3724 Tarsensem
1381 3678 1506 3722 ante
1553 3667 1757 3720 exitum

207 3759 339 3813 veris
369 3758 624 3824 concilio,
651 3769 706 3811 ut
731 3773 833 3828 pax
862 3760 1101 3813 omnium
1132 3772 1395 3811 consensu
1425 3757 1756 3810 firmaretur.

208 3849 306 3904 Sed
337 3851 477 3905 hanc
501 3852 761 3920 synodum
789 3851 973 3904 haberi
1001 3851 1165 3902 vetuit
1191 3846 1410 3911 Valens,
1435 3865 1498 3903 ac
1528 3860 1756 3920 praeter-

205 3956 262 3993 ea
311 3956 431 3993 cum
487 3941 706 4008 jamjmr
747 3940 1112 4009 congreganda
1148 3948 1310 4005 esset,
1354 3941 1568 4010 triginta
1622 3957 1758 4011 qua-

210 4037 327 4078 tuor
356 4025 502 4078 Asia:
531 4025 771 4096 episcopi
803 4027 852 4078 in
877 4026 1033 4079 Caria
1059 4030 1376 4097 congregati
1413 4032 1760 4086 consubstan-

208 4116 326 4170 tiale
378 4117 705 4186 reiecerunt,
759 4134 823 4173 ac
861 4118 1168 4185 formulam,
1222 4136 1341 4190 qua:
1378 4123 1678 4177 Antiochia:
1706 4132 1759 4178 et

207 4206 463 4265 Seleucia:
489 4213 828 4281 promulgata
871 4214 1068 4279 fuerat,
1105 4226 1278 4270 ratam
1307 4231 1427 4271 esse
1453 4217 1756 4271 voluerunt.

205 4299 308 4356 llos
331 4304 616 4373 episc0pos
647 4304 715 4357 ab
757 4305 1126 4373 amplectendo
1155 4310 1603 4363 consubstantiali
1652 4327 1757 4364 non

181 4434 184 4436 η
208 4395 486 4463 scrupulus
510 4396 731 4464 quidam
765 4397 1049 4461 deterruit,
1070 4400 1164 4451 sed
1191 4400 1470 4454 sententia:
1501 4401 1757 4470 pravitas,

204 4499 319 4551 qua:
351 4494 499 4540 tanta
542 4487 638 4540 fuit
673 4487 724 4540 iu
754 4487 840 4541 his
886 4487 1208 4557 regionibus,
1244 4499 1302 4543 ut
1349 4492 1575 4555 miretur
1608 4491 1758 4547 Basi«

1876 659 2105 721 litteras,
2142 673 2264 727 qua:
2296 672 2417 710 eum
2457 658 2507 709 in
2541 659 2909 726 episcopatum
2955 654 3326 715 restituebaut,
3387 659 3439 712 id

1875 752 1940 804 de
1965 749 2154 804 litteris
2179 749 2375 803 Liberii
2405 749 2604 801 dictum
2640 751 2868 810 videtur,
2896 749 2946 801 in
2975 747 3168 816 quibus
3196 745 3439 801 Liberius

1874 841 2153 896 Eustathio
2189 840 2478 897 etduobus
2517 839 2637 894 aliis
2663 842 2848 910 legatis
2883 840 3139 894 honorem
3167 839 3346 898 habet,
3384 847 3439 890 ut

1872 931 2091 999 collegis
2118 934 2228 986 suis
2255 947 2317 987 ac
2356 932 2608 1000 legitimis
2639 933 2944 1000 episcopis;
2976 945 3073 984 nec
3111 946 3333 985 necesse
3355 939 3440 984 est

1871 1039 1991 1078 cum
2026 1021 2254 1078 Barouio
2306 1024 2440 1078 alias
2481 1022 2693 1076 litteras
2735 1022 3091 1077 comminisci.
3154 1023 3243 1077 Sic
3290 1023 3436 1076 enim

1873 1114 2105 1169 Basilius
2143 1113 2339 1170 litteris
2392 1116 2609 1169 Damasi
2661 1115 3029 1184 episcopatum
3085 1115 3439 1168 Aatiorhena:

1871 1205 2125 1261 Ecclesia:
2162 1205 2388 1262 Paulino
2421 1207 2644 1260 attribui
2682 1207 2814 1260 dicit
2843 1205 2938 1276 (e),
2977 1209 3099 1274 quia
3141 1207 3207 1259 ad
3261 1205 3438 1258 Pauli-

1871 1314 1997 1352 num
2027 1297 2313 1362 Damasus,
2347 1309 2405 1353 ιιι
2433 1299 2499 1353 ad
2543 1298 2841 1367 legitimum
2882 1298 3192 1366 episcopum
3227 1297 3423 1349 scribe-

1871 1393 1980 1446 bat.
2027 1389 2179 1444 Unde
2203 1391 2364 1443 etiam
2394 1392 2593 1446 caedent
2638 1389 2832 1443 littera:
2870 1399 3130 1443 vocantur
3160 1389 3436 1457 cujusdam

1866 1483 2192 1552 principatus
2222 1494 2415 1536 tessera
2446 1483 2547 1552 (f).
2594 1482 2896 1550 Quinetiam
2926 1496 3045 1534 cum
3072 1492 3258 1535 sancto
3279 1481 3438 1534 Atha-

1867 1574 2020 1628 nasio
2055 1590 2220 1643 agens
2249 1576 2316 1629 de
2343 1576 2689 1629 restituendis
2719 1575 2776 1630 S.
2813 1572 3031 1627 Meletio
3067 1573 3275 1633 ovibus,
3301 1588 3436 1640 quas

1865 1664 2124 1718 Paulinus
2162 1664 2520 1724 abstraxerat,
2555 1664 2694 1716 idem
2742 1666 2815 1718 ait
2867 1665 2941 1734 (θ)
2980 1662 3240 1731 placuisse
3273 1661 3435 1715 Occi-

1866 1757 2193 1818 dentalibus,
2227 1764 2281 1808 ut
2334 1756 2524 1808 littera:
2552 1771 2643 1822 per
2682 1757 2885 1808 beatum
2932 1754 3204 1810 Silvanum
3255 1755 3434 1806 allata:

1870 1858 2146 1904 testantur.
2180 1848 2376 1903 Mcletii
2401 1860 2579 1901 autem
2613 1847 2857 1901 Liberius
2897 1865 3000 1900 non
3037 1847 3196 1900 aliter
3220 1846 3435 1898 videtur

1869 1940 2235 2009 episc0patum
2286 1940 2662 2003 confirmasse,
2720 1955 2878 2006 quam
2921 1940 3065 1991 illum
3109 1939 3249 1992 inter
3299 1936 3434 1990 alios

1865 2030 2145 2100 episc0pos
2174 2033 2474 2087 salutando.
2519 2030 2625 2086 Sed
2681 2030 2725 2083 si
2775 2030 2889 2083 hinc
2911 2030 3213 2082 admittitur
3243 2029 3433 2095 conje-

1863 2133 2012 2176 ctura
2034 2139 2128 2192 pro
2150 2123 2443 2189 Eustathio,
2473 2126 2561 2193 qui
2593 2123 3024 2191 interepiscopos
3054 2121 3257 2189 primus
3287 2136 3316 2172 a
3343 2121 3432 2171 Li—

1865 2214 2014 2270 berio
2036 2215 2367 2278 nominatur,
2405 2217 2684 2284 legentium
2716 2217 2822 2271 erit
2868 2213 3102 2274 Melelio,
3131 2229 3229 2266 nec
3255 2213 3433 2283 Cyril-

1867 2307 1974 2371 lns,
2023 2307 2114 2376 qui
2165 2307 2400 2362 secundo
2451 2306 2568 2360 loco
2598 2308 2887 2368 salutatur,
2919 2309 3056 2360 alius
3103 2306 3210 2360 erit
3261 2320 3426 2370 qttam

1867 2398 2407 2469 llierosolymitanus,
2435 2399 2522 2466 qui
2555 2413 2674 2451 cum
2700 2398 2757 2449 S.
2790 2397 3008 2452 llleletio
3045 2396 3431 2464 coniunctissi-

1865 2509 1981 2546 mus
2027 2490 2145 2547 fuit.
2177 2490 2307 2544 lllud
2363 2502 2543 2544 tamen
2606 2492 2847 2544 occurrit
2897 2488 3246 2550 incommodi,
3286 2490 3430 2557 qttod

1863 2583 2119 2649 episcopi,
2159 2598 2296 2650 quos
2340 2582 2633 2650 alloquitur
2677 2582 2951 2645 Liberius,
2987 2579 3432 2649 subscripserant

1863 2670 2104 2725 formula:
2173 2671 2806 2738 Constantinopolitanm.
2889 2665 3192 2738 Perjuriis;
3256 2672 3432 2739 inquit

1863 2766 1940 2835 (ιι.
1970 2763 2046 2831 5),
2074 2764 2126 2815 in
2144 2762 2380 2830 fraudem
2406 2764 2627 2824 inducti,
2653 2762 3056 2829 subscripsistis.
3092 2761 3244 2816 Unde
3269 2762 3429 2816 ctiam

1863 2855 2089 2909 reditum
2127 2855 2230 2908 illis
2258 2854 2322 2908 ad
2341 2855 2609 2909 saniorem
2646 2865 2885 2909 mentem
2907 2855 3230 2924 gratulatur.
3259 2854 3431 2908 Porro

1861 2959 1958 3000 nec
1983 2945 2293 3000 S.llleletius
2314 2947 2522 2999 videtur
2549 2961 2776 3014 unquam
2798 2946 2934 2999 hanc
2961 2947 3168 3010 culpam
3197 2960 3434 2998 eorumc-

1860 3039 2036 3093 ruisse
2069 3054 2166 3092 uec
2213 3039 2269 3092 S.
2321 3039 2581 3106 Cyrillus.
2631 3039 2738 3092 Sed
2775 3039 2887 3091 haec
2937 3037 3224 3091 dillieultas
3276 3037 3432 3091 facile

1860 3131 2110 3182 solvitur.
2162 3129 2278 3184 Non
2337 3130 2480 3182 enim
2524 3131 2822 3196 putandum
2863 3142 2948 3182 est
2978 3131 3115 3182 inter
3148 3130 3428 3198 episcopos

1787 3245 1829 3300 ρ
1863 3221 1929 3274 59
1969 3236 2105 3290 quos
2137 3230 2379 3274 recenset
2430 3201 2703 3283 Liberius,
2740 3220 2943 3275 nullum
2997 3221 3161 3275 fuisse
3210 3220 3277 3274 ab
3328 3221 3429 3272 Ιιοιτ

1865 3329 2016 3368 nva
2056 3315 2345 3382 integrum.
2382 3311 2631 3381 Plerique
2682 3314 2782 3367 hoc
2816 3315 3199 3368 commiserant
3233 3331 3244 3368 :
3285 3312 3429 3378 quod

1861 3406 1997 3458 satis
2028 3403 2124 3459 fuit
2157 3415 2212 3458 ut
2246 3420 2339 3460 eos
2385 3404 2632 3458 Liberius
2662 3406 2741 3458 sic
2771 3405 3158 3471 ‘Jilﬂqut‘l‘ellll'.
3211 3402 3426 3469 Alioqui

1863 3511 1928 3548 ne
1957 3512 2094 3550 unus
2129 3496 2345 3563 quidem
2373 3495 2424 3546 in
2464 3504 2578 3546 toto
2602 3493 2822 3547 Oriente
2853 3494 3028 3562 excipi
3073 3503 3277 3560 posset,
3304 3508 3426 3545 cum

1860 3587 2058 3640 Liberii
2090 3586 2316 3655 epistola
2368 3587 2637 3641 universis
2663 3587 2898 3642 Orientis
2944 3585 3215 3654 episcopis
3245 3587 3428 3639 ortho-

1862 3677 2019 3730 doxis
2062 3676 2319 3743 inscripta
2350 3676 2442 3732 sit.

1939 3762 2160 3817 Litteris
2187 3762 2389 3818 Liberii
2421 3765 2671 3835 adjuncta
2719 3773 2837 3818 erat
2875 3767 3006 3820 fides
3054 3765 3140 3819 cui
3189 3763 3428 3817 subscri-

1861 3855 1964 3923 psit
2011 3854 2339 3909 Eustathius.
2376 3855 2430 3910 ιιι
2470 3859 2580 3926 ipse
2620 3856 2862 3912 Liberius
2901 3859 2978 3924 (η.
3010 3858 3061 3926 l)
3107 3863 3160 3907 et
3187 3853 3428 3921 pluribus
3483 3906 3499 3916 ,

1861 3945 1990 3998 lacis
2041 3943 2270 3998 Basilius
2298 3946 2372 4016 (It)
2408 3955 2691 4000 testantur.
2736 3947 2891 4012 Quod
2939 3953 3115 3996 autem
3163 3941 3420 4005 Basilius,

1861 4048 1955 4087 seu
1992 4035 2175 4104 potius
2201 4034 2508 4092 Orientales
2541 4039 2619 4092 sic
2651 4040 2714 4091 de
2751 4036 3037 4088 Eustathio
3071 4034 3362 4102 loquuntur
3405 4051 3422 4086 :

1862 4127 2118 4192 Quwuam
2166 4139 2341 4183 autem
2373 4131 2418 4184 ei
2467 4133 2740 4198 proposita
2790 4127 2987 4195 fuerint
3038 4144 3069 4180 a
3125 4123 3427 4177 beatissimo

1857 4222 2095 4290 episcopo
2130 4222 2363 4286 Libet-io,
2411 4235 2455 4274 et
2483 4222 2794 4289 quibusnam
2825 4237 3068 4274 assensus
3098 4220 3163 4271 sit
3208 4217 3424 4285 ignora-

1859 4328 1994 4377 mus,
2031 4315 2132 4366 nisi
2156 4315 2293 4383 quod
2311 4314 2580 4380 epistolam
2605 4313 2778 4366 attulit
2801 4330 2917 4383 qua:
2943 4329 3061 4365 eum
3095 4308 3425 4371 restituebat,

1859 4421 2020 4474 eaque
2042 4417 2246 4460 ostensa
2276 4407 2494 4460 concilia
2519 4406 2773 4476 Tyanensi
2801 4409 2854 4458 in
2882 4421 3035 4457 suum
3078 4403 3246 4455 locum
3276 4402 3422 4454 resti-

1859 4507 2003 4551 tutus
2029 4511 2137 4563 est;
2170 4498 2293 4552 inde
2322 4498 2497 4567 colligi
2534 4513 2634 4551 non
2675 4497 2833 4551 debet
2867 4495 3121 4548 Basilium
3145 4493 3423 4561 ignorasse

204 4572 302 4628 lius
333 4573 404 4644 (c)
426 4589 569 4630 anno
604 4575 710 4629 575
737 4586 989 4642 exeunte,
1021 4581 1065 4630 si
1093 4578 1182 4647 qui
1229 4580 1436 4633 omnino
1469 4582 1524 4634 in
1562 4583 1755 4635 Asiana
1790 4580 1832 4634 D
1863 4589 1913 4641 id
1941 4590 2080 4658 quod
2108 4589 2348 4658 pluribus
2383 4591 2512 4644 locis
2545 4591 2614 4659 (i)
2648 4589 2946 4656 exprobrat
2969 4583 3268 4647 Eustathio,
3295 4597 3420 4636 eum

202 4677 368 4720 tractu
391 4677 540 4722 extra
571 4669 737 4722 labem
763 4669 1127 4723 hcereticorum
1157 4672 1282 4727 sint.
1312 4673 1551 4738 Quantus
1577 4675 1757 4730 Basilii

209 4761 359 4815 dolor
405 4761 679 4815 exstiterit
708 4762 929 4830 eptimis
959 4763 1198 4818 consiliis
1219 4765 1367 4818 exitu
1420 4768 1753 4830 carentibus,

203 4849 371 4906 facilis
402 4852 714 4920 caujectura
746 4865 850 4908 est.
880 4855 1014 4920 Quid
1050 4856 1302 4924 deinceps
1356 4872 1522 4926 usque
1554 4859 1619 4911 ad
1645 4861 1758 4926 epi-

203 4952 476 5010 sc0patum
511 4945 580 4998 ad
603 4945 1028 5013 pacificationem
1053 4947 1420 5002 Ecclesiarunt
1453 4951 1755 5016 navaverit,

205 5031 356 5099 plane
379 5037 674 5090 nescimus.
699 5038 768 5088 At
795 5051 915 5089 eum
941 5039 1005 5093 de
1034 5040 1146 5093 suis
1192 5038 1469 5093 laboribus
1495 5040 1630 5093 nihil
1667 5055 1754 5093 re-

207 5126 414 5181 misisse
451 5129 809 5197 perspicimus
839 5143 903 5182 ex
936 5131 1019 5184 his
1045 5147 1165 5200 quae
1191 5146 1351 5201 supra
1383 5132 1452 5187 ab
1483 5132 1572 5186 illo
1613 5133 1755 5186 dicta

208 5217 500 5282 retulimus,
529 5233 650 5273 cum
679 5221 962 5276 Athanasii
989 5223 1258 5294 Ancyrani
1300 5230 1473 5280 morte
1501 5240 1752 5295 maguum

206 5309 504 5370 praesidium
537 5311 829 5366 amisisset.

268 5576 344 5641 (ai
379 5580 472 5647 Ep.
499 5579 588 5635 66.

291 5647 340 5716 b)
376 5651 614 5720 Snzom..
650 5649 744 5706 lib.
780 5667 856 5720 τι,
884 5670 930 5709 c.
968 5653 1052 5709 l2.

288 5729 333 5785 τ)
378 5719 473 5787 Ep.
504 5721 630 5776 eis.

289 5791 341 5856 ιι)
376 5789 468 5856 Ep.
503 5789 632 5851 265.
669 5809 724 5845 ιι.
752 5792 808 5847 5.

285 5863 330 5930 ι)
373 5858 463 5930 Ep.
489 5861 615 5926 2H,
647 5881 700 5916 It.
740 5866 794 5916 '2.

1859 4678 2043 4734 Romae
2067 4678 2189 4735 fidei
2219 4679 2442 4736 Nicmute
2468 4680 2861 4748 subscripsisse
2898 4697 2910 4731 :
2943 4695 3062 4731 nam
3091 4678 3188 4730 hoc
3217 4675 3332 4742 ipso
3367 4674 3422 4725 in

1859 4769 1977 4824 loco
2015 4771 2232 4825 aiteurn
2274 4772 2584 4842 depopulari
2620 4773 2776 4824 tidem
2824 4771 2894 4824 ob
2940 4786 3096 4837 quam
3133 4774 3421 4832 Susceptus

1856 4870 1957 4915 est.
1991 4860 2097 4916 Sed
2129 4877 2248 4916 cum
2285 4864 2446 4916 multa
2479 4864 2581 4916 alia
2627 4864 2769 4917 inter
2798 4861 3067 4915 Liberium
3119 4868 3172 4911 et
3217 4857 3421 4924 legatos

1859 4953 2291 5009 intercessissent
2320 4958 2436 5020 (eos
2463 4955 2607 5007 enim
2661 4971 2766 5007 non
2806 4954 2961 5008 facile
3007 4951 3227 5005 admisit
3257 4947 3421 5000 Libe-

1856 5046 1989 5108 rius,
2014 5052 2148 5099 teste
2170 5043 2395 5100 Socrate
2422 5043 2490 5115 [j]
2513 5045 2552 5114 ),
2575 5061 2678 5098 nou
2705 5047 2851 5114 parvi
2885 5046 3143 5096 intererat
3169 5037 3418 5091 Ecclesiis

1855 5135 2147 5203 signiﬁcari
2177 5135 2495 5206 quibusnam
2554 5136 2934 5188 conditionibus
2971 5139 3243 5198 susceptus
3286 5138 3416 5182 esset

1856 5225 2190 5282 Eustathius.
2263 5227 2492 5295 Coujicit
2568 5228 2812 5281 eruditus
2880 5227 3055 5280 editor
3112 5223 3414 5275 litterarum

1853 5318 2176 5374 Pontificum
2228 5320 2609 5386 Romanorum,
2646 5320 2923 5384 Basiliam,
2957 5334 3078 5372 cum
3127 5313 3415 5386 epistolam

1926 5590 1992 5658 (fl
2021 5591 2116 5658 Ep.
2144 5591 2247 5644 sic

1921 5663 1991 5734 (ην
2023 5659 2114 5734 ἓν.
2145 5663 2229 5734 67-

1921 5733 1995 5802 (lt)
2023 5731 2118 5793 Ep.
2147 5731 2272 5796 2-H,
2307 5747 2360 5784 ιι.
2385 5732 2439 5794 5,
2485 5731 2610 5800 9.65,
2639 5748 2690 5786 ll.
2723 5733 2774 5790 5.

1922 5803 1983 5865 (ἑ)
2015 5802 2153 5854 lbid.

1921 5870 1984 5940 (j)
2021 5870 2132 5925 Lib.
2169 5886 2243 5938 tv,
2275 5886 2322 5925 c.
2360 5870 2440 5923 l9.
