4206 6486
729 450 854 491 XLVI

2107 429 2473 487 PllOLEGOM
2482 426 2629 483 ENA.

729 549 838 606 565
873 552 1155 616 scriberet,
1194 561 1342 620 gesta
1377 550 1565 622 synodi
1601 550 1900 619 Tyanensis
1960 562 2028 604 ex
2086 547 2296 602 incerto
2327 551 2373 604 A
2403 544 2557 614 legati
2594 543 2952 607 mitterentur,
2980 543 3224 612 pluribus
3258 544 3392 599 locis
3435 546 3614 602 habita
3658 559 3783 605 sunt
3825 563 3962 603 cono

731 653 939 696 tantum
965 657 1181 696 rumore
1204 645 1417 714 cognita
1451 642 1726 705 habuisse,
1755 657 1874 712 qua!
1905 649 2089 709 postea
2133 653 2295 694 accu-

731 736 906 789 ratius
969 735 1242 802 cognovit,
1288 735 1567 795 epistolam
1614 733 1722 787 ΞΗ
1771 732 2032 790 scribens.
2087 728 2297 784 Inutilis

730 840 953 897 prorsus
989 825 1101 879 lure
1130 828 1462 897 conjectura,
1495 842 1618 880 cum
1650 827 1872 895 epistola
1895 822 2000 877 263
2034 824 2298 893 posterior

732 919 822 976 sit.
866 927 923 968 ut
958 917 1202 971 omittam
1236 917 1687 971 verisiinillimum
1722 931 1859 976 esse,
1883 914 2136 968 Basilium
2175 927 2296 967 cum

733 1008 988 1077 episcogio
1016 1025 1113 1064 suo
1148 1010 1210 1063 ad
1242 1011 1506 1080 synodum
1539 1011 1874 1081 Tyanensem
1907 1009 2141 1061 venisse.

809 1100 898 1152 V'l.
942 1100 1184 1171 Magnam
1218 1119 1347 1157 sane
1382 1103 1578 1156 Basilio
1612 1102 1819 1155 laudem
1855 1099 2090 1153 detrahit
2120 1097 2299 1166 opinio

732 1189 1096 1258 Tillemontii,
1142 1197 1230 1261 qui
1266 1196 1391 1248 dum
1444 1211 1562 1249 eum
1613 1194 1662 1245 in
1712 1192 2018 1246 solitudinis
2067 1191 2300 1242 latebras

733 1284 881 1338 abdit
908 1290 974 1338 ab
1007 1301 1146 1338 anno
1183 1286 1286 1338 565
1329 1299 1494 1352 usque
1522 1283 1588 1337 ad
1621 1282 1746 1346 566,
1778 1287 1979 1334 nullam
2008 1282 2054 1334 ei
2088 1291 2297 1347 partem

733 1374 818 1427 bis
848 1377 899 1426 in
935 1377 1092 1428 rebus
1126 1375 1395 1443 relinquit.
1451 1373 1555 1427 Sed
1601 1374 1726 1443 quia
1777 1373 2120 1428 doctissimus
2166 1371 2301 1425 scri-

733 1475 878 1532 ptor,
919 1482 1018 1520 cur
1060 1466 1238 1519 Basilii
1273 1466 1500 1520 reditum
1548 1465 1758 1534 longius
1793 1465 2020 1525 differat,
2063 1463 2166 1518 hoc
2207 1478 2300 1532 po-

737 1557 1001 1610 tissimum
1051 1558 1243 1610 nititur
1292 1566 1624 1626 argumento,
1671 1559 1812 1625 quod
1862 1555 2096 1626 synodus
2143 1555 2301 1609 Lam-

734 1662 966 1714 psaccna
1013 1664 1154 1704 anno
1189 1648 1294 1701 565
1325 1647 1505 1700 habita
1543 1646 1699 1701 fuerit
1733 1649 1832 1716 (a),
1867 1649 2170 1714 persecutio
2202 1660 2299 1697 au-

737 1748 841 1788 tem
872 1737 938 1791 ad
982 1754 1178 1793 annum
1212 1747 1524 1806 sequentem
1558 1741 1855 1809 pertineat,
1887 1736 2299 1791 examinandum

736 1828 894 1882 nobis
955 1843 1038 1883 est
1093 1843 1328 1897 quonam
1378 1846 1518 1885 anno
1564 1831 1678 1884 ba-c
1718 1829 1956 1899 synodus
1994 1827 2299 1880 collocanda

735 1913 826 1967 sit.

805 2006 1224 2075 Lampsacenam
1248 2011 1505 2080 synodum
1530 2009 1603 2080 (b)
1623 2011 1688 2063 ab
1706 2024 1844 2063 anno
1863 2009 1967 2063 564
1993 2010 2164 2066 divelli
2196 2026 2296 2064 non

739 2097 926 2150 sinunt
952 2098 1396 2154 circumstantim.
1429 2099 1667 2154 Licentia
1700 2102 1924 2170 cogendi
1954 2103 2166 2156 concilii
2195 2116 2299 2153 nou

738 2203 766 2240 a
804 2187 1024 2243 Valente
1069 2193 1290 2259 petitur,
1337 2193 1430 2246 sed
1475 2209 1503 2245 a
1535 2191 1933 2260 Valentiniano,
1972 2193 2063 2261 qui
2116 2191 2302 2245 relicta

737 2281 1226 2352 (Ζοιιδιοιιιὶιιοροιὶ,
1256 2283 1481 2340 Romam
1512 2291 1863 2348 contendens,
1894 2288 1996 2338 iter
2024 2300 2117 2352 per
2139 2285 2303 2338 Thra-

737 2376 874 2427 ciam
920 2375 1171 2432 faciebat.
1221 2378 1517 2449 Responsio
1569 2380 1905 2442 imperatoris
1949 2377 2170 2431 minime
2215 2393 2303 2431 re-

738 2467 879 2521 dolet
911 2468 1182 2536 ingeniunt
1216 2472 1475 2524 Valentis.
1507 2471 1595 2524 Sic
1625 2471 1765 2522 enim
1809 2469 2087 2537 respondit
2115 2485 2127 2520 :
2171 2467 2305 2520 Ali/ti

737 2560 946 2624 quidem
980 2561 1034 2611 in
1068 2560 1320 2613 (uicorum
1353 2562 1534 2614 ordine
1560 2563 1842 2615 constituto
1873 2561 1954 2630 [ns
1976 2577 2077 2612 neu
2107 2569 2192 2612 est.
2209 2559 2306 2612 Itu-

730 2646 966 2715 jusmodi
1001 2652 1209 2719 negotia
1245 2654 1504 2706 curiosius
1548 2656 1814 2718 scrutari;
1853 2656 2147 2707 sacerdotes
2191 2670 2304 2707 vero

735 2741 923 2809 quibus
957 2743 1011 2794 id
1040 2759 1179 2795 cura:
1207 2754 1304 2810 est,
1337 2747 1552 2798 seorsim
1584 2747 1871 2814 ubicunque
1903 2749 2161 2800 voluerint
2192 2763 2310 2798 con-

737 2829 964 2880 veniant.
1015 2829 1192 2898 Legati
1240 2847 1268 2883 a
1305 2833 1533 2885 concilio
1571 2836 1719 2887 missi
1778 2834 2054 2887 Valentem
2107 2839 2307 2890 adeunt

741 2915 1033 2983 Heraclem,
1083 2935 1112 2974 e
1165 2919 1392 2975 Thracia
1443 2932 1553 2975 tum
1615 2933 2000 2978 revertentem.
2058 2925 2302 2977 Fratrem

740 3009 885 3062 enim
917 3008 1173 3064 Sirmium
1228 3027 1397 3081 usque
1441 3014 1725 3068 comitatus
1763 3012 1958 3068 fuerat.
2008 3014 2131 3068 [Lee
2174 3030 2300 3084 pro-

741 3099 882 3150 fecto
925 3115 1048 3153 cum
1090 3117 1230 3156 anno
1277 3103 1378 3156 564
1421 3105 1642 3160 omnino
1689 3107 1978 3160 cohaerent.
2030 3103 2155 3160 Plus
2206 3107 2304 3160 tri-

741 3186 1011 3242 buendum
1045 3191 1126 3245 his
1167 3194 1594 3248 circumstantiis
1636 3212 1755 3264 qua:
1799 3208 2090 3250 narrantur
2133 3213 2162 3250 a
2207 3199 2305 3252 So-

2399 637 2518 691 cilia
2558 635 2648 706 (c),
2680 644 2737 688 ut
2774 638 3012 709 Smyrnze
3042 637 3094 689 in
3139 639 3284 704 Asia,
3325 648 3482 708 atque
3519 641 3679 694 etiam
3716 644 3768 697 in
3817 643 3961 698 Pisi-

2399 729 2507 794 dia,
2546 729 2768 793 lsauria,
2802 729 3110 798 Pamphylia
3145 745 3198 784 et
3239 733 3419 802 Lycia.
3459 730 3549 785 His
3586 743 3760 787 autem
3791 737 3959 790 rebus

2398 821 2832 889 percommodum
2885 832 3091 889 tempus
3125 821 3243 886 fuit,
3278 826 3474 878 bellum
3510 824 3774 890 Procopii,
3810 829 3954 896 quod

2399 915 2466 966 ab
2501 919 2686 966 :csmte
2719 913 2843 965 atmi
2885 913 2990 968 565
3022 928 3188 982 usque
3216 916 3278 966 ad
3313 931 3549 970 mensem
3584 913 3780 968 Maium
3832 921 3961 974 anni

2401 1003 2526 1068 566,
2554 1001 2825 1056 Valentem
2863 1004 3110 1058 detinuit.
3164 1005 3230 1056 At
3272 1004 3361 1072 qui
3406 1009 3663 1073 synodum
3698 1005 3964 1073 Lampsa-

2399 1109 2583 1147 cenam
2627 1094 2690 1146 ad
2731 1109 2926 1146 annum
2960 1096 3062 1149 563
3095 1095 3351 1159 referunt,
3400 1095 3544 1147 varia
3594 1099 3681 1151 illa
3727 1097 3960 1153 concilia

2400 1196 2452 1238 et
2481 1187 2795 1256 legationem
2843 1202 2983 1239 anno
3014 1189 3256 1256 sequenti
3298 1182 3400 1240 566
3442 1186 3702 1243 collocare
3753 1203 3959 1255 coeun-

2403 1285 2527 1329 tur:
2566 1293 2669 1346 quo
2708 1287 2943 1345 tempore
2973 1278 3245 1334 Valentem
3292 1279 3427 1333 bello
3456 1277 3599 1331 civili
3635 1280 3952 1333 defunctum

2398 1366 2568 1423 latere
2603 1367 2960 1422 difﬁcillimum
3009 1381 3142 1424 erat.
3173 1369 3474 1434 Quinetiam
3519 1369 3587 1423 ita
3623 1384 3740 1425 sese
3775 1375 3828 1426 in
3866 1386 3958 1424 ar-

2400 1470 2543 1512 ctum
2569 1459 2879 1527 conjiciunt,
2904 1469 2960 1512 ut
2984 1461 3166 1527 pedem
3193 1460 3390 1516 referre
3412 1476 3514 1514 non
3543 1461 3766 1529 possint.
3822 1463 3960 1516 Nam

2400 1567 2520 1606 cum
2559 1552 2846 1622 Procopius
2887 1553 3056 1605 vietus
3089 1568 3190 1605 non
3239 1551 3398 1605 fuerit
3447 1554 3545 1607 nisi
3593 1566 3773 1605 mense
3820 1553 3961 1609 Maio

2401 1642 2527 1695 anni
2560 1642 2662 1696 566
2702 1658 2928 1711 eumque
2985 1642 3228 1697 Liberius
3265 1656 3396 1711 papa
3431 1658 3613 1697 mense
3642 1641 3957 1710 Septembr.i

2401 1733 2638 1801 ejusdem
2666 1734 2790 1787 anni
2829 1734 3045 1796 obierit,
3081 1733 3347 1800 quomodo
3379 1734 3516 1786 intra
3553 1734 3680 1787 illud
3727 1743 3960 1800 tempus,

2402 1826 2541 1895 quod
2572 1840 2599 1876 a
2635 1840 2817 1879 mense
2849 1826 2986 1880 Maio
3015 1827 3080 1880 ad
3113 1826 3481 1894 Septembrem
3526 1824 3748 1889 effluxit,
3782 1833 3863 1878 tot
3895 1838 3964 1877 ac

2333 1918 2375 1975 Β
2407 1925 2567 1970 tanta:
2599 1930 2686 1968 res
2715 1917 2962 1971 concludi
2996 1924 3218 1986 possint.
3250 1916 3605 1986 negotiorum,
3634 1931 3754 1984 qua:
3780 1928 3965 1984 super-

2403 2023 2522 2061 esse
2547 2006 2719 2061 solent
2746 2015 2865 2076 post
2889 2006 3085 2060 bellum
3117 2006 3294 2070 civile,
3323 2004 3738 2066 administratio,
3769 2003 3965 2058 deinde

2402 2104 2703 2170 persecutio
2730 2101 2782 2155 in
2825 2099 2988 2153 variis
3022 2099 3332 2167 provinciis,
3360 2113 3490 2165 quas
3524 2098 3823 2167 peragravit
3851 2096 3962 2150 Va-

2401 2191 2540 2254 lens,
2580 2192 2951 2260 episeOporum
2986 2189 3147 2242 varia:
3178 2189 3315 2242 inter
3353 2202 3412 2241 se
3451 2188 3865 2241 deliberationes
3894 2200 3964 2239 ac

2401 2285 2550 2337 varia
2588 2285 2836 2349 concilia,
2869 2285 3160 2354 legatorum
3196 2282 3421 2352 denique
3450 2280 3707 2344 delectus,
3734 2297 3958 2334 eorum-

2403 2388 2506 2442 que
2547 2373 2598 2426 in
2646 2375 2832 2425 urbem
2867 2374 3090 2426 Bonnam
3125 2374 3401 2436 adventus,
3454 2369 3540 2424 ubi
3583 2384 3703 2423 cum
3746 2369 3966 2421 Libet-io

2405 2464 2469 2516 de
2498 2463 2656 2517 rebus
2685 2463 2917 2515 Urieutis
2945 2474 3193 2531 egerunt,
3241 2465 3394 2533 eique
3450 2461 3712 2516 dederunt
3753 2458 3969 2513 litteras

2406 2563 2458 2609 et
2490 2556 2556 2609 ab
2584 2570 2648 2609 eo
2675 2562 3021 2624 acceperunt.

3013 2645 3237 2701 CAPUT
3279 2646 3366 2700 XI.

2406 2743 2446 2798 Ι.
2484 2743 2753 2810 Quomodo
2794 2741 3078 2811 presbyteri
3137 2756 3344 2793 munere
3403 2741 3457 2793 in
3508 2741 3624 2805 ipsa
3678 2741 3801 2793 urbe
3852 2755 3972 2811 prr-

2477 2818 2684 2882 functus
2733 2810 2980 2867 Basilius.
3015 2811 3071 2864 ll.
3107 2811 3183 2864 De
3215 2812 3356 2863 illius
3396 2811 3624 2882 epistolis
3666 2811 3734 2882 Ξῖ).
3779 2821 3822 2861 et
3871 2810 3968 2862 ‘23.

2476 2879 2560 2936 ΙΙΙ.
2591 2884 2832 2936 Charitas
2864 2882 3048 2935 Busilii
3077 2883 3212 2948 fame
3243 2891 3526 2948 grassante.
3563 2879 3647 2933 IV.
3673 2881 3973 2948 Duo_eaide

2477 2969 2531 3005 re
2558 2956 2847 3004 testimonia
2880 2946 3114 3014 Gregorii
3141 2946 3358 3018 Nysseui
3386 2952 3730 3007 explicantur.
3764 2946 3830 3001 V.
3855 2947 3970 3001 Fu-

2475 3038 2580 3074 mes
2611 3033 2714 3074 toto
2743 3039 2877 3074 anno
2903 3021 3004 3074 563
3032 3021 3347 3086 perduravit.

2476 3111 2516 3166 1.
2560 3111 2663 3166 Sed
2705 3127 2844 3163 nunc
2882 3111 3202 3164 redeundum
3257 3109 3406 3163 nobis
3439 3118 3520 3164 est
3554 3110 3971 3172 Cresaream,.et

2408 3206 2533 3276 quid
2568 3203 2638 3258 ibi
2675 3201 2954 3272 presbyter
2986 3201 3211 3270 gesserit
3241 3200 3489 3262 Basilius,
3524 3208 3777 3252 narrante
3822 3201 3971 3253 Grc-

739 3288 991 3340 zomeuo,
1012 3292 1169 3344 quam
1192 3280 1329 3332 notis
1359 3283 1754 3345 consularibus,
1780 3299 1912 3351 quas
1930 3285 2179 3339 Socrates
2201 3303 2304 3340 non
2335 3269 2376 3325 (ἶ
2411 3269 2582 3366 pergo,
2616 3269 2962 3350 audiendum,
2995 3269 3084 3348 Sic
3121 3294 3279 3362 igitur
3311 3293 3482 3362 pergit
3513 3291 3815 3359 Tlicologus
3848 3289 3967 3362 (ιοε

740 3381 807 3420 ex
849 3366 1000 3420 Actis
1029 3367 1240 3422 concilii
1269 3369 1621 3439 Lampsaceni
1671 3372 1831 3435 eruit,
1879 3375 1994 3434 sed,
2053 3383 2110 3426 ut
2164 3391 2307 3441 saepe

741 3459 897 3524 alias,
945 3475 1011 3513 ex
1054 3463 1285 3530 propriis
1340 3463 1680 3536 eonjecturis.
1733 3461 1847 3518 lloe
1896 3465 2008 3532 ipso
2053 3466 2197 3517 enim
2253 3468 2304 3519 in

743 3549 859 3602 loco
910 3551 1108 3604 bellum
1162 3555 1421 3608 adversus
1468 3555 1788 3623 Procopium
1841 3575 1982 3614 anno
2032 3561 2304 3630 sequenti,

741 3639 1002 3696 Gratiano
1049 3654 1100 3696 et
1151 3648 1476 3716 Dagalaipbo
1527 3653 1875 3714 consulibus,
1922 3653 1972 3704 id
2021 3663 2102 3707 est
2166 3671 2309 3710 anno

744 3731 872 3797 566,
907 3735 1019 3804 geri
1052 3739 1277 3805 caspisse
1319 3751 1522 3793 narrat.
1552 3742 1606 3793 In
1633 3758 1739 3810 quo
1768 3746 1983 3811 quidem
2031 3749 2307 3802 nobiscum

746 3824 894 3890 facit,
929 3843 990 3881 ac
1031 3827 1358 3884 Ti!lemontii
1405 3834 1729 3886 sententiam
1771 3837 1984 3899 evertit,
2033 3839 2158 3891 dum
2201 3842 2311 3893 bel-

741 3919 851 3971 lum
885 3921 1040 3974 civile
1077 3938 1216 3977 anno
1258 3935 1374 3992 post
1412 3926 1673 3983 synodum
1701 3924 2120 3992 Lampsacettatn
2150 3944 2309 3982 extm-

744 4019 856 4063 tum
899 4025 1019 4064 esse
1067 4025 1268 4066 narrat.
1319 4016 1448 4067 Dum
1505 4029 1682 4070 autem
1735 4017 1872 4070 idem
1928 4017 2122 4071 bellum
2170 4020 2310 4074 Gra-

745 4101 893 4158 tiano
933 4114 985 4156 et
1036 4103 1356 4173 Dagalaipbo
1407 4110 1736 4176 consulibus,
1780 4111 1831 4163 id
1883 4124 1965 4165 est
2017 4128 2159 4166 anno
2207 4114 2309 4167 566

745 4195 861 4260 geri
909 4197 1136 4265 cmpissc
1195 4200 1358 4259 dicit.
1404 4209 1510 4254 tota
1557 4212 1703 4255 errat
1757 4203 1877 4266 via,
1929 4221 2025 4259 nec
2076 4207 2182 4274 jam
2227 4208 2309 4270 ei,

745 4283 872 4337 dum
949 4289 1211 4358 synodum
1287 4288 1705 4359 Lampsacenam
1775 4296 1983 4350 duobus
2059 4299 2313 4367 Augustis

744 4375 981 4442 primum
1041 4381 1352 4434 consulibus
1407 4385 1642 4437 babitam
1697 4387 1898 4452 refert,
1953 4399 2096 4443 tanta
2155 4393 2312 4444 attri-

747 4466 958 4519 buenda
1008 4481 1090 4522 est
1157 4473 1480 4537 auctoritas,
1534 4487 1796 4543 quantam
1853 4481 2097 4535 attribuit
2147 4481 2314 4535 Tille-

746 4569 999 4614 ιιιοιιιιυς.

819 4651 974 4705 Aliud
1026 4653 1180 4707 nobis
1211 4666 1588 4723 argumentum
1630 4662 1940 4728 suppeditat
1989 4668 2312 4732 persecutio,

747 4758 868 4812 qua:
908 4762 1029 4800 eum
1062 4764 1201 4803 anno
1232 4749 1336 4803 565
1374 4762 1618 4811 grassata
1648 4753 1739 4818 sit,
1784 4763 1842 4807 ut
1889 4771 2048 4824 supra
2095 4759 2317 4812 demon-

751 4847 998 4903 stratum,
1032 4853 1084 4894 et
1113 4845 1397 4898 concilium
1430 4844 1852 4912 Lampsacenum
1900 4851 2187 4904 subsecuta
2221 4853 2314 4918 sit,

751 4940 809 4982 ut
851 4946 1036 4986 omnes
1069 4932 1328 5000 fatentur,
1362 4939 1666 4993 certissimo
1703 4951 2016 5008 argumento
2059 4953 2142 4996 est
2175 4943 2314 4997 bane

749 5014 1007 5091 synodum
1036 5041 1176 5080 anno
1207 5029 1310 5082 564
1347 5031 1583 5082 habitam
1620 5031 1801 5087 fuisse.

823 5115 938 5182 Ipsa
966 5119 1194 5187 denique
1220 5122 1386 5175 series
1410 5130 1464 5174 et
1483 5123 1735 5189 juuctura
1760 5138 1943 5176 earum
1971 5140 2168 5190 rerum,
2195 5141 2313 5194 qua:

744 5224 772 5262 a
816 5209 1019 5277 synodo
1061 5209 1424 5279 Lampsaccna
1459 5229 1627 5282 usque
1663 5218 1727 5270 ad
1763 5220 2097 5289 Tyaneusem
2148 5219 2316 5271 inter-

749 5311 1056 5367 Cesserunt,
1098 5304 1323 5357 miritice
1364 5307 1593 5374 quadrat
1634 5312 1684 5362 in
1730 5328 1792 5365 ea
1841 5326 1998 5379 quam
2042 5311 2317 5378 sequimur

751 5393 1051 5457 sententia;
1082 5385 1138 5445 at.
1169 5395 1219 5448 in
1247 5396 1498 5465 opinione
1523 5399 1843 5455 'l‘illemontii
1872 5403 2083 5470 penitus
2112 5403 2317 5455 discou-

753 5483 916 5534 venit.
952 5483 1273 5551 Legatorum
1314 5491 1364 5542 in
1413 5489 1762 5546 Occidentem
1797 5495 2176 5546 mittendorum
2225 5509 2316 5545 ne-

751 5574 1060 5628 cessitatem
1089 5578 1268 5632 attulit
1296 5583 1685 5648 persecutionis
1721 5585 1993 5639 violentia:
2029 5595 2312 5654 antequam

827 5782 899 5870 (ulti
945 5781 1100 5870 Tum.
1132 5779 1360 5870 Vinum.
1393 5782 1450 5834 8|
1471 5787 1596 5870 ,"82,
1627 5789 1677 5842 in
1708 5791 1952 5842 Ariauos.

830 5849 901 5920 (θ)
945 5858 1158 5909 Soloni.
1185 5852 1275 5905 lib.
1305 5866 1373 5920 \‘t,
1410 5874 1455 5908 c.
1491 5857 1539 5909 7.

2342 4619 2391 4676 D

2410 3393 2519 3460 Τῆς
2561 3391 2650 3441 καὶ
2694 3389 2820 3460 περὶ
2866 3388 2964 3459 τὴν
3011 3385 3327 3456 Ἐκκλησίαν
3375 3384 3468 3436 τοῦ
3513 3383 3703 3453 ἀνδρὸς
3741 3383 3977 3454 κηδεμοο

2408 3481 2525 3541 νίας
2564 3481 2655 3532 καὶ
2699 3479 3059 3550 προστασίας,
3103 3478 3270 3531 πολλὰ
3308 3477 3404 3547 μὲν
3450 3478 3542 3529 καὶ
3589 3476 3720 3528 ἄλλα
3770 3477 3976 3547 γνωρί-

2411 3589 2610 3642 σματα,
2647 3572 2926 3640 παρῤηςία
2956 3572 3089 3640 πρὸς
3119 3571 3379 3641 ἄρχοντας
3407 3570 3531 3632 τούς
3566 3587 3623 3622 τε
3659 3570 3852 3632 ἄλλους
3880 3570 3977 3622 καὶ

2410 3668 2532 3730 τοὺς
2579 3664 2979 3724 δυνατωτάτους
3032 3665 3129 3730 τῆς
3181 3663 3415 3724 πόλεως·
3461 3663 3726 3729 διαφορῶν
3794 3661 3978 3720 λύσεις

2410 3761 2508 3813 οὐκ
2556 3756 2977 3827 ἁπιστούμεναι,
3015 3753 3125 3807 ἀλλ’
3163 3753 3266 3805 ὑπὸ
3302 3754 3399 3822 τῆς
3430 3753 3634 3804 ἐκείνου
3666 3751 3848 3821 φωνῆς
3869 3769 3980 3823 "cy-

2412 3851 2695 3920 πούμεναι,
2744 3849 2894 3918 νόμῳ
2947 3846 3021 3916 τῷ
3066 3843 3248 3914 τρόπῳ
3293 3841 3587 3913 χρώμεναι,
3646 3843 3976 3913 προστασίαι

2410 3941 2516 3994 τῶν
2569 3941 2853 4008 δεομένων,
2905 3940 2958 3990 αἱ
3005 3940 3098 4007 μὲν
3148 3937 3360 3998 πλείους
3421 3936 3817 4005 πνευματικαι,
3872 3937 3976 3989 οὐκ

2410 4032 2583 4100 ὀλίγαι
2625 4032 2678 4082 δὲ
2713 4034 2803 4082 καὶ
2849 4030 3185 4097 σωματικαῦ
3239 4029 3329 4079 καὶ
3372 4028 3477 4098 γὰρ
3527 4029 3617 4081 καὶ
3651 4027 3807 4081 τοῦτο
3844 4029 3975 4080 πολ-

2410 4123 2562 4182 λάκις
2589 4124 2665 4183 εἰς
2693 4121 2866 4190 ψυχὴν
2896 4120 3047 4188 φέρει
3081 4119 3147 4170 δι’
3171 4119 3379 4179 εὐνοίας
3411 4119 3760 4189 ὁουῖιούμενον
3782 4136 3794 4150 ·
3828 4137 3977 4172 πτω-

2411 4215 2725 4285 χοτροφίαι,
2763 4211 3085 4281 ξενοδοχίαι,
3135 4209 3556 4280 παρθενοκομέοιι
3583 4250 3596 4268 ,
3668 4210 3976 4279 νομοθεσίαι

2417 4300 2691 4371 μονοις-τῶν
2714 4299 2974 4369 ἕγγραλιοί
2994 4316 3050 4350 τε
3079 4299 3172 4350 καὶ
3193 4299 3424 4368 ἄγραφοι
3442 4315 3454 4327 ·
3483 4299 3650 4366 εὐχῶν
3670 4299 3940 4366 διατάξεις
3959 4341 3972 4361 ,

2414 4394 2696 4463 εὐκοσμίαι
2735 4391 2824 4444 τοῦ
2878 4391 3134 4461 βήματος,
3181 4390 3248 4441 τὰ
3307 4390 3438 4443 ἄλλα
3477 4386 3556 4452 οἷς
3599 4391 3662 4442 Ξιν
3710 4393 3734 4442 ὁ
3761 4392 3976 4462 ἀληῦῶς

2415 4487 2694 4555 ἅνθρωπος
2721 4484 2812 4536 τοῦ
2844 4482 2976 4535 Θεοῦ
3008 4486 3097 4537 καὶ
3137 4484 3272 4554 μετὰ
3299 4483 3429 4535 Θεοῦ
3463 4484 3815 4553 τεταγμένος,
3847 4486 3977 4538 λαὸν

2418 4576 2760 4645 ὠῳελήσειεν.
2793 4575 2913 4626 Jam
2947 4592 3059 4628 vero
3107 4575 3267 4641 ipsius
3320 4591 3440 4642 erga
3498 4571 3789 4626 Ecclesium
3837 4591 3978 4626 cura:

2422 4683 2482 4718 ac
2542 4665 2772 4730 rra'sidii
2833 4681 3127 4732 quanquam
3179 4662 3340 4714 multa
3401 4680 3596 4731 quoque
3633 4664 3738 4715 alia
3779 4665 3980 4715 indicia

2422 4767 2568 4821 sunt,
2616 4756 2825 4807 libertas
2863 4756 2932 4806 ad
2984 4756 3258 4818 pra’sides,
3302 4770 3416 4805 cum
3449 4755 3601 4812 alios,
3644 4767 3748 4805 tum
3792 4764 3977 4820 poten-

2420 4851 2644 4902 tissimos
2685 4862 2912 4914 quosque
2972 4847 3213 4910 civitatis,
3263 4846 3728 4897 controversiarum
3780 4846 3976 4897 direm-

2420 4941 2622 5008 ptioues
2672 4952 2991 5006 nequaquam
3029 4945 3296 5002 suspectas,
3327 4937 3414 4986 sed
3458 4935 3519 4986 ab
3567 4935 3676 4996 eius
3710 4949 3828 4985 voce
3872 4935 3983 5003 far.-

2419 5043 2574 5085 mattu
2605 5047 2663 5082 ac
2710 5032 3025 5092 constitutas,
3055 5028 3305 5095 modoque
3341 5039 3583 5088 tauquam
3617 5025 3723 5093 lege
3754 5035 3978 5086 utentes.

2419 5122 2673 5191 egentium
2711 5122 3019 5188 patrocinia,
3067 5119 3217 5185 plura
3272 5118 3474 5185 quidem
3509 5117 3840 5180 spiritualia,
3891 5120 3979 5170 sed

2424 5226 2594 5268 tamen
2642 5227 2894 5282 corporea
2932 5228 3030 5262 non
3059 5227 3227 5276 pauca
3263 5212 3400 5277 (nam
3429 5208 3480 5258 id
3516 5223 3713 5276 quoque
3741 5224 3978 5275 swpemt-

2425 5323 2561 5360 mero
2593 5306 2659 5357 ad
2687 5305 2912 5356 animum
2941 5301 3123 5363 tendit,
3160 5316 3249 5367 per
3285 5298 3679 5350 benevolentiam
3713 5297 3977 5366 subigens,

2423 5416 2483 5450 ac
2527 5397 2658 5450 velut
2714 5397 2766 5447 in
2816 5393 3107 5445 servitutem
3156 5390 3406 5454 ira/iens),
3437 5404 3720 5455 pauperum
3754 5388 3977 5440 alendo-

2425 5507 2560 5549 rum.
2589 5489 2842 5552 hospitum
2879 5484 3314 5550 excipiendorum,
3343 5482 3594 5549 virginum
3624 5481 3977 5532 curandarnm

2425 5583 2686 5640 studium,
2743 5577 3146 5630 monasticarunt
3190 5574 3358 5641 legum
3397 5573 3746 5626 institutiones
3787 5574 3978 5638 partim

2500 5783 2568 5848 (τ)
2612 5781 2814 5843 Sperat.
2850 5779 2938 5831 lilt.
2972 5795 3048 5846 ιιι,
3081 5794 3128 5831 C.
3159 5776 3240 5831 i2.

2496 5853 2571 5924 (Δ)
2613 5851 2702 5906 0r.
2731 5848 2817 5918 eo,
2845 5849 2964 5904 ato.
