4206 6480
1594 433 1753 491 VITA
1792 434 1850 489 S.
1884 429 2147 487 BASlLll.

3302 451 3447 489 ηνιι

248 562 429 629 scripto,
464 558 653 627 partim
699 574 820 611 uoce
864 558 1096 623 tradita',
1145 574 1353 626 precum
1391 557 1783 626 descriptiones,
1815 555 1984 623 Aptis
2033 552 2285 606 mandata
2330 561 2475 614 sunt,
2522 549 2725 621 colligit
2780 550 3153 605 Tillentontius
3210 554 3447 605 nondum

244 653 444 707 sacrarii
492 652 912 714 concinnitates,
962 668 1023 705 ea
1064 652 1281 718 denique
1337 654 1551 718 omnia,
1582 653 1782 720 'quibus

243 746 475 811 quispiam
520 760 637 796 uere
678 744 774 797 Dei
819 744 971 797 homo
1033 760 1094 795 ac
1144 743 1253 797 Deo
1302 745 1598 815 adjunctus,
1647 742 1782 810 plebi

242 838 459 900 prodesse
483 846 657 901 queat.

304 925 405 977 Duo
450 920 759 978 indicantur
789 925 888 979 hoc
930 925 1047 979 loco
1089 926 1273 979 Basilii
1326 928 1548 997 insignia
1594 944 1779 999 opera,

243 1013 429 1081 Regule
463 1018 769 1069 monastica:
806 1031 868 1068 ac
913 1014 1174 1087 Liturgia.
1229 1018 1435 1088 Regula:
1466 1022 1780 1088 prolixiores

241 1114 347 1156 ante
395 1104 790 1158 ordinationem
852 1107 1064 1174 scripta:
1099 1109 1361 1161 ‘videntur
1406 1127 1421 1163 :
1461 1112 1593 1165 nihil
1634 1115 1779 1168 enim

243 1196 421 1247 habent
462 1210 527 1249 ex
575 1211 685 1263 quo
721 1194 974 1248 Basilium
1024 1206 1149 1249 tunc
1188 1199 1556 1268 presbyterum
1609 1202 1776 1257 fuisse

234 1285 448 1353 iudices;
501 1288 576 1339 ait
623 1288 719 1353 (p.
770 1286 907 1355 39.7)
971 1297 1171 1340 tantum
1230 1289 1329 1343 sibi
1383 1306 1600 1347 necesse
1660 1309 1781 1349 esse

232 1376 619 1444 iustiﬁcationes
652 1379 743 1431 Dei
776 1380 1097 1432 annontiare
1124 1398 1137 1433 :
1164 1381 1304 1444 quod
1332 1384 1548 1450 quidem
1581 1396 1779 1442 asceta:

235 1466 494 1536 discipulos
527 1468 831 1521 instituenti
867 1471 1141 1522 convenit.
1172 1469 1286 1523 Non
1315 1488 1442 1541 ergo
1472 1475 1615 1527 aliud
1644 1490 1781 1545 opus

234 1558 408 1610 indicat
438 1554 732 1627 Gregorius
755 1559 850 1627 (a),
878 1573 996 1610 cum
1033 1559 1259 1626 scriptas
1282 1574 1311 1613 a
1342 1576 1401 1614 se
1427 1572 1482 1615 et
1508 1577 1537 1614 a
1568 1562 1763 1617 Basilio

232 1648 486 1701 mouastiei
518 1650 753 1703 instituti
797 1652 937 1719 leges
964 1664 1373 1707 commemorat.
1405 1656 1474 1709 At
1506 1655 1557 1708 in
1594 1670 1774 1721 proas-

232 1739 324 1790 mio
397 1737 725 1808 Regularum
791 1742 1079 1795 breviorum
1168 1745 1450 1797 manifeste
1516 1746 1781 1800 indicatur

230 1831 585 1890 sacerdotium.
615 1849 740 1886 cum
767 1836 876 1887 ait:
903 1833 1126 1889 Necesse
1151 1845 1226 1889 est
1252 1852 1341 1889 nos
1364 1838 1567 1906 quidem
1594 1840 1776 1907 quibus

1887 654 2011 697 tunc
2056 657 2182 696 suas
2216 642 2389 711 ipsum
2437 641 2689 695 Basilium
2740 642 2951 711 regulas
2997 642 3301 711 scripsisse.
3342 642 3445 695 Do-

1884 734 2108 789 clissimi
2139 736 2239 787 viri
2289 733 2649 802 conjecturam
2694 748 2799 785 non
2836 733 3032 787 invitus
3065 748 3281 801 sequar.
3337 733 3442 788 Sed

1886 826 2011 879 mihi
2057 826 2274 895 probari
2309 842 2413 879 non
2447 834 2638 893 potest,
2670 824 2811 890 quod
2842 825 2981 879 idem
3018 825 3312 889 existimat,
3346 826 3448 878 lla-

1881 920 2089 981 silium,
2136 933 2254 971 cum
2305 917 2635 970 monasterio
2672 918 2895 970 Pontico
2944 918 3155 971 abesset
3203 918 3268 970 ad
3308 929 3445 970 tem-

1882 1025 2000 1077 pus,
2033 1011 2146 1063 btec
2176 1010 2487 1076 scripsisse;
2521 1024 2748 1077 eumque
2775 1023 2931 1077 quem
2979 1010 3033 1061 in
3077 1009 3179 1064 bac
3219 1010 3443 1076 epistola

1880 1100 2242 1161 commendat,
2278 1100 2495 1165 petiisse
2525 1103 2590 1152 ab
2626 1115 2709 1165 eo,
2740 1110 2795 1151 ut
2826 1102 2940 1153 sine
2979 1116 3127 1154 mora
3177 1103 3442 1154 mooasti-

1872 1210 2000 1259 eum
2038 1193 2273 1245 habitum
2307 1191 2407 1243 sibi
2449 1192 2767 1245 concederet
2797 1192 2848 1243 in
2882 1207 2944 1245 eo
2975 1192 3113 1256 loco,
3174 1192 3262 1245 ubi
3313 1203 3440 1247 tunc

1882 1284 2320 1353 peregrinabatur
2350 1282 2601 1338 Basilius.
2642 1283 2991 1337 Monasticum
3022 1286 3163 1337 enim
3193 1286 3342 1338 habit
3392 1304 3439 1338 m

1881 1375 2146 1437 designari
2192 1374 2559 1427 Tillemontius
2590 1384 2742 1443 putat
2774 1376 2857 1429 bis
2899 1376 3120 1429 verbis:
3152 1375 3261 1444 Ego
3301 1378 3443 1429 enim

1877 1466 2027 1518 illum
2064 1467 2147 1518 llic
2184 1466 2379 1518 amoris
2417 1482 2539 1534 erga
2574 1465 2738 1519 Deum
2775 1483 3023 1520 coronam
3054 1469 3288 1531 accipere
3333 1479 3444 1521 stuc

1880 1556 2084 1609 dentem
2118 1557 2322 1609 distuli.

1952 1646 2148 1701 Verum
2193 1651 2392 1704 amoris
2428 1663 2552 1718 erga
2587 1647 2750 1701 Deum
2787 1662 3017 1711 corona,
3061 1664 3164 1702 non
3206 1658 3290 1703 est
3327 1665 3443 1703 mo-

1880 1740 2118 1794 nasticus
2160 1740 2393 1803 habitus,
2426 1742 2517 1793 sed
2559 1754 2765 1793 merces
2794 1756 2821 1792 a
2873 1738 2979 1792 Deo
3028 1748 3215 1793 sancte
3256 1743 3441 1793 viven-

1884 1831 2024 1884 tibus
2056 1832 2338 1898 promissa.
2368 1830 2533 1883 Nemo
2565 1832 2888 1884 induebatur
2933 1831 3227 1884 monastica
3273 1840 3441 1890 veste.

228 1924 453 1975 creditum
486 1936 561 1977 est
593 1943 786 1978 ηωηω
821 1928 1057 1992 docendi,
1089 1936 1301 1995 paratas
1328 1945 1435 1981 esse
1465 1931 1606 1982 omni
1650 1940 1780 1983 rem-
1807 1927 1853 1985 Β
1884 1934 1975 1977 aut
2030 1923 2082 1977 in
2140 1923 2425 1977 interiores
2485 1922 2793 1975 monasterii
2864 1922 3006 1976 mdes
3058 1923 3447 1977 admittebatur

222 2030 329 2079 pore
353 2026 399 2067 et
431 2029 705 2084 promptos
732 2019 799 2070 ad
833 2020 1159 2071 instruendus
1190 2021 1633 2089 per/tetendasque
1664 2024 1779 2074 ani-

224 2120 339 2165 mas,
367 2116 408 2155 et
440 2106 597 2158 modo
626 2106 828 2174 publice
852 2122 1025 2157 coram
1058 2117 1164 2158 tota
1195 2104 1433 2161 Ecclesia
1473 2111 1773 2172 contestari,

223 2195 355 2247 modo
382 2198 636 2254 privatim
690 2198 978 2263 permittere
1011 2200 1287 2268 unicuique
1329 2191 1530 2261 eor'urn,
1574 2202 1662 2268 qui
1706 2201 1775 2252 ad

222 2306 300 2341 nos
350 2291 702 2351 accesserint,
751 2300 805 2340 ut
852 2306 945 2343 suo
993 2292 1252 2344 arbitratu
1313 2308 1403 2344 nos
1455 2295 1775 2362 interrogare

220 2383 417 2445 possint,
446 2391 551 2434 etc.
594 2382 668 2435 De
703 2380 941 2449 Liturgia
973 2384 1097 2436 alibi
1129 2398 1370 2453 agemus.

279 2471 334 2528 ll.
390 2474 639 2529 Nondum
660 2474 889 2544 Regnlas
912 2476 1197 2541 scripserat
1223 2474 1468 2541 Basilius,
1517 2477 1609 2532 sed
1642 2477 1774 2531 scri-

220 2564 361 2619 bendi
435 2565 547 2631 jam
633 2565 912 2623 consilium
980 2573 1228 2632 ceperat,
1303 2580 1425 2620 cum
1490 2567 1770 2634 epistolam

221 2658 507 2711 vicesimam
546 2658 839 2711 secundam
878 2657 1150 2721 exaravit,
1202 2672 1321 2726 quae
1371 2665 1453 2712 est
1493 2657 1569 2711 De
1599 2658 1769 2726 perfe-

218 2750 367 2800 ctione
404 2750 521 2802 uiue
558 2747 879 2801 monasticae.
910 2745 967 2800 ln
1000 2748 1112 2817 ipso
1158 2750 1303 2803 enim
1344 2750 1568 2803 exordio
1603 2760 1769 2805 testa-

220 2850 310 2904 tur,
332 2854 448 2893 cum
478 2840 650 2893 multa
678 2838 807 2902 sint,
836 2854 953 2907 qua:
980 2856 1009 2893 a
1041 2841 1325 2909 Scriptura
1353 2841 1763 2909 praecipiuntur,

217 2944 266 2982 se
294 2934 354 2985 de
384 2932 466 2985 bis
493 2931 738 2993 interim,
763 2931 827 2983 de
858 2931 1054 2999 quibus
1082 2939 1348 2983 commota
1397 2931 1621 2998 qamstio
1654 2929 1767 2986 fue-

219 3028 306 3082 rat,
336 3020 547 3074 brevem
584 3018 1001 3073 admonitionem
1035 3018 1430 3087 subiecturum,
1458 3037 1560 3074 non
1601 3035 1766 3090 appo-

216 3114 316 3167 sitis
348 3115 643 3181 Scriptura:
697 3113 1039 3177 testimoniis,
1091 3114 1187 3168 sed
1233 3115 1425 3170 lectori
1479 3118 1543 3170 ad
1595 3132 1763 3186 agno-

213 3200 444 3254 scendum
502 3203 723 3256 relictis.
767 3202 934 3256 Nemo
972 3212 1053 3257 est
1095 3219 1225 3259 sane
1257 3206 1373 3274 qui,
1417 3206 1460 3260 si
1498 3206 1763 3275 ejusmodi

1877 2025 2001 2067 ante
2033 2012 2437 2082 professionem,
2476 2022 2528 2065 ut
2564 2022 2709 2079 patet
2752 2028 2817 2064 ex
2859 2013 3129 2081 Interrog.
3156 2028 3190 2065 ι
3239 2013 3447 2081 longio—

1877 2120 1994 2159 rum
2051 2104 2176 2175 Reg.
2216 2106 2332 2174 Ipsa
2376 2106 2534 2159 etiam
2571 2105 2833 2173 professio
2864 2106 2913 2158 in
2948 2120 3013 2159 eo
3060 2107 3164 2159 sita
3210 2116 3347 2170 erat,
3386 2116 3449 2159 ut

1876 2198 2109 2251 novitius
2142 2198 2379 2265 probatis
2428 2196 2662 2266 legitimo
2723 2207 2963 2264 tempore
3008 2197 3439 2266 periclitatisquc

1882 2291 2155 2352 moribus,
2205 2290 2429 2343 fratrum
2476 2304 2701 2342 numero
2738 2289 3117 2345 ascriberetur.
3166 2290 3445 2355 Quomodo

1873 2396 2051 2451 ergoa
2085 2381 2276 2434 Basilio
2311 2391 2614 2433 transeunte
2640 2380 2688 2432 id
2716 2380 2933 2447 petitum
2965 2381 3171 2443 fuisset,
3214 2383 3354 2447 quod
3384 2382 3437 2433 in

1874 2470 1988 2538 ipso
2012 2470 2335 2523 monasterio
2362 2479 2559 2522 tantam
2586 2470 2888 2523 cautionem
2924 2479 2977 2523 et
3005 2469 3443 2523 deliberationem

1872 2560 2208 2628 postulabat?
2227 2560 2272 2614 ls
2289 2575 2436 2629 ergo,
2456 2575 2609 2628 quem
2629 2560 2966 2623 commendat
2984 2559 3446 2624 Basilius,volebat

1872 2667 1991 2707 sese
2048 2654 2102 2707 in
2156 2655 2477 2707 monasterio
2531 2652 2850 2705 Caesariensi
2917 2667 3009 2720 per
3066 2662 3229 2706 t0tam
3280 2654 3443 2707 vitam

1874 2746 1982 2801 Deo
2025 2761 2371 2809 consecrare,
2422 2747 2604 2814 ibique
2646 2748 2844 2801 amoris
2895 2761 3019 2814 erga
3072 2748 3234 2801 Deum
3282 2762 3442 2801 coro-

1870 2854 1992 2890 nam
2039 2839 2300 2904 accipere.
2349 2835 2529 2903 Neque
2577 2835 2701 2888 illud
2749 2837 2911 2889 etiam
2948 2834 3159 2891 difficile
3213 2837 3426 2906 perspi-

1869 2929 2031 2991 citur,
2084 2926 2373 2988 Basilium,
2415 2925 2515 2979 etsi
2547 2940 2733 2979 curam
2786 2928 3139 2991 monasterii,
3186 2928 3325 2996 quod
3378 2930 3430 2981 in

1867 3017 2036 3074 Ponto
2069 3018 2401 3078 fundaverat,
2435 3032 2537 3069 non
2568 3019 2787 3071 omnino
2822 3020 3148 3086 abjecisset;
3188 3030 3311 3072 tunc
3361 3030 3440 3071 ta-

1868 3123 1989 3162 men
2021 3123 2125 3162 non
2162 3108 2397 3162 abfuisse
2422 3108 2487 3159 ad
2519 3118 2747 3175 tempus,
2774 3109 2865 3161 sed
2900 3122 3121 3175 prorsus
3148 3109 3428 3161 astrictum

1868 3197 2032 3253 fuisse
2071 3199 2400 3269 presbyterio
2445 3199 2702 3253 Ecclesia:
2746 3199 3122 3255 Caesariensis.
3154 3201 3437 3256 Statuerat

209 3294 477 3345 exordium
512 3292 655 3362 legat
700 3297 979 3357 attentius,
1012 3310 1116 3349 non
1156 3295 1311 3349 facile
1348 3298 1635 3366 perspiciat
1670 3298 1762 3351 Ba-
1794 3276 1837 3333 (ἶ
1868 3294 2009 3346 enim
2042 3292 2094 3344 in
2136 3291 2259 3344 illud
2298 3292 2679 3344 monasterium
2727 3292 3032 3359 proficisci,
3078 3307 3181 3346 non
3224 3302 3278 3345 ut
3318 3294 3434 3362 ipse

210 3383 386 3449 silium,
428 3399 555 3438 cum
602 3399 852 3453 magnum
891 3386 1103 3454 aliquod
1148 3387 1212 3439 de
1259 3387 1524 3439 institutis
1572 3404 1763 3442 mona-

209 3475 342 3528 sticis
382 3492 521 3544 opus
566 3478 937 3538 meditaretur,
991 3477 1042 3530 in
1095 3492 1202 3545 quo
1235 3480 1548 3545 opponenda
1604 3488 1761 3531 erant

209 3561 485 3633 Scriptura:
520 3566 859 3629 testimonia,
905 3566 1018 3619 haec
1054 3566 1270 3619 interim
1328 3568 1562 3620 breviter
1624 3583 1761 3633 pra:-

208 3665 342 3719 cepta
392 3660 706 3711 tradidisse.
745 3658 894 3712 Unde
926 3660 1063 3710 hanc
1110 3658 1390 3726 epistolam
1437 3675 1541 3712 non
1595 3662 1761 3717 multo

207 3754 313 3811 post
338 3746 519 3799 Basilii
553 3750 781 3800 reditum
815 3746 1175 3800 collocandum
1209 3748 1479 3801 existimo.

266 3837 413 3893 Circa
474 3839 613 3893 idem
676 3848 882 3907 tempus
928 3850 982 3893 et
1045 3852 1169 3895 ante
1229 3841 1461 3908 scriptas
1524 3843 1759 3912 regulas,

205 3930 278 3984 rel
303 3943 469 3999 certe,
522 3948 646 3987 cum
678 3932 937 3987 Caesarea:
975 3934 1273 4001 presbyteri
1323 3947 1541 3987 munere
1576 3935 1761 4001 funge-

205 4032 337 4078 retur
367 4025 623 4086 Basilius,
670 4023 977 4078 collocanda
1022 4025 1244 4091 epistola
1283 4027 1533 4080 vicesima
1578 4029 1757 4091 tertia,

205 4131 309 4182 quae
343 4118 522 4170 minus
551 4125 805 4168 accurate
830 4114 1171 4180 inscribitur,
1202 4114 1643 4169 Commendatitia
1686 4120 1753 4171 ad

204 4210 523 4270 nionachum,
572 4222 692 4260 cum
731 4206 905 4274 potius
956 4206 1077 4279 toti,
1106 4209 1433 4263 monasterio
1483 4210 1757 4266 debuisset

203 4300 425 4354 inscribi.
469 4301 714 4355 Accessit
744 4298 957 4368 quidam
1000 4299 1067 4352 ad
1101 4300 1359 4355 Basiliam
1404 4304 1579 4356 saeculi
1610 4304 1761 4358 vani-

205 4402 348 4447 tatem
382 4404 763 4454 contemnens,
786 4408 848 4445 ac
877 4391 1017 4445 viam
1060 4394 1124 4444 ad
1170 4392 1381 4447 Domini
1420 4395 1755 4448 mansionem

200 4482 534 4538 deducentem
588 4483 793 4551 ingredi
848 4486 1088 4549 cupiens.
1138 4483 1312 4549 Atque
1357 4486 1401 4538 is
1445 4486 1659 4555 quidem
1703 4487 1754 4539 in

200 4572 303 4641 ipso
331 4576 469 4637 loco,
503 4572 591 4626 ubi
630 4586 753 4626 tunc
780 4585 897 4627 erat
928 4575 1173 4640 Basilius,
1206 4578 1557 4631 monasticam
1591 4579 1753 4632 vitam

200 4667 431 4733 amplecti
479 4665 732 4728 volebat;
781 4666 872 4717 sed
922 4681 1042 4719 eum
1082 4667 1306 4721 Basilius
1360 4668 1661 4731 differebat,
1695 4670 1749 4723 in

197 4754 463 4812 Pooticum
518 4758 903 4812 monasterium
967 4759 1233 4815 deducere
1305 4760 1539 4826 malens,
1593 4761 1751 4829 eique

197 4848 293 4903 illic
344 4852 661 4917 magistrum
710 4850 942 4917 aliquem
977 4848 1217 4916 pietatis,
1265 4866 1419 4919 quem
1478 4854 1590 4923 ipse
1638 4854 1747 4907 ele-

195 4946 366 5009 gisset,
409 4944 703 5010 pra-licere.
733 4948 801 4995 At
829 4940 1056 4996 Basilius
1092 4945 1321 5012 negotiis
1350 4949 1599 4997 detentus
1626 4961 1747 4999 cum

195 5033 241 5085 in
284 5035 509 5089 Pontum
560 5034 828 5102 proficisci
878 5049 979 5086 non
1030 5044 1227 5102 posset,
1282 5036 1427 5090 misit
1478 5037 1747 5089 limuinem

193 5141 305 5179 cum
343 5130 561 5191 litteris,
590 5143 654 5179 ac
688 5127 965 5180 monachis
998 5127 1273 5193 prrecepit,
1304 5137 1358 5177 ut
1389 5143 1509 5181 eum
1545 5129 1645 5180 rite
1690 5137 1743 5180 et

194 5215 411 5283 legitime
465 5221 789 5285 probarent,
827 5227 881 5269 et
924 5216 1063 5286 quod
1111 5217 1226 5285 ipse
1274 5233 1393 5271 eum
1440 5219 1517 5271 eis
1568 5220 1745 5273 facere

192 5309 440 5369 voluerat,
470 5310 519 5361 id
552 5311 669 5363 sine
699 5323 758 5361 se
790 5308 1129 5376 perlicerent.

262 5400 328 5453 Ex
379 5401 461 5453 bis
509 5401 748 5468 epistola:
798 5401 994 5463 verbis,
1024 5398 1306 5453 Elementis
1343 5401 1611 5455 imbuatur
1661 5420 1742 5456 se-

195 5497 399 5545 cundum
435 5510 496 5546 ea
535 5511 653 5562 qua:
696 5512 728 5545 α
770 5492 1017 5547 Pambos
1058 5494 1252 5548 sanctis
1296 5502 1494 5549 statuta
1525 5507 1570 5551 et
1614 5497 1745 5550 scri-

254 5719 321 5783 ίη)
366 5721 487 5774 Νη.
519 5739 604 5791 op.
635 5723 689 5776 9.

251 5792 313 5857 (ﬁt)
352 5791 440 5844 Or.
469 5794 555 5845 20.

250 5863 310 5933 (ι)
352 5866 425 5917 Ad
457 5879 544 5916 an.
574 5862 702 5915 36?.

1866 3384 2120 3437 novitium
2157 3384 2299 3434 illum
2334 3392 2562 3451 regeret,
2604 3383 2697 3435 seJ
2730 3393 2786 3435 ut
2837 3384 2885 3437 ei
2928 3385 3203 3439 ductorem
3234 3396 3287 3439 et
3330 3402 3441 3439 ma-

1864 3474 2093 3542 gistrum
2140 3474 2354 3541 pietatis
2401 3474 2717 3543 praeficeret.
2761 3475 3064 3541 Quinetiam
3099 3492 3221 3529 cum
3255 3492 3311 3531 se
3342 3494 3440 3533 oc-

1863 3567 2235 3633 cupationibus
2265 3568 2373 3620 suis
2406 3568 2616 3632 eripere
2650 3581 2754 3618 non
2792 3568 3069 3633 potuisset,
3114 3586 3289 3639 neque
3319 3572 3428 3625 eri—

1863 3670 1989 3724 pere
2021 3671 2175 3723 posse
2213 3665 2453 3723 speraret
2485 3671 2578 3723 per
2626 3665 2795 3708 totum
2827 3657 2957 3710 illud
2994 3668 3227 3728 tempus,
3282 3662 3424 3727 quod

1865 3748 1917 3799 in
1952 3748 2227 3815 probando
2261 3748 2465 3803 novitio
2512 3748 2884 3799 insumendum
2930 3760 3069 3813 erat,
3106 3752 3343 3817 praecipit
3382 3760 3439 3804 ιιι

1862 3854 1920 3893 sc
1950 3854 2053 3893 non
2075 3852 2387 3911 exspectato
2416 3841 2671 3894 orobetur
2696 3851 2750 3893 et
2784 3840 3010 3896 fratrum
3059 3846 3232 3897 ordini
3268 3846 3438 3898 ascri-

1862 3933 2038 3987 batur.

1935 4023 2020 4077 lll.
2063 4021 2206 4077 Inter
2238 4024 2432 4077 eximia
2478 4025 2657 4078 Basilii
2708 4025 3006 4095 presbyteri
3056 4024 3312 4091 praeclare
3358 4026 3438 4078 fa-

1862 4124 1971 4177 cta,
2015 4116 2240 4183 palmam
2277 4117 2367 4168 dat
2408 4116 2699 4186 Gregorius
2746 4117 3121 4169 Nazianzenus
3163 4116 3434 4179 cbaritati,

1861 4224 2020 4277 quam
2070 4209 2120 4259 in
2159 4207 2298 4261 fame
2334 4209 2407 4281 (ὑ)
2448 4212 2684 4264 omnium
2737 4221 2857 4277 post
2908 4210 3183 4263 hominum
3229 4224 3434 4262 memo-

1861 4300 1996 4353 riam
2063 4300 2398 4353 atroeissinia
2456 4300 2777 4368 designavit.
2828 4302 3164 4356 Calamttatis
3216 4316 3431 4354 causam

1860 4391 2052 4444 frustra
2091 4393 2281 4459 repetit
2329 4392 2588 4444 Baronins
2624 4392 2693 4459 (c)
2745 4408 2807 4447 ex
2860 4395 3122 4460 grandine
3172 4395 3434 4445 inusitata:

1860 4481 2254 4550 tnagnitudiuis,
2282 4499 2439 4550 quam
2476 4484 2642 4537 instar
2679 4486 2910 4553 lapidum
2942 4483 3192 4539 Socrates
3218 4486 3301 4555 (Δ)
3336 4500 3427 4539 ce-

1858 4573 2052 4627 cidisse
2102 4585 2284 4628 narrat
2352 4576 2807 4635 Constantinopoli
2877 4592 3018 4629 anno
3087 4577 3228 4644 357,
3276 4588 3430 4631 sexto

1856 4664 2038 4721 Nonas
2081 4665 2228 4720 Julii.
2282 4667 2421 4721 Idem
2461 4672 2641 4721 multis
2692 4668 2825 4721 locis
2880 4671 3143 4723 accidisse
3200 4679 3429 4723 testatur

1857 4756 2187 4813 Sozomenus
2219 4761 2288 4831 (c)
2320 4778 2331 4812 :
2362 4762 2453 4813 sed
2486 4760 2679 4813 famem
2712 4761 2834 4813 inde
2869 4771 3211 4814 consecutam
3245 4772 3431 4816 neuter

1856 4850 2130 4903 indicavit.
2160 4851 2339 4920 Longe
2373 4852 2785 4920 probabiliorem
2813 4868 3029 4906 causam
3063 4853 3217 4906 nobis
3246 4856 3419 4921 aperit

1857 4940 2103 5005 Basilius,
2133 4945 2223 5010 qui
2255 4943 2305 4995 in
2342 4943 2566 4997 llomilia
2599 4946 2648 4996 in
2684 4945 2878 4997 famem
2911 4953 2963 4994 et
3001 4942 3299 4996 siccitatem
3341 4945 3421 4999 sic

1856 5033 2088 5102 loquitur
2114 5054 2164 5087 ιι.
2188 5035 2241 5098 ‘2,
2264 5052 2314 5105 p.
2342 5038 2409 5089 (ιῦ
2439 5056 2449 5088 :
2489 5036 2667 5088 Hiems
2686 5038 2893 5087 solitum
2912 5035 3176 5085 Immorth
3196 5037 3424 5089 siccitati

1854 5128 2133 5178 admixtum
2172 5144 2273 5180 non
2316 5128 2517 5193 habuit,
2542 5132 2631 5181 scd
2650 5131 2910 5179 humorem
2935 5142 3131 5178 onmem
3152 5128 3319 5195 glacie
3335 5144 3390 5179 as
3408 5158 3421 5167 -

1851 5220 2033 5272 trinxit
2082 5221 2479 5289 exsiccavitque,
2514 5234 2559 5275 et
2589 5222 2799 5274 omnino
2832 5222 3025 5272 uirium
3079 5222 3423 5288 imbriumque

1848 5326 2029 5379 expers
2067 5320 2369 5378 permansit.
2410 5314 2506 5367 Ver
2539 5330 2717 5365 rursus
2766 5312 2986 5365 alteram
3040 5316 3247 5382 quidem
3298 5330 3422 5381 pro—

1850 5405 2125 5469 prietatent
2176 5423 2390 5458 suarum
2439 5419 2635 5474 partem
2690 5407 2946 5469 ostendit,
2999 5408 3226 5459 calorem
3278 5406 3420 5467 dico,

1850 5497 2081 5548 humoris
2133 5512 2305 5551 autem
2352 5511 2607 5568 particeps
2664 5516 2763 5551 non
2814 5498 2927 5554 fuit.
2973 5496 3162 5553 zEsttts
3215 5512 3331 5550 vero
3372 5506 3421 5551 et

1922 5720 1999 5787 (τι)
2036 5719 2153 5771 Lib.
2180 5735 2249 5777 tv,
2286 5734 2331 5772 c.
2366 5718 2445 5772 ll.

1922 5792 1989 5859 (e)
2032 5790 2147 5844 Lib.
2180 5805 2251 5853 νι,
2284 5807 2331 5843 c.
2362 5788 2444 5842 l0.
