4206 6486
753 434 922 474 ΧΙΑΙΙΙ

2096 421 2623 478 PROLEGOMENA.

751 543 920 609 frigus
947 541 1156 594 insolito
1183 540 1334 592 modo
1366 541 1611 594 terminos
1643 542 1929 595 creationis
1968 549 2316 611 transgressa,
2349 546 2394 601 Α
2423 541 2628 594 abluere
2661 543 2870 596 minime
2905 560 3056 610 grave
3090 546 3335 610 ducebat,
3370 547 3710 601 ministerium
3744 548 3982 614 imitans,

751 645 800 687 ct
832 634 1154 686 incommode
1187 633 1255 685 ad
1290 635 1567 702 perniciem
1603 647 1836 689 nostram
1874 637 2250 705 conspirantia,
2283 654 2316 690 a

749 730 890 782 ricta
920 741 967 782 et
995 746 1026 780 a
1052 729 1158 782 vita
1186 730 1432 781 mortales
1467 728 1706 798 abigunt.
1744 729 1915 800 Supra
1951 731 2028 784 sic
2061 730 2319 784 describit

751 823 923 890 ipsam
976 822 1274 876 siceitatem
1325 832 1378 875 et
1439 821 1631 876 famem
1688 837 1750 875 ex
1804 837 1866 876 ea
1920 833 2314 878 consecutam:

750 913 982 978 (Icelum,
1024 914 1229 982 inquit,
1272 914 1522 976 videmus,
1567 914 1792 981 fratres,
1825 916 2047 977 durum,
2085 914 2316 975 nudum,

747 1007 861 1060 sine
891 1007 1136 1070 nubibus,
1182 1007 1378 1058 tristem
1414 1006 1549 1058 hanc
1584 1006 1911 1058 serenitatem
1944 1020 2148 1067 creans,
2195 1019 2321 1055 sua-

749 1113 846 1164 que
878 1097 1105 1164 puritate
1136 1096 1360 1166 aﬂligens
1390 1111 1481 1148 nos
1508 1107 1526 1144 :
1557 1109 1712 1146 auam
1744 1103 1914 1147 tamen
1959 1103 2114 1146 antea
2171 1093 2320 1146 valde

751 1187 1106 1254 cupiebantus,
1157 1204 1273 1239 cum
1325 1187 1416 1238 diu
1465 1185 1683 1238 trabibus
1727 1184 2007 1238 obductum
2059 1182 2321 1236 induceret

752 1279 900 1332 nobis
934 1279 1202 1340 tenebras,
1241 1289 1286 1330 et
1335 1278 1440 1332 sole
1489 1279 1731 1345 privaret.
1778 1277 1938 1330 Terra
1982 1287 2154 1329 autent
2206 1292 2322 1342 per-

745 1388 905 1445 quam
937 1374 1112 1438 arida,
1141 1371 1431 1438 injucunda
1462 1379 1535 1422 est
1570 1379 1806 1438 aspectu,
1849 1377 2015 1436 segete
2045 1367 2237 1421 sterilis
2268 1375 2315 1419 et

750 1463 1054 1533 infecunda,
1090 1462 1253 1516 scissa
1292 1461 1518 1513 hiatibus
1543 1472 1590 1513 et
1626 1460 1886 1522 disrupta,
1916 1467 1961 1511 et
1988 1459 2040 1509 in
2082 1457 2199 1509 imis
2240 1457 2322 1508 sui

751 1557 990 1627 partibus
1034 1553 1288 1624 fulgentes
1333 1553 1458 1605 solis
1508 1552 1688 1604 radios
1722 1549 2000 1614 excipiens.
2034 1547 2229 1602 Fontes
2274 1557 2322 1600 et

751 1649 948 1716 capiosi
975 1657 1020 1700 et
1051 1660 1296 1714 perennes
1333 1645 1630 1712 defecerunt
1672 1658 1786 1708 nos,
1820 1642 2104 1710 ingentium
2135 1640 2312 1708 flumi-

755 1757 881 1792 num
904 1739 1180 1805 absumpta
1204 1749 1321 1790 sunt
1353 1738 1575 1805 fluenta,
1607 1734 1755 1800 pueri
1786 1735 1989 1786 minimi
2016 1749 2076 1785 ea
2107 1732 2321 1800 pedibus

751 1840 1040 1900 permeant,
1074 1840 1227 1898 atque
1268 1838 1469 1880 onusta:
1511 1827 1750 1880 mulieres
1799 1827 2092 1895 trajiciunt.
2141 1824 2324 1893 Defuit

2420 633 2674 702 simulque
2717 649 3027 702 puerorum,
3064 639 3166 690 sive
3218 654 3578 691 conservorum
3619 655 3868 703 suorum,
3916 641 3984 692 ad

2420 740 2532 778 eam
2574 741 2678 778 rent
2711 742 2865 791 opera
2898 739 3062 786 utens,
3098 745 3382 796 pauperunt
3430 747 3646 799 corpora
3685 743 3731 784 et
3773 734 3980 785 animas

2421 814 2665 881 curabat,
2715 817 2961 870 honorem
3014 835 3189 886 nempe
3233 836 3348 873 cum
3393 823 3678 874 necessario
3731 823 3983 893 alimento

2421 916 2745 971 conuertens,
2775 917 2928 976 atque
2975 910 3204 976 ipsorum
3246 913 3591 964 calamitatem
3628 915 3870 982 utrinque
3909 913 3986 967 le-

2423 997 2592 1050 niens.
2659 996 2754 1050 llis
2812 997 3039 1052 addebat
3090 1001 3260 1068 majus
3324 1001 3675 1068 beneﬁcium,
3731 1013 3786 1058 et
3837 1005 3986 1071 ipsos

2422 1087 2584 1139 etiam
2641 1087 2848 1144 animos
2909 1090 3142 1145 etelestis
3193 1093 3448 1147 doctrinae
3504 1091 3699 1161 pabulo
3767 1094 3983 1147 nutrie-

2422 1175 2534 1232 bat.

2494 1271 2580 1330 IV.
2624 1272 2747 1327 llaec
2786 1273 3173 1327 continuantur
3216 1288 3240 1327 a
3280 1274 3538 1343 Gregorio
3572 1275 3834 1345 Nysseuo,
3889 1275 3983 1344 qui

2425 1366 2476 1418 iu
2508 1365 2646 1420 libro
2677 1381 2692 1419 1
2735 1367 2786 1417 in
2821 1366 3139 1418 Eunomium
3174 1363 3248 1435 (b)
3288 1375 3510 1420 testatur
3538 1366 3787 1420 Basiliam
3819 1369 3988 1435 patri-

2425 1455 2663 1508 monium
2690 1465 2743 1508 ct
2773 1463 2895 1510 ante
2924 1456 3287 1509 sacerdotium
3319 1455 3610 1511 liberaliter
3641 1459 3691 1512 in
3722 1471 3987 1526 pauperes

2422 1545 2725 1603 eﬂudisse:
2774 1556 2827 1600 et
2878 1548 3141 1616 principne
3192 1547 3245 1601 iu
3295 1563 3518 1603 annona:
3565 1540 3812 1614 caritate,
3863 1564 3989 1604 eum

2423 1649 2688 1710 prceesset
2722 1640 2992 1702 Ecclesiu‘,
3027 1642 3202 1694 adhuc
3238 1641 3288 1693 in
3328 1643 3764 1711 presbyterorum
3795 1642 3992 1697 ordine

2425 1732 2738 1785 ministraus
2769 1745 2784 1782 :
2828 1747 2925 1785 nec
2956 1742 3138 1797 postea
3173 1746 3380 1794 eorum,
3413 1747 3532 1799 qu:e
3565 1732 3764 1800 reliqua
3805 1743 3987 1798 erant,

2429 1835 2646 1889 parcum
2696 1821 2902 1874 fuisse:
2939 1821 3047 1892 Τὴν
3098 1821 3356 1894 πατρῷαν
3390 1821 3578 1874 οὐσίαν
3611 1823 3703 1874 καὶ
3745 1824 3849 1890 πρὸ
3889 1823 3992 1892 τῆς

753 1923 910 1974 etiam
947 1921 1208 1987 plerisque
1239 1933 1473 1973 nostrum
1521 1927 1693 1986 potus,
1730 1935 1790 1971 ac
1823 1919 1874 1970 in
1903 1919 2123 1986 penuria
2149 1933 2321 1970 rerum
2358 1895 2395 1947 Β

2358 1895 2395 1947 Β
2429 1912 2748 1983 ἱερωσύνης,
2777 1913 3008 1982 ἀᾳειδῶς
3040 1915 3324 1978 ἀναλώσας
3361 1916 3472 1976 τοῖς
3505 1913 3721 1982 πένησι,
3751 1916 3845 1966 καὶ
3882 1916 3989 1984 μά-

753 2014 821 2068 ad
872 2014 1029 2068 vitam
1078 2014 1489 2068 necessariarum
1545 2027 1838 2065 versamur.
1892 2009 2150 2062 Israelita:
2206 2009 2322 2061 ποι-ἱ

754 2123 939 2160 novum
981 2106 1212 2176 Moysem
1263 2116 1308 2159 et
1365 2107 1560 2175 virgam
1626 2101 1952 2156 mirabilium
2014 2101 2320 2170 e/fearicenr

753 2201 1085 2270 conquirunt,
1129 2208 1180 2250 ut
1223 2205 1384 2266 petra'
1418 2212 1599 2249 rursus
1630 2210 1890 2263 percussa:
1924 2193 2226 2246 necessitati
2262 2210 2322 2245 ac

751 2294 984 2362 penuria:
1052 2290 1274 2344 sitientis
1330 2289 1507 2357 populi
1553 2289 1877 2349 medeantur,
1932 2297 1979 2338 et
2041 2283 2321 2337 insolentes

750 2386 992 2453 quaedam
1035 2385 1216 2446 nubes,
1263 2382 1395 2435 roris
1439 2382 1495 2433 in
1539 2396 1757 2443 morem,
1793 2381 2053 2431 insuetum
2103 2375 2323 2428 alimen-

754 2487 863 2528 tum
899 2491 1088 2528 manna
1131 2473 1424 2526 hominibus
1467 2473 1760 2524 demittant.
1803 2468 2088 2522 Vereamur
2120 2485 2180 2520 ne
2222 2467 2324 2534 [iac

752 2583 867 2620 mus
896 2567 1110 2634 posteris
1144 2582 1328 2619 novum
1357 2564 1510 2633 famis
1539 2572 1585 2616 et
1631 2562 1840 2615 mulcto:
1867 2560 2178 2630 exemplum.
2207 2560 2322 2612 i’idi

755 2673 908 2726 agros
948 2665 997 2709 et
1033 2659 1276 2713 lacrmnis
1310 2655 1485 2707 multis
1518 2652 1842 2706 sterilitatem
1893 2668 2071 2704 eorum
2109 2652 2318 2718 tle/levi,

753 2763 967 2816 sumque
992 2747 1329 2809 lamentatus,
1357 2745 1495 2814 quod
1527 2743 1702 2796 nullus
1732 2743 1787 2794 in
1819 2757 1909 2794 nos
1938 2740 2101 2792 imber
2127 2743 2323 2806 effusus

753 2849 849 2892 est.
878 2838 1088 2893 Semina
1114 2839 1352 2906 qua'dam
1385 2836 1612 2906 germine
1646 2843 1866 2888 necdum
1897 2833 2086 2885 emisso
2116 2847 2319 2894 aruere,

755 2928 883 2980 talia
918 2927 1274 2995 permanentia
1317 2928 1450 2981 inter
1482 2927 1680 2997 glebas,
1720 2925 1900 2997 qualia
1943 2933 2181 2977 aratrum
2229 2923 2320 2977 ob-

753 3027 996 3073 texerat:
1027 3019 1135 3072 alia
1183 3017 1459 3082 paululum
1489 3019 1872 3085 prominentia,
1916 3028 2028 3084 post
2063 3019 2323 3087 germina-

753 3110 946 3162 tionem
977 3108 1344 3160 miserabiliter
1370 3119 1499 3161 testu
1527 3113 1576 3160 et
1602 3106 1788 3158 ardore
1819 3107 2050 3173 arefacta
2083 3117 2224 3170 sunt,
2248 3109 2322 3158 sic

2427 2002 2582 2056 λιστα
2613 2007 2669 2056 ὲν
2711 2005 2786 2075 τῷ
2815 2006 2912 2077 τῆς
2949 2006 3209 2068 σιτοδείας
3243 2004 3419 2077 καιρῷ
3449 2005 3569 2058 καθ’
3604 2004 3662 2056 ὃν
3700 2006 3990 2058 ἐπεστάτει

2424 2097 2524 2166 τῆς
2569 2097 2907 2166 Ἐκκλησίας,
2940 2098 3015 2151 ἔτι
3049 2100 3105 2152 ἐν
3132 2097 3207 2168 τῷ
3242 2098 3424 2169 κλήρῳ
3451 2099 3558 2153 τῶν
3605 2096 3993 2168 πρεσϐυτέρων

2426 2181 2720 2253 ἱερατεύων
2749 2184 2843 2235 καὶ
2876 2187 3010 2254 μετὰ
3037 2186 3227 2251 ταῦτα,
3257 2187 3388 2256 μηδὲ
3419 2188 3523 2239 τῶν
3557 2185 3994 2255 ὑπολειιροένςων

2426 2276 2769 2345 φεισάμενος.
2802 2272 2944 2328 Idem
2973 2275 3023 2327 in
3058 2288 3194 2329 orat.
3236 2279 3287 2328 in
3317 2279 3478 2331 Basil.
3511 2280 3577 2348 (ε)
3610 2279 3686 2332 sic
3717 2278 3990 2347 loquitur:

2425 2367 2596 2436 Λιμοῦ
2643 2367 2750 2438 γάρ
2802 2382 2929 2418 ποτε
2975 2365 3209 2434 χαλεποῦ
3256 2371 3682 2432 καταπονοῧντος
3733 2371 3905 2441 αὐτήν
3933 2388 3993 2422 τε

2424 2459 2521 2528 τὴν
2584 2459 2734 2510 πόλιν
2797 2459 2855 2510 ἐν
2992 2456 3342 2526 διαιτώμενος
3397 2459 3676 2527 ἐτύγχανε,
3733 2463 3826 2514 καὶ
3884 2463 3992 2514 πᾶ-

2427 2569 2525 2604 σαν
2569 2553 2666 2621 τὴν
2713 2551 3074 2605 ὑποτελοῦσαν
3115 2554 3180 2621 τῇ
3228 2549 3376 2602 πόλει
3423 2549 3623 2619 χώραν,
3659 2552 3757 2615 τὰς
3796 2554 3992 2608 ἑαυτοῦ

2427 2641 2644 2711 κτήσεις
2685 2641 3036 2712 ἀποδόμενος,
3085 2642 3179 2694 καὶ
3223 2644 3302 2704 εἰς
3347 2639 3552 2711 τροφὰς
3593 2639 3880 2710 διαμείψας
3926 2644 3995 2696 τὰ

2426 2734 2702 2802 χρήματα,
2746 2735 2833 2785 ὅτε
2879 2735 3100 2785 σπάνιον
3138 2728 3203 2801 ἦν
3243 2734 3334 2786 καὶ
3365 2734 3490 2796 τοὺς
3535 2732 3737 2802 σφόδρα
3782 2749 3993 2802 παρεσ-

2427 2824 2790 2892 κευασμένους
2816 2825 3090 2894 τράπεζαν
3117 2828 3322 2889 ἑαυτοῖς
3345 2825 3818 2898 παραστήσασθαι,
3843 2826 3998 2897 διήρ‹

2426 2933 2583 2968 κεσεν
2616 2917 2820 2979 ἐκεῖνος
2850 2919 2906 2968 ἐν
2940 2918 3100 2968 παντὶ
3140 2917 3215 2985 τῷ
3249 2929 3423 2989 χρονῳ
3452 2918 3544 2972 τοῦ
3584 2917 3740 2989 λιμοῦ
3775 2919 3997 2989 τρέφων

2425 3008 2549 3071 τούς
2592 3027 2650 3062 τε
2703 3008 3041 3079 πανταχόθεν
3097 3009 3443 3080 συρῤἐοντας,
3488 3013 3582 3064 καὶ
3626 3013 3720 3082 τὴν
3773 3012 3995 3064 νεολὲαν

2428 3104 2625 3166 παντὸς
2653 3104 2744 3156 τοῦ
2771 3105 2832 3174 δή
2845 3122 2942 3173 μου
2974 3104 3071 3174 τῆς
3105 3105 3326 3167 πόλεως,
3358 3105 3431 3167 ὡς
3461 3108 3552 3158 καὶ
3579 3110 3689 3169 τοῖς
3715 3106 3821 3159 τῶν
3865 3109 3997 3159 ’1ου-

754 3211 811 3252 ut
849 3201 1009 3268 possit
1049 3215 1182 3252 nunc
1220 3198 1410 3268 aliquis
1456 3197 1818 3252 convenienter
1863 3197 1997 3248 lianc
2052 3194 2322 3262 Evangelii
2355 3228 2396 3283 Ο

2355 3228 2396 3283 C
2428 3193 2588 3249 δαίων
2619 3197 2804 3249 παισὶν
2839 3199 2902 3249 ἐκ
2936 3197 3027 3250 τοῦ
3062 3198 3176 3250 ἴσον
3212 3198 3521 3269 προτιθέναι
3559 3199 3656 3268 τῆς
3683 3199 3993 3270 φιλανθρω-

751 3307 927 3345 vocem
960 3292 1230 3352 invertere,
1257 3305 1318 3340 ac
1347 3290 1516 3343 dicere
1550 3301 1568 3339 :
1604 3304 1622 3336 ‹
1659 3286 1898 3354 ()perarii
1927 3285 2130 3354 quidem
2156 3284 2324 3351 multi,

755 3383 846 3436 sed
895 3384 1073 3436 messis
1107 3398 1168 3435 ne
1202 3396 1367 3448 pauca
1406 3381 1636 3444 quidem.
1675 3399 1690 3426 ι
1739 3378 1998 3448 Agricola:
2050 3387 2219 3429 autem
2273 3381 2327 3430 in

753 3476 895 3545 agris
945 3476 1270 3539 desidentes,
1313 3481 1361 3526 et
1397 3473 1637 3524 manibus
1691 3488 1860 3539 genua
1910 3469 2164 3537 complexi
2216 3469 2326 3538 (qui

754 3584 880 3622 sane
923 3567 1207 3635 lugentium
1237 3566 1446 3618 habitus
1481 3564 1597 3633 est),
1639 3563 1818 3616 inanes
1859 3576 1979 3612 suos
2010 3559 2207 3612 labores
2238 3564 2328 3615 de-

755 3657 988 3726 plorant,
1025 3657 1355 3724 respicientes
1403 3656 1469 3706 ad
1506 3655 1730 3722 infantes
1775 3667 1986 3716 pueros,
2019 3664 2080 3701 ac
2133 3649 2330 3703 lamen-

756 3757 946 3816 tantes,
975 3757 1023 3800 et
1064 3748 1229 3802 oculis
1278 3748 1332 3801 in
1379 3763 1568 3800 uxores
1613 3746 1828 3798 intentis
1875 3745 2083 3812 flentes,
2124 3743 2329 3796 contin-

757 3851 927 3910 gentes
962 3842 1127 3893 siccas
1161 3841 1368 3908 frugum
1401 3839 1586 3891 herbas
1618 3847 1663 3890 et
1695 3844 2096 3899 contrectantes,
2123 3835 2329 3888 edentes

757 3951 972 4005 magnos
1004 3936 1232 4003 ejulatus
1280 3935 1492 4002 perinde
1541 3943 1692 4003 atque
1735 3939 1906 3996 patres
1946 3930 2072 3997 ﬁliis
2113 3930 2220 3982 suis
2277 3933 2330 3984 in

761 4029 933 4080 trtatis
969 4028 1098 4094 flore
1138 4027 1331 4080 orbati.

829 4118 1028 4173 Malum
1060 4119 1467 4188 ingravescebat
1496 4121 1612 4189 ipso
1640 4123 1994 4192 Cappadocia:
2025 4125 2155 4188 situ,
2195 4141 2316 4194 qua:

760 4228 881 4268 cum
933 4221 1139 4266 remota
1178 4213 1247 4265 sit
1294 4229 1322 4264 a
1373 4214 1538 4276 mari,
1595 4229 1691 4268 nec
1739 4230 1801 4268 ea
1857 4216 2054 4284 quibus
2097 4217 2333 4270 abundat

760 4313 1069 4373 exportare,
1111 4319 1208 4356 nec
1237 4318 1355 4371 quae
1396 4307 1586 4358 desunt
1631 4305 1787 4359 facile
1837 4307 2092 4362 invehere
2124 4317 2329 4375 potest;

760 4396 853 4450 sed
889 4394 1020 4448 nihil
1054 4394 1105 4448 in
1141 4395 1221 4448 his
1257 4393 1410 4446 malis
1441 4397 1730 4462 crudelius,
1761 4414 1921 4467 quam
1951 4400 2175 4452 divitum
2206 4413 2332 4451 ava-

763 4488 922 4550 ritia,
963 4489 1052 4556 qui
1105 4488 1264 4540 veluti
1319 4502 1524 4554 ungues
1558 4490 1774 4556 quidam
1817 4491 1867 4544 iu
1913 4498 2101 4560 patriae
2151 4492 2333 4546 ulcere

2431 3286 2560 3345 πίας
2589 3288 2788 3356 ταύτης
2835 3289 2931 3358 τὴν
2968 3290 3281 3358 μετουσίαν.
3331 3290 3460 3344 Cum
3495 3291 3659 3358 fames
3704 3292 3996 3360 aliquando

2428 3379 2601 3447 gravis
2634 3380 2874 3448 affligeret
2915 3399 3030 3433 cum
3053 3384 3220 3448 ipsam
3247 3384 3504 3433 civitatein
3539 3385 3590 3432 in
3625 3398 3726 3449 qua
3758 3384 3996 3450 degebat,

2429 3484 2537 3525 tum
2569 3472 2828 3540 subjectos
2861 3473 3060 3524 civitati
3105 3486 3260 3540 agros
3296 3487 3486 3531 omnes,
3523 3473 3761 3537 proprias
3789 3488 3994 3537 posses-

2428 3566 2596 3618 siones
2633 3565 2879 3628 vendens,
2926 3574 2974 3616 et
3018 3562 3283 3619 alimentis
3325 3562 3603 3630 pecuniam
3635 3570 3994 3625 commutatis,

2431 3667 2537 3708 tum
2570 3673 2688 3709 cum
2718 3672 2897 3708 rarum
2927 3663 3077 3719 esset,
3109 3663 3165 3707 ut
3208 3653 3390 3721 quibus
3422 3669 3502 3706 res
3533 3654 3657 3705 bene
3681 3652 3833 3719 lauta
3862 3664 3997 3716 erat,

2431 3757 2660 3794 mensam
2702 3745 2798 3796 sibi
2840 3754 3176 3812 opponerent,
3223 3759 3327 3795 non
3373 3743 3523 3796 desiit
3560 3742 3648 3794 ille
3695 3752 3800 3794 toto
3839 3744 3999 3805 famis

2432 3837 2658 3898 tempore
2677 3831 2814 3884 alere
2835 3845 2882 3884 et
2905 3849 2988 3885 eos
3013 3835 3099 3900 qui
3128 3834 3354 3898 undique
3375 3833 3730 3902 ron/luebant,
3760 3844 3807 3886 et
3834 3834 3995 3886 totius

2428 3923 2602 3994 populi
2626 3922 2854 3976 civitatis
2886 3924 3226 3990 juventutem,
3250 3928 3327 3976 ita
3367 3935 3422 3976 ut
3451 3939 3494 3974 et
3523 3925 3832 3977 Juda-orum
3855 3925 3999 3993 filios

2431 4031 2579 4077 a‘qua
2610 4024 2758 4083 parte
2783 4013 2938 4083 ltnjus
2969 4014 3312 4066 humanitatis
3338 4014 3641 4082 impertiret.

2458 4144 2467 4151 υ
2501 4109 2559 4162 lu
2593 4119 2820 4178 utroque
2855 4108 3082 4179 Nysseui
3111 4109 3516 4176 interpretando
3546 4105 3852 4161 testimonio
3894 4122 4001 4161 nou

2431 4201 2847 4254 accuratissime
2901 4212 3146 4254 versatur
3193 4201 3586 4255 Tillemontius.
3642 4197 3801 4253 Putat
3852 4200 3999 4254 enim

2432 4289 2709 4355 Basilinm,
2748 4305 2868 4343 cum
2916 4290 3072 4343 initio
3103 4305 3347 4346 secessus
3377 4290 3628 4344 n0unul|a
3662 4291 3765 4345 sibi
3797 4305 3866 4344 ex
3895 4305 3995 4358 pa-

2435 4383 2602 4436 ternis
2631 4381 2844 4451 przediis
2871 4393 3216 4448 reservasset,
3241 4399 3304 4435 ea
3332 4385 3382 4433 in
3411 4396 3674 4450 pauperes
3701 4382 4000 4436 liberaliter

2433 4471 2686 4526 ell‘udissc
2732 4472 2784 4525 iu
2836 4487 3041 4526 summa
3089 4488 3312 4526 annonae
3366 4472 3614 4525 caritate.
3673 4472 3741 4525 At
3794 4471 3844 4524 id
3891 4487 3997 4527 non

763 4593 884 4634 esse
930 4581 1120 4636 solent,
1169 4594 1231 4632 ac
1287 4587 1586 4646 temporum
1637 4579 1975 4636 dillicultates
2013 4585 2322 4646 observare,
2363 4570 2405 4623 Ῑ)

2363 4570 2405 4623 D
2434 4565 2560 4618 dicit
2606 4564 2899 4635 Nysscuus,
2948 4564 3205 4617 Basiliqu
3259 4572 3564 4618 reservatus
3595 4563 3695 4619 sibi
3737 4563 3805 4616 ab
3846 4562 4000 4618 initio

764 4679 824 4720 ut
853 4681 917 4719 ex
951 4665 1175 4735 publicis
1204 4667 1455 4718 inrumpis
1498 4681 1625 4736 opes
1671 4684 1797 4723 suas
1837 4682 2083 4737 augeant.
2115 4672 2180 4723 At
2227 4673 2328 4726 Ba-

765 4759 938 4818 silius,
987 4774 1108 4810 cum
1166 4757 1406 4809 oratione
1457 4774 1552 4811 sua
1602 4769 1654 4814 et
1711 4761 2086 4817 cohortatione
2145 4781 2325 4818 eorum

763 4848 1064 4918 aperuisset
1114 4847 1342 4909 horrea,
1398 4850 1474 4903 sie
1524 4853 1870 4920 pauperibus,
1940 4865 2076 4909 teste
2128 4854 2327 4925 Grc-go-

765 4943 846 4998 rio
870 4942 965 5013 (α),
996 4943 1241 4996 subvenit
1270 4958 1284 4994 :
1312 4939 1441 4993 Cum
1466 4959 1571 5008 eos,
1603 4962 1729 5014 quos
1756 4947 1918 5014 fames
1947 4948 2329 5015 vulneraret-at,

764 5036 816 5089 in
866 5049 1024 5086 unum
1071 5036 1336 5101 coegisset,
1372 5037 1643 5090 nom-tullos
1698 5039 1851 5090 etiant
1902 5041 2148 5104 spiritum
2196 5053 2330 5110 (egre

764 5123 1040 5186 trahentes,
1071 5124 1225 5183 viros,
1268 5123 1514 5188 feminas,
1546 5143 1747 5192 pueros,
1784 5145 1948 5195 senes,
1985 5129 2327 5184 miserabilem

763 5229 967 5269 omnem
999 5223 1219 5274 (etatem,
1251 5217 1424 5264 omnia
1456 5216 1683 5266 ciborum
1713 5235 1920 5284 genera,
1949 5220 2136 5288 quibus
2167 5221 2328 5287 fames

763 5305 949 5368 depelli
1012 5303 1174 5365 solet,
1227 5319 1543 5370 corrogatis,
1599 5317 1750 5373 atque
1803 5310 1934 5361 ollas
1977 5311 2326 5380 leguminum,

763 5397 988 5464 salsique
1023 5397 1268 5449 nostratis
1299 5396 1498 5448 obsatiii
1537 5409 1581 5448 et
1626 5397 1694 5450 ad
1739 5398 2008 5456 levandam
2044 5420 2328 5472 pauperiu-t

764 5489 956 5551 famem
1017 5489 1394 5540 accommodati
1447 5488 1623 5554 plenas
1673 5508 1998 5560 proponens,
2043 5515 2103 5548 ac
2148 5496 2263 5548 dein
2286 5503 2331 5551 fe

765 5574 992 5641 Christi,
1039 5579 1127 5646 qui
1179 5577 1337 5630 linteo
1385 5578 1693 5644 pra'cinctus
1745 5585 2118 5654 discipulorum
2180 5591 2330 5651 pedes

841 5787 915 5840 Πύ
957 5789 1312 5845 Nac.or.€0.

838 5858 911 5909 ibi
951 5861 1102 5913 Tom.
1133 5862 1191 5925 ll,
1221 5882 1270 5932 ν.
1307 5865 1429 5917 3J7.

2435 4669 2680 4709 secessus
2724 4656 3091 4722 possessiones
3124 4655 3441 4710 vendidisse.
3481 4655 3651 4724 Supra
3687 4653 4000 4709 observavi-

2437 4764 2554 4803 mus
2591 4747 2724 4801 nihil
2765 4761 2882 4800 eum
2931 4749 3031 4801 sibi
3076 4747 3335 4815 reliquum
3391 4763 3610 4816 prorsus
3640 4745 3850 4807 fecisse,
3902 4749 3998 4802 sed

2438 4840 2625 4892 matris
2654 4849 2842 4904 morte,
2867 4854 2984 4910 qua:
3013 4840 3061 4891 in
3089 4841 3201 4906 ipsa
3229 4854 3452 4892 annona:
3496 4838 3721 4891 caritate
3747 4840 3997 4907 contigit,

2437 4933 2692 4985 nonnulla
2722 4933 2786 4984 ad
2816 4949 2937 4986 cum
2971 4934 3107 4984 bona
3151 4924 3541 5004 rediissc,.qu'.e
3584 4939 3709 4983 tunc
3745 4946 3996 4999 percom-

2435 5025 2592 5077 mode
2628 5023 2680 5076 in
2713 5039 2840 5077 usus
2871 5038 3160 5092 pauperum
3187 5031 3486 5077 cesserunt.
3515 5021 3648 5075 Cum
3684 5034 3863 5074 autem
3896 5036 3997 5076 usu

2434 5118 2662 5180 eveniat,
2695 5125 2751 5169 ut
2777 5131 2966 5184 magna
2993 5116 3275 5169 haereditas
3315 5131 3418 5168 non
3449 5115 3631 5168 statim
3664 5122 3774 5166 tota
3813 5116 3994 5180 parci--

2435 5211 2629 5272 piatur,
2666 5209 2788 5262 inde
2825 5208 3023 5261 factum
3053 5217 3155 5273 est,
3183 5217 3238 5260 ut
3270 5218 3388 5276 post
3436 5208 3602 5276 ipsam
3634 5203 3831 5259 laniem
3863 5223 3998 5259 umi-

2437 5304 2577 5355 unlla
2607 5303 2800 5355 Basilio
2827 5310 3186 5368 superessent,
3222 5299 3270 5351 in
3305 5300 3498 5368 quibus
3528 5296 3833 5366 crogandis,
3865 5307 3997 5352 teste

2435 5396 2702 5466 Nysseno,
2744 5395 3062 5448 charitalem
3104 5410 3254 5446 suam
3294 5394 3613 5447 declararet.

2506 5490 2660 5542 Aliud
2687 5497 2766 5540 est
2793 5488 2844 5538 in
2869 5503 2974 5554 quo
3001 5487 3338 5540 'l'illeniontio
3362 5487 3608 5540 assentiri
3635 5504 3737 5541 nou
3757 5503 3992 5558 possum.

2438 5583 2577 5635 Duas
2639 5580 2804 5629 tantes
2856 5576 3156 5645 distinguit,
3205 5578 3450 5646 quamvis
3501 5594 3603 5631 una
3659 5593 3882 5647 prorsus
3927 5579 3998 5632 ab

2513 5797 2580 5864 (ι’)
2623 5795 2771 5849 Tum.
2807 5793 2889 5858 Ill,
2917 5809 2966 5862 [ι.
3001 5788 3117 5843 .l‘Jl.
