4206 6542
1579 472 1732 526 ῊΤΑ
1777 470 1831 524 S.
1877 469 2136 527 BASlLll.

3351 491 3472 534 SLiX

249 598 457 654 utroque
482 586 760 656 Gregorio
793 589 1144 642 describatur.
1182 585 1370 640 incidit
1398 586 1446 639 ei
1481 587 1593 640 haec
1617 587 1798 654 Opinio
1831 592 1872 644 Α
1907 586 2073 652 prima
2102 587 2202 654 (tl),
2235 600 2351 656 qua:
2386 587 2632 641 veniente
2664 588 2838 642 hieme
2867 588 3065 658 scripta
3092 598 3191 652 est,
3224 592 3288 645 de
3329 592 3472 645 fatue

245 694 300 730 ex
333 677 410 729 his
441 678 622 731 verbis
664 677 928 748 Nysseni,
964 677 1089 732 Cum
1122 678 1283 747 {ames
1315 677 1597 746 aliquando
1627 678 1800 745 gravis

241 767 465 837 affligeret
498 784 619 819 cum
658 773 834 835 ipsam
881 769 1138 821 civitatem
1178 768 1231 819 in
1275 782 1378 835 qua
1426 765 1659 834 degebat,
1693 773 1801 816 tum

239 859 482 927 subjectos
511 861 725 912 civitati
757 876 911 930 agros
937 876 1130 922 omnes,
1158 866 1262 912 etc.
1292 857 1419 912 lnde
1445 856 1646 926 colligit
1669 854 1803 925 Nys-

238 967 434 1012 senum,
491 966 661 1019 quem
717 952 980 1007 Caesareae
1025 953 1254 1005 locutum
1297 960 1468 1020 putat,
1521 966 1624 1003 non
1663 951 1802 1003 hanc

238 1043 497 1094 civitatem
534 1043 624 1096 his
646 1044 861 1107 verbis,
890 1045 982 1098 sed
1008 1044 1164 1097 aliam
1197 1057 1420 1112 prorsus
1447 1043 1794 1113 designasse;

237 1148 291 1186 ac
336 1135 559 1202 proinde
606 1135 887 1206 duplicem
939 1136 1366 1206 distinguendam
1402 1151 1518 1191 esse
1578 1136 1795 1203 famem,

236 1239 448 1290 quarum
488 1226 671 1280 altera
726 1228 982 1282 Cresarea:
1020 1243 1082 1281 ex
1127 1227 1489 1292 Nazianzeno,
1541 1228 1707 1282 altera
1745 1229 1796 1282 in

233 1316 325 1369 alia
366 1319 606 1384 civitate,
642 1319 786 1374 forte
829 1321 1059 1374 lborensi
1095 1320 1146 1374 in
1183 1321 1370 1387 Ponto,
1403 1322 1660 1390 praeclare
1713 1321 1795 1376 fa-

235 1403 326 1460 clis
363 1407 547 1463 Basilii
580 1411 870 1464 materiam
902 1411 1065 1464 dedit.

297 1498 396 1555 Sed
424 1503 580 1571 longe
607 1505 782 1557 satius
809 1515 888 1558 est
915 1506 1232 1560 concludere
1259 1517 1321 1558 ex
1350 1505 1432 1560 his
1463 1506 1635 1561 verbis
1663 1504 1791 1577 Nys-

232 1593 356 1656 seni,
391 1593 660 1645 civitatem
692 1595 747 1646 in
771 1611 870 1663 qua
900 1595 1133 1665 degebat,
1162 1595 1300 1646 hanc
1332 1595 1633 1648 orationem
1675 1594 1792 1649 Cai-

230 1696 385 1736 sare;c
423 1681 672 1735 habitam
709 1699 811 1738 non
848 1683 1031 1749 fuisse,
1073 1699 1231 1752 quam
1285 1698 1396 1737 rem
1447 1683 1788 1738 manifestam

229 1783 276 1825 et
297 1773 632 1838 exploratam
657 1775 712 1829 in
734 1775 947 1829 dubium
969 1788 1242 1828 revocare.
1268 1773 1382 1828 Una
1407 1777 1547 1829 enim
1573 1774 1790 1827 omnino

230 1861 385 1918 fames
433 1866 501 1917 ab
547 1877 787 1937 utroque
833 1867 1095 1936 Gregorio
1147 1879 1494 1921 memoratur.
1551 1867 1788 1930 Uterque

1911 680 1987 730 sic
2032 678 2269 748 loquitur
2316 679 2562 743 Basilius,
2607 690 2663 733 ut
2709 680 2774 734 de
2813 682 3119 736 calamitate
3157 683 3468 752 jamdudum

1910 767 2137 836 incmpta
2184 784 2246 823 ac
2287 769 2511 824 fortasse
2557 770 2700 824 brevi
2749 771 2984 823 desitura
3021 791 3033 824 :
3094 773 3145 824 in
3195 772 3363 826 altera
3395 773 3470 844 (e)

1909 859 2008 925 sub
2039 859 2196 911 finem
2228 861 2420 914 hiemis
2445 861 2641 929 scripta
2676 861 2887 915 nuntiat
2917 877 2975 917 se
2999 865 3465 931 occupationibus,

1907 964 2042 1018 quas
2074 950 2363 1004 exhibebat
2389 952 2575 1016 fames,
2603 951 2777 1006 adhuc
2804 953 3032 1008 detineri
3059 972 3071 1007 :
3100 954 3150 1007 in
3184 955 3340 1008 tertia
3370 956 3464 1024 (Ῑ),

1907 1056 2023 1111 qua:
2050 1042 2283 1110 depulsis
2309 1044 2562 1097 omnibus
2589 1043 2779 1098 hiemis
2820 1044 3176 1099 incommodis
3204 1046 3324 1098 data
3361 1056 3467 1110 est,

1907 1134 2140 1186 nondum
2190 1133 2384 1186 famem
2415 1135 2639 1189 desiisse
2665 1135 2919 1189 declarat.
2963 1136 3194 1191 Necesse
3227 1150 3308 1191 est
3338 1152 3468 1206 ergo

1906 1240 2068 1277 unum
2112 1225 2302 1278 saltem
2344 1240 2544 1277 annum
2591 1226 2643 1278 in
2688 1226 2770 1279 his
2805 1227 3057 1279 mrumnis
3093 1236 3465 1295 consumptum

1903 1330 2044 1372 esse.
2079 1317 2194 1370 Dixi
2227 1332 2387 1369 unum
2415 1316 2639 1380 saltem;
2677 1333 2798 1371 nam
2830 1333 2950 1371 Cum
2981 1317 3173 1371 hiemis
3201 1319 3467 1373 acerbitas

1903 1417 1956 1462 et
1984 1409 2126 1462 veris
2160 1408 2376 1462 siccitas
2403 1409 2505 1461 hoc
2549 1407 2747 1460 malum
2781 1410 3093 1473 attulerint,
3125 1425 3225 1463 non
3266 1411 3469 1477 impro-

1906 1501 2082 1555 babile
2112 1511 2214 1566 est,
2247 1501 2428 1554 statim
2457 1509 2615 1569 atque
2656 1513 2779 1569 spes
2809 1501 3006 1556 futurae
3041 1502 3231 1556 messis
3263 1501 3463 1570 ablata,

1902 1593 2100 1646 famem
2131 1604 2374 1647 exortam
2405 1608 2545 1649 esse.

1971 1683 2170 1739 Narrat
2199 1686 2334 1738 hanc
2376 1686 2574 1738 famem
2608 1684 2900 1753 Gregorius
2939 1681 3314 1738 Nazianzenus
3344 1693 3464 1753 post

1899 1773 2080 1827 Basilii
2111 1789 2231 1829 cum
2260 1775 2492 1829 Eusebio
2519 1775 3007 1829 reconciliationem
3036 1783 3088 1826 ct
3113 1783 3236 1827 ante
3263 1776 3465 1844 cpisco-

1898 1874 2102 1936 patum.
2150 1867 2253 1921 Sed
2291 1884 2398 1937 quo
2447 1869 2786 1936 potissimum
2832 1881 2974 1921 anno
3011 1867 3289 1929 acciderit,
3321 1869 3462 1922 haud

229 1955 384 2019 illam,
415 1966 474 2009 ut
502 1956 670 2028 longe
697 1959 1086 2012 atrocissimam
1125 1959 1400 2012 describit.
1447 1957 1644 2012 Nititur
1680 1958 1788 2012 Til-
1822 1950 1862 2003 Β
1901 1957 1971 2010 ita
2006 1955 2163 2009 facile
2206 1965 2289 2010 est
2327 1957 2640 2026 dijudicare.
2696 1957 2852 2011 Nullo
2897 1967 3210 2026 argumento
3262 1959 3454 2012 nititur

228 2044 504 2102 lenientius
553 2049 644 2102 his
680 2048 859 2102 verbis
905 2048 1058 2118 (pag.
1102 2050 1242 2118 495)
1277 2069 1289 2102 :
1330 2047 1512 2102 Servat
1541 2050 1790 2118 populum

231 2137 424 2208 Moyses
456 2159 486 2192 a
515 2152 750 2209 tyranno
780 2139 1072 2194 liberatum.
1109 2139 1270 2193 Paria
1291 2143 1354 2194 de
1376 2151 1553 2194 nostro
1581 2141 1793 2211 legisla-

229 2239 327 2280 tore
369 2240 602 2283 testatur
657 2230 744 2282 hic
803 2231 1043 2299 populus,
1093 2247 1244 2299 quem
1294 2248 1384 2300 per
1438 2235 1790 2286 sacerdotium

227 2321 362 2373 duxit
396 2322 462 2372 ad
505 2319 607 2372 Dei
655 2321 1072 2386 promissionem.
1109 2321 1213 2375 Sed
1242 2336 1562 2390 quocunque
1592 2323 1641 2375 in
1675 2323 1791 2377 loco

230 2410 378 2463 fuerit
417 2410 730 2478 Nyssenus,
780 2413 972 2481 potuit,
1017 2413 1208 2481 pOptth
1250 2414 1618 2476 monstrando,
1673 2413 1784 2480 plc-

230 2502 337 2553 bem
371 2515 398 2552 a
429 2499 642 2556 Basilio
670 2504 1023 2571 gubernatum
1075 2502 1377 2570 designare.
1430 2501 1788 2566 Quemadmo-

229 2588 341 2640 dum
398 2588 606 2643 ibidem
659 2591 782 2644 dum
838 2591 912 2644 ait
958 2590 1208 2642 Basilium
1259 2588 1485 2640 urbanos
1533 2589 1788 2642 tumultus

226 2690 268 2733 et
293 2682 598 2736 materiales
631 2682 722 2736 hos
768 2686 1018 2734 tumultus
1051 2682 1273 2746 fugisse,
1317 2694 1540 2736 necesse
1574 2698 1677 2736 non
1708 2695 1789 2738 est

229 2781 280 2823 ut
303 2771 565 2828 Ctesarea:
592 2774 779 2827 fuerit.
812 2773 978 2826 Porro
1011 2773 1062 2824 in
1090 2773 1189 2825 hac
1213 2773 1458 2828 oratione
1490 2774 1619 2829 nihil
1644 2775 1785 2829 aliud

230 2867 475 2928 occurrit,
501 2883 565 2920 cs
605 2881 709 2934 quo
730 2865 872 2917 illam
902 2863 1160 2917 Caesarea:
1196 2864 1436 2918 habitam
1465 2867 1779 2936 suspiceris,

229 2958 464 3020 quamvis
505 2957 680 3009 multa
730 2952 989 3020 ejusmodi
1024 2969 1310 3010 occurrere
1355 2956 1689 3017 debuissent.
1739 2962 1783 3011 si

229 3044 586 3102 tlmsaricnses
615 3044 878 3101 allocutus
920 3047 1112 3102 fuisset
1149 3047 1439 3116 Nyssenus.
1481 3049 1782 3113 Quinetiam

230 3152 339 3189 cum
367 3141 443 3192 ait
473 3155 531 3191 se
565 3138 796 3206 patriam
821 3139 1000 3195 Basilii
1034 3153 1455 3193 commemorare
1490 3137 1648 3200 nolle,
1678 3153 1782 3190 non

230 3228 426 3281 videtur
457 3230 509 3280 in
542 3231 647 3284 hac
674 3230 786 3300 ipsa
820 3232 990 3301 patria
1018 3230 1182 3298 loqui.
1211 3230 1339 3282 Vide
1368 3227 1505 3282 infra
1538 3244 1659 3298 cap.
1691 3229 1780 3294 9.5,

227 3334 276 3370 u.
312 3319 361 3372 6.
902 3391 906 3398 .

291 3407 568 3464 Summam
614 3411 1091 3467 animadvertimus
1137 3412 1589 3469 necessitudinem
1643 3415 1782 3468 inter

225 3502 506 3558 orationem
542 3504 727 3559 Basilii
768 3506 832 3559 de
866 3504 1004 3560 fame
1035 3514 1088 3560 et
1126 3507 1370 3560 siccitate
1398 3516 1451 3560 et
1476 3522 1539 3560 ea
1567 3523 1684 3577 qua:
1714 3509 1781 3562 ab

227 3603 435 3664 utroque
477 3597 745 3666 Gregorio
777 3606 1084 3651 narrantur.
1114 3597 1216 3652 Sed
1248 3607 1423 3651 tamen
1460 3599 1511 3651 in
1549 3600 1648 3651 bac
1679 3601 1777 3650 ho-

227 3685 358 3738 milia
406 3689 627 3743 videtur
668 3689 770 3742 sibi
813 3687 1185 3743 Tillemontius
1228 3697 1381 3740 notas
1435 3688 1779 3757 episcopatus

225 3779 539 3843 perspicere,
568 3780 694 3847 quia
719 3779 951 3832 Basilius
968 3781 1045 3832 sic
1068 3779 1339 3832 auditores
1366 3779 1648 3848 compellat
1666 3780 1776 3851 (a):

224 3863 339 3917 Filii
385 3871 508 3931 mei,
561 3884 690 3935 quos
738 3884 828 3935 per
854 3868 1192 3937 Evangelium
1240 3870 1418 3938 genui,
1468 3887 1596 3940 quos
1643 3871 1778 3924 velut

223 3952 386 4020 fasciis
425 3973 520 4025 per
575 3973 828 4010 manuum
878 3957 1283 4012 benedictionem
1322 3959 1534 4014 involvi.
1575 3959 1642 4012 Et
1691 3959 1776 4014 in-

225 4044 294 4097 fra
322 4047 394 4116 (bl
421 4066 435 4102 :
471 4048 646 4102 Pauci
677 4066 874 4103 mecum
905 4061 1207 4118 precantur.
1241 4047 1345 4105 Sed
1384 4052 1509 4120 quid
1558 4051 1779 4120 impedit

223 4142 498 4199 quominus
538 4143 652 4195 haec
694 4143 974 4210 presbyter
1007 4143 1200 4195 dixerit
1232 4141 1480 4204 Basilius,
1516 4143 1606 4209 qui
1641 4143 1778 4194 inter

223 4231 576 4288 Caesarienses
603 4234 864 4288 ecclesias
899 4248 1057 4286 unam
1084 4233 1349 4301 praecipue
1372 4233 1774 4301 gubernandum

221 4327 538 4392 acceperat?
586 4327 661 4380 lta
714 4324 964 4392 congruit
1017 4323 1130 4378 inec
1184 4323 1401 4378 homilia
1454 4339 1572 4377 cum
1617 4323 1776 4379 famis

224 4423 454 4485 tempore
483 4431 512 4469 a
541 4417 822 4487 Gregoriis
851 4427 1101 4482 narratae,
1133 4425 1191 4470 ut
1233 4415 1607 4470 Tillemontius
1657 4415 1776 4468 nul-

223 4507 316 4562 lum
346 4510 390 4564 ei
453 4518 665 4577 tempus
695 4511 938 4564 invenire
978 4509 1168 4578 possit,
1211 4524 1278 4562 ne
1320 4523 1518 4561 annum
1560 4507 1774 4576 quidem

220 4594 331 4662 576,
361 4614 474 4670 quo
496 4599 655 4651 aliam
685 4598 881 4654 famem
910 4600 1197 4668 centigisse
1230 4602 1538 4664 existimat;
1576 4600 1771 4653 frustra
1807 4627 1850 4680 Β

219 4686 345 4739 enim
377 4686 687 4742 referretur
717 4686 781 4738 ad
812 4687 936 4739 illud
961 4687 1219 4742 siccitatis
1253 4698 1483 4755 tempus,
1530 4704 1636 4756 quo
1671 4689 1771 4742 Ba-

219 4774 373 4840 silius,
409 4789 549 4834 teste
588 4776 827 4846 Nysseno
859 4779 950 4845 (c),
978 4780 1203 4832 imbrem
1234 4782 1484 4844 precibus
1515 4781 1770 4850 impetra-

219 4868 301 4920 vit.
330 4870 484 4946 Tunc
531 4873 673 4925 enim
714 4869 857 4923 nulla
884 4885 978 4938 spe
1005 4871 1218 4940 frugum
1255 4884 1562 4940 apparente,
1587 4889 1774 4943 preces

219 4957 384 5014 Basilii
415 4963 790 5026 obtinuerunt,
824 4970 883 5015 ut
913 4961 1107 5014 malum
1145 4965 1280 5016 ultra
1315 4964 1487 5017 minas
1517 4982 1622 5020 non
1651 4982 1774 5035 pro-

221 5056 539 5118 grederetur.
581 5057 653 5106 At
699 5055 748 5106 in
777 5053 994 5108 homilia
1026 5054 1090 5107 de.
1125 5056 1264 5109 fatue
1290 5065 1344 5108 et
1381 5055 1626 5110 siccitate
1673 5073 1765 5111 ca-

220 5141 417 5200 lamitas
445 5142 631 5196 eadem
664 5144 1008 5205 describitur,
1040 5157 1102 5196 ac
1136 5147 1276 5205 apud
1306 5156 1592 5202 utrumque
1628 5145 1765 5200 Gre-

221 5235 438 5298 gOrium.

277 5325 333 5378 ν.
381 5326 516 5381 Telo
562 5341 706 5379 anno
759 5327 1124 5380 calamitatem
1167 5331 1518 5392 perdurasse,
1569 5327 1620 5380 id
1667 5337 1767 5393 est,

219 5413 273 5466 ab
312 5427 501 5470 aestate
544 5432 716 5486 usque
762 5421 827 5470 ad
861 5420 985 5472 anni
1028 5418 1304 5486 sequentis
1335 5427 1598 5483 mstatem,
1646 5434 1771 5488 per-

217 5510 453 5574 spicimus
513 5525 577 5561 ex
640 5511 813 5564 tribus
855 5509 1036 5566 Basilii
1100 5507 1362 5578 epistolis,
1418 5524 1643 5580 quarum
1705 5511 1761 5565 in

273 5690 344 5754 (al
389 5690 442 5742 Ν.
485 5692 529 5749 l,
569 5707 620 5756 p.
655 5692 746 5743 (32..

271 5763 342 5823 (li)
382 5761 436 5811 Ν.
473 5763 524 5823 5,
571 5778 621 5826 p.
658 5768 747 5812 UL

273 5839 336 5890 lC)
375 5833 464 5885 Ur.
494 5836 546 5884 iu
579 5832 752 5884 b’usil.

273 5905 340 5966 tu)
378 5903 468 5962 Ην.
503 5902 592 5953 27.

1894 2047 2172 2112 Baronius,
2211 2062 2308 2101 cur
2329 2061 2445 2100 eam
2482 2048 2547 2100 ad
2577 2060 2776 2099 annum
2811 2048 2913 2100 567
2948 2049 3168 2114 referat,
3199 2050 3302 2103 nisi
3335 2051 3458 2104 inu-

1894 2138 2050 2191 sitata
2099 2137 2185 2190 illa
2229 2148 2282 2192 et
2325 2137 2592 2205 lapidibus
2619 2139 2779 2192 simili
2825 2139 3106 2208 grandine,
3158 2155 3278 2207 qua:
3319 2141 3461 2196 Con-

1893 2228 2240 2296 stantinopoli
2292 2238 2347 2283 et
2385 2228 2502 2282 aliis
2559 2227 2610 2281 in
2658 2228 2788 2283 locis
2839 2229 3023 2283 eodem
3075 2244 3216 2282 anno
3261 2233 3462 2284 cecidit

1894 2334 2076 2373 mense
2102 2319 2241 2373 Julio
2279 2321 2515 2373 ineunte.
2566 2321 2636 2375 At
2684 2321 2873 2384 fames,
2913 2335 3031 2387 quae
3057 2320 3457 2388 Cappadociam

1891 2409 2095 2475 alllixit,
2143 2424 2208 2462 ex
2238 2409 2438 2476 frigore
2481 2418 2534 2463 et
2561 2410 2809 2464 siccitate
2848 2411 3134 2477 repetenda
3165 2419 3270 2476 est,
3305 2421 3364 2464 ut
3392 2425 3458 2465 ex

1892 2498 2211 2552 testimoniis
2277 2514 2437 2567 supra
2494 2499 2671 2554 allatis
2735 2501 2966 2568 perspici
3041 2512 3236 2568 potest.
3290 2502 3460 2556 Multo

1891 2590 2064 2657 aptius
2099 2589 2381 2644 calamitas
2411 2591 2643 2645 refertur
2681 2593 2744 2645 ad
2773 2607 2970 2645 annum
2999 2592 3120 2646 568.
3161 2592 3276 2646 Non
3309 2595 3457 2647 enim

1891 2680 2141 2733 convenit
2185 2695 2357 2734 annus
2407 2679 2530 2740 566,
2579 2681 2704 2750 quia
2733 2681 3062 2734 Athanasius
3101 2681 3452 2749 Ancyrauus,

1889 2772 1977 2837 qui
2008 2772 2217 2840 vigente
2245 2773 2443 2824 dudum
2479 2771 2619 2825 fame
2649 2784 2889 2824 mortuus
2917 2782 3017 2834 est,
3052 2771 3283 2826 concilio
3311 2769 3455 2840 Tya-

1889 2862 2040 2914 ncnsi
2076 2862 2318 2914 interfuit
2359 2878 2499 2914 anno
2531 2863 2654 2916 567.
2691 2862 2992 2928 Quinetiam
3015 2865 3115 2916 hoc
3139 2863 3455 2925 concilium,

1888 2955 1972 3006 cui
2008 2955 2218 3022 prmfuit
2258 2955 2522 3009 Eusebius
2553 2956 2925 3019 Cresariensis,
2967 2955 3107 3008 inter
3149 2957 3304 3008 famis
3335 2972 3453 3010 Ino-

1887 3045 2070 3096 lustius
2099 3059 2239 3097 anno
2283 3045 2381 3098 567
2427 3045 2509 3097 vix
2560 3046 2674 3113 cogi
2708 3045 2985 3113 potuisset.
3021 3044 3285 3098 Praeterea
3326 3044 3454 3098 Em-

1887 3133 2040 3187 melia
2091 3144 2370 3204 grassante
2413 3136 2554 3189 fame
2601 3153 2663 3191 ac
2709 3137 2866 3204 paulo
2910 3145 3034 3189 ante
3083 3136 3451 3204 episcopatum

1887 3223 2090 3291 Basilii,
2124 3235 2258 3280 teste
2288 3224 2530 3295 Nysseno
2560 3225 2655 3293 (θ),
2693 3236 2899 3278 mortua
2939 3235 3039 3278 est.
3071 3225 3248 3290 Quare
3278 3225 3446 3278 fames

1891 3316 1957 3369 ab
1987 3317 2329 3369 ordinatione
2358 3317 2414 3370 S.
2450 3315 2630 3368 Basilii
2678 3330 2782 3368 non
2834 3319 3057 3368 multum
3101 3316 3449 3371 removenda.

1889 3404 2072 3474 Neque
2098 3405 2257 3459 etiam
2305 3406 2478 3459 serius
2507 3420 2648 3459 anno
2680 3405 2781 3458 568
2815 3405 2982 3458 fames
3033 3407 3276 3475 contigit.
3318 3407 3450 3460 Natu

1889 3495 2114 3548 Basilius
2142 3496 2469 3562 gravissimis
2496 3495 2642 3548 curis
2672 3496 2883 3547 tandem
2923 3496 3202 3563 expeditus
3249 3497 3305 3553 S.
3343 3499 3454 3552 Eu-

1887 3586 2090 3638 sebium
2122 3585 2552 3638 Samosatensem
2579 3585 2777 3638 invisit.
2805 3586 2872 3638 At
2895 3586 2944 3639 id
2968 3587 3014 3639 ei
3042 3588 3308 3656 integrum
3343 3605 3446 3643 non

1887 3679 2098 3740 fuisset,
2139 3679 2181 3731 si
2228 3678 2398 3732 fames
2436 3694 2574 3732 anno
2603 3677 2705 3731 569
2736 3688 2921 3731 exorta
2955 3689 3098 3732 esset
3151 3679 3266 3732 Non
3302 3680 3447 3733 enim

1889 3770 2155 3830 desiisset.
2186 3769 2284 3823 nisi
2316 3770 2414 3823 snb
2445 3776 2684 3822 aestatem
2709 3769 2834 3819 anni
2863 3768 2967 3821 370
3005 3769 3163 3834 paulo
3187 3778 3309 3821 ante
3347 3784 3440 3822 or-

1886 3863 2213 3916 dinationem
2247 3861 2447 3916 Basilii.
2477 3861 2591 3928 Quo
2618 3871 2856 3928 tempore
2880 3874 3000 3913 eum
3040 3859 3321 3915 Samosata
3353 3876 3453 3931 pc-

1886 3955 2035 4008 tiisse
2062 3969 2217 4008 nemo
2241 3969 2461 4023 prorsus
2496 3953 2883 4021 suspicabitur.

2478 4066 2559 4122 CA
2573 4067 2705 4123 PUT
2740 4066 2852 4122 ΧΠ.

1884 4170 1922 4225 l.
1968 4171 2200 4224 Basilius
2241 4170 2475 4225 Cwsario
2503 4172 2808 4240 gratulatur
2856 4171 2989 4223 inter
3037 4170 3233 4225 Niean
3267 4171 3450 4226 ruinas

1953 4251 2182 4294 servato.
2220 4240 2443 4294 Eusebio
2478 4244 2655 4294 srribil
2691 4241 2961 4308 epistolam
2986 4240 3074 4294 27.
3103 4241 3162 4294 ll.
3199 4241 3446 4309 Episcoiii

1956 4314 2036 4365 sui
2064 4323 2226 4364 morte
2257 4312 2471 4381 a/Ilictos
2513 4310 2966 4364 Neora’sarienses
3002 4314 3322 4381 consolatur.
3363 4311 3448 4365 ΙΙΙ.

1961 4381 2089 4434 Item
2117 4383 2154 4434 Α
2169 4380 2423 4450 ncyrauos
2453 4383 2512 4432 ob
2559 4382 2838 4433 Athanasii
2880 4393 3118 4434 mortem.
3150 4380 3351 4433 Ibidem
3384 4383 3448 4433 de

1953 4453 2187 4518 epistolis
2213 4452 2282 4504 9.4
2315 4461 2361 4502 et
2389 4450 2477 4503 ‘23.
2511 4450 2598 4519 IV.
2627 4450 2893 4502 Probatur
2921 4450 3196 4519 utriusque
3222 4451 3451 4517 episcopi

1950 4533 1996 4574 et
2032 4522 2298 4573 Emmeliw
2330 4522 2510 4573 matris
2549 4518 2734 4572 Basilii
2771 4531 2982 4572 mortem
3017 4522 3083 4571 ad
3110 4518 3306 4571 annum
3343 4521 3449 4572 563

1952 4603 2248 4653 exeuntem,
2282 4601 2374 4642 aut
2414 4589 2516 4642 569
2548 4591 2808 4643 iuettntem
2845 4594 3120 4653 pertinere.
3154 4589 3218 4657 νζ
3251 4586 3442 4657 Grego-

1954 4662 2031 4712 rio
2062 4661 2290 4713 molestis
2322 4661 2538 4726 negotiis
2569 4661 2836 4726 implicata
2866 4674 3008 4725 Opem
3047 4660 3144 4720 ['ert
3187 4656 3445 4713 Basilius.

1953 4731 2037 4783 Vl.
2081 4729 2350 4782 Samosata
2378 4725 2503 4792 petit
2543 4729 2772 4781 Basilius
2806 4744 2940 4778 anno
2976 4727 3098 4778 569.
3151 4725 3274 4779 Post
3307 4730 3449 4781 redi-

1953 4812 2058 4851 tum
2093 4799 2269 4851 srribit
2317 4797 2537 4851 Eusebio
2579 4801 2638 4851 (le
2692 4811 2851 4850 morte
2903 4797 3103 4848 Sili-nni
3151 4796 3447 4852 Tarsensis.

1967 4873 1992 4920 \
2013 4869 2069 4920 ll.
2113 4869 2244 4919 Ante
2273 4872 2618 4932 episcopatum
2654 4867 2886 4929 epistola‘
2912 4867 3076 4919 55-37
3105 4868 3444 4920 collocantla’.

1956 4939 2083 4990 Vlll.
2121 4937 2192 4988 De
2215 4937 2332 4990 aliis
2361 4941 2542 5004 primit
2573 4937 2756 4988 classis
2789 4937 3045 5004 epistolis.

1949 5051 1984 5104 1.
2021 5051 2154 5103 Cum
2202 5050 2434 5102 Niemam
2471 5050 2548 5116 (lt)
2599 5057 2755 5101 terrae
2793 5059 2968 5102 motus
3002 5049 3157 5114 longe
3190 5057 3310 5110 post
3351 5049 3450 5103 ho-

1879 5143 2079 5194 minum
2111 5145 2420 5201 memoriam
2450 5143 2715 5194 maximus
2743 5150 3024 5195 evertisset
3052 5140 3136 5192 die
3163 5143 3443 5195 undecima

1877 5233 2122 5287 Octobris
2167 5248 2307 5285 anno
2350 5232 2450 5285 568
2476 5274 2487 5295 ,
2528 5233 2814 5294 Caesarius,
2849 5233 3091 5302 Gregorii
3132 5232 3315 5299 frater,
3353 5235 3441 5302 qui

1879 5326 1930 5376 in
1964 5323 2212 5394 Bithynia
2249 5326 2564 5391 praepositus
2610 5337 2722 5376 crat
2762 5325 3154 5384 thesaurorum,
3201 5325 3344 5378 solus
3378 5341 3444 5379 ex

1880 5415 2181 5488 insignibus
2226 5415 2380 5478 viris,
2434 5428 2525 5468 aut
2563 5428 2707 5469 certe
2753 5432 2871 5469 cum
2919 5417 3203 5467 admodum
3255 5432 3446 5484 paucis

1877 5507 2160 5562 incolumis
2196 5508 2386 5569 evasit,
2428 5508 2588 5574 idque
2628 5509 2785 5561 modo
2828 5507 3056 5576 quodam
3105 5506 3445 5575 incredibili,

1947 5687 2018 5756 (τ’)
2062 5689 2158 5756 Ep.
2188 5689 2277 5742 50.

1941 5761 2022 5823 (ι’)
2065 5762 2155 5821 te...
2193 5760 2284 5824 at.

1941 5831 2010 5892 (ῃ)
2065 5829 2162 5878 l'it.
2197 5830 2360 5879 Macr.
2397 5845 2445 5894 ιι.
2486 5830 2597 5890 LS7.

1943 5899 2016 5966 th)
2060 5897 2184 5948 Naz.
2219 5906 2354 5949 orat.
2403 5898 2475 5948 Ill.
