4206 6484
743 438 779 487 ι
2075 422 2603 479 PROLEGOMENA.

747 549 928 610 utpote
974 539 1105 610 ipsis
1142 538 1311 593 ruinis
1346 546 1635 606 protectus.
1696 535 1945 601 Basilius,
1987 538 2077 604 qui
2130 539 2309 591 Czesa-
2340 544 2383 599 Α
2414 548 2558 592 motu
2592 552 2779 593 eversa
2826 540 2970 607 est),
3006 541 3097 594 sed
3129 550 3303 595 tamen
3338 554 3517 598 monet
3559 554 3615 598 ut
3646 548 3818 603 dolori
3850 567 3973 607 mo-

745 636 882 687 rium
916 633 1151 691 amabat,
1180 644 1408 699 eumque
1431 644 1585 698 aequo
1620 630 1803 683 animo
1838 628 2057 682 consilia
2091 644 2187 681 sua
2222 644 2310 681 ac-

742 725 923 793 cipere
977 724 1202 784 sciebat,
1253 737 1357 775 non
1413 721 1757 789 praetermisit
1811 720 1863 772 in
1916 729 2020 771 tam
2073 720 2311 773 mirabili

742 823 937 867 eveultt
966 816 1301 867 occasionem
1328 810 1630 880 gratulandi
1662 820 1715 863 et
1739 809 2078 873 adhortandi,
2108 818 2165 861 ut
2190 823 2310 876 qua:

747 907 919 973 ipsum
953 903 1138 972 procul
1172 903 1333 956 dubio
1365 902 1644 955 subierant
1679 900 2039 969 cogitationes
2078 898 2303 968 periculi

741 1003 998 1064 tempore,
1046 1010 1139 1049 eas
1186 1008 1397 1061 semper
1445 994 1722 1046 retineret.
1769 991 1983 1060 Scripta
2031 1005 2159 1057 ergo
2194 991 2308 1047 htec

740 1087 967 1155 epistola
996 1086 1087 1143 9.6.
1118 1099 1259 1138 anno
1283 1084 1406 1147 568,
1441 1083 1600 1152 paulo
1630 1092 1749 1151 post
1774 1098 2020 1137 eversam
2049 1082 2303 1138 Nicaeam.

809 1177 1117 1248 Ᾰίεισυιειιίι
1154 1176 1381 1229 Basilius
1414 1178 1514 1228 hoc
1539 1189 1679 1229 anno
1708 1190 1808 1227 non
1842 1175 2007 1229 semel
2032 1175 2139 1243 (al;
2166 1176 2308 1243 quod

741 1272 966 1324 minime
1001 1272 1222 1333 mirum,
1262 1270 1558 1321 accedente
1595 1271 1661 1323 ad
1696 1269 1837 1321 illius
1868 1269 2118 1323 comitem
2159 1269 2309 1321 iniir-

739 1366 984 1415 mitatem
1018 1362 1383 1416 sollicitudine
1416 1370 1470 1415 et
1502 1376 1656 1425 Cura,
1692 1376 1855 1430 quam
1891 1361 1941 1412 in
1978 1360 2307 1428 pauperibus

737 1455 1084 1509 sublevandis
1118 1454 1479 1522 impendebat.
1518 1452 1792 1505 Statuerat
1830 1450 2059 1505 invisere
2101 1452 2159 1505 S.
2196 1451 2307 1504 Eu-

738 1544 946 1598 sebium
990 1544 1466 1606 Samosatcnsem;
1500 1542 1591 1594 sed
1638 1541 1721 1593 his
1758 1539 1964 1592 duabus
2011 1538 2173 1591 rebus
2216 1542 2308 1593 de-

740 1644 922 1687 tentus
956 1642 1061 1697 est,
1107 1633 1329 1697 morbis,
1372 1643 1426 1686 et
1457 1629 1928 1698 occupationibus,
1964 1644 2103 1697 quas
2134 1630 2183 1683 ei
2225 1628 2307 1682 ia-

738 1741 855 1780 mes
884 1724 1165 1779 aﬂ‘erebat.
1198 1724 1488 1794 Postquam
1518 1722 1683 1790 coepit
1722 1736 2001 1789 emergere
2030 1735 2093 1774 ex
2124 1720 2309 1776 morbo

740 1826 794 1870 et
828 1818 969 1869 vires
1010 1815 1357 1884 recolligere,
1405 1813 1715 1883 supervenit
1762 1812 1903 1866 aliud
1958 1812 2305 1881 impedimen-

2416 630 2540 682 dum
2580 631 2873 699 imponant,
2926 645 2988 685 ac
3030 647 3192 687 canes
3240 634 3320 688 vel
3370 636 3546 704 potius
3582 653 3771 707 graves
3816 646 3976 713 lupos

2414 720 2651 789 abigant,
2682 721 2845 789 digno
2874 733 3091 790 pastore
3123 725 3385 793 eligendo,
3419 729 3509 797 qui
3547 745 3574 782 a
3610 746 3805 801 magno
3835 734 3979 788 Gre—

2414 812 2585 878 gorio,
2613 820 2669 865 et
2698 811 2819 865 aliis
2853 812 2996 866 illius
3034 829 3204 880 usque
3251 816 3313 867 ad
3347 818 3645 873 Musonium
3682 835 3969 877 successo-

2413 902 2559 958 ribus
2594 919 2699 958 non
2734 905 3038 975 degeneret.
3082 904 3393 960 Obtestatnr
3428 925 3520 963 eos
3553 919 3612 962 ut
3650 912 3975 966 electionem

2411 995 2648 1065 episcopi
2679 1012 2833 1050 suum
2868 997 3093 1065 quisque
3121 999 3394 1066 pr0prium
3420 1014 3536 1055 esse
3570 1006 3843 1072 negotium
3875 1006 3979 1057 du-

2410 1096 2515 1143 cat.
2542 1088 2828 1143 Denuntiat
2847 1104 2925 1154 se,
2952 1100 3107 1157 prout
3132 1102 3402 1160 pastorem
3424 1092 3641 1162 eligent,
3665 1094 3745 1148 vel
3770 1095 3978 1149 arctius

2410 1181 2753 1249 conjunctum
2795 1198 2917 1236 cum
2969 1182 3071 1235 illis
3112 1184 3195 1236 vel
3244 1184 3455 1252 penitus
3500 1185 3825 1249 disjnnctum
3878 1188 3974 1239 iri.

2413 1273 2637 1327 Videtur
2670 1273 2905 1328 Basilius
2942 1275 3207 1340 timuisse,
3243 1276 3294 1327 id
3328 1277 3467 1343 quod
3507 1278 3705 1339 evenit,
3753 1294 3819 1334 ne
3850 1280 3982 1348 quis

2408 1377 2463 1419 et
2492 1366 2591 1419 sibi
2625 1374 2678 1419 et
2708 1367 2923 1419 veritati
2964 1381 3066 1419 non
3104 1367 3308 1419 amicus
3338 1368 3390 1420 in
3428 1370 3565 1422 hanc
3607 1370 3788 1423 sedem
3839 1387 3976 1425 eve-

2410 1458 2651 1513 heretur.
2700 1458 3001 1514 Musonium
3038 1472 3143 1512 non
3178 1459 3408 1527 appellat
3435 1460 3667 1513 Basilius
3696 1472 3975 1516 mortuum

2408 1553 2757 1620 episcopum;
2807 1552 2900 1606 sed
2946 1552 3049 1605 hoc
3102 1550 3151 1604 ei
3204 1564 3394 1603 nomen
3446 1552 3611 1607 fuisse
3661 1552 3859 1606 scimus
3905 1568 3980 1606 ex

2407 1646 2564 1713 epist.
2600 1642 2727 1705 210,
2756 1660 2810 1697 n.
2838 1644 2926 1707 39,
2974 1645 3025 1697 in
3052 1659 3155 1711 qua
3188 1641 3419 1696 Basilius
3450 1644 3799 1712 gravissimos
3819 1658 3976 1698 erro-

2407 1750 2496 1790 res
2535 1736 2831 1803 exprobrat
2863 1736 3113 1805 episcopo
3146 1732 3589 1799 Neocaesariensi,
3629 1735 3723 1791 sed
3777 1749 3975 1791 sanam

2410 1828 2709 1880 doctrinam
2745 1827 2797 1880 in
2830 1829 2930 1882 hac
2964 1828 3202 1884 Ecclesia
3239 1840 3408 1895 usque
3439 1826 3504 1880 ad
3531 1826 3746 1881 beatum
3792 1827 3975 1884 Muso-

739 1921 851 1963 tum
877 1949 890 1971 ,
927 1909 1136 1971 hiems,
1174 1908 1336 1962 SOIilO
1370 1906 1456 1959 illa
1494 1906 1721 1975 quidem.
1749 1905 1962 1968 mitior,
2005 1906 2100 1960 80d
2132 1915 2306 1959 tamen
2340 1898 2380 1953 Β
2411 1916 2555 1968 nium
2590 1919 2789 1969 [aletur
2816 1916 3068 1985 viguisse,

738 1998 935 2053 Basilio
964 2000 1035 2053 ita
1078 2000 1388 2059 vehemens,
1423 2006 1479 2049 ut
1514 2011 1616 2048 non
1652 1996 1811 2047 modo
1865 1996 1968 2049 iter
1996 1995 2305 2064 suscipere,

737 2092 831 2145 red
866 2106 932 2143 ne
962 2107 1027 2143 ex
1063 2089 1310 2144 cubiculo
1336 2089 1553 2159 quidem
1596 2088 1911 2155 prospicere
1950 2097 2155 2155 posset.
2194 2090 2303 2142 Sed

739 2197 915 2236 tamen
951 2193 1098 2236 tanto
1134 2185 1275 2236 ictus
1307 2190 1427 2235 erat
1460 2180 1673 2233 Eusebii
1703 2179 1992 2244 desiderio,
2030 2188 2087 2232 ut
2121 2180 2170 2233 ei
2200 2196 2307 2234 non

734 2276 944 2329 dubitet
979 2274 1242 2341 polliceri,
1276 2274 1318 2326 si
1351 2282 1405 2326 et
1440 2281 1727 2339 tempestas
1757 2269 1905 2324 sinat
1946 2280 1999 2323 et
2032 2271 2155 2325 vita:
2191 2273 2308 2325 dies

735 2365 1030 2433 supersint,
1064 2376 1118 2418 et
1155 2365 1255 2419 iter
1286 2380 1387 2419 non
1425 2364 1677 2417 obstruat
1722 2363 1913 2426 fames,
1957 2376 2015 2416 se
2062 2362 2171 2415 cito
2204 2360 2306 2415 Sa-

735 2466 939 2511 mosata
970 2465 1277 2520 venturum,
1304 2468 1361 2509 ut
1381 2456 1590 2526 magnis
1616 2454 1834 2511 Eusebii
1870 2454 2154 2525 sapientia:
2183 2455 2302 2508 the-

735 2550 911 2603 sauris
940 2549 1199 2604 exsatiari
1233 2550 1422 2617 possit.

804 2641 867 2697 ll.
909 2642 1051 2696 Intra
1070 2642 1198 2697 illud
1225 2642 1480 2709 spatium,
1504 2642 1647 2709 quod
1675 2642 1741 2695 ab
1764 2642 1863 2695 hac
1885 2639 2114 2711 epistola
2139 2654 2307 2708 usque

736 2731 802 2783 ad
838 2731 1171 2784 tricesimam
1203 2730 1353 2783 initio
1382 2730 1525 2781 veris
1555 2730 1729 2781 eidem
1767 2730 1999 2783 Eusebio
2038 2729 2299 2796 scriptam

734 2820 962 2885 emuniit,
1008 2821 1193 2873 obiere
1242 2818 1349 2872 duo
1380 2818 1617 2887 episcopi
1670 2834 1789 2871 cum
1834 2818 2034 2871 Basilio
2070 2819 2305 2871 amicitia

733 2913 1028 2983 conjuncti,
1062 2911 1343 2965 Musonius
1382 2909 1836 2963 Neoczesariensis
1875 2919 1929 2963 et
1971 2909 2307 2963 Athanasius

733 3007 1077 3074 Ancyranus,
1114 3018 1176 3056 ac
1206 3004 1320 3071 ipsa
1354 3003 1517 3056 etiam
1554 3002 1739 3055 Basilii
1775 3011 1948 3056 mater
1986 3002 2267 3055 Emmelia.

808 3095 882 3165 (b)
918 3095 1046 3147 Erat
1079 3094 1351 3148 Musonius
1380 3097 1464 3148 vir
1506 3098 1651 3149 omni
1698 3099 1964 3151 virtutum
2015 3098 2173 3152 laude
2212 3113 2306 3152 cu-

735 3186 1020 3239 mulatus:
1064 3184 1270 3255 primus
1309 3184 1355 3235 ei
1400 3184 1548 3239 locus
1593 3188 1646 3239 in
1689 3188 2050 3241 conventibus
2094 3190 2305 3256 episco-

737 3288 929 3347 porutn
970 3290 1075 3329 non
1108 3277 1283 3328 :ntatis
1311 3274 1453 3342 jure,
1492 3279 1584 3329 sed
1626 3278 1841 3330 virtutis
1873 3280 2069 3331 merito
2108 3278 2300 3331 deferri

734 3367 963 3425 solebat.
996 3365 1299 3419 Novitatem
1334 3366 1383 3419 in
1418 3366 1605 3434 primis
1650 3368 1861 3429 oderat,
1906 3381 1969 3419 ac
2004 3367 2301 3421 Ecclesium

735 3476 887 3515 suam
921 3460 987 3512 ad
1017 3458 1253 3525 antiqua:
1286 3457 1538 3511 Ecclesia:
1570 3458 1853 3529 imaginem
1895 3458 2136 3526 regebat,
2174 3458 2305 3511 nihil

736 3554 803 3607 d‘e
837 3566 934 3605 suo
963 3550 1264 3619 proferens.
1313 3550 1462 3603 Unde
1492 3552 1711 3614 factum,
1745 3561 1802 3604 ut
1834 3550 2303 3605 Neocaesarienses

737 3648 875 3699 inter
916 3646 1269 3715 gravissimas
1320 3642 1532 3695 illorum
1567 3653 1866 3711 temporum
1906 3646 2167 3708 procellas
2201 3647 2301 3701 soli

736 3738 817 3790 vel
866 3748 1013 3790 certe
1057 3752 1179 3790 cum
1222 3736 1507 3789 admodum
1558 3736 1746 3804 paucis
1793 3734 2160 3803 quiescerent,
2210 3751 2306 3787 nec

738 3836 862 3890 ullis
917 3836 1294 3889 hereticorum
1350 3835 1523 3890 ventis
1591 3832 1969 3902 pet-narentur.
2028 3832 2305 3889 Musonius

735 3944 857 3981 cum
887 3927 1090 3980 Basilio
1118 3930 1184 3980 ad
1224 3927 1651 3995 paciﬁcationem
1681 3926 2047 3979 Ecclesiarum
2078 3939 2307 3978 coxicnr-

738 4034 858 4074 rere
898 4018 1165 4082 noluerat,
1200 4028 1417 4086 propter
1446 4018 1769 4087 anticipatas
1794 4017 2075 4085 quasdam,
2111 4026 2169 4071 ut
2194 4019 2307 4086 ipse

731 4112 1027 4168 fatebatur.
1064 4110 1374 4180 Opinioues.
1412 4108 1573 4163 Forte
1614 4110 1663 4162 ei
1702 4108 2014 4162 Eustathius
2048 4109 2301 4163 Sebastco

737 4220 838 4258 nus
883 4213 937 4256 et
981 4204 1069 4255 alii
1112 4202 1376 4269 ejusmodi
1431 4200 1677 4254 homines
1728 4199 2110 4267 displicebant,
2168 4213 2304 4268 quos

735 4294 969 4347 Basilius
999 4307 1181 4346 secum
1214 4295 1531 4357 coniunctos
1564 4292 1818 4353 habebat,
1861 4300 2061 4343 etcum
2094 4290 2305 4343 cazteris

733 4385 1009 4454 episcopis
1038 4384 1368 4453 conjungere
1402 4384 1719 4436 conabatur.
1752 4382 1855 4435 Sed
1886 4391 2063 4434 tamen
2098 4394 2303 4432 summa

735 4486 857 4532 crat
902 4478 1041 4529 inter
1090 4485 1381 4543 utrumque
1432 4474 1495 4526 de
1542 4473 1643 4526 ﬁde
1692 4472 1998 4537 consensio,
2047 4469 2300 4535 illiusque

735 4569 995 4622 auxilium
1024 4565 1253 4619 Basilius
1275 4564 1621 4635 implorabat,
1649 4565 1862 4633 quoties
1884 4579 2002 4617 cum
2031 4560 2302 4616 haereticis
2334 4591 2377 4648 ι)

734 4662 1047 4715 certandum
1078 4669 1242 4714 esset.
1274 4656 1388 4712 Non
1421 4659 1667 4724 pervenit
1705 4657 1769 4711 ad
1805 4666 2105 4710 extremam
2137 4668 2298 4709 seue—

733 4764 933 4809 ctutcm
968 4750 1266 4815 Musonius,
1312 4752 1403 4805 sed
1447 4761 1626 4803 tamen
1673 4749 1762 4802 diu
1810 4748 2106 4802 Ecclesiam
2158 4746 2299 4799 Neo-

733 4847 1107 4901 caesarienscm
1134 4845 1291 4897 rexit.
1318 4842 1450 4898 Cum
1482 4854 1658 4896 autem
1682 4840 1846 4894 sciret
1875 4838 2108 4893 Basilius
2134 4852 2301 4903 quan-

734 4950 844 4993 tum
876 4938 1078 4992 doloris
1108 4936 1250 4989 illius
1282 4950 1452 4990 morte
1480 4936 1775 4989 traxissent
1800 4930 2292 4996 Neocmsarienses,

733 5033 961 5086 tibenter
998 5044 1091 5084 eos
1128 5028 1424 5085 invisisset.
1460 5038 1569 5080 tum
1602 5038 1658 5079 ut
1690 5024 1940 5078 Musonio
1972 5022 2131 5076 simul
2170 5037 2291 5076 cum

732 5123 813 5175 eis
851 5122 993 5188 justa
1038 5121 1391 5189 persolveret,
1427 5127 1538 5169 tum
1566 5128 1622 5171 ut
1653 5130 1939 5172 maerorem
1968 5113 2294 5182 partiretur:

734 5214 829 5269 sed
873 5228 993 5265 cum
1033 5230 1154 5266 eum
1202 5213 1368 5267 multa
1401 5210 1784 5275 detinuissent,
1825 5224 1921 5279 per
1956 5207 2164 5262 litteras
2206 5222 2300 5261 eos

733 5304 1002 5359 consolari
1049 5306 1300 5357 instituit.
1343 5310 1420 5358 Ac
1469 5301 1568 5355 viri
1615 5302 1829 5371 quidem
1876 5301 2077 5355 obitum
2130 5298 2300 5369 majus

736 5398 987 5447 damnum
1019 5394 1214 5446 fatetur
1254 5393 1450 5447 inferre
1485 5393 1716 5455 civitati,
1748 5406 1908 5459 quam
1938 5389 2297 5453 calamitates,

734 5500 867 5553 quas
904 5496 1061 5539 antea
1094 5487 1268 5541 fuerat
1311 5497 1532 5554 experta
1588 5485 1755 5541 (anno
1794 5484 1961 5541 enim.
2001 5480 2107 5539 διδ
2142 5491 2299 5536 terra:

805 5667 883 5736 (ο)
915 5666 1010 5725 Εἰ).
1052 5666 1139 5719 50.

805 5739 879 5805 (b)
917 5737 1009 5801 Ep.
1040 5740 1133 5790 ‘23.

803 5809 875 5874 (ci
910 5807 1124 5861 Sozam.
1149 5809 1238 5863 lib.
1277 5823 1349 5871 tv,
1384 5824 1433 5863 c.
1461 5808 1547 5865 25.

807 5880 883 5943 td)
921 5875 1014 5941 Ep.
1044 5877 1132 5927 29.

2477 2005 2565 2059 111.
2590 2009 2745 2061 Circa
2769 2007 2907 2061 idem
2934 2018 3141 2070 tempus
3159 2018 3403 2062 mortuus
3419 2016 3501 2061 est
3520 2007 3845 2065 Athanasius
3860 2010 3977 2064 An-

2410 2112 2547 2167 cyra:
2571 2100 2878 2167 episcopus,
2906 2101 2995 2170 qui
3024 2103 3089 2155 ab
3116 2102 3311 2157 Acacio
3362 2108 3433 2173 (c)
3469 2102 3521 2155 in
3565 2100 3700 2154 ltanc
3744 2105 3925 2157 sedem
3955 2146 3971 2168 ,

2409 2190 2563 2257 pulso
2589 2190 2805 2253 Basilio,
2844 2202 3060 2247 evectus
3090 2202 3173 2247 est
3223 2208 3367 2248 anno
3391 2194 3516 2249 560.
3543 2192 3747 2261 Duplex
3795 2194 3977 2250 inerat

2411 2281 2535 2334 huic
2582 2280 2906 2336 ordinationi
2942 2285 3172 2349 macula,
3225 2295 3281 2339 et
3330 2287 3469 2356 quod
3518 2297 3740 2339 auctore
3771 2284 3975 2351 insigni

2409 2372 2611 2427 Ariano
2642 2372 2786 2426 facta
2844 2384 3020 2437 esset,
3067 2385 3121 2429 et
3156 2379 3298 2445 quod
3367 2377 3596 2432 Basilius
3653 2379 3976 2445 Ancyranus

2410 2482 2507 2535 per
2528 2469 2636 2520 vim
2667 2475 2723 2521 et
2750 2466 3154 2536 impressionem
3185 2470 3252 2521 ab
3282 2470 3551 2524 hmreticis
3588 2469 3862 2537 depositus
3886 2483 3979 2522 es-

2409 2569 2511 2613 set.
2543 2559 2721 2625 Quare
2762 2575 2869 2615 nnu
2917 2559 3112 2611 mirum
3148 2568 3231 2612 est
3276 2573 3501 2626 magnas
3529 2562 3582 2613 iu
3633 2562 3977 2615 ordinatione

2407 2651 2688 2704 Athanasii
2725 2649 3029 2705 discordias
3053 2649 3351 2703 exstitisse.
3382 2648 3486 2703 Sed
3534 2660 3709 2704 tamen
3747 2667 3976 2721 magnus

2408 2739 2509 2794 fuit
2538 2742 2781 2795 veritatis
2818 2743 3072 2797 defensor
3104 2740 3452 2796 Athanasius.
3495 2739 3747 2794 Testatur
3777 2743 3978 2813 Grego-

2410 2834 2521 2885 rius
2536 2834 2806 2903 Nysscnus
2830 2835 2906 2906 (ά)
2933 2835 3061 2889 nihil
3082 2836 3126 2889 ei
3150 2835 3377 2889 veritate
3400 2832 3668 2900 antiquius
3689 2832 3869 2888 fuisse.
3889 2835 3977 2888 ln-

2412 2924 2593 2977 terfuit
2622 2924 2690 2995 (ε)
2718 2928 2925 2995 synodo
2944 2928 3286 2980 Antiochenze
3306 2941 3447 2980 anno
3472 2926 3577 2979 565
3604 2924 3690 2977 ubi
3720 2923 3848 2979 fides
3878 2924 3979 2981 Ni-

2409 3032 2552 3072 catna
2599 3030 2871 3087 suscepta,
2912 3030 2967 3073 et
3015 3022 3281 3090 Tyanensi
3325 3035 3465 3074 anno
3500 3019 3624 3083 567,
3650 3017 3737 3071 tibi
3768 3018 3975 3084 pariter

2409 3107 2870 3163 consulisLantiale
2920 3107 3195 3162 decretum
3247 3119 3351 3163 est.
3411 3109 3618 3162 Laudat
3642 3106 3865 3161 Basilius
3897 3109 3970 3175 (Γ)

2406 3217 2598 3269 magna
2630 3200 2773 3253 illius
2826 3209 2876 3253 et
2927 3200 3145 3253 celebria
3189 3218 3285 3268 pro
3326 3212 3468 3255 recta
3518 3202 3622 3269 ﬁde
3660 3200 3971 3254 certamina.

2411 3291 2537 3341 Eum
2556 3292 2919 3357 existimabat,
2941 3291 3098 3345 veluti
3121 3293 3515 3347 (irritamentum
3536 3302 3694 3348 rectae
3725 3292 3847 3348 ﬁdei
3868 3292 3972 3362 (9).

2407 3393 2547 3431 verze
2586 3396 2647 3431 ac
2675 3383 2871 3434 veteris
2909 3383 3214 3437 dilectionis
3246 3400 3426 3439 semen
3449 3424 3463 3447 ,
3497 3386 3548 3437 in
3581 3385 3831 3439 solatium
3865 3385 3973 3441 Ec-

2406 3468 2587 3521 clesiis
2608 3471 2833 3522 servari.
2869 3469 2941 3523 Os
2970 3472 3087 3535 ejus
3120 3474 3202 3540 (Ιι)
3232 3474 3374 3537 justa
3404 3474 3612 3526 dicendi
3641 3474 3893 3530 libertate
3919 3484 3978 3530 et

2406 3559 2597 3629 gratim
2647 3559 2826 3612 verbis
2875 3560 2943 3612 ad
2995 3561 3217 3613 fratrum
3246 3562 3653 3615 mdiIiCatiouem
3704 3566 3973 3623 scatebat.

2406 3652 2699 3707 Ecclesium
2740 3666 2889 3705 suam
2925 3653 3003 3705 sic
3030 3652 3189 3715 rexit,
3242 3662 3301 3705 ut
3348 3667 3535 3707 omnes
3564 3653 3615 3706 in
3649 3669 3810 3707 unam
3839 3670 3978 3711 con-

2404 3749 2709 3799 sensionem
2737 3756 2789 3800 ct
2812 3754 3121 3800 accuratam
3152 3746 3585 3801 communionem
3631 3746 3853 3803 vinculo
3876 3763 3978 3817 pa-

2406 3836 2484 3890 cis
2511 3837 2881 3904 conjungeret.

2476 3926 2759 3981 Probabile
2780 3939 2862 3981 est
2891 3929 3049 3995 hujus
3070 3931 3349 3984 Athanasii
3377 3940 3582 4001 patrem
3602 3930 3770 3988 fuisse
3795 3933 3973 3987 Atha-

2407 4019 2637 4083 nasium,
2667 4018 2735 4070 ad
2779 4033 2935 4085 quem
2976 4021 3177 4087 scripta
3208 4031 3290 4072 est
3316 4020 3500 4076 Basilii
3528 4024 3749 4092 epistola
3781 4024 3874 4079 24.
3908 4025 3968 4079 In

2406 4112 2657 4164 omnibus
2685 4109 2964 4162 codicibus
2996 4120 3147 4179 pater
3166 4109 3448 4163 Athanasii
3485 4112 3717 4179 episcopi
3746 4112 3969 4177 dicitur,

2406 4216 2505 4255 nec
2541 4201 2705 4253 alium
2736 4201 2993 4255 habemus
3023 4201 3107 4255 cui
3144 4201 3195 4255 id
3234 4200 3544 4266 conveniat,
3568 4210 3765 4268 praeter
3790 4202 3975 4273 Ancy-

2407 4306 2618 4345 ranum.
2652 4292 2783 4346 Erat
2818 4294 2910 4347 ille
2939 4294 3023 4347 vir
3052 4309 3258 4364 magna!
3280 4293 3616 4355 eruditionis,
3648 4294 3884 4361 gentium
3918 4308 3977 4348 et

2408 4381 2621 4432 urbium
2647 4384 3006 4449 gubernacula
3038 4393 3305 4448 tenuerat,
3349 4395 3405 4437 et
3430 4399 3677 4454 magnam
3716 4384 3974 4453 progeni-

2408 4481 2585 4525 torum
2613 4472 2867 4524 virtutem
2904 4473 3280 4528 annulabatur.
3318 4474 3450 4528 Cum
3490 4486 3667 4529 autem
3711 4475 3974 4528 audiisset

2409 4562 2637 4617 Basilius
2672 4562 2817 4616 hunc
2838 4565 3191 4619 Athanasium
3222 4567 3274 4619 in
3318 4565 3515 4620 liberos
3544 4582 3665 4620 eum
3712 4582 3816 4619 non
3850 4580 3973 4621 esse

2406 4670 2564 4725 quem
2598 4657 2830 4722 deceret,
2869 4672 2989 4710 cum
3022 4658 3317 4725 przesertim
3342 4661 3584 4727 paternis
3605 4658 3743 4713 votis
3766 4657 3967 4726 dignis-

2407 4750 2529 4805 simi
2557 4760 2773 4817 essent,
2800 4752 2968 4807 libere
3009 4768 3131 4805 eum
3160 4752 3457 4810 admonuit.
3492 4753 3774 4808 Molestum
3799 4754 3851 4807 id
3880 4770 3973 4810 ac-

2407 4842 2542 4895 cidit
2568 4842 2886 4908 Athanasio,
2914 4844 3005 4911 qni
3033 4858 3151 4897 sese
3180 4846 3317 4912 apud
3350 4846 3602 4899 Basilium
3630 4845 3973 4914 purgavit,et

2410 4932 2620 5000 iniquos
2645 4950 2887 4988 rumores
2919 4950 2948 4987 a
2989 4934 3273 4988 Timotheo
3302 4936 3688 5003 chorepiscopo
3721 4937 3787 4989 ad
3814 4936 3968 4988 Basi-

2407 5021 2535 5076 lium
2571 5026 2804 5093 perlatos
2834 5034 3159 5093 conquestus
3190 5036 3291 5079 est.
3318 5026 3619 5092 Respondet
3644 5027 3692 5081 ei
3718 5027 3970 5092 Basilius,

2407 5130 2639 5183 eumque
2664 5118 2946 5185 probatum
2987 5124 3041 5166 et
3072 5125 3353 5185 purgatum
3390 5114 3492 5169 sibi
3526 5130 3647 5170 esse
3678 5114 3921 5169 declarat
3951 5149 3983 5179 ,-

2405 5209 2497 5262 sed
2545 5220 2726 5262 tamen
2778 5207 3046 5273 hortatur,
3083 5218 3140 5260 nt
3190 5206 3388 5259 nullam
3437 5206 3722 5263 calumniis
3774 5218 3965 5259 ansam

2404 5302 2660 5368 praebeat.
2693 5300 2915 5355 Fatetur
2938 5314 2992 5354 se
3016 5300 3215 5369 aliquid
3250 5299 3501 5363 audiisse,
3532 5308 3587 5353 at
3616 5310 3966 5367 nequaquam

2405 5408 2434 5443 a
2485 5390 2773 5445 Timotheo
2823 5390 3228 5460 chorepisropo.
3275 5388 3443 5458 Hujus
3472 5386 3714 5457 epistola:
3758 5399 3971 5455 tempus

2403 5489 2553 5533 certo
2574 5486 2813 5533 statuere
2843 5493 2945 5532 non
2975 5493 3187 5548 possum
3216 5493 3229 5529 :
3262 5479 3355 5533 sed
3378 5478 3689 5541 collocanda
3715 5477 3819 5533 fuit
3842 5485 3970 5535 ante

2478 5666 2547 5731 (ρ)
2581 5664 2796 5717 Sozom.
2828 5663 2919 5717 lib.
2964 5679 3035 5731 νι,
3067 5679 3114 5719 c.
3160 5663 3244 5717 12.

2476 5737 2553 5801 (Ι)
2589 5733 2686 5798 Ep.
2713 5735 2805 5796 23,
2839 5751 2893 5785 ιι.
2919 5735 2975 5787 ἳ.

2473 5804 2547 5869 (ρ)
2589 5802 2717 5857 una.
2753 5821 2805 5855 ιι.
2838 5806 2884 5856 ι.
2915 5826 2923 5833 -

2486 5875 2560 5937 (It)
2593 5872 2684 5939 Ep.
2719 5872 2806 5925 ‘29.
