4206 6520
1550 440 1710 496 νιτΑ
1752 441 1809 495 S.

1855 428 2117 497 essunt.
3388 454 3441 497 ιι

217 562 466 631 epistolam
500 561 589 623 ‘29,
630 561 687 614 in
744 576 855 630 qua
885 576 1032 618 mors
1064 558 1339 615 Athanasii
1391 557 1623 630 episcopi
1685 559 1769 611 lu-
1804 566 1846 622 Α
1878 561 2066 615 tiorcm
2117 557 2244 611 facit
2302 558 2589 614 Eusebium
2621 557 2673 610 in
2712 558 2897 612 eadem
2937 558 3182 629 epistola.
3228 559 3438 629 Scripta

217 668 370 725 getur.
394 653 639 705 Nondum
676 654 1057 726 presbyterum
1093 651 1257 706 fuisse
1285 650 1539 705 Basilium
1570 651 1767 717 conjici

212 755 372 816 posset
404 740 593 794 ex-his
638 745 826 799 verbis
856 765 870 798 :
901 743 1013 797 Nec
1037 742 1245 795 moleste
1277 741 1435 809 feras,
1479 744 1523 795 si
1565 743 1690 813 quid
1738 758 1770 793 a

212 836 342 887 nobis
367 833 669 888 docentium
699 852 851 889 more
876 836 1100 885 dicetur.
1134 834 1238 887 Sed
1272 832 1402 886 levis
1443 832 1553 887 haec
1583 831 1759 900 conje-

212 938 365 977 ctura.

270 1016 453 1072 Basilio
502 1029 697 1073 nostro
757 1018 1133 1073 molestissima
1183 1031 1300 1070 esse
1351 1011 1537 1071 debuit
1584 1015 1766 1069 Basilii

209 1110 454 1181 Aucyrani
487 1114 555 1164 ab
584 1112 877 1165 Anomtcis
903 1110 1056 1179 ejecti
1108 1111 1392 1179 depositio,
1420 1126 1516 1165 nec
1546 1110 1769 1177 proinde

210 1201 400 1267 placere
425 1204 716 1256 Athanasii
756 1205 1047 1260 ordinatio.
1090 1203 1194 1256 Sed
1242 1211 1417 1257 tamen
1464 1203 1761 1256 arctissima

207 1293 398 1347 videtur
422 1294 468 1345 ei
496 1294 885 1351 intercessisse
912 1311 1030 1350 cum
1050 1295 1152 1347 hoc
1172 1294 1471 1349 Athanasio
1503 1294 1761 1358 amicitia,

206 1399 297 1449 quo
324 1385 517 1435 amisso
550 1386 832 1439 neminem
862 1384 963 1439 sibi
985 1384 1333 1439 existimabat
1361 1384 1436 1454 (τι)
1460 1398 1760 1452 superesse,

205 1474 277 1525 cui
304 1471 669 1528 Ecclesiarum
700 1490 887 1528 curam
922 1475 1178 1537 deferret,
1209 1478 1479 1529 neminem
1514 1490 1676 1543 quem
1713 1485 1766 1528 et

204 1562 547 1618 molestiarum
589 1577 649 1620 et
701 1567 902 1619 laetitia:
935 1566 1139 1619 socium
1174 1567 1415 1620 haberet.
1455 1565 1649 1618 Incidit
1675 1580 1766 1619 eo-

206 1669 307 1706 rum
335 1657 586 1711 amicitia:
618 1656 922 1711 difﬁcultas
946 1658 1209 1725 quaedam,
1238 1672 1357 1727 qum
1383 1657 1595 1723 longius
1632 1673 1760 1726 pro-

202 1748 458 1813 cessisset,
492 1750 537 1802 si
587 1763 702 1801 non
737 1761 943 1802 summa
987 1748 1177 1804 fuisset
1221 1753 1270 1802 in
1312 1749 1511 1804 Basilio
1543 1748 1760 1807 lenitas.

202 1838 402 1894 Plurimi
451 1842 676 1912 Ancyra
714 1842 1019 1898 Cmsaream
1072 1845 1349 1898 venientes
1402 1842 1476 1913 (ὁ)
1530 1858 1636 1899 uno
1665 1862 1759 1900 ore

203 1929 376 1981 Basilio
408 1932 737 1986 nuntiarunt
762 1934 1120 1987 Athanasium
1148 1935 1195 1985 ei
1222 1947 1543 1988 succensere
1572 1951 1633 1989 ac
1662 1937 1762 1989 tni-
1795 1913 1833 1964 Β

201 2036 283 2073 nas
307 2022 462 2073 etiam
489 2022 712 2091 aliquas
730 2025 1017 2078 intentare.
1042 2023 1208 2077 Nemo
1234 2034 1349 2077 erat
1378 2040 1441 2080 ex
1465 2024 1761 2081 thsarien-

201 2112 330 2167 sibus
376 2115 657 2185 Ancyram
718 2116 1222 2184 proficiscentibus,
1261 2117 1414 2185 cujus
1460 2134 1620 2170 aures
1656 2119 1757 2171 hoc

198 2204 459 2259 Athanasii
492 2221 755 2260 sermone
792 2221 895 2268 non
932 2208 1471 2267 circumsonnissent,
1492 2207 1699 2261 scilicet
1729 2190 1758 2263 :i

200 2296 376 2350 Basilio
402 2314 570 2351 noxas
596 2300 860 2365 quasdam
890 2302 1045 2354 scribi
1087 2312 1133 2353 et
1172 2301 1435 2367 componi.
1472 2299 1565 2355 llis
1613 2301 1757 2357 enim

198 2389 358 2441 verbis
386 2404 543 2442 usum
586 2405 713 2445 esse
735 2392 1055 2445 asserebant
1087 2392 1467 2455 Athanasium,
1503 2393 1593 2461 qui
1636 2393 1759 2448 toti-

200 2481 304 2533 dem
330 2482 510 2537 verbis
546 2483 695 2538 illius
720 2485 859 2537 dicta
889 2483 1218 2536 referebant.
1250 2481 1469 2547 Basilio,
1495 2485 1584 2553 qui
1610 2484 1755 2553 jam-

196 2573 377 2627 dudum
412 2578 785 2629 humanarum
814 2590 991 2627 rerum
1019 2574 1443 2630 imbecillitatem
1468 2592 1758 2645 perspexe-

195 2673 290 2727 rat,
327 2666 459 2717 nihil
498 2668 942 2734 inexspectatum
971 2677 1122 2729 erat;
1155 2665 1249 2719 sed
1279 2677 1452 2721 tamen
1473 2668 1758 2722 vehemen-

196 2763 273 2807 tcr
304 2756 532 2811 miratus
567 2768 681 2822 est,
713 2772 776 2811 ac
809 2757 980 2811 instar
1007 2758 1232 2811 monstri
1259 2773 1381 2813 esse
1420 2761 1590 2823 duxit,
1610 2760 1754 2829 quod

196 2856 327 2900 tanta
351 2848 448 2903 sibi
480 2850 685 2920 injuria
714 2851 783 2905 ab
814 2850 1036 2905 homine
1062 2859 1115 2903 et
1143 2852 1387 2905 veritatis
1424 2861 1479 2905 et
1508 2854 1750 2907 charita-

195 2938 255 2992 tis
299 2943 715 2997 servantissime
746 2942 918 2995 ﬁeret.
967 2939 1198 2992 Causam
1239 2941 1479 3007 reperire
1512 2956 1614 2994 non
1643 2958 1746 3011 po-

195 3038 337 3095 terat,
368 3049 467 3086 cur
506 3036 596 3087 sui
642 3035 823 3086 odium
856 3033 1085 3099 cepisset
1138 3032 1493 3085 Athanasium
1525 3052 1537 3085 :
1576 3034 1753 3102 suspi-

195 3124 401 3177 cabatur
424 3124 668 3193 aliquem
696 3139 763 3179 ex
790 3124 1063 3179 haereticis
1098 3124 1295 3192 scripta
1320 3139 1412 3177 sua
1440 3126 1540 3181 sub
1564 3126 1749 3182 Basilii

1871 664 1952 708 est
1988 655 2101 707 lucc
2160 651 2383 717 epistola
2430 651 2665 705 nondum
2702 651 2883 718 elapsa
2933 652 3125 717 hieme,
3165 662 3222 705 ut
3254 668 3317 705 ex
3355 656 3438 706 his

1873 748 2051 798 verbis
2092 742 2323 812 perspici
2372 746 2543 810 pblt-St
2578 761 2591 796 :
2644 742 2704 796 Si
2738 759 2911 795 omnes
2948 745 3125 797 ordine
3158 742 3436 799 scriberent

1872 853 2079 895 cytisus,
2121 834 2306 903 quibus
2340 835 2394 884 in
2436 837 2571 886 hunc
2607 852 2766 905 usque
2811 836 2942 885 diem
2989 845 3222 887 detentus
3251 851 3437 889 sum...

1870 928 2074 981 morbos
2109 930 2317 995 quidem
2349 927 2481 979 alios
2514 928 2631 979 aliis
2674 929 3027 987 succedentes,
3054 930 3235 981 hiemis
3272 930 3439 982 mole-

1870 1021 2045 1079 stiam,
2078 1022 2399 1087 negotiorum
2448 1021 2843 1073 corttinuifutcm
2879 1021 3061 1074 omitto
3110 1021 3299 1081 dicere,
3330 1030 3436 1073 etc.

1871 1110 2046 1175 Quare
2083 1127 2267 1165 errore
2311 1128 2415 1165 non
2464 1120 2654 1164 carent
2687 1113 3068 1166 Ct'clcsiuslit'te
3115 1112 3344 1171 tabultc,
3384 1112 3432 1163 in

1870 1204 2060 1271 quibus
2085 1220 2228 1257 mors
2267 1204 2321 1258 ὃ.
2354 1204 2959 1273 Ειιιιιιριίξερυιιὶιειιιιείθ
2982 1205 3257 1259 tricesimo
3292 1202 3434 1257 Maii.

1872 1298 2163 1349 linumerat
2198 1299 2338 1349 enim
2364 1299 2592 1350 Basilius
2611 1297 2840 1349 hiemem
2868 1297 3005 1349 inter
3029 1297 3435 1364 impedimenta,

1868 1388 2062 1455 quibus
2092 1389 2349 1442 hactenus
2378 1392 2623 1443 detentus
2655 1389 2851 1441 fuerat.
2887 1386 2960 1437 Eo
2995 1388 3326 1455 probabilius
3352 1396 3435 1441 est

1870 1484 2007 1534 lianc
2033 1482 2310 1548 epistolam
2348 1496 2449 1534 non
2476 1484 2729 1551 scriptam
2755 1495 2873 1533 esse
2895 1496 3076 1533 mense
3095 1482 3272 1547 Junio,
3292 1480 3437 1551 quod

1866 1578 2026 1628 aliam
2060 1575 2289 1629 Basilius
2328 1585 2512 1643 postea
2543 1578 2606 1628 ad
2632 1576 2882 1629 eumdem
2914 1572 3203 1627 Eusebium
3229 1577 3438 1645 episto-

1868 1666 1973 1718 lam
2021 1666 2302 1732 scripserit
2339 1667 2445 1734 (d),
2477 1677 2763 1733 antequam
2800 1664 2970 1717 fames
3010 1666 3279 1717 desiisset.
3310 1664 3435 1719 Sola

1864 1759 2009 1813 enim
2040 1758 2183 1812 fante
2208 1760 2572 1822 detinebatur,
2610 1760 2897 1825 quominus
2943 1758 3297 1811 comitaretur
3326 1757 3433 1829 lly-

1865 1852 2089 1919 patiutn,
2117 1851 2581 1918 consanguineum
2618 1864 2797 1911 Suum,
2836 1851 3024 1902 morbo
3056 1850 3285 1915 quodam
3317 1848 3435 1903 lan-

1868 1945 2156 2010 guentemi,
2190 1943 2240 1995 in
2269 1956 2374 2010 quo
2406 1940 2645 1992 curando
2673 1950 3308 1992 censuctumsuccessum
3329 1955 3433 1993 non

1869 2032 2171 2085 habuerunt
2212 2032 2307 2084 viri
2349 2029 2507 2084 donis
2550 2028 2889 2081 curationum
2948 2028 3222 2081 instructi.
3258 2028 3436 2093 Quare

1864 2120 2090 2176 Basilius
2114 2124 2177 2174 ad
2216 2124 2347 2175 alios
2388 2119 2806 2189 confugiendum
2837 2129 3003 2183 ratus,
3032 2120 3318 2173 Eusebium
3347 2135 3434 2173 ro-

1863 2220 1977 2281 gat,
2007 2221 2062 2262 ut
2094 2210 2529 2279 religiosissimos
2557 2213 2784 2265 fratrum
2818 2209 3169 2274 (monasterii
3206 2210 3434 2279 alicujus

1864 2314 2077 2356 ascctas
2106 2303 2318 2355 videtur
2346 2301 2659 2371 designare)
2694 2303 2759 2356 ad
2795 2317 2853 2354 se
2897 2312 3166 2364 accersat,
3208 2302 3296 2370 qui
3332 2303 3431 2355 sub

1862 2396 2030 2463 ipsius
2055 2397 2227 2453 oeulis
2260 2396 2496 2468 Hypatio
2526 2396 2877 2459 medeantur;
2913 2396 2993 2449 vel
3017 2396 3205 2451 saltem
3234 2396 3303 2451 ad
3337 2410 3432 2451 eos

1860 2487 2151 2558 Hypatium
2190 2491 2367 2543 mittat
2397 2488 2593 2541 litteris
2617 2487 2730 2539 suis
2766 2488 3054 2539 munitum.

1936 2582 2021 2635 ιν.
2049 2580 2199 2635 Nunc
2234 2582 2608 2649 exponendum
2653 2578 2809 2632 nobis
2840 2587 2944 2641 cst,
2981 2578 3178 2645 quibus
3211 2577 3429 2632 adducti

1860 2679 2163 2737 rationibus
2192 2675 2257 2727 ad
2292 2690 2489 2726 annum
2523 2673 2627 2727 568
2658 2683 2711 2725 ct
2758 2672 2861 2727 369
2903 2671 3001 2725 hos
3025 2679 3249 2724 eventus
3290 2667 3434 2725 refe—

1859 2786 2065 2832 ramus,
2103 2768 2300 2837 quibus
2320 2764 2695 2818 Tillemontius
2732 2774 2783 2816 et
2823 2764 3069 2832 plerique
3108 2762 3198 2815 alii
3223 2778 3427 2815 annum

1868 2865 1974 2919 ’57⁸5
2013 2863 2312 2930 assignant,
2353 2857 2549 2927 Pagius
2584 2870 2733 2918 vero,
2768 2856 2857 2923 qui
2901 2856 3128 2907 aliorum
3186 2868 3428 2906 errorem

1858 2956 1961 3010 alio
1982 2953 2230 3024 graviore
2251 2953 2524 3013 emendat,
2562 2964 2757 3001 annum
2786 2946 2911 3002 370.
2944 2946 3004 2999 1ο
3028 2945 3238 2998 Nullum
3272 2960 3430 3013 pror-

1855 3065 1946 3104 sus
1974 3047 2209 3103 occurrit
2250 3048 2301 3098 in
2336 3052 2447 3098 toto
2486 3043 2799 3110 episcopatu
2847 3040 3033 3093 Basilii
3082 3050 3328 3105 tempus,
3366 3039 3421 3092 in

1855 3156 1959 3209 quo
1983 3137 2245 3208 ejusmodi
2267 3146 2493 3190 eventus
2516 3133 2767 3202 conjungi
2789 3133 3015 3200 possint,
3034 3141 3091 3185 ut
3116 3133 3165 3184 in
3191 3131 3274 3184 bis
3290 3146 3428 3201 quas

193 3216 392 3270 nomine
414 3218 758 3270 Vendilasse-
797 3216 983 3286 Itaque
1014 3216 1285 3285 Ρθτθηιῖεθ
1322 3232 1445 3271 cum
1484 3232 1549 3271 e0
1581 3234 1750 3289 CXPO-
1776 3254 1818 3310 ρ
1852 3228 2225 3283 recensuimus
2267 3223 2511 3292 epistolis
2554 3222 2994 3291 conjunguntur:
3039 3236 3228 3288 nempe
3274 3237 3426 3276 more

194 3305 355 3371 stulat,
396 3309 543 3378 quod
585 3325 691 3363 non
723 3309 1021 3377 scripserit,
1057 3319 1151 3362 aut
1184 3310 1375 3364 saltem
1419 3326 1524 3366 non
1561 3328 1618 3367 se
1646 3330 1737 3369 ac-

193 3399 472 3467 cersiverit,
502 3410 604 3454 aut
627 3418 722 3467 per
753 3401 915 3454 fidum
960 3400 1193 3470 aliquem
1239 3405 1471 3456 amicum
1507 3405 1745 3460 doiorem

194 3492 593 3559 significaverit.
632 3493 804 3559 Rogat
842 3502 918 3556 ut,
964 3494 1008 3545 si
1048 3506 1107 3545 se
1140 3493 1207 3545 ab
1234 3494 1336 3547 bac
1385 3497 1747 3552 sollicitudine

193 3581 402 3638 liberare
444 3586 598 3647 velit,
630 3586 827 3653 quibus
852 3586 915 3638 de
934 3586 1109 3639 causis
1130 3584 1193 3637 ad
1224 3586 1358 3639 hanc
1387 3584 1742 3643 offensioan

193 3676 432 3730 adductus
468 3678 565 3741 sit,
609 3687 793 3746 aperte
832 3676 1087 3730 declaret.

254 3766 453 3836 Scripta
476 3779 563 3822 est
594 3773 705 3822 Ιιυιξο
740 3768 962 3836 epistola
987 3768 1058 3821 23
1089 3784 1191 3823 non
1242 3770 1428 3825 inultis
1453 3783 1575 3826 ante
1608 3788 1738 3826 mor-

194 3866 282 3910 tem
314 3861 599 3916 Athanasii
635 3862 810 3916 annis.
835 3860 951 3915 Jam
983 3862 1127 3915 enim
1162 3861 1395 3917 Basilius
1435 3864 1662 3919 veritate
1693 3874 1747 3917 et

192 3952 383 4019 scriptis
424 3963 482 4007 et
526 3952 685 4006 factis
729 3952 1069 4005 defendenda
1124 3969 1376 4022 magnum
1408 3954 1513 4006 sibi
1548 3968 1740 4008 nomen

192 4055 495 4112 pepererat;
544 4059 608 4097 ac
645 4054 943 4111 temporum
976 4043 1238 4095 molestiis
1271 4045 1341 4096 ita
1385 4045 1622 4098 animum
1658 4062 1743 4101 as-

194 4135 495 4199 suefecerat,
527 4146 584 4188 ut
615 4135 810 4189 nullius
834 4134 948 4203 jam
974 4135 1207 4189 hominis
1236 4151 1364 4205 erga
1390 4153 1449 4191 se
1486 4139 1740 4191 immuta-

192 4232 255 4281 tio
283 4232 649 4298 inexspectata
676 4230 777 4297 ipsi
807 4230 1104 4283 videretur.
1143 4229 1233 4283 Sic
1280 4239 1463 4282 autem
1494 4230 1737 4283 Athana-

192 4319 246 4371 sii
272 4334 492 4375 mortem
533 4318 691 4374 deﬂet
731 4320 782 4373 in
817 4321 977 4389 epist.
1013 4320 1081 4373 29
1105 4362 1120 4385 ,
1165 4321 1244 4375 sic
1288 4322 1562 4373 desiderat
1593 4336 1743 4374 sum-

193 4427 316 4463 mum
345 4416 494 4467 illum
544 4414 741 4478 virum,
779 4429 936 4481 quem
992 4414 1301 4467 columnam
1333 4422 1386 4466 et
1425 4414 1737 4465 firmamen-

193 4510 286 4556 tum
315 4505 419 4560 Eec
443 4506 572 4559 θείω
600 4512 787 4567 vocat;
824 4514 1136 4573 tantamque
1181 4504 1324 4557 illius
1359 4515 1532 4558 morte
1555 4503 1736 4571 jactu-

1859 3317 2086 3372 Musonii
2115 3326 2165 3368 et
2196 3314 2474 3367 Athanasii
2502 3312 2774 3382 Attcyrani
2806 3327 2869 3365 ac
2901 3322 3099 3365 sancta:
3130 3311 3422 3376 Etntnelim,

1858 3408 2106 3461 diuturna
2146 3404 2320 3457 fames
2354 3402 2613 3455 Basilium
2652 3416 2718 3455 ex
2750 3402 3021 3455 continuis
3047 3401 3418 3469 οςευιιειιίοηί-

1855 3503 1954 3557 bus
1980 3499 2246 3569 respirare
2271 3512 2373 3551 non
2404 3497 2610 3557 sinens,
2636 3494 2917 3548 consilium
2949 3495 3111 3547 eundi
3133 3496 3419 3547 Samosata

1854 3609 1953 3664 per
2001 3594 2268 3661 integrum
2307 3604 2529 3651 annum,
2569 3588 2621 3640 id
2656 3595 2759 3647 est,
2792 3600 2886 3652 per
2935 3586 3069 3639 duas
3110 3595 3327 3638 aratates
3361 3599 3427 3638 ac

1856 3696 2015 3733 unam
2052 3680 2283 3731 hiemem
2328 3676 2430 3727 bac
2482 3674 2626 3725 fame
2662 3671 3081 3739 interpellatum.
3117 3670 3199 3723 Nil
3244 3671 3425 3725 verbis

1853 3784 1987 3837 opus
2020 3776 2122 3831 est,
2155 3776 2213 3818 ut
2267 3766 2379 3819 haec
2413 3778 2555 3817 anno
2584 3763 2690 3816 570
2730 3778 2835 3816 non
2872 3763 3120 3817 evenisse
3155 3765 3375 3829 probem
3404 3800 3424 3828 ,

1854 3875 1961 3929 quo
1996 3859 2249 3914 Basilium
2293 3871 2484 3911 recens
2517 3858 2820 3911 ordinatum
2858 3870 2962 3908 non
2993 3854 3162 3907 fames
3190 3869 3423 3923 occupa—

1852 3953 1963 4017 bat,
2000 3952 2090 4006 sed
2127 3951 2335 4019 negotia
2367 3952 2433 4002 ab
2465 3950 2737 4018 episcopis
2771 3949 2938 4016 ipsius
2961 3946 3213 4000 clectioni
3251 3946 3423 3998 inter-

1851 4046 2161 4099 cedentibus
2204 4044 2440 4097 exbibita
2480 4044 2828 4103 detinebant,
2881 4053 2981 4092 nec
3015 4038 3299 4091 Samosata
3329 4050 3422 4091 co-

1850 4138 2050 4206 gitabat
2072 4136 2157 4205 (ε),
2181 4137 2272 4187 sed
2298 4133 2585 4187 Eusebium
2626 4131 2907 4191 invitabat,
2941 4138 2996 4181 ut
3023 4128 3264 4194 sequenti
3294 4142 3419 4181 vere

1849 4228 2144 4282 Ecclesiam
2184 4225 2570 4279 Cesariensem
2606 4222 2889 4275 reviseret.
2927 4220 3041 4287 Ipse
3087 4218 3280 4285 Pagius
3310 4233 3416 4271 non

1850 4319 2098 4388 elegisset
2132 4318 2273 4370 hunc
2307 4330 2529 4379 annum,
2572 4314 2674 4367 nisi
2709 4312 3102 4367 ordinationem
3137 4309 3417 4378 reiecisset

1851 4412 1900 4465 in
1928 4426 2125 4464 annum
2144 4410 2265 4463 571.
2290 4408 2500 4461 Nullum
2524 4407 2679 4460 famis
2702 4405 2979 4470 vestigium
3004 4418 3147 4456 anno
3176 4401 3275 4455 371
3319 4399 3414 4469 (f).

1848 4505 2102 4558 Basiliam
2134 4503 2200 4558 ab
2232 4510 2492 4555 autumno
2525 4514 2690 4569 usque
2730 4500 2795 4551 ad
2822 4499 3023 4564 primos
3046 4508 3257 4548 menses
3288 4494 3414 4548 anni

193 4609 288 4647 ram
323 4596 518 4650 fecisse
564 4611 622 4650 se
660 4593 961 4664 significat,
1002 4604 1061 4648 ut
1110 4595 1265 4649 facile
1296 4603 1478 4665 pateat
1506 4610 1735 4649 nascen-
1772 4619 1812 4673 ι)
1848 4599 2147 4666 sequentis,
2177 4596 2440 4647 adventus
2474 4593 2820 4653 Arianorum,
2858 4588 3195 4654 exspectatio
3224 4584 3415 4638 Valen-

195 4695 281 4739 tem
314 4689 454 4742 inter
510 4704 604 4742 eos
655 4686 1042 4741 dissensionem
1101 4689 1210 4740 cito
1266 4688 1506 4741 sedatam
1551 4686 1735 4741 fuisse.

194 4774 427 4833 llortatur
462 4780 802 4849 Ancyranos,
846 4792 901 4831 ut
932 4777 1224 4846 diligenter
1254 4788 1482 4833 caveant
1526 4794 1593 4833 ne
1616 4794 1737 4832 rur-

195 4882 269 4922 sus
299 4872 417 4925 lites
453 4879 507 4923 et
541 4871 820 4923 discordia:
852 4869 901 4923 in
930 4870 1053 4921 novi
1086 4870 1320 4938 episcopi
1345 4870 1614 4924 electione
1639 4886 1737 4923 na-

193 4972 408 5016 scantur.
442 4962 514 5015 De
543 4961 771 5014 Musonii
812 4971 864 5015 et
896 4960 1180 5014 Athanasii
1228 4962 1632 5015 successoribus
1659 4962 1737 5016 sic

194 5048 405 5120 loquitur
449 5054 699 5116 Basilius,
732 5062 791 5105 ut
825 5053 958 5107 nihil
994 5055 1121 5107 boni
1169 5053 1235 5107 ab
1271 5054 1350 5107 eis
1390 5064 1736 5122 exspectasse

194 5144 428 5198 tideatur.
462 5146 826 5209 Neocarsarea,
854 5146 1023 5216 inquit
1044 5148 1136 5218 (c),
1165 5156 1211 5198 et
1232 5146 1438 5215 Ancyra
1468 5146 1592 5199 vim:
1617 5155 1737 5199 sunt

192 5236 355 5289 habere
383 5254 704 5292 successores
741 5252 918 5290 eorum
948 5240 1037 5307 qni
1070 5239 1343 5303 obierunt,
1374 5248 1420 5290 et
1454 5240 1555 5290 huc
1578 5253 1738 5305 usque

192 5330 555 5395 conquiescunt.

246 5418 387 5475 Circa
426 5422 563 5475 idem
595 5430 807 5491 tempus
853 5436 916 5474 ac
948 5420 1221 5474 Musonius
1272 5431 1326 5475 et
1358 5421 1690 5475 Athanasius
1717 5461 1731 5485 ,

190 5511 300 5567 obiit
328 5511 381 5567 S.
408 5512 672 5567 Ernnielia
709 5523 878 5568 mater
910 5513 1109 5579 Basilii,
1130 5514 1193 5569 de
1212 5513 1366 5582 Cujus
1401 5524 1577 5567 morte
1612 5528 1734 5566 cer-

243 5690 313 5755 (ai
346 5692 438 5760 Ep.
466 5693 556 5748 2.3.

244 5763 307 5831 ιδ)
338 5764 427 5829 εν.
456 5764 541 5826 es,
586 5781 642 5820 η.
676 5765 729 5818 2.

242 5832 302 5897 (ε)
332 5832 423 5901 Ep.
456 5834 549 5887 50.

242 5905 304 5973 (ά)
332 5903 425 5974 Ep.
449 5903 539 5958 51.

1854 4692 1919 4743 tis
1950 4704 2013 4744 ac
2044 4688 2238 4741 deinde
2265 4687 2377 4755 ipsa
2398 4685 2701 4753 persecutio
2732 4683 2811 4736 sic
2835 4680 3203 4741 detinuerunt,
3228 4688 3285 4731 ut
3312 4679 3413 4733 iter

1850 4780 2230 4835 Samosatcnse
2257 4779 2308 4831 in
2344 4784 2573 4829 mentem
2616 4775 2799 4828 venire
2827 4786 2930 4825 non
2963 4770 3222 4839 potuerit.
3254 4769 3412 4824 Anno

1846 4872 1971 4935 572,
2005 4871 2185 4925 statim
2233 4879 2351 4938 post
2385 4867 2585 4920 Pascha
2621 4867 2725 4919 iter
2760 4864 2835 4933 (g)
2888 4862 3102 4931 aliquod
3134 4862 3408 4931 suscepit,

1848 4977 2036 5015 mense
2091 4961 2232 5013 Maio
2265 4960 2407 5011 aliud
2437 4958 2513 5028 th)
2547 4957 2833 5011 meditatus
2876 4962 2982 5016 est,
3013 4953 3153 5021 quod
3194 4954 3260 5005 ad
3291 4954 3409 5007 exi-

1846 5065 1956 5108 tmn
1990 5071 2092 5107 non
2129 5053 2396 5122 perduxit.
2431 5053 2537 5107 Sed
2587 5062 2773 5121 postea
2810 5049 3120 5103 Armeniam
3152 5062 3410 5117 peragra—

1843 5146 1939 5209 vit,
1977 5158 2038 5197 ac
2068 5145 2279 5197 tandem
2312 5143 2697 5197 suavissimum
2731 5140 2834 5192 mel
2865 5137 3116 5193 Ecclesiae
3146 5138 3409 5191 Samosa-

1842 5236 2007 5291 tensis
2042 5235 2364 5305 degustarit.
2396 5233 2542 5287 Nihil
2580 5246 2709 5299 ergo
2735 5246 2801 5285 ex
2831 5230 2914 5284 his
2950 5245 3068 5299 qua:
3088 5228 3406 5297 qumrimus.

1839 5328 2141 5397 suppeditat
2199 5342 2373 5380 annus
2427 5324 2554 5379 372.
2612 5324 2867 5391 Superest
2922 5336 3098 5399 annus
3152 5318 3279 5386 375,
3314 5323 3403 5389 qui

1840 5420 2073 5473 maxime
2104 5404 2311 5470 arridet
2341 5416 2701 5469 Tillemontio.
2734 5413 2867 5468 Nam
2898 5428 3040 5466 anno
3079 5410 3184 5465 574
3242 5420 3296 5464 et
3324 5427 3401 5465 st:-

1836 5511 2131 5579 quentibus
2163 5506 2451 5563 exsulabat
2493 5505 2774 5562 Eusebius.
2820 5501 3146 5570 Beperimus
3181 5498 3400 5568 quidem

1911 5685 1980 5751 (ε)
2013 5684 2109 5749 Ep.
2145 5684 2233 5737 ts.

1909 5755 1988 5839 (ί)
2026 5757 2119 5839 Liv-
2156 5755 2244 5839 ἐξὲξι
2271 5756 2354 5809 "-

1912 5832 1985 5893 (9)
2030 5826 2122 5905 ΕΡ·
2157 5825 2248 5878 95-

1910 5897 1986 5965 (It)
2022 5897 2117 5966 lup.
2144 5895 2229 5949 98.
