4206 6486
777 451 847 492 tat
2111 420 2639 477 I’liOLEGOMENa.

784 547 887 600 hoe
919 557 1061 597 anno
1097 539 1353 595 Basilium
1382 539 1644 593 invisendi
1692 537 1907 591 Eusebii
1945 535 2224 604 promissis
2249 533 2346 587 οι).
2375 539 2417 592 Λ
2449 541 2617 584 morte
2646 529 2867 582 attiietos
2915 525 3110 578 litteris
3159 528 3501 582 amicissimis
3540 527 3848 582 consolatus
3874 531 4004 589 tuis.

780 637 1055 704 strie-tum.
1092 634 1158 686 At
1187 649 1286 687 cur
1323 633 1587 700 promissa
1631 646 1736 682 non
1777 628 2094 699 perfecerit,
2140 627 2346 696 gravis-

777 728 973 782 simum
1010 726 1249 778 morbum
1274 736 1489 778 exeusat
1513 725 1562 774 in
1588 723 1828 788 pluribus
1847 721 2086 792 epistolis
2110 721 2206 790 (a),
2232 733 2348 772 nus-

778 831 938 888 quam
969 816 1186 870 famem.
1217 817 1271 868 ln
1290 817 1512 886 epistula
1539 814 1660 880 145,
1687 817 2153 885 apprOpinquante
2177 815 2346 866 hieme

780 912 1004 979 scripta,
1050 907 1171 962 cuni
1201 925 1350 978 spem
1401 923 1615 960 onmem
1653 907 1941 975 abjeeisset
1969 903 2216 958 visitandi
2252 902 2346 955 Eu-

780 1002 936 1066 sebii,
973 1001 1174 1054 morbis
1207 999 1516 1054 debilitatus
1538 1039 1552 1061 ,
1594 1000 1765 1066 ipsum
1790 998 1854 1051 ad
1883 1011 1938 1050 se
1969 995 2178 1048 invitat.
2209 993 2345 1046 Mor-

780 1095 905 1146 bunt
938 1100 989 1143 et
1018 1091 1248 1144 hiemem
1275 1098 1531 1142 causatur
1560 1091 1610 1140 in
1654 1087 1880 1152 cpistola
1917 1085 1982 1137 ad
2029 1084 2340 1152 Evagrium,

779 1198 879 1236 cur
933 1183 985 1234 in
1033 1181 1344 1234 Armeniam
1382 1178 1647 1250 prolicisci
1677 1196 1778 1232 non
1809 1178 1996 1248 possit.
2031 1178 2146 1232 Uno
2178 1176 2341 1228 verbo

780 1275 987 1327 nullum
1024 1288 1246 1342 prorsus
1287 1275 1389 1328 hoc
1422 1287 1561 1326 anno
1600 1272 1855 1326 indicium
1901 1270 2057 1323 lamis
2091 1277 2181 1321 aut
2206 1267 2341 1320 inci-

779 1365 977 1432 pientis
1008 1375 1099 1416 ant
1133 1364 1447 1418 desinentis.
1488 1361 1658 1414 Nemo
1721 1363 1914 1412 famem
1949 1374 2090 1413 anno
2112 1358 2217 1411 575
2251 1359 2344 1411 de-

776 1457 934 1512 siisse
979 1458 1194 1512 dixerit.
1253 1457 1361 1509 llae
1396 1456 1537 1508 enim
1580 1456 1762 1508 sedata
1819 1452 2117 1505 Eusebium
2158 1450 2344 1505 invisit

777 1549 1032 1614 Basilius,
1069 1550 1208 1619 quod
1233 1548 1449 1616 quidem
1497 1561 1638 1600 anno
1670 1545 1772 1597 575
1807 1543 2064 1612 perlicere
2108 1558 2211 1596 non
2247 1557 2342 1612 po-

779 1642 899 1695 tuit.
938 1642 1131 1695 Eadem
1159 1654 1323 1693 causa
1363 1639 1518 1690 famis
1562 1637 1769 1688 initium
1803 1635 1867 1687 ad
1894 1650 2092 1686 annum
2119 1634 2224 1688 3T5
2255 1650 2340 1689 re-

779 1732 922 1787 ferre
947 1748 1047 1784 non
1074 1732 1202 1786 sinit
1229 1750 1241 1784 :
1279 1730 1542 1798 siquidem
1574 1728 1661 1781 illa
1694 1742 1836 1781 anno
1861 1729 2109 1796 sequenti
2135 1729 2341 1783 solutus

777 1826 1010 1879 Basilius
1043 1825 1323 1880 Samusata
1371 1824 1545 1892 petiit.
1598 1825 1668 1877 At
1718 1839 1860 1877 anno
1909 1824 2014 1877 574
2064 1825 2343 1878 exsulabat

777 1915 1062 1970 Eusebius.
1089 1915 1360 1968 Immerito
1387 1930 1513 1982 ergo
1539 1913 1917 1969 Tillemontins
1954 1925 2182 1967 mortem
2231 1913 2345 1968 lllu-
2377 1892 2415 1945 Β

778 2006 943 2068 sonii,
985 2005 1264 2056 Athanasii
1301 2012 1355 2055 et
1400 2002 1456 2055 S.
1494 2000 1770 2055 Emmelite
1817 2015 1959 2055 anno
1990 1999 2094 2052 575
2125 2002 2342 2054 exeunti

780 2094 992 2160 alligere
1021 2101 1261 2146 conatur.

845 2187 904 2238 2°
934 2184 1203 2238 Habemus
1234 2184 1596 2238 certissimum
1629 2182 1874 2252 Gregorii
1925 2180 2164 2253 Nysseni-
2191 2182 2343 2236 testi-

778 2276 1039 2336 monium,
1071 2275 1158 2342 qui
1187 2285 1467 2343 postquam
1503 2285 1730 2326 mortem
1768 2281 1823 2326 et
1855 2275 2188 2342 sepulturam
2239 2287 2347 2326 ma-

777 2367 876 2421 tris
910 2367 1170 2432 narravit,
1195 2370 1373 2422 statim
1399 2367 1473 2419 sic
1497 2365 1670 2435 pergit
1703 2365 1776 2435 (b)
1807 2382 1822 2419 :
1867 2367 1954 2419 Ἑν
1981 2368 2154 2437 τούτῳ
2185 2369 2212 2419 ὁ
2245 2383 2342 2418 πο-

775 2460 869 2522 λὺς
895 2461 950 2511 ἐν
985 2460 1157 2526 ἁγίοις
1188 2458 1459 2520 Βαςίλειος
1484 2458 1583 2526 τῆς
1612 2461 1852 2530 μεγάλης
1870 2459 2190 2528 Καισαρέων
2219 2458 2343 2509 Ἐκ-

776 2552 1004 2622 κλησίας
1033 2551 1309 2620 ἀνεδείχθη
1334 2554 1639 2621 προστάτης
1668 2570 1680 2582 ο
1712 2553 1770 2613 ὃς
1801 2553 1890 2602 ἐπὶ
1916 2551 2002 2602 τὸν
2033 2549 2228 2618 κλῆρον
2247 2549 2344 2616 τῆς

774 2649 834 2699 ἐν
861 2644 938 2713 τῷ
974 2645 1375 2714 πρεσϐυτερείῳ
1435 2644 1750 2714 ἱερωσύνης,
1787 2643 1876 2695 τὸν
1911 2641 2136 2709 ἀδελφὸν
2173 2640 2294 2708 ἄγει
2327 2656 2338 2668 ·

774 2737 894 2798 ταῖς
924 2737 1211 2805 μυστικαῖς
1256 2735 1446 2788 ἑαυτοῦ
1493 2736 1826 2807 ἱερουργίαις
1857 2732 2169 2807 derepto“;
2192 2748 2204 2760 '
2251 2733 2344 2786 κᾶὶ

776 2828 834 2880 ἐν
879 2826 1051 2897 τούτῳ
1116 2826 1276 2879 πάλιν
1319 2829 1502 2889 αὐτοῖς
1537 2829 1629 2880 ἐπὶ
1681 2828 1741 2879 τὸ
1796 2828 2116 2897 σεμνότερόν
2155 2844 2213 2878 τε
2251 2827 2345 2878 καὶ

775 2916 1074 2987 ἁγιώτερον
1118 2920 1314 2989 προῄει
1352 2922 1378 2971 ὀ
1421 2919 1562 2988 βίος,
1603 2923 1666 2988 τῇ
1708 2920 1973 2990 ἱερωσύνῃ
2007 2920 2104 2988 τῆς
2137 2917 2346 2986 φιλοσο-

775 3007 905 3075 φίας
937 3007 1357 3076 ἐπαυξηοείσης.
1401 3008 1529 3059 Tum
1565 3009 1784 3076 insignis
1818 3011 1952 3059 inter
1979 3021 2188 3061 sanctos
2233 3009 2341 3062 Ba-

779 3101 927 3154 silius
955 3117 1156 3171 magna:
1181 3099 1584 3155 Cwsariensium
1633 3098 1878 3153 Ecclesia:
1911 3099 2206 3153 declaratus
2234 3116 2330 3153 on-

778 3193 949 3256 tistes,
980 3194 1068 3259 qui
1119 3193 1171 3245 in
1219 3193 1416 3246 clerum
1462 3193 1737 3246 sacerdotii
1770 3194 2184 3263 presbyterorum
2225 3195 2337 3260 ['ra-
2370 3232 2410 3290 ε

778 3290 911 3331 trem
964 3280 1164 3344 ere/tit,
1207 3282 1314 3335 suis
1358 3298 1472 3334 eum
1517 3285 1748 3353 mysticis
1787 3287 2127 3337 sacramentis
2161 3299 2343 3337 conse-

777 3383 972 3431 crans;
1008 3377 1218 3438 tumque
1261 3373 1367 3424 illis
1407 3376 1475 3425 ad
1511 3377 1761 3442 majorem
1808 3368 2115 3445 gravitat‘cm
2151 3386 2198 3430 et
2224 3394 2346 3430 san-

777 3462 1011 3513 ctitatem
1071 3461 1177 3515 vita
1237 3464 1616 3531 progreditur,
1677 3476 1899 3532 augente
1959 3467 2344 3534 philosophiam

777 3553 1090 3607 sacerdotio.
1112 3550 1348 3608 Nimium
1373 3554 1516 3608 clara
1531 3565 1584 3608 et
1600 3556 1880 3623 perspicua
1901 3555 1942 3610 G
1955 3558 2142 3624 regorii
2162 3559 2316 3609 verba
2329 3597 2343 3620 ,

779 3661 942 3714 quam
976 3647 1194 3700 uteludi
1227 3648 1467 3716 possint;
1501 3649 1669 3704 multo
1703 3650 1883 3703 minus
1914 3648 2017 3702 dici
2054 3648 2221 3716 possit
2254 3665 2345 3703 er-

781 3753 904 3791 rare
955 3738 1006 3791 in
1067 3748 1170 3791 tam
1225 3740 1524 3808 insignibus
1580 3744 1739 3796 rebus
1798 3741 2111 3796 domeSticis
2178 3757 2340 3796 enar-

781 3827 982 3881 randis.

850 3917 907 3970 5'
940 3916 1008 3970 Ut
1042 3917 1142 3972 hos
1180 3927 1405 3972 eventus
1434 3933 1575 3974 anno
1611 3920 1715 3974 568
1757 3933 1988 3978 exeunte
2009 3935 2103 3978 aut
2134 3927 2354 3981 ineunte

779 4004 886 4060 569
919 4006 1280 4076 assignemus,
1322 4022 1500 4060 rerum
1547 4008 1802 4078 deinceps
1831 4011 2229 4064 narrandarum
2262 4027 2351 4066 se-

781 4098 893 4152 ries
919 4099 1140 4152 omnino
1175 4097 1425 4167 postulat.
1461 4097 1618 4154 Modo
1671 4103 2018 4169 probabimus
2057 4104 2342 4173 epistolam

781 4189 852 4242 54
877 4190 941 4243 ad
984 4190 1298 4255 Eusebium,
1323 4190 1407 4244 eui
1445 4206 1652 4245 summa
1703 4203 1786 4247 est
1813 4207 1934 4246 cum
1983 4195 2349 4264 superioribus

784 4280 1151 4344 necessitudo,
1196 4292 1323 4335 ante
1369 4284 1731 4352 episcopatum
1782 4286 2039 4349 scriptam
2082 4302 2224 4343 esse.
2273 4287 2348 4342 De

785 4369 1090 4422 Athanasio
1119 4371 1411 4439 Ancyrano
1437 4383 1491 4426 et
1527 4373 1772 4429 Musonio
1805 4375 1936 4429 nihil
1976 4376 2228 4447 deinceps
2254 4392 2345 4432 oc-

784 4471 989 4517 curret.
1020 4459 1216 4515 Neuter
1240 4464 1544 4518 subscribet
1577 4467 1770 4522 litteris
1799 4469 1850 4522 in
1890 4467 2236 4525 Occidentem
2266 4470 2338 4541 (c)

2448 625 2563 676 set?
2598 620 2690 673 llis
2719 621 2853 674 adde
2895 618 2945 670 in
2976 617 3227 684 opinione
3271 617 3595 674 Tillemonlii
3627 620 3882 689 explicari
3919 625 4004 678 vis

2449 728 2627 781 posse,
2672 711 2940 777 quomodo
2985 712 3234 772 Basilius,
3270 709 3361 778 qui
3408 725 3466 762 se
3515 712 3668 766 initio
3696 712 4006 767 monasticzr

2449 799 2819 868 professionis,
2852 809 2910 853 ut
2941 815 3103 866 supra
3137 800 3388 865 vidimus,
3426 804 3676 856 omnibus
3708 805 3869 858 rebus
3903 818 4008 857 ttu-

2447 896 2688 954 daverat,
2721 895 2921 962 quiqne
2953 893 3051 946 hoc
3083 892 3384 946 institutum
3410 892 3860 960 amplectentibns
3886 896 4009 951 uul-

2450 982 2554 1036 lins
2590 983 2809 1035 omnino
2844 981 3136 1036 retinenda:
3169 985 3242 1036 rei
3277 985 3546 1038 licentiam
3595 990 3863 1051 concedit,
3913 1003 4014 1044 suo

2449 1081 2629 1124 tamen
2667 1070 2996 1137 patrimonio
3025 1084 3286 1140 pauperes
3315 1072 3836 1141 presbyterjuvcrit.
3860 1081 3930 1132 At
3959 1080 4012 1133 id

2446 1163 2592 1216 nullo
2620 1161 2831 1230 negotio
2857 1164 3135 1216 solvimus.
3157 1160 3400 1216 Nondum
3421 1167 3652 1220 desierat
3678 1167 3867 1228 futues,
3888 1185 4010 1224 eum

2447 1256 2635 1310 matris
2668 1263 2840 1308 morte
2874 1255 2940 1309 ad
2981 1271 3102 1310 eum
3133 1257 3272 1311 bona
3319 1257 3615 1325 redierunt,
3658 1275 3778 1330 qua:
3823 1263 4010 1316 statim

2448 1357 2669 1415 urgente
2693 1348 2832 1400 fame
2862 1347 2912 1400 in
2945 1362 3211 1416 pauperes
3244 1346 3452 1403 effudit.

2514 1438 2744 1494 Necesse
2768 1439 2866 1493 l'uit
2896 1439 2946 1492 in
2983 1441 3065 1494 his
3097 1442 3390 1510 probandis
3424 1441 3727 1508 immorari,
3754 1447 3879 1517 quia
3899 1461 4012 1498 ma-

2441 1532 2574 1585 ximi
2598 1542 2721 1586 sunt
2750 1533 3000 1586 momenti
3029 1532 3093 1585 ad
3117 1535 3360 1588 ordinem
3400 1548 3574 1586 rerum
3606 1534 3790 1591 Basilii
3820 1548 4005 1608 gesta-

2444 1640 2583 1680 rum.
2615 1627 2719 1678 Sed
2749 1625 2936 1695 objicit
2977 1625 3353 1680 Tillemontins
3385 1626 3466 1698 (Ῑ)
3510 1627 3764 1681 Basilium
3796 1631 3849 1684 in
3889 1631 4009 1700 epi-

2444 1717 2577 1770 stola
2606 1718 2692 1784 50,
2714 1720 2793 1772 sic
2826 1721 2889 1773 de
2919 1719 3254 1786 negotiorum
3285 1732 3506 1772 suorum
3545 1719 3928 1789 perpetuitate,
3954 1732 4012 1777 et.

2446 1811 2510 1864 de
2534 1811 2745 1864 insidiis
2777 1813 2877 1866 sibi
2907 1811 3128 1864 structis
3165 1810 3332 1878 loqui,
3367 1820 3421 1865 et
3470 1827 3591 1867 cum
3635 1813 3869 1868 Eusebio
3893 1818 4011 1883 epi-

2447 1919 2609 1971 scopo
2633 1914 2683 1957 et
2710 1905 3008 1959 Athanasio
3045 1901 3334 1973 Aneyrano
3365 1903 3442 1958 sic
3475 1920 3655 1973 agere,
3699 1917 3756 1961 ut
3783 1907 4007 1963 dubium

2447 2011 2564 2050 esse
2601 2011 2703 2049 non
2737 1999 2924 2064 possit,
2954 1997 3081 2064 quin
3115 2005 3240 2051 tunc
3261 1997 3544 2066 episcopus
3571 1998 3752 2054 fuerit.
3786 2001 4012 2056 Videtur

2447 2090 2606 2142 etiam
2635 2088 2735 2141 sibi
2763 2088 3095 2142 certis-simas
3131 2100 3284 2144 notas
3307 2091 3650 2160 episcopatus
3672 2096 4006 2164 perspicere,

2445 2197 2566 2236 cum
2600 2182 2674 2235 ait
2695 2180 2919 2235 Basilius
2941 2181 3013 2250 (g)
3035 2197 3215 2236 secum
3241 2182 3535 2238 Musonium
3568 2183 4013 2242 adEeclesiarum

2445 2275 2875 2342 paciﬁcationem
2916 2289 3019 2328 non
3069 2275 3413 2328 concurrisse
3444 2315 3458 2338 ,
3514 2279 3607 2332 sed
3657 2288 3834 2335 tamen
3888 2295 4012 2334 eum

2446 2379 2659 2432 semper
2687 2381 2716 2417 a
2741 2381 2799 2420 se
2831 2368 2898 2419 ad
2934 2366 3317 2436 oppugnandos
3365 2364 3648 2423 hmreticos
3687 2370 4012 2424 advocatum

2447 2455 2611 2509 fuisse
2646 2472 2659 2509 ι
2697 2457 2778 2509 vel
2801 2472 2922 2511 cum
2962 2459 3091 2512 dicit
3140 2469 3358 2512 mortuo
3400 2458 3696 2511 Athanasio
3730 2477 3742 2512 :
3784 2458 4012 2514 Cuinam

2444 2551 2683 2619 deinceps
2727 2549 3085 2603 Ecclesiarum
3121 2568 3305 2604 curant
3342 2552 3675 2620 deferamus?

2518 2641 2622 2696 Sed
2666 2641 2956 2694 'l'laeilem
2999 2653 3052 2695 et
3096 2644 3395 2710 expeditam
3437 2643 3840 2712 responsionem
3888 2657 4020 2711 snp-

2446 2736 2706 2804 peditant,
2745 2750 2864 2788 eum
2921 2735 3032 2802 ipsa
3087 2735 3435 2789 Catsariensis
3468 2737 3730 2801 Ecclesia,
3783 2736 4015 2805 quzejus

2445 2828 2787 2882 cxarehicum
2817 2826 3067 2890 habebat,
3098 2835 3207 2878 tum
3232 2825 3414 2878 Basilii
3441 2828 3492 2878 in
3517 2828 3615 2880 hac
3644 2827 3885 2884 Ecclesia
3917 2845 4016 2882 an-

2447 2922 2692 2987 ctoritas,
2729 2934 2884 2987 quem
2914 2918 3208 2986 Gregorius
3242 2917 3611 2975 Nazianzenus
3642 2919 3718 2990 (It)
3754 2929 4008 2984 testatur,

2446 3013 2545 3065 etsi
2572 3011 2828 3066 cathedra
2875 3011 3208 3075 inferiorem,
3253 3013 3505 3067 Ecclesia:
3549 3014 3834 3082 imperium
3873 3014 4016 3067 obti-

2446 3098 2645 3150 nuisse.
2681 3098 2773 3151 llis
2807 3099 2942 3153 adde
2977 3106 3212 3153 maxima
3247 3102 3470 3168 ingenii,
3505 3102 3786 3168 doctrina),
3811 3112 3867 3156 et
3904 3101 4016 3155 vir-

2445 3188 2574 3240 tutis
2600 3199 2938 3253 ornamenta,
2964 3191 3160 3257 quibus
3187 3192 3421 3258 episcopi
3449 3202 3652 3245 tantum
3680 3193 4014 3255 tribuebant,

2450 3290 2505 3331 ut
2531 3295 2651 3331 eum
2688 3280 2861 3331 adhuc
2892 3279 3145 3333 lectorem
3179 3280 3695 3349 ConstantinOpolim
3723 3282 3789 3334 ad
3813 3282 4016 3336 verita-

2453 3371 2518 3423 tis
2548 3369 2911 3424 defensionem
2954 3370 3373 3446 accersivprint,
3411 3381 3464 3423 et
3502 3387 3620 3424 cum
3646 3386 3709 3426 eo
3739 3372 3805 3426 de
3831 3375 4011 3428 maxi-

2452 3462 2554 3513 mis
2617 3462 2775 3516 rebus
2833 3461 3186 3531 Lampsacum
3252 3459 3545 3530 profecturi
3616 3463 4012 3520 deliberarent.

2451 3553 2585 3615 Quid
2611 3557 2802 3606 mirum
2839 3556 2881 3609 si
2925 3557 3202 3625 presbyter
3229 3556 3421 3618 lactus,
3447 3571 3567 3610 cum
3590 3557 3852 3626 plurimas
3884 3573 4019 3628 par-

2453 3653 2530 3697 tes
2560 3647 2800 3711 regendae
2833 3648 3084 3701 Ecclesiae
3134 3648 3480 3702 Czesariensis
3506 3650 3843 3714 sustineret,
3907 3666 4019 3704 non

2451 3733 2699 3787 minimas
2723 3735 2884 3788 etiam
2913 3739 2964 3788 in
3004 3739 3090 3799 iis,
3125 3754 3243 3806 qua:
3276 3739 3344 3792 ad
3387 3741 3736 3794 exnrehicum
3760 3741 3852 3810 jus
3889 3757 4018 3809 per-

2453 3826 2716 3889 tinebant,
2744 3825 3057 3879 sustinuerit
3086 3829 3107 3879 7

2521 3917 2577 3969 2°
2605 3916 2733 3970 Illud
2756 3932 3064 3971 asseverare
3092 3932 3398 3985 possumus,
3435 3917 3564 3972 nihil
3591 3919 3675 3973 his
3701 3918 3899 3973 litteris
3931 3920 4019 3973 in-

2451 4023 2590 4071 esse,
2615 4010 2756 4078 qnod
2792 4009 3147 4078 episcopalem
3176 4011 3552 4064 auctoritatem
3586 4011 3898 4065 necessario
3922 4012 4018 4065 de-

2451 4101 2647 4165 signet.
2677 4101 2864 4153 Nonne
2891 4103 3032 4155 enim
3067 4101 3352 4170 presbyter
3382 4111 3437 4154 et
3470 4102 3742 4171 perpetuis
3785 4104 4021 4172 negotiis

2451 4190 2676 4243 detineri
2698 4190 2894 4257 potuit,
2923 4201 2975 4242 et
2996 4190 3207 4243 insidiis
3233 4192 3570 4245 inimicorum
3591 4193 3811 4261 appeti?
3842 4194 4024 4258 Quan-

2449 4296 2609 4350 quam
2645 4282 2856 4350 negotia
2885 4282 2970 4334 illa
3012 4299 3114 4336 non
3141 4284 3376 4346 aliunde,
3412 4299 3570 4350 quam
3601 4299 3664 4338 ex
3690 4282 3846 4338 'l'ame
3880 4295 4010 4340 tunc

2450 4384 2729 4442 grassante
2769 4374 3102 4439 oriebantur,
3145 4376 3196 4428 id
3240 4375 3380 4441 quod
3417 4376 3594 4428 minus
3627 4375 4015 4430 animadvertit

2449 4466 2869 4520 Tillemontins:
2914 4466 3123 4520 insidia:
3157 4481 3260 4518 non
3313 4467 3483 4532 magis
3527 4467 3806 4530 Basiliam,
3851 4483 4017 4535 quam

787 4549 967 4603 missis
993 4566 1135 4604 anno
1165 4549 1286 4604 δη.
1317 4553 1620 4617 Quinetiam
1648 4557 1714 4609 ab
1743 4558 1965 4612 Atarbio
2014 4558 2090 4628 (ά)
2131 4575 2347 4614 sucees-
2381 4573 2424 4628 ι)
2455 4557 2623 4625 ipsam
2650 4557 3038 4610 Caesariensem
3063 4556 3358 4609 Ecclesiam
3387 4557 3634 4611 videntur
3657 4559 3898 4627 petiisse.
3927 4559 4022 4611 Sc-

784 4655 908 4694 sore
941 4641 1170 4696 Musonii
1198 4646 1545 4713 gravissimas
1585 4648 1861 4704 molestias
1900 4652 2100 4706 Basilio
2139 4655 2350 4708 exhibi-

785 4741 869 4781 tas
908 4730 1214 4786 videbimus
1268 4749 1373 4787 non
1406 4735 1572 4789 multo
1625 4748 1747 4806 post
1799 4739 2008 4795 Pascha
2054 4743 2180 4796 anni
2223 4743 2347 4798 575.

785 4820 987 4874 Eodem
1037 4825 1164 4875 anni
1198 4823 1306 4878 575
1351 4835 1590 4896 tempore
1633 4830 1709 4883 sic
1746 4832 2033 4900 compellat
2067 4833 2349 4889 Neocaesa-

785 4917 994 4966 rienses
1026 4912 1096 4984 (ε)
1135 4931 1149 4968 :
1191 4914 1364 4968 Multo
1387 4927 1611 4979 tempore
1644 4922 1778 4972 inter
1805 4939 1895 4976 nos
1935 4924 2199 4991 siluimus,
2229 4926 2347 4988 fra-

785 5011 910 5052 tres.
943 5001 1205 5066 Qucritur
1229 5004 1429 5059 ibidem
1463 5009 1600 5075 quod
1632 5024 1816 5062 eorum
1869 5011 2148 5066 iracundia
2181 5023 2348 5069 totam

789 5094 1025 5148 hominis
1054 5105 1265 5149 aetatem
1302 5099 1577 5164 perduret.
1612 5095 1746 5154 Num
1784 5102 1861 5156 sic
1907 5103 2122 5158 locutus
2180 5118 2347 5171 esset,

788 5185 832 5237 si
865 5201 1002 5238 anno
1025 5187 1128 5240 575
1160 5197 1389 5241 exeunte
1419 5199 1514 5242 aut
1550 5192 1767 5248 ineunte
1810 5193 1935 5260 574,
1969 5197 2203 5250 nondum
2232 5199 2349 5253 ulla:

787 5277 1118 5332 exstitissent
1138 5280 1242 5333 odii
1268 5281 1714 5353 signiﬁcationes,
1739 5299 1936 5356 eosque
1964 5297 2089 5342 tunc
2109 5289 2349 5360 episcopi

859 5535 934 5601 (τι)
962 5535 1053 5602 rp.
1085 5537 1202 5599 ise,
1238 5539 1356 5602 158,
1389 5541 1507 5596 ιιι.

859 5604 930 5674 (b)
973 5604 1076 5656 Vit.
1105 5606 1272 5660 Macr.
1309 5628 1357 5678 ιι.
1400 5616 1510 5664 187.

862 5675 930 5728 tc‘i
966 5675 1059 5728 Et).
1086 5678 1173 5728 9‘2.

862 5675 930 5740 te)
966 5675 1059 5741 Hp.
1086 5678 1173 5728 9‘2.

863 5742 935 5809 (tl)
969 5745 1064 5812 Ep.
1097 5746 1214 5800 1‘26.

865 5819 933 5880 (ε)
965 5813 1057 5883 Ep.
1082 5818 1205 5884 2M,
1246 5837 1297 5876 ιι.
1332 5826 1380 5879 1.

2453 4649 2627 4704 cernit
2657 4663 2713 4702 se
2740 4650 2806 4702 ab
2834 4649 3099 4718 episc0pis
3125 4649 3374 4711 Basilius,
3404 4665 3527 4704 cum
3560 4651 3634 4702 ait
3665 4651 3715 4704 in
3751 4651 3911 4720 epist.
3950 4650 4019 4703 ad

2456 4738 2742 4793 Eusebium
2782 4741 2818 4806 (i
2844 4742 2884 4806 ),
2920 4740 3148 4792 (luntres
3176 4738 3524 4802 cunctamini,
3560 4750 3666 4794 etc.
3703 4740 3758 4794 In
3789 4739 4019 4804 epistola

2454 4829 2518 4882 ad
2560 4829 2914 4882 Athanasium
2969 4830 3042 4898 (j)
3093 4831 3222 4882 nihil
3278 4845 3408 4882 sane
3447 4830 3834 4894 animadverto,
3873 4832 4020 4897 quod

2454 4922 2708 4974 Basilium
2748 4922 2952 4975 honore
2996 4937 3176 4989 parem
3222 4922 3518 4976 Athanasio
3574 4921 3740 4976 fuisse
3791 4921 4020 4978 indicet.

2456 5014 2565 5067 lmo
2593 5015 2838 5082 queritur
2867 5016 3094 5082 quod,se
3133 5014 3467 5070 Athanasius
3501 5031 3604 5070 non
3643 5014 4019 5077 accersiverit.

2457 5117 2514 5159 ut
2539 5108 2738 5160 doloris
2773 5122 2965 5160 causas
2992 5107 3257 5160 indicaret
3285 5121 3299 5159 :
3331 5113 3473 5176 quod
3525 5105 3770 5175 profecm
3795 5106 4016 5175 episco-

2455 5215 2554 5268 pus
2579 5199 2926 5253 Cmsariensis
2959 5215 3062 5252 non
3099 5200 3323 5254 dixisset
3375 5202 3683 5269 Ancyrano,
3719 5213 3841 5252 cum
3881 5215 4022 5269 pra:-

2457 5291 2643 5345 sertim
2671 5291 2908 5344 Ecclesia
2943 5290 3291 5347 Ctesat'ieusis
3330 5291 3452 5360 jura
3488 5289 3777 5346 exarehiea
3812 5290 3865 5344 in
3906 5289 4012 5345 Ga-

2527 5553 2592 5620 (I)
2626 5552 2742 5605 Not.
2773 5554 2839 5606 65
2867 5557 2918 5606 in
2943 5555 3102 5610 Basil.

2532 5624 2604 5688 (ῃ)
2638 5622 2732 5687 Ep.
2759 5624 2848 5686 28,
2880 5643 2930 5680 ιι.
2966 5627 3017 5680 9..

2531 5695 2607 5763 (lt)
2758 5693 2846 5745 (30.

2530 5761 2593 5829 (ἱ)
2641 5761 2735 5829 Ep.
2765 5763 2855 5815 9.0.

2530 5832 2596 5900 (j)
2639 5831 2732 5899 Ep.
2759 5833 2847 5885 es.
