4206 6502
1578 439 1737 497 ἮΤΑ
1775 440 1831 494 S.
1870 437 2127 495 BASILII.

3369 457 3461 496 LIII

205 552 364 611 iniam
403 557 794 613 extenderet.
830 560 990 615 Ridet
1035 559 1247 628 quidem
1297 558 1581 612 Athanasii
1632 561 1804 613 minas
1834 564 1877 618 Λ
1909 573 2028 610 crcs
2055 556 2266 609 habenti
2304 556 2394 626 (ε),
2454 568 2503 611 et
2540 555 2928 627 episcopalibus
2968 555 3109 610 ruris
3154 552 3463 621 jamdudum

213 648 444 705 Basilius.
468 645 587 702 Sed
612 664 762 703 num
793 666 1019 707 necesse
1052 650 1147 701 fuit
1173 664 1294 704 eum
1318 649 1625 717 episcopum
1659 662 1801 712 esse,

222 753 270 794 ut
292 757 340 793 se
375 739 561 793 minas
614 740 818 798 ridere
845 745 1070 803 diceret,
1116 756 1213 797 nec
1249 744 1384 793 adeo
1408 754 1630 805 puerum
1660 754 1803 802 esse,

232 834 408 886 utth
456 833 731 887 terricnla
792 832 1081 888 formidet?
1115 832 1297 903 Neque
1337 831 1499 883 etiam
1526 832 1805 901 episcopa-

240 928 328 977 lem
351 925 736 979 auctoritatem
762 924 867 977 sibi
894 924 1171 990 arrogabat
1200 924 1300 991 (a),
1324 936 1442 975 cum
1468 925 1679 976 nomine
1695 920 1806 987 cpi-

245 1016 376 1080 scopi
408 1017 515 1080 sui,
544 1018 639 1087 qui
683 1017 805 1083 ipso
832 998 1133 1069 dominante
1166 1014 1428 1067 dominari
1479 1016 1578 1068 sibi
1604 1014 1806 1068 videba-

249 1116 341 1167 tur,
364 1106 567 1163 vicinos
602 1107 895 1174 episcopos
928 1109 992 1158 ad
1032 1105 1401 1160 defensionem
1435 1107 1679 1161 veritatis
1712 1105 1804 1157 ad-

250 1208 474 1262 vocaret,
506 1200 684 1265 iisque
719 1212 904 1251 curam
946 1196 1305 1251 Ecclesiarum
1335 1195 1587 1252 delerret.

310 1290 373 1344 ν.
404 1289 670 1345 Cresarius
699 1288 942 1359 Gregorii
974 1288 1291 1341 Naziauzcui
1318 1286 1503 1352 frater,
1533 1302 1672 1341 anno
1703 1287 1804 1341 ’568

245 1398 276 1436 e
307 1383 493 1436 Nicaxe
532 1381 704 1437 ruinis
736 1381 1051 1436 mirabiliter
1094 1391 1355 1445 servatus,
1410 1383 1499 1435 Dei
1544 1380 1804 1434 beneficio

244 1474 306 1526 ad
355 1472 549 1527 anima:
581 1475 806 1528 salutem
841 1474 940 1535 uti,
977 1482 1027 1524 et
1066 1487 1093 1524 a
1124 1474 1430 1541 reipubliczn
1465 1473 1807 1527 administras

246 1561 389 1613 tione
442 1564 692 1616 recedere
725 1569 984 1614 statuerat
1015 1559 1109 1631 (li).
1154 1562 1255 1617 Sed
1292 1561 1545 1633 prmclaro
1586 1562 1807 1615 consilio

246 1666 388 1704 mors
416 1652 628 1708 obstitit
665 1651 821 1719 paulo
861 1658 977 1719 post
1020 1656 1419 1723 superveniens.
1460 1653 1646 1707 Mortui
1689 1670 1808 1725 pre-

247 1744 527 1798 tiosissima
556 1758 779 1813 qu:eque
807 1756 859 1800 et
880 1749 1017 1801 servi
1044 1758 1095 1801 et
1117 1747 1201 1800 alii
1229 1746 1471 1801 homines
1502 1748 1669 1802 servis
1702 1763 1804 1802 non

247 1836 492 1888 meliores
524 1835 810 1903 diripuere,
848 1852 908 1890 ac
942 1839 1258 1905 paucissima
1300 1835 1604 1906 parentibus
1635 1855 1806 1895 reser-

245 1935 453 1989 varunt,
486 1941 603 1994 qua:
629 1930 807 1981 statim
838 1929 1153 1997 pauperibus
1175 1928 1453 1983 distributa
1480 1942 1621 1986 sunt.
1670 1932 1801 1987 Cum

242 2016 383 2067 cnint
435 2016 671 2071 moriens
715 2018 935 2071 dixisset
969 2017 1228 2074 Cmsarius
1306 2019 1425 2074 Mea
1477 2024 1649 2074 omnia
1690 2022 1803 2073 volo

242 2118 347 2160 esse
376 2123 663 2177 pauperum
688 2150 701 2172 ,
733 2109 898 2163 frater
922 2108 1059 2165 illius
1088 2111 1393 2182 Gregorius,
1425 2114 1490 2167 ad
1530 2129 1687 2181 quem
1726 2122 1805 2166 to-

244 2207 293 2250 ta
318 2200 510 2253 domus
531 2200 830 2253 sollicitudo
856 2201 1075 2268 redibat,
1099 2206 1241 2272 pium
1267 2206 1572 2257 mandatmn
1596 2220 1802 2259 summa

242 2290 498 2359 religione
548 2291 795 2358 perfecit.
832 2292 937 2348 Sed
972 2296 1130 2349 simul
1172 2295 1417 2362 prodiere
1456 2298 1801 2351 commentitii

242 2379 457 2447 quidam
493 2376 807 2449 creditores,
837 2388 923 2452 qui
949 2385 1225 2451 pecuniam
1259 2398 1286 2437 a
1323 2399 1381 2438 se
1404 2383 1690 2439 Czesarium
1714 2403 1803 2441 ac-

240 2470 446 2540 cepisse
492 2473 748 2527 dicerent.
790 2471 884 2527 His
916 2474 1091 2526 statim
1134 2473 1514 2527 numerabatur
1550 2476 1802 2544 quidquid

239 2564 511 2631 petebant,
561 2566 793 2632 quandiu
840 2564 941 2617 fuit
991 2564 1130 2617 unde
1177 2562 1607 2630 absolverentur;
1667 2570 1806 2623 Unde

241 2655 525 2707 nonnullos
554 2654 865 2721 ptenitebat,
902 2656 1040 2724 quod
1076 2654 1192 2723 plus
1225 2672 1330 2711 non
1370 2660 1667 2728 petiissent.
1699 2658 1804 2713 Sed

239 2764 358 2804 cum
390 2750 627 2817 quotidie
656 2751 914 2820 ejusmodi
953 2756 1313 2824 sycophantae,
1349 2756 1462 2810 sive
1496 2757 1806 2823 improbita-

240 2847 312 2901 te,
333 2840 447 2893 sive
470 2848 768 2911 temporum
795 2844 1007 2899 miseria
1037 2857 1277 2911 cogente,
1298 2856 1559 2913 peterent,
1591 2859 1807 2903 necesse

240 2925 336 2982 fuit
362 2943 577 2997 negare.
608 2930 892 2999 Repulsatn
924 2933 1060 2999 passi
1096 2932 1216 2986 lites
1242 2934 1551 3001 intulerunt,
1577 2950 1642 2990 ac
1665 2934 1806 2991 Gre-

238 3021 448 3088 gorium
476 3021 529 3073 in
562 3022 826 3076 maximas
848 3038 1111 3078 aerumnas
1137 3024 1499 3092 coniecerunt.

302 3107 559 3173 Basilius,
590 3111 680 3178 qui
721 3125 806 3165 res
843 3111 1095 3167 adversas
1128 3113 1371 3185 Gregorii
1406 3132 1529 3171 suas
1557 3121 1803 3188 proprias

238 3215 354 3256 esse
375 3201 977 3267 ducebat,commendat
1003 3203 1141 3259 illius
1161 3219 1372 3260 causam
1394 3204 1692 3275 SOpbronio
1714 3226 1806 3264 ur-

241 3294 317 3350 bis
330 3294 943 3365 Constantinopolitanae
959 3295 1226 3366 praefecto.
1244 3296 1583 3352 Demonstrat
1604 3308 1655 3353 et
1678 3315 1735 3355 se
1753 3311 1806 3355 et

241 3386 557 3455 Gregorium
583 3386 635 3439 in
658 3386 915 3453 ejusmodi
940 3388 1163 3455 negotiis
1185 3388 1420 3455 hospites
1436 3404 1553 3443 esse
1584 3401 1637 3445 et
1661 3405 1806 3460 pere-

238 3475 451 3541 grinos;
478 3473 827 3542 quamobrem
848 3472 1132 3540 Sophronii
1158 3473 1447 3541 prudentiae.
1466 3479 1803 3530 statuendum

239 3562 513 3632 relinquit,
570 3562 709 3631 quod
739 3563 996 3631 optimum
1034 3561 1174 3617 factu
1207 3564 1299 3627 sit,
1342 3573 1399 3618 ut
1429 3564 1511 3620 his
1551 3566 1806 3623 molestiis

237 3654 551 3709 liberentur.
590 3654 852 3709 Gazterum
911 3663 1062 3725 rcgat
1101 3662 1159 3708 ut
1209 3670 1270 3710 ea
1323 3656 1389 3709 de
1436 3670 1491 3711 re
1536 3667 1659 3727 agat
1684 3674 1801 3712 cum

235 3749 430 3803 comite
447 3748 839 3811 thesaurorum,
859 3762 923 3801 ac
946 3746 1186 3817 Gregorii
1216 3748 1393 3803 verbis
1423 3749 1657 3803 declarat
1682 3764 1802 3803 eum

233 3851 479 3909 paratum
527 3855 651 3895 esse
695 3840 951 3909 quidquid
987 3840 1053 3894 de
1090 3840 1245 3894 bouis
1281 3839 1494 3894 Caasarii
1542 3838 1801 3907 reliquum

234 3941 335 3995 est,
407 3934 604 3987 aerario
665 3932 877 3997 cedere,
943 3932 1100 3986 modo
1157 3944 1413 3999 patronus
1474 3929 1647 3982 terarii
1720 3943 1803 3983 re-

233 4025 495 4093 spondeat
554 4025 620 4078 iis
676 4023 1148 4092 quiadoriuntur,
1205 4031 1259 4077 et
1312 4022 1653 4092 probationes
1717 4037 1802 4077 re-

231 4116 435 4186 quirat.

302 4209 358 4263 ln
394 4208 640 4264 eamdem
688 4209 888 4279 scripta
924 4210 1243 4266 sententiam
1284 4206 1503 4278 epistola
1544 4220 1796 4275 sequens,

231 4314 393 4369 quam
461 4298 641 4355 minus
704 4301 980 4355 commode
1041 4300 1411 4355 Tillemontius
1472 4307 1527 4352 et
1575 4297 1660 4350 alii
1715 4312 1799 4351 re-

230 4385 412 4440 ferunt
453 4387 522 4441 ad
555 4387 766 4457 negotia
806 4386 1060 4457 Gregorio
1102 4388 1342 4452 stseno
1385 4386 1621 4441 exhibita
1661 4399 1801 4439 anno

231 4478 356 4533 575.
402 4481 527 4549 Agit
565 4482 706 4536 enim
750 4482 815 4537 de
856 4483 1041 4536 iisdem
1083 4496 1302 4551 prorsus
1351 4483 1505 4535 rebus
1555 4496 1617 4535 ac
1668 4496 1800 4549 pra:-

230 4574 451 4627 cedens.

301 4663 357 4716 ln
390 4674 619 4732 utraque
648 4661 869 4731 epistola
914 4660 1201 4732 Gregorius
1240 4672 1457 4717 vocatur
1497 4664 1795 4732 episcopus,

231 4766 407 4822 neque
441 4750 545 4806 hac
568 4750 620 4804 in
652 4766 708 4806 re
744 4752 1053 4820 discrepant
1093 4753 1438 4820 manuscripti
1480 4754 1692 4807 codices
1731 4756 1797 4808 ab

227 4844 407 4896 editis.
453 4842 561 4896 Sed
599 4841 696 4896 has
741 4857 896 4897 voces
942 4842 1164 4911 margini
1204 4844 1468 4911 appositas
1510 4843 1693 4907 fuisse,
1740 4854 1798 4899 ut

230 4932 486 5004 Tbeologi
522 4944 674 5004 pater
718 4934 1107 5003 designaretur,
1137 4950 1200 4989 ac
1240 4936 1361 4989 inde
1406 4936 1456 4988 iu
1490 4946 1793 4990 contextum

234 5024 541 5093 irrepsisse.
562 5025 746 5079 multis
778 5027 1037 5080 rationum
1071 5028 1353 5082 momentis
1383 5027 1652 5094 probatur.
1679 5027 1792 5082 Non

229 5116 372 5169 enim
417 5116 483 5168 de
514 5115 772 5188 Gregorio
808 5118 1056 5186 episcolto
1096 5120 1270 5189 agitur
1316 5120 1366 5172 in
1406 5119 1487 5172 bis
1533 5120 1792 5185 epistoiis,

229 5206 321 5259 sed
365 5208 429 5261 de
476 5205 591 5273 ejus
639 5206 767 5269 lilio,
790 5208 877 5276 qui
912 5210 1144 5261 nondum
1191 5209 1469 5279 episcopus
1503 5219 1635 5261 erat.
1669 5212 1720 5263 ι’
1747 5210 1792 5263 Is

231 5312 384 5364 quem
435 5300 770 5353 commendat
807 5298 1052 5363 Basilius,
1083 5316 1282 5369 pauper
1312 5311 1447 5363 erat,
1474 5300 1791 5369 jamdudum

233 5388 389 5440 vitam
425 5387 663 5456 quietam
698 5404 853 5458 agere
877 5399 1155 5454 statuerat,
1190 5400 1369 5443 vetere
1401 5406 1519 5443 cum
1546 5389 1784 5460 Sophro-

232 5477 318 5532 nio
351 5488 405 5532 et
432 5478 669 5547 Aburgio
698 5478 930 5534 amicitia
952 5480 1266 5548 caujunctus
1296 5490 1431 5535 erat.
1462 5479 1582 5535 Haec
1612 5490 1787 5534 autem

233 5568 445 5625 minime
478 5578 784 5640 congruunt
822 5568 1080 5642 Gregorio
1118 5572 1255 5641 patri
1298 5585 1425 5641 opes
1461 5587 1563 5627 non
1596 5573 1792 5628 medio—

297 5723 369 5790 (α)
408 5722 535 5776 Naz.
562 5738 645 5788 ep.
677 5720 771 5776 25.

296 5794 365 5862 (ὁ)
403 5791 531 5847 Naz.
558 5808 639 5847 or.
674 5794 760 5844 tt).

496 5889 779 5949 Ρλτιιοι..
810 5887 928 5947 tia.
960 5884 1201 5948 XXIX.

1906 648 2149 700 districto
2175 659 2225 701 et
2253 649 2319 701 ab
2347 656 2502 703 aetate
2531 648 2814 719 Sophronii
2844 656 2895 700 et
2922 650 3133 719 Aburgii
3170 650 3465 704 remotissi-

1907 756 2015 794 mo.
2057 738 2122 791 At
2147 740 2413 809 quadrant
2444 743 2639 809 optime
2671 741 2963 809 Theologo,
2994 742 3079 806 qui
3110 742 3360 796 omnibus
3386 758 3467 795 re-

1908 830 2003 880 bus
2042 841 2158 879 sese
2188 829 2478 881 nudaverat
2511 839 2564 880 et
2606 830 2951 884 monasticam
2988 829 3146 884 vitam
3182 830 3467 900 profiteba-

1908 929 2083 983 tur,ct
2108 919 2394 988 Sophronii
2427 935 2488 973 ac
2511 919 2960 991 Aburgiiaequalis
2986 930 3117 973 erat.
3149 922 3203 975 2ο
3234 923 3465 977 Theolo-

1906 1027 2003 1082 gus
2032 1026 2151 1065 cum
2175 1011 2333 1065 totius
2366 1020 2601 1079 paterna:
2623 1011 2809 1067 domus
2831 1028 3033 1078 curam,
3068 1021 3176 1065 tum
3205 1015 3468 1083 inprimis

1906 1101 2063 1170 hujus
2094 1101 2449 1157 tnolestissimi
2488 1102 2681 1170 negotii
2716 1106 2915 1172 pondus
2937 1105 3211 1167 sustinuit,
3259 1114 3315 1156 ιιι
3345 1121 3465 1173 per-

1906 1195 2036 1261 spici
2068 1202 2239 1261 potest
2262 1208 2325 1246 ex
2351 1192 2466 1258 ejus
2490 1194 2727 1246 carmine
2760 1193 2824 1247 de
2856 1197 3009 1250 rebus
3040 1196 3170 1251 suis.
3205 1194 3340 1249 [line
3362 1206 3469 1250 sta-

1908 1285 2001 1337 tim
2064 1290 2225 1353 atque
2285 1285 2451 1337 audiit
2525 1282 2706 1339 fratris
2766 1288 2901 1339 bona
2977 1288 3155 1355 diripi,
3234 1288 3469 1357 patroci-

1909 1375 2051 1427 nium
2109 1374 2394 1445 Sophronii
2440 1374 2758 1444 imploravit,
2802 1378 2957 1446 eique
2996 1378 3208 1447 scripsit
3268 1379 3468 1448 episto»

1908 1467 2013 1520 lam
2042 1471 2126 1521 18.

1982 1559 2076 1614 Vix
2112 1572 2284 1617 autem
2314 1561 2529 1616 dubium
2577 1571 2695 1611 esse
2737 1560 2903 1625 possit
2947 1561 3073 1628 quin
3116 1561 3195 1615 hat
3233 1564 3467 1630 (ξρῑειοιςε

1909 1659 2033 1704 ante
2062 1652 2423 1719 episcopatum
2452 1650 2629 1704 Basilii
2666 1649 2878 1717 scripta:
2910 1651 3032 1705 s'int.
3062 1652 3285 1722 Scripta:
3324 1660 3465 1710 enint

1908 1751 2031 1795 sunt
2064 1756 2166 1794 non
2203 1742 2368 1795 multo
2400 1750 2519 1809 post
2546 1751 2769 1794 mortem
2795 1740 3037 1804 Caesarii,
3076 1745 3164 1810 qui
3198 1761 3337 1799 anno
3366 1747 3468 1801 368

1908 1845 2137 1889 exeunte
2197 1844 2289 1888 aut
2333 1835 2436 1887 369
2476 1833 2688 1886 ineunte
2728 1833 2892 1897 obiit;
2946 1833 3209 1903 siquidem
3240 1838 3468 1904 spatium

1910 1941 2010 1979 non
2040 1926 2221 1981 habuit
2245 1940 2303 1981 ea
2329 1924 2662 1995 perficiendi,
2699 1938 2819 1992 qua:
2852 1932 3087 1999 tempore
3108 1926 3329 1995 periculi
3360 1935 3470 1982 sta-

1909 2022 2105 2071 luerat.
2136 2015 2243 2071 Nec
2277 2030 2404 2069 sane
2430 2010 2717 2069 verisimile
2746 2022 2827 2070 est
2869 2016 3266 2073 commentitios
3293 2019 3469 2073 credi.

1911 2113 2075 2169 tores,
2106 2108 2195 2174 qui
2222 2107 2512 2159 bislitteris
2540 2107 2815 2160 materiam
2844 2108 3125 2173 dederunt,
3154 2109 3241 2161 diu
3270 2110 3471 2164 OtiOsus

1905 2197 2126 2260 sedisse,
2177 2211 2238 2250 ac
2281 2213 2383 2251 non
2436 2198 2615 2250 statim
2666 2196 3000 2253 occasionem
3059 2202 3370 2272 arripuisse.
3413 2202 3467 2258 lu

1905 2290 2140 2342 Carmine
2181 2287 2421 2359 Gregorii
2482 2290 2545 2341 de
2590 2288 2747 2342 rebus
2782 2289 2911 2351 suis,
2939 2291 3077 2357 quod
3122 2303 3241 2345 ante
3268 2311 3464 2348 annum

1905 2380 2008 2433 572
2033 2382 2277 2435 colloca'ri
2315 2382 2491 2448 debet,
2519 2380 2645 2450 quia
2686 2381 2824 2433 nulla
2858 2381 2926 2434 ibi
2968 2384 3167 2437 mentio
3199 2399 3468 2438 aerumna-

1905 2485 2021 2523 rum
2045 2470 2445 2537 Sasimensium,
2495 2488 2597 2527 non
2630 2482 2805 2527 tamen
2844 2473 3010 2525 multo
3045 2484 3191 2540 ante,
3220 2476 3339 2544 quia
3377 2492 3467 2533 ca-

1908 2577 2003 2615 nos
2025 2571 2077 2615 et
2106 2576 2262 2631 rugas
2287 2576 2701 2629 commemorat;
2732 2566 2782 2618 in
2810 2564 2931 2628 hoc,
2962 2564 3201 2633 inquam,
3231 2570 3470 2621 carmine

1909 2654 2202 2718 molestias,
2239 2667 2355 2723 quae
2397 2654 2577 2708 fratris
2619 2665 2840 2709 mortem
2884 2666 3077 2711 secuta:
3114 2669 3260 2723 sunt,
3306 2661 3471 2715 inter-

1906 2746 2030 2801 dum
2086 2755 2142 2799 ut
2189 2746 2484 2815 prmteritas
2528 2743 2703 2808 deflet,
2756 2745 3023 2799 interdum
3065 2757 3123 2800 ut
3154 2761 3466 2815 prmsentes.

1909 2835 2015 2890 Sed
2048 2837 2149 2890 hoc
2184 2834 2321 2889 forte
2351 2836 2687 2889 tribuendum
2725 2837 2978 2890 carminis
3018 2836 3269 2905 licentiae;
3308 2850 3471 2909 atque

1906 2927 2113 2981 etiamsi
2158 2927 2390 2981 nondum
2442 2941 2581 2982 anno
2611 2927 2708 2981 371
2761 2926 3042 2981 defunctus
3097 2928 3179 2983 his
3220 2932 3472 2987 aerumnis

1908 3017 2095 3073 fuisset
2134 3021 2456 3087 Gregorius;
2502 3032 2605 3073 non
2656 3017 2856 3072 idcirco
2916 3016 3151 3088 epistola:
3184 3018 3362 3076 Basilii
3399 3024 3469 3077 ad

1906 3110 2009 3165 hoc
2054 3119 2260 3178 tempus
2297 3108 2603 3165 ditierenda:
2646 3120 2856 3163 essent'
2917 3098 3031 3164 sed'
3060 3112 3327 3179 negotium
3378 3113 3469 3167 diu

1908 3205 2233 3267 protractum
2278 3198 2444 3251 videri
2480 3198 2717 3253 deberet.

1985 3289 2070 3344 Vl.
2105 3288 2319 3343 Solutus
2357 3291 2566 3344 tandem
2600 3289 2936 3360 gravissimis
2968 3290 3111 3346 curis
3144 3288 3372 3349 Basilius
3404 3276 3471 3349 ad

1913 3380 2245 3450 complexum
2296 3380 2509 3435 Eusebii
2550 3380 2940 3437 Samosatensis
2983 3385 3304 3453 properavit.
3352 3384 3471 3440 Jam

1912 3488 2029 3529 sese
2057 3474 2156 3529 hoc
2196 3474 2459 3543 promisso
2485 3473 2845 3529 obstrinxerat
2882 3475 3151 3542 praeterito
3192 3490 3377 3543 anno;
3412 3492 3474 3531 ac

1912 3582 2088 3622 moras
2129 3566 2341 3635 quidem
2371 3567 2537 3621 fames
2579 3575 2632 3621 et
2661 3566 2834 3621 morbi
2875 3574 2927 3619 et
2951 3564 3121 3621 hiems
3154 3566 3470 3631 attulerunt,

1910 3659 2001 3711 sed
2036 3670 2369 3724 nequaquam
2414 3657 2691 3711 consilium
2731 3655 3081 3726 infregeruut,
3134 3666 3191 3709 ut
3240 3661 3472 3727 perspici

1910 3754 2083 3815 potest
2122 3760 2185 3800 ex
2220 3745 2583 3814 superioribus
2615 3745 2872 3813 epistolis.
2899 3744 3076 3810 Quare
3113 3760 3216 3801 non
3252 3747 3471 3804 dubium

1908 3848 1990 3895 est
2014 3840 2141 3909 quin
2163 3840 2303 3909 quod
2333 3850 2435 3893 tam
2467 3851 2835 3893 asseveranter
2870 3841 3207 3909 promiserat,
3254 3850 3469 3911 tamque

1908 3931 2150 3986 sitienter
2188 3933 2591 4001 concupiverat,
2628 3932 2678 3987 id
2716 3948 2855 3987 anno
2898 3933 3002 3987 569
3052 3946 3335 3989 exsecutus
3378 3938 3467 3989 sit.

1908 4020 2168 4076 Praeterea
2195 4038 2257 4077 ex
2292 4024 2444 4092 epist.
2473 4022 2561 4085 54,
2586 4038 2703 4091 qua:
2728 4034 2851 4077 ante
2878 4026 3241 4093 episcopatum
3274 4026 3469 4095 scripta

1906 4120 2007 4176 est,
2034 4112 2284 4167 Basiliam
2308 4114 2359 4167 iu
2395 4112 2606 4166 Eusebii
2633 4128 2973 4181 congressum
3006 4114 3220 4170 venisse
3275 4130 3472 4183 cogno—

1906 4205 2124 4259 scimus.
2146 4204 2403 4258 Precatur
2432 4204 2573 4256 enim
2604 4202 2792 4267 Deum,
2818 4213 2873 4258 ut
2901 4206 2999 4259 sibi
3019 4208 3264 4275 dlgnetur
3283 4210 3469 4263 iterum

1904 4296 2174 4364 perutilem
2206 4294 2413 4347 Eusebii
2447 4310 2777 4364 congressum
2809 4299 3107 4351 concedere.
3147 4297 3282 4353 Hinc
3304 4300 3465 4354 etiam

1908 4387 1957 4439 in
1991 4402 2076 4454 ep.
2116 4384 2237 4448 157,
2286 4400 2404 4454 qua:
2448 4387 2645 4453 scripta
2683 4394 2765 4440 est
2797 4401 2935 4442 anno
2959 4388 3061 4443 375
3106 4398 3352 4453 exeunte,
3390 4391 3468 4444 sic

1907 4479 2189 4534 Eusebium
2243 4478 2533 4547 alloquitur
2564 4495 2577 4531 :
2609 4477 2777 4543 Quam
2812 4480 3019 4533 moleste
3048 4482 3228 4534 tulisse
3266 4498 3344 4533 me
3371 4498 3469 4550 pu-

1834 4599 1873 4652 ο
1909 4581 2007 4634 tu,
2038 4571 2175 4639 quod
2210 4580 2297 4623 tuo
2332 4586 2607 4638 congressu
2638 4572 2898 4639 prwterita
2942 4581 3121 4625 wstale
3168 4574 3469 4630 earuerim.’

1906 4664 2060 4732 Atqui
2088 4680 2147 4715 ne
2182 4661 2301 4715 aliis
2326 4662 2532 4731 quidem
2561 4663 2709 4717 annis
2732 4679 3036 4732 congressus
3077 4662 3198 4717 talis
3245 4666 3462 4732 exstitit,

1904 4754 2029 4806 mihi
2066 4764 2119 4805 ut
2147 4754 2436 4805 satietatem
2462 4754 2690 4820 a/ferret.
2740 4752 3030 4807 Eusebium
3073 4768 3200 4824 ergo
3237 4756 3465 4812 Basilius

1903 4861 2005 4899 non
2038 4845 2203 4899 semei
2236 4845 2444 4909 invisit;
2472 4846 2563 4899 sed
2590 4861 2711 4899 cum
2746 4844 2910 4899 semel
2946 4854 3146 4900 tantum
3179 4848 3229 4900 in
3257 4849 3466 4917 episco-

1902 4947 2025 5005 patu
2076 4938 2173 4990 hoc
2224 4936 2325 4990 iter
2362 4937 2679 5005 susceperit.
2742 4950 2931 5004 nempe
2978 4951 3116 4991 anno
3160 4938 3284 5003 572,
3322 4938 3466 4993 aliud

1902 5031 2072 5097 primo
2107 5029 2279 5083 itineri
2316 5037 2521 5095 tempus
2553 5026 2927 5097 assignandum
2958 5038 3043 5083 est
3089 5038 3211 5083 ante
3257 5030 3465 5099 episco-

1898 5132 2105 5190 patum.

1967 5212 2252 5279 Postquam
2300 5210 2457 5264 rediit
2503 5209 2731 5264 Basilius
2774 5209 2823 5263 in
2854 5208 3267 5278 Cappadociam,
3326 5223 3465 5263 nova

1895 5301 2172 5356 calamitas
2204 5298 2460 5353 Ecclesiis
2500 5300 2823 5368 supervenit,
2856 5314 2922 5353 ex
2966 5314 3074 5368 qua
3118 5296 3375 5367 majorem
3410 5300 3463 5353 in

1894 5392 2108 5445 modum
2137 5389 2413 5457 ingemuit.
2445 5389 2627 5443 Ariani
2660 5390 2799 5444 enim
2826 5388 3115 5443 Ecclesiam
3143 5387 3462 5443 Tarsensem

1896 5487 2301 5550 occupaverunt
2328 5479 2428 5551 (d),
2461 5496 2565 5535 uno
2590 5494 2653 5537 ex
2686 5481 2797 5535 suis
2839 5481 2892 5535 in
2914 5480 3053 5534 hanc
3086 5480 3263 5535 sedem
3289 5480 3461 5547 impo-

1896 5574 2000 5627 sito
2028 5583 2147 5640 post
2172 5581 2395 5625 mortem
2428 5570 2649 5641 Silvani,
2671 5574 2761 5642 qui
2790 5581 2915 5627 ante
2947 5573 3047 5627 iter
3076 5570 3256 5626 Basilii
3280 5570 3465 5633 Samo.

1975 5723 2044 5787 (c)
2087 5723 2211 5777 Naz.
2252 5740 2335 5793 ep.
2379 5726 2462 5779 i7.

1975 5797 2050 5865 (ιι)
2092 5796 2184 5864 Ep.
2211 5796 2293 5848 54.
