4206 6498
776 433 867 477 Liv

2107 417 2636 475 PROLEGOMENA.

771 551 1010 603 satense,
1054 538 1134 591 vel
1166 552 1267 590 non
1305 538 1467 591 ntulto
1516 544 1635 605 post
1669 537 1878 591 videtur
1906 536 2122 591 obiisse.
2176 540 2341 593 Suum
2376 549 2417 602 Α
2449 540 2677 593 Basilius
2709 540 2803 609 (In),
2828 554 3031 594 cumse
3071 542 3305 609 parentis
3344 541 3460 597 loco
3495 548 3844 602 constitutum
3880 547 4013 601 dicit

773 644 900 699 ergo
931 629 1165 684 dolorem
1203 627 1423 682 Basilius
1453 625 1682 680 Eusebio
1704 626 1990 695 signiﬁcat,
2030 628 2172 695 quod
2208 627 2338 679 civi-

773 730 856 779 tas
884 732 1026 776 tanta
1054 731 1267 791 tamque
1293 728 1589 789 opportune
1614 719 1737 783 sita,
1765 729 1822 773 ut
1854 719 2090 783 Isauros,
2122 718 2333 778 Cilices,

772 813 1118 882 Cappadoces
1148 822 1201 867 et
1233 811 1393 879 Syros
1420 824 1513 877 per
1535 809 1765 877 seipsam
1786 809 2153 877 conjungeret,
2179 810 2336 862 unius

772 915 863 959 aut
896 906 1121 961 duorum
1156 903 1429 958 hominum
1461 902 1765 955 temeritate
1790 902 1840 955 in
1868 902 2160 971 perniciem
2195 901 2335 955 nullo

771 999 988 1068 negotio
1028 999 1262 1066 conjecta
1295 1003 1458 1057 esset,
1502 995 1626 1048 dum
1663 993 1897 1063 episcopi
1925 994 2171 1049 catholici
2204 1009 2334 1045 cun-

768 1100 985 1145 ctantur
1041 1105 1102 1143 ac
1143 1086 1460 1148 deliberant,
1498 1093 1551 1137 ct
1588 1099 1707 1138 sese
1752 1083 1977 1137 invicem
2016 1082 2328 1151 reSpiciunt.

769 1180 990 1237 Fatetur
1038 1190 1209 1232 tamen
1266 1176 1459 1229 nullam
1503 1177 1617 1244 ejus
1675 1175 1750 1228 rei
1797 1176 2006 1241 culpam
2044 1172 2327 1227 Eusebium

768 1277 1055 1332 sustinere.
1087 1286 1184 1325 nec
1212 1269 1499 1337 quidquam
1532 1270 1597 1322 ab
1627 1282 1690 1321 eo
1717 1268 2160 1335 prmtermissum,
2187 1270 2328 1333 quod

768 1368 834 1421 ad
858 1364 1106 1418 Ecclesiae
1146 1363 1431 1416 utilitatem
1452 1362 1764 1429 pertineret.

838 1453 952 1508 Non
978 1464 1153 1507 tamen
1193 1454 1371 1507 evenit
1405 1451 1541 1519 quod
1581 1452 1852 1503 metuebat
1889 1448 2111 1501 Basilius
2133 1450 2229 1519 (at,
2264 1462 2327 1499 ne

767 1546 968 1615 periret
1012 1546 1245 1600 Ecclesia
1299 1542 1599 1599 Tarsensis.
1653 1539 1878 1595 Videtur
1910 1542 2049 1595 enim
2095 1542 2324 1594 maxima

764 1652 893 1707 pars
921 1636 1352 1706 presbyterorum
1388 1645 1570 1685 curam
1614 1631 1868 1685 Ecclesiae
1912 1633 2232 1700 suscepisse,
2273 1640 2323 1683 et

766 1744 863 1798 pro
890 1727 993 1779 fide
1028 1723 1285 1778 catholica
1318 1732 1533 1775 strenue
1558 1723 1859 1777 dimicasse.
1898 1722 2028 1775 Cum
2077 1723 2154 1774 eis
2178 1721 2326 1773 Basi-

763 1820 867 1873 lius
896 1814 1081 1870 eadem
1106 1813 1335 1867 amicitia
1371 1828 1423 1867 ct
1449 1812 1821 1866 communiene
1860 1810 2175 1877 coujunctus
2204 1809 2321 1873 fuit,

2446 638 2661 698 propter
2682 630 2994 698 dignitatem
3028 631 3169 685 illam
3198 634 3247 686 in
3276 647 3378 701 qua
3408 650 3435 686 a
3463 636 3687 694 Domino
3713 638 4011 696 collocatus

2443 730 2574 775 erat.
2623 719 2725 772 Sed
2770 736 2865 774 cur
2902 720 3207 790 episeopum
3253 725 3399 776 illum
3450 722 3612 781 fuisse
3665 745 3766 783 non
3800 739 4009 800 putem,

2443 829 2561 866 cum
2595 821 2701 865 tres
2730 811 2846 866 illas
2869 813 3127 868 scriberet
3152 816 3425 881 epistolas,
3455 816 3656 871 detinet
3683 837 3765 875 me
3796 817 4009 877 summa

2444 906 2529 956 illa
2565 912 2868 972 paupertas,
2910 907 2959 959 in
2995 920 3096 974 qua
3136 911 3337 962 versari
3368 925 3426 964 se
3466 909 3615 972 dicit,
3665 926 3763 966 nec
3812 916 4007 983 praedia

2442 996 2543 1049 ulla
2576 998 2957 1064 possidentem,
3004 1014 3109 1053 .nec
3159 1000 3449 1067 quidquam
3489 1006 3759 1074 proprium
3805 1008 4011 1062 haben-

2442 1098 2566 1140 tem.
2598 1086 2712 1140 Etsi
2745 1088 2885 1140 cnim
2934 1090 2983 1141 in
3020 1090 3133 1157 ipso
3163 1091 3325 1143 etiam
3379 1094 3688 1161 episcopatu
3723 1100 4009 1163 pauperri—

2440 1194 2555 1232 mus
2586 1176 2682 1230 l'uit
2712 1178 2947 1230 omnium
2985 1179 3139 1245 hujus
3174 1180 3351 1232 mundi
3386 1180 3645 1238 bonorum
3670 1228 3683 1250 ,
3742 1193 3869 1238 tunc
3912 1197 4002 1239 ta-

2438 1283 2557 1319 men
2592 1269 2758 1335 magis
2786 1270 2964 1320 animo
2986 1279 3038 1321 et
3073 1270 3385 1323 liberalitate
3425 1270 3474 1321 in
3507 1286 3765 1342 pauperes
3794 1286 4003 1341 pauper

2437 1360 2552 1425 fuit,
2584 1378 2743 1431 quam
2790 1365 2928 1431 quod
2960 1366 3099 1417 nulla
3140 1367 3355 1435 praedia,
3399 1366 3570 1421 nullos
3601 1372 3803 1424 reditus
3836 1370 4001 1423 habe-

2438 1463 2535 1507 ret.
2567 1454 2821 1507 Videntur
2844 1454 2984 1508 enim
3009 1456 3247 1510 ecclesiae
3269 1458 3611 1511 Cresarieusis
3633 1462 3765 1513 satis
3788 1458 4003 1529 ainplte,

2435 1555 2491 1595 ut
2521 1544 2623 1597 illis
2679 1540 3030 1614 temporibus,
3080 1561 3207 1615 Opes
3257 1547 3419 1604 fuisse
3477 1567 3491 1606 :
3543 1548 3697 1617 cujus
3732 1552 3805 1605 rei
3840 1561 4005 1606 testes

2434 1644 2555 1688 sunt
2585 1635 2793 1688 'l‘aurici
2821 1636 3020 1691 reditus
3042 1637 3135 1705 (ε),
3155 1637 3240 1706 qui
3260 1637 3381 1690 dum
3407 1654 3467 1693 ex
3507 1641 3624 1696 loco
3653 1649 3758 1693 tam
3797 1656 4004 1698 remota

2431 1726 2732 1780 Cmsaream
2785 1726 3075 1789 ferrentur,
3130 1726 3417 1794 spectantis
3465 1729 3703 1784 Anthimi
3746 1726 4000 1798 Tyaneo-

2432 1816 2505 1870 sis
2532 1817 2713 1872 oculos
2747 1818 3025 1871 lmdcbant.
3074 1816 3250 1871 Basilii
3305 1827 3422 1871 erat
3480 1836 3608 1888 ager
3664 1821 3751 1877 ille
3793 1820 3899 1891 (ά),
3946 1822 3998 1873 in

761 1923 920 1976 quam
980 1923 1099 1961 cum
1165 1907 1382 1960 Silvano
1448 1905 1727 1966 habuerat,
1797 1913 1854 1956 ut
1914 1913 2174 1959 testantur
2234 1905 2320 1957 lit-
2359 1914 2578 1977 nquem
2610 1906 2868 1974 plurimos
2910 1907 3191 1975 episcopos
3238 1924 3378 1962 anno
3408 1908 3512 1961 575
3566 1913 3905 1974 convOCavit,
3945 1920 4000 1963 ut

760 2008 890 2057 tera:
920 1999 1023 2059 115
1058 2009 1110 2052 et
1147 1998 1264 2051 114.
1294 1998 1359 2050 At
1387 2010 1507 2049 cum
1539 1996 1787 2063 episcopo
1814 1996 2012 2049 Ariano
2043 1994 2322 2049 nec‘Basi-

759 2091 864 2146 lius
935 2106 1033 2145 nec
1095 2090 1393 2158 presbyteri
1467 2086 1759 2141 Tarsenses
1826 2087 2317 2148 communieabant.

760 2190 817 2236 ut
867 2180 1292 2243 observabimus,
1355 2194 1477 2231 cum
1532 2178 1595 2233 de
1656 2179 1843 2231 iisdem
1902 2177 2141 2245 epistolis
2194 2193 2323 2232 aec-

758 2292 896 2332 mus.

826 2369 1036 2437 Scripta
1075 2379 1250 2423 autem
1291 2370 1406 2425 haec
1450 2369 1514 2424 ad
1560 2369 1846 2425 Eusebium
1898 2367 2125 2439 epistola
2182 2381 2321 2420 anno

754 2460 857 2516 569
884 2471 1114 2516 exeunte
1144 2473 1234 2515 aut
1266 2463 1479 2517 ineunte
1501 2462 1623 2523 570,
1654 2462 1912 2529 siquidem
1945 2468 2064 2527 post
2087 2460 2185 2511 iter
2219 2456 2318 2510 Sa-

754 2561 1060 2607 mosateuse
1104 2554 1302 2620 scripta
1356 2559 1453 2612 est,
1513 2551 1654 2619 quod
1697 2564 1836 2601 anno
1879 2548 1983 2602 569
2036 2548 2176 2601 circa
2225 2562 2315 2599 au-

754 2652 999 2696 tumnum
1031 2644 1262 2711 suscepit
1284 2642 1532 2697 Basilius.
1576 2641 1951 2711 Presbyterum
1990 2638 2135 2693 illam
2165 2637 2316 2694 Basi-

750 2734 879 2786 lium
932 2735 1214 2797 scripsisse
1267 2744 1487 2787 monent
1540 2733 1752 2787 codices
1819 2746 1948 2786 mss.
2002 2732 2317 2800 quibuscum

749 2826 950 2894 optime
979 2826 1249 2879 consentit
1278 2826 1425 2890 illud,
1456 2826 1579 2877 dum
1628 2841 1713 2877 vos
1740 2824 2083 2885 cunctamini,
2121 2824 2316 2877 delibe-

748 2914 979 2982 ratisque
1005 2926 1051 2966 et
1082 2930 1170 2966 vos
1204 2923 1382 2965 umtuo
1410 2915 1682 2979 respicitia.
1719 2910 1816 2965 His
1848 2911 1987 2964 enim
2026 2912 2202 2965 verbis
2233 2927 2312 2965 se-

749 3007 923 3061 cernit
973 3021 1030 3061 se
1080 3005 1304 3059 Basilius
1347 3004 1415 3057 ab
1472 3006 1757 3073 episcopis.
1806 3002 1935 3071 Qua:
1993 3002 2060 3057 de
2113 3002 2311 3057 Siliani

748 3109 922 3153 morte
966 3098 1219 3162 diximus,
1271 3096 1553 3151 confirmat
1596 3096 1827 3166 epistola
1867 3094 1933 3148 67
1970 3095 2035 3150 ad
2073 3096 2312 3155 Athana-

2428 2002 2577 2054 tirma
2604 2007 2744 2053 esset
2776 2000 3015 2052 omnium
3059 1998 3125 2052 de
3152 1998 3256 2053 fide
3299 1999 3559 2053 Eustathii
3592 2003 3900 2055 consensio.
3934 2000 3992 2055 Si

2424 2094 2543 2162 quis
2565 2089 3267 2158 consideretamplissimum
3288 2090 3567 2145 aedilicium
3592 2090 3658 2160 (ε)
3682 2093 3820 2159 quod
3846 2092 4000 2147 Basi-

2423 2188 2522 2240 lius
2546 2202 2684 2239 anno
2705 2184 2807 2239 572
2827 2199 3106 2253 aggressus
3130 2193 3232 2245 est,
3259 2184 3301 2236 si
3329 2197 3572 2253 sumptus
3598 2199 3735 2255 quos
3759 2183 4000 2240 faciebat

2424 2278 2475 2330 in
2526 2278 2812 2331 imitandis
2858 2274 3283 2344 ebcxcipiendis
3337 2276 3599 2343 episcopis
3625 2278 3891 2346 (mittebat
3926 2276 3998 2350 [ι’]

2420 2372 2563 2421 enim
2606 2370 2696 2437 qui
2733 2370 2843 2437 jam
2874 2370 3125 2424 invitatos
3157 2368 3348 2422 iterum
3388 2366 3741 2421 admonerent
3778 2379 3833 2421 et
3864 2385 3993 2436 per-

2420 2462 2715 2516 honorifice
2750 2462 3125 2531 deducerent),
3171 2462 3317 2517 illum
3348 2459 3586 2531 profecto
3629 2458 3880 2513 fatebitur
3930 2476 3996 2515 eo

2419 2554 2747 2623 paupertatis
2792 2554 3067 2607 redactum
3102 2570 3204 2608 non
3236 2554 3418 2617 fuisse,
3480 2562 3538 2607 ut
3573 2552 3707 2606 nihil
3753 2551 3997 2620 posside-

2420 2651 2519 2709 ret,
2585 2642 2676 2697 sed
2717 2642 3003 2696 cbarorum
3070 2652 3124 2696 et
3178 2644 3597 2711 propinquorum
3641 2642 3993 2697 facultatibus

2420 2743 2831 2789 sustentaretur.
2885 2731 3060 2800 Quare
3098 2742 3206 2786 tres
3245 2732 3360 2785 illas
3400 2734 3677 2801 epistolas,
3720 2748 3838 2799 qme
3873 2742 3995 2786 lano

2421 2835 2525 2879 tam
2558 2826 2736 2880 Basilii
2759 2832 3121 2894 paupertatem
3146 2832 3431 2887 testantur,
3457 2834 3579 2879 ante
3608 2825 3977 2893 episcopatum

2422 2935 2650 2973 necesse
2677 2919 2777 2972 fuit
2810 2920 3094 2973 collocare.
3124 2916 3238 2987 Ipse
3282 2916 3511 2972 Basilius
3552 2919 3837 2971 discrimen
3888 2917 3991 2968 ali-

2414 3010 2555 3079 quod
2585 3011 2827 3077 agnoscit
2862 3012 3001 3065 inter
3022 3025 3139 3065 eam
3171 3020 3561 3079 paupertatem,
3593 3020 3752 3073 quam
3780 3004 3992 3072 episco-

2417 3116 2517 3169 pus
2558 3102 2736 3153 animo
2770 3103 3053 3163 retinebat,
3085 3111 3135 3153 et
3164 3116 3305 3164 eam,
3342 3114 3500 3167 quam
3535 3105 3657 3150 ante
3689 3097 3814 3149 illud
3849 3105 3990 3148 tem-

746 3190 911 3251 sium,
948 3190 1144 3260 scripta
1190 3204 1330 3244 anno
1362 3189 1485 3244 571.
1520 3189 1667 3243 Hunc
1701 3190 1841 3243 enim
1881 3189 2094 3244 beatum
2134 3186 2313 3258 appel—
2346 3250 2384 3263 _
2416 3207 2514 3263 pus
2546 3190 2819 3262 professus
2846 3190 3041 3243 fuerat.
3074 3191 3165 3243 Ait
3192 3190 3333 3243 enim
3376 3204 3480 3241 non
3512 3186 3721 3256 illepide
3751 3186 3803 3238 in
3828 3188 3987 3255 epist.

747 3279 1086 3343 latBasilius,
1114 3280 1201 3348 qui
1233 3281 1370 3335 hunc
1412 3281 1621 3335 titulum
1660 3296 1762 3335 non
1792 3281 1925 3335 solet
1956 3280 2057 3334 nisi
2085 3279 2310 3334 mortuis
2339 3250 2384 3311 ϐ
2416 3250 2517 3338 186
2547 3250 2629 3335 ἰιι]
2687 3282 3025 3349 Antipatrum
3066 3282 3371 3349 przesidcm,
3428 3279 3517 3348 qui
3563 3278 3786 3333 crambe
3835 3290 3991 3333 aceto

747 3371 977 3426 deferre.

818 3481 926 3533 \‘ll.
951 3482 1088 3533 Ante
1118 3480 1481 3548 episc0patutn
1524 3476 1865 3533 collocandos
1895 3479 2019 3532 duxi
2064 3488 2172 3532 tres
2220 3494 2307 3531 se-

747 3584 975 3643 quentes
1010 3572 1283 3641 epistolas,
1318 3586 1437 3641 qua:
1484 3570 1834 3641 inscriptione
1867 3581 2071 3626 carent.
2128 3569 2306 3624 Prima

743 3665 953 3735 potenti
1003 3664 1216 3717 cuidam
1265 3666 1459 3727 amico,
1503 3663 1636 3718 forte
1659 3663 1935 3729 censitori,
1981 3663 2177 3730 scripta
2202 3670 2305 3724 est,

745 3757 831 3809 cui
851 3756 961 3824 jam
998 3756 1194 3807 multos
1232 3755 1704 3807 commendaverat
1736 3754 1989 3820 Basilius,
2038 3756 2129 3808 sed
2172 3768 2310 3807 nunc

744 3844 811 3898 de
850 3843 1070 3898 meliore
1100 3858 1224 3897 nOta
1254 3844 1591 3898 commendat
1619 3843 1667 3898 ei
1706 3844 1913 3897 Leontii
1946 3847 2185 3907 domum,
2218 3860 2306 3898 ro-

746 3945 947 4006 gatque
1002 3945 1060 3989 ut
1112 3935 1335 3990 Leontio
1398 3936 1643 3989 eamdem
1708 3934 2093 3988 humanitatem
2156 3937 2310 3988 exhi-

746 4028 870 4083 beat
904 4066 919 4092 ,
990 4043 1149 4097 quam
1211 4028 1312 4082 sibi
1368 4028 1690 4092 exhiberet,
1732 4027 1774 4081 si
1842 4041 1945 4097 qua
2001 4026 2306 4096 possitct‘et

746 4119 971 4190 praedia,
997 4134 1095 4174 nec
1124 4119 1213 4173 Dei
1245 4119 1505 4173 beneficio
1533 4118 1585 4172 in
1614 4134 1820 4173 sununa
1848 4128 2161 4188 paupertate
2184 4132 2306 4171 ver-

746 4222 979 4267 saretur.

811 4325 869 4381 In
911 4326 1117 4380 duabus
1161 4325 1504 4394 sequentibus
1525 4326 1765 4392 epistolis
1797 4336 1945 4395 rogat
1978 4324 2206 4380 Basilius
2246 4334 2305 4379 ut

745 4419 951 4483 domui,
989 4418 1041 4473 in
1068 4432 1171 4489 qua
1210 4417 1441 4472 nutritus
1471 4415 1666 4483 fuerat,
1692 4419 1939 4485 antiquus
1967 4433 2161 4471 census
2191 4432 2304 4471 ser-

747 4520 918 4574 vetur,
964 4524 1064 4565 nec
1098 4511 1147 4563 ei
1188 4524 1321 4564 nova
1362 4509 1757 4577 perteqttatione
1793 4508 1971 4561 oneris
2010 4507 2298 4576 quidquam

2415 3375 2622 3428 condita
2653 3383 2872 3428 sanatus
2908 3374 3103 3439 fuerat,
3141 3373 3241 3427 sibi
3272 3371 3541 3427 crambem
3571 3380 3726 3425 antea
3753 3370 3981 3423 invisam

2414 3463 2597 3526 fuisse,
2628 3475 2735 3517 tum
2762 3464 2830 3518 ob
2857 3465 3222 3533 proverbium,
3255 3472 3367 3518 tum
3394 3464 3519 3533 quia
3555 3464 3806 3516 comitem
3850 3476 3986 3531 pau-

2411 3562 2670 3619 pertatem
2723 3557 2774 3607 in
2827 3556 3143 3609 memoriam
3188 3558 3504 3620 revocabat;
3542 3570 3681 3609 nunc
3714 3568 3843 3607 vero
3883 3553 3986 3606 nti-

2414 3659 2526 3694 rum
2560 3644 2609 3696 in
2641 3646 2850 3696 modum
2890 3650 3121 3712 placere,
3163 3657 3442 3716 postquam
3490 3647 3701 3713 praesidi
3734 3644 3988 3699 valetudi-

2412 3749 2532 3787 nem
2566 3744 2816 3786 Γεδιιιιιιι.

2492 3844 2615 3899 Vllt.
2649 3845 2936 3915 Epistolam
2962 3842 3032 3901 58
3082 3846 3607 3915 initio-episcopatus
3643 3845 3702 3904 S.
3734 3845 3984 3917 Gregorii

2412 3938 2657 4008 Nysseni,
2714 3938 2765 3991 id
2797 3947 2879 3992 est
2910 3954 3050 3996 anno
3079 3936 3205 4001 372,
3253 3937 3505 4007 scriptam
3550 3938 3767 4007 conjicit
3819 3937 3987 3994 'fille-

2413 4031 2665 4083 montius.
2693 4029 2817 4093 Sed,
2848 4031 2970 4097 quia
2997 4028 3223 4083 Basilius
3249 4029 3300 4083 in
3327 4030 3427 4083 hac
3457 4030 3677 4097 epistola
3699 4045 3819 4085 cum
3844 4029 3983 4085 Gre-

2407 4121 2557 4188 gorio
2596 4132 2931 4188 nequaquam
2967 4122 3200 4183 disserit,
3251 4130 3307 4174 ut
3357 4138 3453 4189 par
3486 4132 3747 4175 eratcum
3778 4123 3982 4193 collega

2407 4212 2690 4275 disserere,
2734 4211 2825 4266 sed
2856 4224 2974 4263 eum
3006 4212 3179 4280 potius
3208 4220 3263 4264 ut
3296 4221 3535 4280 tyronetn
3564 4213 3841 4278 theologia:
3870 4216 3983 4270 ele-

2410 4305 2607 4359 mentio
2644 4304 2837 4360 imbuit
2874 4306 2972 4372 (ait
3002 4304 3145 4357 enim
3180 4318 3237 4357 se
3274 4304 3413 4357 hunc
3446 4303 3492 4357 ei
3531 4307 3977 4360 commentarium

2409 4395 2724 4458 confecisse,
2760 4409 2825 4448 ne
2854 4394 3200 4473 liypOstasim,
3234 4405 3290 4446 ut
3320 4394 3467 4448 multi
3504 4394 3613 4459 alii,
3641 4412 3759 4450 eum
3791 4414 3975 4453 essen-

2413 4487 2480 4539 tia
2510 4485 2899 4554 confunderet);
2930 4487 3149 4539 credere
3194 4486 3372 4539 malim
3406 4484 3724 4555 Gregorium
3773 4490 3915 4543 hanc
3946 4507 3976 4543 ει

745 4602 992 4654 addatur.
1014 4600 1186 4670 Atque
1219 4600 1267 4654 id
1302 4610 1447 4669 rogat
1478 4576 1580 4652 nOu
1610 4598 1776 4651 solum
1805 4596 2053 4651 Dorothei
2080 4598 2300 4669 presby-
2332 4577 2375 4631 Ῐ)
2405 4611 2406 4628 π

2332 4577 2375 4631 D
2405 4576 2570 4633 fratre
2601 4577 3065 4646 pertractationem
3097 4578 3390 4647 accepisse,
3420 4594 3540 4631 cum
3575 4579 3757 4634 relicta
3796 4582 3976 4633 rheto-

744 4693 867 4759 teri,
903 4690 1214 4746 collactanei
1262 4694 1363 4757 sui,
1414 4694 1505 4745 sed
1542 4693 1703 4744 etiam
1755 4706 1849 4744 sua
1902 4692 2066 4760 ipsius
2113 4706 2296 4744 causa.

739 4782 896 4848 Nam,
932 4800 1054 4839 cum
1091 4787 1223 4840 nihil
1263 4786 1533 4855 proprium
1575 4784 1818 4849 haberet,
1866 4785 1959 4838 sed
2008 4784 2299 4837 cbarorum

739 4886 793 4932 et
827 4880 1243 4948 prepinquorunt
1280 4878 1440 4933 rebus
1480 4885 1889 4942 sustentaretur,
1944 4877 2199 4931 alimenta
2253 4876 2301 4931 ei

739 4984 804 5024 ex
833 4969 933 5024 hac
964 4970 1124 5024 domo
1153 4971 1550 5039 praebebantur.
1605 4983 1766 5039 opera
1809 4968 1957 5023 illius
1980 4968 2301 5039 presbyteri,

738 5062 825 5116 cui
870 5071 1041 5116 mater
1071 5062 1249 5116 Basilii
1295 5062 1579 5116 maximam
1610 5070 1815 5131 partem
1842 5061 2185 5115 servitiorum
2230 5062 2297 5112 ad

738 5155 983 5209 eamdem
1022 5158 1235 5209 domum
1286 5154 1687 5225 pertinentium,
1737 5153 1968 5224 quandiu
2018 5152 2300 5224 presbyter

738 5244 829 5300 ille
879 5246 1101 5312 viveret,
1153 5247 1402 5302 utendam
1440 5246 1755 5311 tradiderat,
1792 5259 1855 5301 ea
1895 5243 2200 5300 conditione
2239 5252 2296 5297 ut

736 5332 936 5389 Basilio
963 5336 1215 5391 alimenta
1244 5338 1595 5393 ministraret.
2057 5365 2086 5392 ο

810 5425 900 5479 \‘el
946 5426 1240 5496 presbyteri
1289 5425 1374 5481 vel
1422 5427 1655 5498 episcOpi
1698 5428 2011 5493 dignitatem
2049 5426 2295 5496 designat

810 5698 884 5763 (tt)
922 5693 1017 5763 Ep.
1045 5696 1163 5750 1H.

809 5763 885 5833 (b)
924 5763 1018 5833 Ep.
1051 5764 1139 5818 57.

808 5831 882 5901 (ι)
913 5831 1041 5887 Νη.
1067 5849 1143 5889 or.
1168 5833 1259 5889 20.

2403 4669 2525 4722 rica:
2560 4668 2811 4721 cathedra
2844 4676 3013 4721 totmn
3046 4682 3102 4721 se
3137 4671 3306 4723 sacris
3334 4679 3388 4722 et
3420 4670 3797 4727 ecclesiasticis
3838 4675 3977 4726 scri-

2403 4758 2645 4827 ptoribus
2671 4758 2979 4813 evolvendis
3012 4760 3174 4813 dedit.
3206 4758 3335 4812 Illud
3362 4760 3522 4815 etiam
3554 4764 3776 4831 probare
3802 4765 3975 4831 possit

2404 4850 2542 4903 hanc
2562 4850 3019 4905 elucubrationem
3052 4848 3233 4903 Basilii
3274 4852 3582 4922 episcopatu
3611 4851 3971 4918 antiquiorem

2403 4958 2544 5006 esse,
2571 4943 2710 5011 quod
2743 4943 2873 4997 nihil
2898 4944 3058 4997 habet
3083 4943 3147 4995 de
3167 4942 3516 4998 celeberrima
3543 4943 3627 4997 illa
3652 4943 3970 5011 quastione,

2405 5050 2521 5103 qua:
2551 5036 2702 5090 initio
2731 5036 3068 5106 episcopatus
3090 5033 3276 5089 Basilii
3300 5035 3365 5091 de
3386 5034 3583 5104 Spiritu
3607 5044 3791 5089 sancto
3812 5050 3971 5090 exor-

2405 5136 2456 5180 ta
2484 5136 2584 5181 est.

2478 5240 2551 5294 De
2576 5239 2815 5309 epistolis
2840 5236 3032 5292 Juliani
3062 5239 3127 5291 ad
3158 5236 3408 5292 Basilium
3427 5244 3477 5292 et
3508 5235 3688 5292 Basilii
3710 5236 3777 5291 ad
3801 5234 3970 5290 Julia-

2404 5350 2529 5387 num
2582 5333 2691 5403 jam
2746 5332 2903 5386 locuti
2942 5346 3145 5385 sumus.
3189 5330 3337 5398 Quod
3383 5338 3588 5399 spectat
3625 5329 3693 5384 ad
3732 5328 3966 5398 quinque

2404 5424 2535 5478 alias
2560 5422 2810 5491 epistolas
2838 5436 2955 5490 quae
2992 5436 3305 5489 sequuntur,
3345 5428 3466 5475 sunt
3500 5421 3601 5476 illa:
3628 5420 3839 5491 quidem
3875 5418 3961 5472 di-

2474 5690 2549 5757 (Δ)
2588 5689 2681 5757 Ep.
2713 5688 2837 5752 ett,
2872 5705 2922 5741 η.
2947 5692 3000 5741 2.

2473 5762 2539 5827 (ε)
2577 5760 2670 5825 lip.
2698 5759 2782 5810 91.

2473 5831 2545 5898 (n
2588 5827 2837 5899 Ερ.211,
2876 5845 2928 5881 η.
2961 5827 2997 5879 2
