4206 6502
1579 453 1735 510 “TA
1776 458 1833 509 S.
1878 452 1957 507 ΒΑ
1967 451 2138 509 SlLll.
3400 470 3467 512 ιν

234 590 335 649 gite
355 573 555 630 Basilio
603 590 672 630 ac
706 578 1126 646 praclarissima
1166 575 1395 631 instituti
1429 576 1641 630 ascetici
1676 589 1811 643 prae-
1837 581 1881 635 Α
1916 572 1981 626 ad
2018 572 2321 634 Dominum,
2348 586 2443 639 pro
2477 584 2586 640 quo
2611 570 2821 626 fortiter
2849 579 2902 627 et
2938 580 3156 628 strenue
3200 574 3250 626 in
3281 587 3437 642 perse

242 680 378 738 cepta
434 668 745 722 continent.
810 668 987 737 ipsum
1025 672 1182 724 etiam
1216 680 1423 739 tempus
1451 670 1648 738 optime
1686 684 1815 721 con-

253 762 400 831 gruit,
431 762 475 815 si
510 762 847 829 conjecture
881 763 1201 818 Tillemontii
1246 763 1587 831 recipiantur.
1621 761 1696 814 Ex
1729 761 1813 815 his

252 856 383 907 enim
409 854 584 908 verbis
619 852 869 920 epistola:
898 854 967 907 46
994 857 1066 922 (p.
1100 851 1221 920 156)
1255 871 1268 907 :
1308 854 1372 904 At
1413 854 1623 920 spiritus
1659 852 1810 915 aerii,

252 948 333 1013 qui
365 961 497 997 nunc
532 946 587 997 in
620 945 747 1011 ﬁliis
783 947 1123 997 contumacia:
1157 953 1421 1011 operatur,
1444 944 1628 1013 exigua
1682 960 1813 996 aura

255 1039 399 1087 modo
420 1047 677 1103 suscepta,
697 1036 969 1104 abnegnsti
1002 1036 1110 1088 lucc
1131 1036 1327 1095 omnia,
1361 1036 1575 1102 conjicit
1594 1036 1811 1103 impium

254 1126 441 1180 Jttliatti
467 1142 690 1193 regnum
724 1129 1008 1195 designari.
1057 1127 1187 1181 lllud
1215 1140 1387 1182 autem
1430 1128 1666 1196 epistolae
1694 1128 1763 1181 45
1795 1145 1811 1183 :

253 1214 419 1267 Nosce
457 1217 717 1283 quomodo
753 1215 866 1283 jum
895 1216 1198 1268 Jul/(eorum
1227 1226 1275 1270 et
1317 1216 1584 1285 gentilium
1623 1216 1719 1285 [itii
1746 1217 1813 1269 ad

250 1306 345 1359 Dei
370 1308 566 1359 cultant
591 1306 997 1373 compelluntur,
1025 1308 1206 1361 referri
1240 1323 1394 1376 posse
1416 1309 1554 1361 idem
1586 1310 1815 1377 scriptor

246 1400 524 1451 existimat
566 1399 630 1449 ad
678 1397 957 1465 inqu-rium
996 1398 1229 1462 Joviaui;
1271 1402 1467 1469 quippe
1512 1416 1630 1453 cum
1673 1415 1815 1454 mors

243 1487 440 1545 Juliani
484 1499 538 1543 ct
564 1501 745 1543 exorta
775 1489 912 1545 inter
940 1502 1162 1545 conatus
1202 1490 1606 1544 instaurationis
1629 1491 1813 1559 templi

246 1579 505 1635 miracula
533 1581 910 1634 conversiones
945 1579 1203 1647 ejusmodi
1246 1596 1585 1637 commovere
1629 1594 1814 1651 potue-

247 1674 373 1727 rint.
405 1671 725 1725 Jatndudum
760 1672 894 1741 apud
921 1668 1135 1726 Grazcos
1172 1672 1411 1725 nonnulli
1446 1673 1543 1726 has
1560 1673 1814 1741 epistolas

246 1765 441 1818 Basilio
483 1764 874 1831 abjudicarunt.
927 1762 1125 1827 Prima,
1155 1780 1273 1833 quae
1310 1776 1390 1818 est
1416 1765 1483 1818 ad
1512 1764 1811 1827 Chilonem,

245 1856 299 1909 S.
329 1855 444 1910 Nilo
487 1871 514 1907 a
555 1854 822 1908 nonnullis
865 1856 1217 1919 tribuebatur,
1272 1868 1327 1909 ut
1358 1856 1579 1926 legimus
1620 1858 1669 1909 in
1708 1872 1814 1909 uno

1918 662 2227 717 cutiouibus
2281 664 2691 727 deeertaverat,
2750 666 2909 720 annis
2961 665 3301 733 episcopatus
3358 666 3469 720 fere

1914 766 2038 809 octo
2073 754 2304 819 exactis,
2337 755 2606 822 profectus
2636 764 2738 808 est.
2776 755 2943 810 Nemo
2981 770 3109 811 sane
3147 765 3294 810 tanta
3343 758 3470 812 sede

1914 847 2129 914 dignior
2153 856 2271 900 erat
2308 846 2530 914 Basilio,
2567 848 2833 901 neminem
2884 848 3123 901 latebant
3147 849 3342 902 eximia
3374 852 3470 903 do-

1913 940 2101 992 ctrinre
2126 947 2180 992 et
2220 938 2527 992 sanctitatis
2561 948 2874 992 ornamenta
2906 954 2921 1003 ;
2950 950 3185 1008 spectata
3218 942 3470 994 omnibus

1914 1039 2067 1082 erant
2097 1044 2306 1083 summa
2342 1030 2406 1082 de
2431 1029 2672 1083 Ecclesia
2710 1028 3032 1083 Caesariensi
3076 1031 3292 1091 merita,
3320 1029 3468 1097 cujus

1916 1121 2356 1175 administranda
2404 1126 2514 1187 iam
2577 1122 2836 1191 plurimas
2892 1132 3067 1191 partes
3100 1124 3170 1177 ab
3220 1124 3470 1195 episcopo

1915 1211 2234 1265 commissas
2279 1211 2629 1264 sustinuerat.
2677 1211 2780 1264 Sed
2823 1221 3001 1266 tamen
3035 1215 3325 1281 quominus
3368 1216 3468 1271 hoc

1918 1306 2094 1355 lumen
2130 1301 2344 1355 excelso
2392 1302 2508 1355 loco
2560 1300 2937 1368 collocaretur,
2983 1304 3209 1371 plurima
3248 1308 3471 1361 obstite-

1918 1403 2067 1458 runt,
2122 1408 2239 1462 qua:
2291 1392 2582 1462 Gregorius
2635 1393 2891 1449 Nazianzi
2927 1397 3207 1467 episcopus
3256 1414 3469 1455 summa

1917 1484 2197 1551 prudentia
2229 1491 2283 1537 et
2315 1483 2479 1536 animi
2529 1481 2848 1538 fortitudine
2900 1487 3144 1542 removit.
3174 1487 3289 1556 ipse
3317 1488 3472 1543 Dasio-

1915 1576 2019 1629 lius
2070 1591 2135 1630 ne
2171 1576 2451 1644 su5pieans
2499 1574 2714 1644 quidem
2764 1577 2947 1630 oculos
2974 1576 3027 1630 in
3075 1592 3135 1633 se
3165 1580 3466 1650 conjectum

1917 1666 2004 1729 iri,
2057 1666 2288 1720 amicmn
2347 1681 2500 1720 suum
2556 1664 2873 1735 Gregorium
2927 1670 3235 1734 accersivit,
3290 1674 3469 1729 verbis

1916 1757 2153 1824 quidem,
2178 1766 2234 1809 ut
2257 1757 2305 1809 ei
2347 1770 2484 1825 pene
2526 1758 2765 1811 moriens
2792 1768 3088 1811 extremum
3118 1762 3237 1815 vale
3267 1764 3468 1822 dicere;

1917 1849 2149 1917 (videtur
2179 1848 2321 1901 enim
2364 1859 2493 1901 tunc
2528 1859 2787 1903 consueto
2811 1850 2951 1905 illius
2981 1863 3033 1905 et
3057 1855 3239 1909 comiti
3279 1859 3467 1912 morbo

241 1960 304 1996 ex
332 1946 613 1999 codicibus
645 1945 824 2013 regiis.
853 1943 910 1998 Si
935 1962 1036 1999 una
1074 1946 1268 2000 S.Nilo
1307 1946 1573 2011 tribuitur,
1605 1958 1812 2001 materie
1848 1917 1885 1971 Β

1806 1967 1812 1999 ε
1848 1917 1885 1971 n
1916 1939 2115 2010 aliquid
2159 1938 2280 1993 novi
2321 1938 2519 1992 doloris
2563 1940 2905 2009 accessisse),
2954 1960 3010 1995 re
3051 1954 3230 1999 autem
3268 1962 3467 2003 verant

241 2035 402 2089 etiam
458 2038 785 2100 trihuemlze;
820 2046 945 2091 sunt
973 2038 1113 2090 enim
1166 2051 1350 2090 omnes
1392 2036 1628 2104 ejusdem
1673 2039 1812 2092 inter

242 2140 298 2177 se
329 2125 477 2194 styli.
506 2122 624 2177 Jam
658 2126 894 2179 nonnulli
948 2126 999 2179 in
1036 2126 1116 2178 his
1157 2126 1347 2181 litteris
1387 2128 1583 2195 Stylum
1632 2128 1808 2183 Basilii

240 2216 655 2282 desiderarunt;
720 2218 811 2271 scd
874 2217 939 2269 ad
1012 2216 1151 2271 hanc
1200 2216 1475 2274 dubitandi
1544 2222 1805 2275 rationem

240 2307 369 2361 illud
399 2308 561 2361 etiam
608 2309 834 2373 accedit,
869 2309 1010 2373 quod
1047 2310 1237 2379 legitur
1265 2312 1317 2364 in
1348 2313 1500 2381 epist.
1536 2314 1623 2375 43,
1677 2331 1809 2367 κατ-

245 2400 479 2471 έδραμες
496 2401 587 2452 ἐπὶ
605 2399 672 2451 τὰ
707 2399 1071 2471 Ἰεροσόλυμα,
1106 2402 1232 2455 ἔνθα
1265 2420 1346 2457 σοι
1372 2404 1464 2457 καὶ
1496 2405 1653 2469 αὐτὸς
1686 2422 1810 2459 συν-

236 2491 527 2562 διατρίϐων
575 2490 904 2565 ἐμακάριζον
937 2494 1043 2548 τῶν
1070 2494 1371 2565 ἀθλητικῶν
1404 2496 1598 2551 πόνων.
1630 2496 1810 2551 Petisti

236 2582 596 2652 Jerosotymn,
631 2586 714 2636 ubi
742 2594 790 2637 et
823 2585 932 2652 ipse
962 2595 1126 2638 tecum
1153 2598 1521 2654 commoratus,
1558 2588 1618 2640 ob
1642 2590 1808 2643 athle-

239 2673 369 2724 ticos
396 2684 442 2725 te
470 2674 675 2727 tubures
709 2676 908 2727 beatum
931 2675 1302 2743 pmdicabam.
1367 2676 1459 2731 llis
1486 2678 1660 2731 verbis
1689 2679 1806 2730 diu-

240 2774 395 2817 tttrna
426 2765 812 2835 llicrosolymis
861 2768 1210 2819 commoratio
1262 2766 1549 2832 indicatur,
1581 2782 1698 2837 qua:
1753 2768 1807 2822 in

240 2854 491 2908 Basiliqu
516 2873 621 2910 non
663 2858 931 2911 convenit.
963 2856 1093 2909 lieni
1122 2857 1277 2912 facile
1297 2858 1599 2926 cxplicatet
1629 2860 1811 2915 conci-

239 2945 726 3012 liatGombelisius,
751 2948 837 3015 Qui
869 2947 1120 3001 Basilium
1152 2948 1533 3021 Hierosolymis
1565 2953 1807 3022 baptiza-

240 3048 350 3091 tum
382 3049 555 3107 putat,
607 3048 667 3091 ut
712 3039 763 3091 in
807 3036 1042 3094 fabulosa
1094 3039 1236 3093 illius
1263 3040 1369 3095 vita
1413 3041 1625 3111 legitur,
1687 3058 1807 3111 quae

237 3127 597 3195 Amphilochii
628 3128 828 3181 nomini
864 3128 1135 3197 supposita
1158 3127 1274 3182 fuit.

1913 2031 2154 2101 Gregorii
2181 2031 2402 2085 consilio
2443 2041 2495 2085 et
2518 2046 2680 2101 opera
2715 2033 2765 2084 in
2797 2035 3031 2102 episcopi
3063 2036 3327 2094 electione
3352 2052 3465 2094 ute-

1914 2134 2079 2177 retur.
2126 2122 2409 2179 Perculsus
2476 2124 2578 2177 hoc
2623 2125 2812 2179 nuntio
2853 2123 3145 2194 Gregorius
3197 2128 3468 2201 lacrymas

1912 2216 2068 2280 fudit,
2102 2230 2266 2284 seque
2310 2218 2376 2268 ad
2428 2215 2530 2267 iter
2561 2215 2900 2281 accingebat,
2928 2233 3048 2270 cum
3078 2222 3358 2290 episcopos
3388 2226 3454 2277 ad

1912 2313 2097 2365 urbem
2130 2310 2301 2364 sensit
2328 2322 2669 2363 concurrere.
2697 2307 2832 2361 Tum
2882 2325 3009 2364 vero
3048 2312 3226 2366 Basilii
3273 2317 3453 2370 consi-

1912 2403 2038 2455 lium
2069 2401 2353 2463 intellexit,
2390 2414 2456 2454 ac
2493 2400 2757 2468 proficisci
2802 2400 3090 2470 abnegans,
3120 2418 3241 2457 cum
3270 2407 3465 2462 Basilio

1911 2494 2149 2563 pluribus
2182 2492 2488 2545 nominibus
2525 2491 2764 2558 jurgavit
2797 2510 2810 2545 :
2842 2493 2915 2563 (b)
2943 2493 3174 2562 primum
3226 2498 3461 2565 quidem,

1910 2590 2051 2655 quod
2082 2600 2188 2639 non
2228 2584 2446 2637 \idisset
2477 2597 2535 2636 se
2574 2583 2849 2637 hominum
2886 2600 3165 2642 sermones
3196 2604 3258 2644 ac
3287 2593 3460 2645 ambi-

1913 2692 1996 2731 tus
2026 2676 2415 2747 suspicionem,
2438 2674 2615 2729 amico
2648 2675 2714 2728 ad
2749 2674 3009 2741 ejusmodi
3044 2687 3253 2748 tempus
3275 2698 3456 2737 accer-

1910 2773 2035 2835 sito,
2069 2786 2172 2824 non
2217 2772 2578 2833 evitaturum;
2614 2768 2805 2823 deinde
2840 2772 2983 2837 quod
3022 2785 3140 2824 cum
3170 2788 3227 2826 se
3265 2776 3375 2842 ipse
3405 2780 3456 2831 in

1910 2863 2189 2918 electionis
2223 2862 2507 2916 tumultum
2542 2863 2882 2931 interponere
2934 2877 3039 2916 non
3091 2866 3331 2932 auderet,
3369 2883 3465 2937 per

1908 2955 2242 3025 Gregorium,
2277 2970 2509 3022 quocum
2553 2963 2670 3008 erat
2721 2965 2827 3009 tam
2869 2967 3017 3010 arcta
3063 2960 3299 3014 amicitia
3336 2977 3465 3016 cond

1899 3045 2142 3111 junctus,
2170 3059 2231 3099 ea
2267 3045 2520 3098 decenter
2551 3044 2635 3114 agi
2681 3058 2838 3113 posse
2880 3047 3151 3111 crederet,
3183 3065 3301 3116 quae
3345 3052 3459 3119 ipse

1908 3153 2002 3205 per
2036 3151 2093 3192 se
2131 3137 2331 3207 egisset
2366 3137 2619 3192 indecore
2645 3153 2658 3190 :
2685 3139 2918 3207 denique
2952 3140 3092 3207 quod
3126 3140 3243 3210 pios
3290 3144 3459 3195 homi-

308 3217 513 3271 llarum
549 3217 787 3287 quinque
838 3218 1182 3286 epistularum
1224 3216 1395 3285 prima
1450 3216 1514 3270 ad
1566 3219 1800 3273 anaclto-
1830 3258 1871 3311 η
1914 3247 1969 3286 η(

1830 3258 1871 3311 η
1914 3246 2009 3286 nes
2040 3230 2158 3300 plus
2190 3244 2343 3298 posse
2375 3231 2426 3282 in
2462 3228 2722 3297 ejusmodi
2767 3230 3120 3288 electionibus
3161 3234 3467 3289 existimas-

243 3317 409 3363 retam
450 3310 743 3377 quemdam
796 3309 848 3360 in
899 3306 1204 3372 Puta-stiria,
1240 3305 1523 3364 Chilonem
1552 3311 1791 3381 nomine,

244 3402 441 3472 scripta
468 3412 573 3467 est,
606 3400 697 3468 qui
734 3413 793 3453 se
840 3398 908 3450 ita
944 3398 994 3451 in
1027 3399 1374 3454 solitudinem
1406 3401 1709 3467 abdiderat,
1743 3416 1801 3459 ut

247 3506 312 3545 ne
344 3492 520 3544 sacris
548 3490 765 3556 quidem
797 3490 1153 3545 conventibus
1186 3490 1492 3545 interesset.
1524 3493 1637 3547 Hoc
1663 3511 1800 3563 prae-

243 3585 399 3650 cipue
452 3580 606 3633 illum
651 3581 841 3635 edocet
881 3592 1071 3634 auctor
1108 3581 1372 3650 epistolae,
1406 3585 1677 3652 quomodo
1717 3584 1797 3637 fa-

242 3675 459 3731 stidium
502 3672 810 3727 solitudinis
847 3673 1155 3734 vitandum,
1208 3683 1296 3738 et,
1333 3673 1376 3727 si
1407 3688 1525 3740 qua:
1574 3676 1801 3729 subeant

243 3766 604 3835 cogitationes
654 3764 755 3815 sub
810 3763 984 3829 specie
1033 3762 1266 3816 obeundi
1318 3778 1500 3818 sacras
1544 3779 1796 3836 synaxes,

239 3855 508 3923 quomodo
552 3850 870 3918 repellenda:
906 3851 1037 3903 sint.
1073 3850 1333 3921 Sequitur
1361 3853 1679 3909 brevissima
1732 3859 1798 3911 ad

234 3946 476 4016 iuniores
517 3943 832 3998 admonitio.
861 3940 1029 4012 Epist.
1062 3943 1131 3997 Ην
1185 3945 1383 4015 scripta
1436 3956 1517 4000 est
1554 3949 1619 3999 ad
1671 3963 1788 4001 mo-

239 4038 470 4091 nachum
515 4035 824 4105 quemdam,
860 4037 950 4104 qui
982 4051 1048 4089 ex
1078 4052 1288 4091 summo
1321 4038 1540 4107 pietatis
1585 4038 1794 4093 fervore

244 4128 295 4182 in
330 4144 527 4198 magna
578 4127 805 4182 crimina
854 4126 1032 4193 lapsus
1082 4127 1278 4190 fuerat,
1335 4135 1389 4180 et
1439 4129 1790 4193 pecuniarum

240 4231 423 4286 raptor
454 4228 725 4271 evaserat.
761 4215 1007 4283 Sequens
1036 4215 1101 4267 ad
1135 4214 1295 4267 alium
1329 4216 1671 4280 monachum,
1704 4218 1794 4288 qui

236 4310 430 4378 amplis
474 4307 670 4375 Opibus
734 4306 937 4361 relictis
978 4306 1078 4360 hoc
1140 4305 1447 4360 iustitutunt
1517 4310 1794 4379 amplexus

239 4402 431 4463 luerat,
466 4397 563 4451 sed
607 4409 792 4465 postea
832 4396 1158 4450 adulterium
1191 4397 1545 4451 commiserat
1570 4409 1625 4453 et
1655 4414 1791 4453 non-

239 4494 407 4547 tiullos
440 4488 767 4545 horrendum
800 4490 1072 4558 quidpiam
1097 4491 1287 4557 jurare
1322 4499 1591 4557 coegerat.
1629 4492 1793 4545 Simi-

238 4582 297 4634 lis
341 4591 427 4636 est
467 4578 767 4677 argumenti
822 4580 1049 4677 epistola
1100 4580 1188 4645 46,
1222 4588 1276 4635 et
1326 4583 1391 4635 ad
1425 4580 1792 4677 paenitentiam
1827 4594 1870 4649 ι)
1900 4578 2382 4677 Nam'Grcgorius’

238 4672 485 4725 hortatur
528 4666 795 4736 virginem
841 4663 1065 4731 lapsam,
1099 4682 1219 4737 qua:
1262 4682 1383 4721 cum
1426 4666 1793 4737 virginitatem

238 4760 509 4823 violasset,
543 4768 666 4811 voto
692 4773 750 4811 se
780 4755 1097 4809 obstrictum
1134 4759 1384 4827 negabat,
1409 4757 1655 4826 quamvis
1681 4757 1793 4811 vir-

236 4854 508 4924 ginitatem
543 4868 723 4907 coram
753 4849 862 4905 Deo
892 4858 946 4905 et
979 4851 1184 4919 angelis
1217 4861 1272 4905 et
1310 4849 1620 4905 hominibus
1660 4864 1786 4919 pro-

241 4947 373 5005 fessa
399 4955 573 5003 esset.

801 5051 1024 5111 CAPUT
1067 5050 1202 5107 Xlll.

240 5147 278 5203 ι.
308 5148 517 5204 Mortuo
558 5144 783 5202 Eusebio
816 5147 988 5198 minus
1020 5154 1169 5198 caute
1196 5142 1428 5197 Basilius
1473 5158 1789 5199 successoris

302 5219 539 5273 electioni
568 5217 817 5285 providet.
846 5216 907 5269 ll.
941 5214 1058 5285 Ipse
1100 5214 1329 5267 Basilius
1364 5210 1789 5285 mriurqaere-

304 5290 434 5359 gorii
460 5298 509 5341 et
544 5280 751 5343 Eusebii
781 5280 1109 5340 Samosuteni
1132 5300 1287 5352 opera
1320 5280 1551 5359 eligitur.
1574 5283 1663 5336 Ill.
1687 5280 1789 5359 In-

305 5354 563 5413 incedunt
600 5360 776 5425 plures
805 5358 1027 5423 episcopi
1054 5366 1099 5410 et
1124 5366 1244 5407 ante
1266 5357 1641 5407 ordinationem
1672 5354 1787 5406 dis-

304 5432 503 5483 cedunt.
532 5428 619 5483 IV.
658 5427 774 5493 Quo
800 5442 935 5479 anno
956 5428 1065 5479 lucc
1090 5435 1299 5495 peracta
1322 5425 1607 5478 ordinatio.

304 5545 338 5599 Ι.
370 5546 630 5601 Eusebius
686 5542 1039 5598 Cazsariensis
1087 5540 1373 5609 episcOpus
1427 5539 1663 5591 animant
1733 5539 1783 5591 in

244 5628 403 5686 Basilii
439 5632 689 5686 manibus
733 5643 877 5682 anno
915 5626 1019 5680 370
1046 5627 1121 5694 (α)
1166 5627 1361 5680 leuiter
1400 5626 1697 5686 exhalavit,
1731 5633 1782 5676 et

297 5791 366 5856 (ο)
392 5791 519 5845 Naz.
550 5805 677 5856 pag.
713 5787 821 5856 3w
843 5793 896 5838 et
928 5784 1051 5836 543.

297 5793 344 5855 (a
392 5791 519 5845 Νη.
550 5805 677 5856 pag.
713 5791 747 5837 ὖ

295 5791 366 5932 (ι)
385 5857 511 5915 Nat.
542 5874 631 5926 ep.
660 5854 754 5908 2|.

1905 3331 2005 3387 set,
2042 3338 2201 3391 quam
2238 3330 2485 3390 potentes
2532 3330 2587 3375 et
2635 3322 2774 3389 apud
2814 3322 3000 3390 vulgus
3047 3323 3329 3393 gratiosos.
3370 3326 3463 3381 llis

1904 3416 1968 3467 de
1992 3414 2167 3467 causis
2193 3410 2484 3480 Gregorius
2510 3427 2630 3466 cum
2678 3412 2793 3481 ipse
2822 3413 3089 3480 proticisci
3120 3415 3310 3479 noluit,
3352 3427 3464 3475 tum

1905 3503 2103 3557 Basilio
2136 3514 2324 3557 auctor
2359 3511 2462 3567 est,
2493 3512 2549 3556 ut
2590 3504 2837 3573 prudenti
2878 3520 3091 3560 secessu
3125 3508 3384 3563 tumultus
3412 3521 3467 3563 ιιι

1903 3611 2093 3665 pravas
2131 3598 2465 3667 suspiciones
2497 3598 2688 3666 fugiat.
2723 3598 3026 3653 Verisimile
3069 3611 3152 3654 est
3199 3601 3453 3658 Basiliam

1903 3691 2057 3746 amici
2091 3691 2315 3745 consilio
2353 3691 2620 3760 paruisse,
2648 3706 2710 3745 ac
2746 3690 2983 3746 latebras
3015 3694 3296 3762 quaasiisse
3332 3696 3455 3751 dunt

1899 3784 2092 3837 electio
2127 3794 2492 3855 perageretur.
2518 3782 2620 3839 Sed
2658 3784 2927 3839 immerito
2952 3784 3217 3841 Baronins
3243 3788 3312 3857 (ε)
3338 3802 3457 3855 post

1899 3875 2067 3929 Etiam
2100 3876 2412 3930 Cretensem
2445 3877 2511 3929 ad
2546 3876 2802 3929 Basiliam
2853 3875 3022 3931 refert
3065 3878 3311 3950 Gregorii
3357 3880 3463 3934 Νςι-

1900 3966 2145 4019 zianzeni
2200 3966 2361 4019 verba
2414 3965 2492 4035 (ό)
2555 3965 2621 4020 de
2682 3975 2961 4035 pastorum
3008 3970 3459 4038 prmstantissium

1898 4059 2055 4114 uritis
2088 4073 2273 4113 curam
2308 4060 2480 4112 adhuc
2511 4058 2873 4123 detrectante.
2910 4074 2972 4115 ac
2998 4061 3157 4130 paulo
3191 4072 3309 4131 post
3338 4079 3459 4117 sus-

1898 4162 2141 4221 cepturo.
2183 4149 2444 4219 Loquitur
2478 4152 2619 4203 enim
2667 4151 2754 4203 hic
2813 4151 2878 4204 de
2927 4148 3283 4209 Nazianzenis
3343 4171 3459 4209 mos

1900 4243 2111 4306 nachis,
2137 4243 2275 4296 inter
2305 4257 2442 4311 quos
2468 4258 2625 4295 unum
2659 4242 2927 4311 praecipue
2958 4243 3158 4302 laudat.

1975 4334 2193 4391 lidetur
2228 4336 2458 4390 Basilius
2502 4335 2662 4402 paulo
2717 4344 3006 4404 antequam
3055 4335 3271 4392 Eusebii
3314 4339 3453 4396 oculi

1903 4427 2304 4490 clauderentur,
2365 4426 2432 4479 ad
2472 4424 2789 4496 Gregorium
2829 4426 3133 4496 scripsisse,
3178 4428 3261 4485 vel
3310 4441 3456 4485 certe

1899 4532 2183 4587 antequam
2232 4517 2424 4572 mortis
2468 4520 2683 4573 nuntius
2735 4518 3067 4575 Nazianzum
3124 4520 3449 4576 deferretur.

2421 4624 2544 4664 cum
2589 4625 2647 4664 se
2696 4611 2762 4662 ad
2802 4609 2903 4664 iter
2929 4614 3238 4681 accingeret
3272 4612 3454 4669 Basilii

1900 4700 2159 4755 invisendi
2187 4712 2371 4766 causa,
2405 4703 2573 4757 sensit
2605 4701 2888 4773 episc0pos
2917 4704 2981 4758 ad
3012 4706 3197 4760 urbem
3221 4720 3454 4761 concur-

1902 4808 2039 4857 rere,
2077 4808 2242 4865 seque
2276 4795 2539 4851 intellexit
2572 4808 2601 4847 a
2645 4796 2844 4853 Basilio
2891 4812 2996 4853 non
3034 4807 3141 4853 tam
3176 4800 3241 4853 ad
3275 4802 3448 4854 inurbi

1898 4886 2169 4951 solatium,
2206 4902 2366 4957 quam
2424 4885 2490 4940 ad
2533 4901 2752 4957 operam
2797 4888 2848 4941 in
2902 4889 3139 4959 cpisc0pi
3192 4890 3455 4946 electione

1899 4978 2213 5033 tradendam
2249 4979 2413 5034 allici.
2454 4979 2715 5051 Cognovit
2754 4995 2879 5049 ergo
2918 4993 2981 5033 ex
3032 4980 3136 5037 hoc
3176 4982 3454 5052 episcoma

1895 5084 2015 5125 rum
2059 5084 2320 5125 concursu
2363 5081 2631 5126 mortuum
2682 5085 2800 5125 esse
2854 5069 3183 5126 Eusebium:
3213 5086 3317 5129 nec
3356 5076 3451 5129 dn-

1895 5163 2035 5217 bium
2076 5173 2159 5217 est
2202 5164 2354 5233 quin,
2392 5163 2437 5217 si
2480 5164 2683 5217 certior
2717 5162 2780 5216 de
2808 5162 2909 5216 hac
2942 5172 3113 5216 morte
3142 5161 3319 5219 factos
3346 5174 3450 5219 an-

1895 5265 1974 5308 tea
2023 5253 2230 5321 l’uisset,
2277 5255 2461 5309 statim
2493 5263 2546 5307 et
2589 5254 2770 5308 Basilii
2816 5254 3101 5309 consilium
3151 5265 3207 5310 et
3252 5272 3448 5312 conse-

1892 5347 2106 5414 quentia
2138 5362 2203 5402 ex
2236 5348 2336 5402 hoc
2364 5346 2593 5403 consilio
2624 5348 2959 5402 incommoda
2988 5349 3230 5403 vidisset.

1962 5437 2076 5493 Non
2118 5442 2341 5494 deerunt
2376 5440 2603 5494 fortasse
2644 5439 2735 5507 qui
2790 5440 3049 5491 mirentur
3082 5439 3165 5493 vel
3210 5439 3441 5493 libenter

1894 5545 1996 5583 non
2030 5530 2252 5583 credant
2282 5531 2559 5598 episcOpos
2589 5528 2935 5596 Cappadociae
2975 5528 3155 5580 statim
3186 5535 3303 5592 post
3334 5526 3442 5579 Eu-

1895 5622 2024 5674 sebii
2048 5630 2299 5682 mortem,
2329 5629 2613 5673 anteanam
2644 5617 2838 5671 litteris
2866 5618 2993 5670 cieri
3024 5617 3434 5678 advocarentur,

1952 5778 2021 5842 (ι)
2048 5776 2144 5825 An.
2178 5776 2298 5827 569.

1953 5848 2027 5913 ψ)
2058 5842 2130 5896 0r
2190 5845 2269 5893 li.
