4206 6514
747 465 830 506 Lvt
2075 450 2603 505 PROLEGOMENA.

748 574 1045 628 Caesaream
1083 568 1382 623 advolasse.
1404 567 1510 621 Sed
1548 576 1724 622 tamen
1760 568 1894 623 nihil
1928 569 2177 625 videntur
2201 573 2301 628 hac
2332 580 2371 633 A
2406 574 2565 627 Deum
2606 580 2871 641 preretur,
2914 571 3067 639 eique
3121 571 3337 639 quinam
3404 569 3575 638 magis
3617 569 3795 625 idonei
3843 571 3970 636 sint,

746 668 798 720 in
832 680 888 719 re
928 670 1119 733 prmter
1162 676 1363 716 morem
1405 661 1754 730 Cappadocia:
1804 662 2019 717 fecisse.
2056 662 2196 719 Idem
2227 666 2302 718 fe-

747 763 937 809 cenunt
970 768 1111 808 anno
1148 752 1274 817 575,
1313 765 1434 805 cum
1471 750 1639 805 falsus
1691 752 1755 806 de
1798 752 1977 806 Basilii
2011 764 2178 807 morte
2215 772 2303 808 ru-

749 861 866 898 mor
895 844 1086 896 allatus
1131 851 1295 905 esset,
1325 851 1383 893 ut
1414 842 1775 911 perspicimus
1816 836 1882 897 ex
1920 845 2141 913 epistola
2178 846 2298 910 Ml,

749 948 802 984 n.
832 931 887 984 2.
926 931 1093 983 Nemo
1124 944 1253 984 sane
1295 930 1493 983 dixerit
1524 939 1652 985 tunc
1686 946 1778 986 eos
1814 932 2012 989 litteris
2037 934 2161 989 cieri
2196 952 2304 991 vo—

746 1034 895 1078 catos
930 1023 1117 1078 fuisse.

812 1116 920 1171 Cur
947 1116 1084 1169 idem
1119 1124 1331 1169 mortuo
1346 1114 1579 1169 Eusebio
1607 1118 1825 1172 credam
1862 1118 2136 1183 evenisse,
2161 1134 2301 1188 prte-

747 1218 828 1262 ter
864 1207 1226 1262 testimonium
1253 1206 1498 1278 Gregorii
1526 1207 1872 1275 Nazianzeni,
1903 1225 2009 1278 quo
2032 1210 2141 1279 jam
2174 1227 2302 1266 usus

746 1315 885 1363 sum,
921 1298 1060 1353 aliud
1106 1300 1332 1352 rationis
1376 1310 1702 1353 momentum
1739 1303 2080 1371 suppeditant
2111 1301 2302 1357 litterae

745 1391 990 1463 Gregorii
1041 1390 1273 1459 episcopi
1318 1391 1382 1443 ad
1430 1390 1644 1446 eosdem
1697 1393 2000 1461 episcopos.
2040 1392 2103 1447 Hi
2161 1394 2300 1448 enim

747 1483 1065 1553 Gregorium
1101 1482 1401 1537 Caesaream
1440 1483 1768 1537 advocaruut
1801 1483 1897 1553 (α),
1924 1485 2015 1539 sed
2049 1496 2150 1538 tam
2180 1501 2301 1555 per-

746 1575 1035 1637 functorie,
1076 1582 1134 1626 ut
1178 1587 1277 1626 nec
1315 1572 1501 1626 adesse
1534 1573 1680 1627 illum
1734 1584 1984 1644 oportere
2026 1577 2299 1643 signiﬁca-

744 1674 883 1725 rent,
921 1679 1017 1717 nec
1055 1679 1158 1732 qua
1195 1665 1258 1717 de
1299 1678 1375 1729 re,
1420 1674 1511 1718 aut
1567 1680 1676 1734 quo
1719 1674 1980 1734 tempore.
2026 1666 2301 1721 Permole-

743 1768 882 1811 stum
929 1757 978 1809 id
1030 1756 1128 1809 fuit
1169 1756 1369 1824 optimo
1412 1756 1572 1809 seni:
1618 1766 1670 1809 at
1714 1756 1956 1824 profecto
2016 1757 2298 1812 molestum

742 1864 861 1904 esse
909 1863 1017 1901 non
1071 1848 1365 1912 debuisset,
1391 1847 1433 1899 si
1478 1845 1587 1914 jam
1644 1847 2026 1913 illum,itidem
2079 1858 2136 1903 ut
2170 1850 2303 1903 alios

742 1941 1045 2009 episc0pos,
1094 1939 1159 1991 de
1202 1953 1349 1991 more
1398 1936 1576 1991 clerus
1624 1938 1928 1993 invitasset.
1976 1939 2125 1994 Tunc
2157 1942 2299 1995 enim
2334 1923 2377 1977 Β

746 2044 966 2082 necesse
1004 2044 1105 2083 non
1161 2028 1369 2090 fuisset,
1400 2037 1457 2081 ut
1487 2027 1616 2082 cieri
1658 2027 1850 2081 litteris
1883 2029 2074 2082 additae
2097 2030 2303 2098 episco-

743 2133 930 2189 porum
969 2120 1160 2173 litterae
1187 2116 1394 2186 singula
1428 2123 1680 2169 accurate
1712 2127 2192 2185 persequerentur.

812 2212 870 2265 ll.
896 2211 1027 2266 Cum
1081 2209 1399 2280 praevideret
1458 2209 1797 2263 venerandus
1841 2224 2028 2273 senex,
2069 2209 2120 2262 id
2154 2208 2298 2277 quod

744 2319 843 2357 usu
874 2303 1073 2367 evenit,
1111 2303 1257 2373 varia
1298 2302 1572 2356 hominum
1600 2300 1772 2355 studia
1813 2301 1865 2354 in
1915 2301 2159 2370 eligendo
2191 2300 2301 2367 epi-

746 2409 907 2464 scopo
933 2393 1133 2457 futura,
1166 2393 1405 2447 declarat
1433 2391 1507 2461 (b)
1536 2392 1804 2460 episcopis
1830 2393 2095 2446 neminem
2124 2406 2181 2446 se
2208 2392 2302 2444 ha-

745 2489 893 2550 bere,
937 2500 1124 2555 quem,
1149 2484 1352 2538 Basilio
1403 2482 1659 2552 praeferre
1713 2485 1908 2552 possit,
1941 2485 2057 2537 viro
2095 2496 2149 2538 et
2181 2485 2300 2539 vitae

740 2579 1029 2632 sanctitate
1058 2587 1110 2631 et
1138 2575 1397 2630 doctrime
1428 2574 1735 2644 praestantia
1776 2573 1930 2644 longe
1978 2589 2137 2645 super
2166 2574 2299 2628 alios

739 2684 929 2723 omnes
968 2668 1221 2721 eminenti
1254 2684 1266 2719 :
1299 2682 1396 2720 nec
1448 2666 1591 2719 illius
1647 2666 1893 2735 corporis
1958 2666 2297 2720 debilitatem

741 2764 956 2816 obstare
1010 2760 1233 2824 debere;
1291 2774 1411 2812 cum
1494 2758 1780 2826 episc0pus
1838 2765 2133 2825 quaeratur,
2188 2772 2298 2811 non

739 2852 967 2913 athleta,
999 2865 1061 2905 ac
1103 2858 1362 2919 prazterea
1414 2848 1507 2902 Dei
1551 2848 1720 2901 virtus
1777 2847 1830 2900 in
1861 2846 2123 2915 ejusmodi
2160 2845 2303 2899 inlir-

739 2944 929 2997 mitate
955 2941 1183 2995 eluceat.
1214 2939 1488 2994 Promittit
1514 2953 1571 2993 se
1604 2938 1933 3001 adfuturum,
1970 2938 2012 2991 si
2050 2939 2150 2992 hoc
2186 2938 2298 2990 suf-

741 3032 970 3102 fragium
1001 3032 1283 3097 recipiant,
1316 3046 1380 3083 ac
1414 3045 1631 3098 operam
1670 3031 1748 3084 cis
1771 3031 2020 3085 daturum
2060 3029 2141 3084 vel
2189 3031 2298 3097 spi-

742 3125 851 3178 ritu
886 3123 970 3176 vel
1001 3136 1229 3191 corpore
1264 3136 1275 3171 :
1308 3122 1389 3174 sin
1442 3132 1620 3173 autem
1677 3121 1840 3174 certis
1898 3121 2295 3174 conditionibus

744 3219 826 3270 via
859 3212 1189 3284 capessenda
1226 3211 1317 3277 sit,
1359 3226 1423 3265 ac
1471 3209 1733 3264 factiones
1763 3220 1949 3263 contra
1987 3213 2292 3277 tenuitatem

736 3304 1071 3369 conﬂentur,
1114 3303 1421 3371 gavisurum
1466 3316 1524 3355 se
1557 3301 1696 3369 quod
1739 3298 1904 3352 fuerit
1936 3308 2295 3367 contemptus.

807 3395 1112 3451 Honoriiice
1152 3395 1411 3448 invitatus
1436 3392 1503 3447 ab
1543 3392 1779 3447 Ecclesia
1807 3390 2124 3445 Caesariensi
2173 3388 2299 3445 Gre-

738 3488 921 3559 gorius
970 3485 1040 3557 (c)
1075 3486 1411 3540 demonstrat
1465 3483 1926 3548 Caesariensibus,
1978 3486 2163 3553 quanti
2227 3485 2300 3540 sit

738 3583 996 3637 momenti
1025 3581 1213 3635 electio
1235 3578 1491 3648 episcopi,
1520 3591 1641 3630 cum
1670 3576 1721 3627 in
1745 3575 1991 3628 omnibus
2025 3575 2297 3643 Ecclesiis,

738 3686 847 3729 tum
895 3673 1128 3726 maxime
1181 3671 1233 3723 in
1284 3667 1599 3725 Caesariensi
1662 3667 1886 3722 aliarum
1936 3666 2297 3720 Ecclesiarum

734 3778 929 3823 matre.
968 3766 1246 3820 Summum
1275 3762 1544 3833 significat
1572 3761 1818 3815 veniendi
1862 3760 1926 3813 ad
1950 3776 2044 3815 eos
2082 3759 2296 3813 deside-

736 3860 899 3920 rium.
936 3859 977 3911 si
1008 3872 1102 3926 per
1135 3856 1377 3910 morbum
1407 3863 1460 3908 et
1493 3854 1699 3908 senium
1733 3852 1929 3917 liceat;
1967 3852 2056 3906 sed
2087 3852 2300 3905 interim

735 3950 980 4007 declarat
1013 3964 1075 4003 ex
1104 3949 1235 4001 viris
1261 3949 1563 4017 principatu
1590 3948 1785 4019 dignis,
1818 3962 1952 4017 quos
1977 3948 2027 4000 in
2058 3944 2299 4001 Ecclesia

735 4042 1050 4100 Caesariensi
1107 4040 1287 4111 plures
1338 4055 1459 4094 csse
1516 4055 1619 4093 non
1686 4041 1973 4104 inﬁcialur,
2032 4039 2296 4091 nominem

737 4132 935 4189 Basilio
967 4132 1205 4202 praeferri
1236 4134 1467 4193 debere;
1498 4144 1727 4198 eumque
1774 4144 1955 4183 coram
2005 4128 2112 4181 Deo
2165 4137 2300 4180 teSte

740 4235 1011 4281 asseverat
1038 4234 1089 4278 et
1120 4224 1239 4276 vitta
1268 4235 1319 4275 et
1352 4224 1611 4277 doctrinae
1655 4223 1946 4277 sanctitate
1980 4219 2059 4272 vel
2102 4218 2296 4281 solum,

738 4317 817 4369 vel
841 4316 1077 4369 omnium
1113 4315 1346 4369 maxime
1377 4324 1556 4383 aptum
1597 4315 1858 4383 esse,.qui
1890 4313 2183 4367 Ecclesiam
2218 4311 2299 4362 his

738 4408 1132 4463 ttiolestissimis
1158 4407 1484 4476 temporibus
1507 4406 1787 4475 gubernet.
1818 4407 1991 4472 Atque
2024 4406 2134 4458 haec
2162 4402 2301 4457 scri-

736 4504 815 4555 bit
840 4503 985 4557 clero
1020 4508 1076 4555 et
1106 4500 1404 4562 monachis,
1432 4510 1485 4551 et
1516 4499 1788 4552 honoratis
1815 4512 1877 4551 ac
1908 4497 2069 4550 curiae
2095 4480 2300 4549 etuni-

2399 665 2744 733 iudicandum
2797 664 3080 734 relinquat.
3116 663 3228 718 Non
3276 664 3430 719 modo
3470 665 3569 718 sibi
3600 665 3811 719 videtur
3837 664 3973 721 Grec

2404 756 2582 823 gorius
2628 756 2727 809 hac
2759 755 2872 823 lege
2908 770 3008 809 non
3060 754 3345 823 obstringi,
3382 754 3473 809 sed
3514 754 3675 809 etiam
3718 754 3970 809 Ecclesia:

2403 848 2717 903 Cmsariensi
2749 862 2812 902 ac
2839 846 3103 917 episcopis
3134 848 3324 899 minari
3374 862 3475 900 non
3512 846 3743 910 dubitat,
3771 861 3831 900 se
3864 862 3966 899 non

2404 938 2732 1002 adfuturum,
2768 952 2867 991 nec
2898 939 3208 1007 participem
3233 952 3418 991 eorum
3444 936 3652 991 consilii
3690 935 3927 990 futurum
3949 976 3962 997 ,

2404 1029 2446 1083 si
2477 1043 2568 1082 sua
2606 1044 2711 1084 non
2745 1028 2923 1081 vincat
2968 1028 3254 1093 sententia,
3286 1029 3328 1083 si
3365 1042 3522 1097 quem
3556 1028 3717 1081 alium
3764 1026 3962 1080 Basilio

2404 1121 2710 1190 prazferant.
2758 1121 2893 1178 Huic
2942 1129 3118 1176 autem
3170 1122 3357 1190 agendi
3414 1120 3608 1173 rationi
3658 1135 3764 1173 non
3808 1121 3967 1173 modo

2402 1212 2557 1265 venia
2600 1211 2840 1278 debetur,
2883 1213 2975 1267 sed
3020 1212 3178 1265 etiam
3229 1213 3341 1265 laus
3388 1210 3823 1280 maxima,eique
3852 1209 3967 1278 pal-

2404 1320 2546 1359 mam
2594 1304 2684 1357 dat
2730 1304 3018 1375 Gregorius
3070 1304 3208 1358 filius
3248 1304 3324 1371 (ά)
3368 1304 3509 1358 inter
3561 1312 3751 1357 caetera
3798 1302 3966 1370 patris

2405 1396 2663 1465 praeclare
2697 1396 2852 1451 facta.
2890 1396 3020 1450 Nam
3058 1410 3175 1450 cum
3220 1397 3456 1449 omnium
3487 1396 3550 1451 de
3575 1393 3759 1449 Basilii
3792 1396 3962 1447 virtu-

2405 1488 2754 1556 tibusjudicia
2785 1489 3179 1554 consentirent,
3213 1502 3277 1540 ac
3318 1486 3433 1540 luce
3461 1486 3661 1541 clarius
3697 1496 3843 1541 esset
3875 1502 3968 1540 ne-

2404 1584 2602 1636 miuem
2643 1581 2804 1635 alimn
2837 1581 2951 1635 sine
2993 1596 3204 1635 summo
3252 1579 3425 1649 legum
3468 1578 3965 1633 ecclesiasticarum

2403 1680 2712 1741 contemptu
2754 1669 2876 1739 eligi
2918 1684 3108 1739 posse;
3158 1667 3452 1737 Gregorius
3505 1681 3569 1720 eo
3616 1676 3719 1720 tam
3763 1666 3967 1720 acriter

2403 1762 2734 1821 defendendo
2782 1776 2880 1817 nec
2918 1760 3039 1829 jura
3080 1776 3177 1815 nec
3223 1760 3522 1815 libertatem
3584 1758 3962 1826 suffragiorum

2410 1857 2727 1920 attentabat,
2755 1856 2849 1911 sed
2885 1852 3063 1922 potius
3096 1870 3125 1907 a
3152 1853 3478 1908 factionibus
3526 1860 3579 1906 et
3625 1852 3965 1919 praeposteris

2409 1948 2599 2002 studiis
2691 1948 2757 2001 ad
2837 1945 3220 2004 ecclesiasticae
3292 1943 3539 1998 utilitatis
3587 1941 3966 2022 cogitationem

2408 2039 2642 2093 omnium
2669 2042 2875 2095 animos
2902 2039 3206 2095 revocabat.

2478 2129 2586 2183 Has
2616 2132 2778 2199 patris
2812 2131 3021 2185 litteras
3055 2131 3254 2184 indicat
3284 2127 3573 2194 Gregorius
3593 2138 3686 2194 χε),
3706 2139 3827 2178 cum
3855 2123 3963 2178 ait:

2407 2221 2633 2275 Litteras
2663 2219 2935 2281 scribebat,
2961 2221 3219 2285 monebat,
3247 2218 3491 2287 papa/um
3523 2217 3859 2279 conciliabat,
3885 2233 3967 2268 sa-

2406 2315 2657 2377 cerdotes,
2683 2328 2798 2365 cum
2825 2312 2978 2374 alios,
3020 2322 3127 2361 tum
3160 2327 3244 2363 eos
3285 2311 3372 2378 qui
3409 2308 3597 2362 altaris
3638 2316 3782 2371 sunt,
3826 2307 3971 2359 obte-

2406 2406 2663 2469 stabatur,
2700 2401 3022 2467 decernebat,
3054 2399 3327 2452 ordinabat
3367 2401 3522 2452 etiam
3571 2397 3775 2463 abiens,
3818 2397 3967 2451 sani-

2406 2497 2492 2549 tiei
2526 2511 2635 2549 sua:
2666 2496 2762 2548 hoc
2798 2493 2995 2556 dabat,
3024 2500 3078 2544 ut
3114 2492 3252 2557 apud
3290 2490 3510 2553 alienos,
3544 2501 3791 2559 tanquam
3827 2488 3969 2557 apud

2406 2604 2526 2642 suos
2566 2585 2884 2641 auctoritate
2942 2591 3191 2636 uteretur.
3237 2580 3441 2646 Quibus
3473 2594 3535 2633 ex
3572 2582 3747 2637 verbis
3787 2580 3965 2650 ciilligi

2407 2677 2577 2747 possit
2617 2690 2721 2729 non
2763 2674 2896 2727 duas
2939 2680 3143 2725 tantum
3191 2684 3219 2724 a
3262 2678 3449 2724 sancto
3481 2683 3629 2729 sene,
3658 2671 3749 2721 sed
3783 2670 3969 2736 plures

2408 2768 2540 2821 alias
2574 2765 2825 2819 Ecclesia:
2850 2761 3167 2818 Caesariensi
3194 2760 3424 2826 scriptas
3454 2756 3640 2812 fuisse.
3674 2758 3971 2813 Videbatur

2408 2860 2544 2912 hanc
2576 2859 2643 2910 ab
2675 2872 2739 2910 eo
2789 2855 3200 2909 sollicitudinem
3242 2867 3468 2923 poscere
3511 2848 3669 2918 hujus
3711 2848 3970 2905 Ecclesiae

2405 2958 2593 3002 status.
2628 2945 2757 2999 Erat
2782 2947 2921 2999 enim
2952 2960 3143 3013 magna
3173 2946 3475 2997 animorum
3505 2939 3789 2995 dissensio.
3818 2938 3971 2994 Basi-

2405 3043 2530 3096 lium
2562 3039 2810 3094 omnibus
2832 3037 3184 3108 prteferebant
3206 3036 3551 3090 selectissima
3596 3041 3649 3088 et
3675 3032 3969 3102 purissima

2403 3150 2523 3204 pars
2552 3132 2751 3203 populi,
2776 3131 3056 3184 universus
3075 3128 3251 3184 clerus
3268 3138 3321 3181 et
3352 3136 3543 3181 ascetze
3573 3142 3586 3178 :
3620 3125 3713 3180 sed
3762 3123 3972 3178 invide-

2402 3225 2530 3279 bant
2566 3234 2621 3278 et
2649 3221 3026 3295 oppugnabant
3070 3220 3431 3289 magistratus,
3463 3231 3526 3271 ac
3560 3216 3754 3270 infima:
3789 3212 3963 3283 plebis

2402 3311 2745 3379 perditissimi
2774 3310 2971 3378 quique
2999 3325 3116 3364 cum
3143 3306 3540 3377 magistratibus
3572 3305 3863 3374 conjuncti,
3893 3312 3969 3367 et,

2404 3402 2541 3469 quod
2594 3399 2827 3454 inimicis
2874 3398 3143 3465 religionis
3180 3395 3397 3463 iocandi
3446 3396 3730 3449 materiam
3776 3396 3966 3459 dabat,

2404 3493 2500 3562 ipsi
2542 3490 2703 3546 etiam
2736 3489 2989 3560 episcopi.

2471 3582 2604 3636 Erat
2649 3595 2781 3636 sane
2818 3582 3188 3643 metuendum,
3232 3590 3298 3631 ne
3325 3574 3529 3637 Ariani,
3566 3576 3655 3643 qui
3691 3590 3834 3630 anno
3862 3575 3970 3632 565

2405 3673 2654 3729 Ecclesiae
2686 3672 3001 3728 thsariensi
3048 3668 3271 3725 insidias
3305 3672 3635 3731 struxerant,
3676 3665 3973 3720 dissensio-

2404 3765 2561 3818 nibus
2590 3766 2921 3819 laborantem
2969 3771 3291 3831 occuparent
3339 3768 3393 3816 et
3420 3764 3749 3813 everterent.
3785 3754 3969 3820 Quare

2401 3854 2693 3924 Gregorius
2731 3870 2850 3909 cum
2890 3857 3123 3909 nondum
3167 3855 3354 3907 adesse
3376 3859 3576 3920 posset,
3620 3864 3683 3902 ac
3719 3849 3971 3913 praesidio

2403 3964 2509 4005 non
2535 3947 2794 4001 mediocri
2825 3954 3034 4012 tempus
3052 3957 3210 4009 egere
3236 3944 3556 4011 intelligeret
3582 3942 3650 4012 (f)
3673 3982 3686 4004 ,
3707 3948 3966 4009 maguum

2402 4056 2466 4096 ex
2504 4039 2725 4094 Oriente
2752 4036 2929 4089 lumen
2957 4036 3205 4098 accersit,
3237 4033 3295 4089 S.
3329 4032 3617 4087 Eusebium
3648 4034 3960 4087 Samosata-

2405 4148 2552 4196 num,
2597 4130 2779 4186 missis
2818 4144 2912 4197 per
2944 4126 3280 4181 Eustathium
3329 4126 3615 4180 diaconum
3664 4124 3879 4187 litteris,
3911 4126 3963 4178 in

2404 4222 2601 4289 quibus
2637 4222 2968 4274 demonstrat
2997 4227 3201 4287 quanto
3223 4226 3465 4272 versetur
3494 4215 3546 4269 iu
3582 4213 3821 4283 periculo
3854 4211 3970 4266 Cte-

2403 4312 2659 4367 sariensis
2689 4311 2950 4374 Ecclesia,
2984 4320 3241 4379 rogatque
3283 4316 3339 4361 ut
3366 4308 3507 4363 illius
3535 4309 3715 4362 veniat
3739 4305 3965 4368 auxilio,

2402 4419 2464 4457 ac
2502 4403 2795 4458 exantlatis
2842 4417 2937 4469 pro
2982 4400 3222 4455 Ecclesia
3286 4399 3563 4453 laboribus
3612 4399 3757 4452 hunc
3802 4398 3967 4451 etiam

2402 4497 2638 4566 adjiciat.
2674 4494 2939 4548 Cteterum
2971 4493 3166 4547 habere
3203 4506 3260 4544 se
3288 4506 3397 4559 prte
3430 4492 3600 4545 oculis
3638 4491 3835 4553 virum,
3862 4487 3965 4555 ipsi

736 4607 905 4646 versa:
943 4593 1106 4661 plebi.
1142 4590 1197 4646 Si
1224 4591 1323 4645 sibi
1352 4589 1737 4654 assentiamur,
1768 4599 1927 4658 atque
1967 4589 2078 4642 [nec
2113 4587 2298 4642 vicerit
2332 4596 2373 4650 ι)
2407 4588 2636 4642 Eusebio
2674 4600 2776 4639 non
2820 4587 3056 4654 ignotum
3080 4625 3095 4649 ,
3130 4600 3278 4651 quem
3305 4584 3349 4637 si
3382 4586 3610 4637 obtinere
3667 4597 3963 4648 possumus.

736 4682 1025 4745 sententia,
1057 4683 1339 4753 pollicetur
1383 4696 1440 4735 se
1484 4679 1793 4736 adfuturum
1840 4680 2053 4749 spiritu,
2080 4680 2299 4749 jamque

735 4776 789 4827 in
827 4784 1164 4827 antecessum
1210 4785 1403 4825 manus
1458 4771 1774 4841 imponere:
1810 4772 1891 4824 sin
1944 4772 2087 4825 aliud
2135 4771 2295 4840 quid-

732 4867 875 4935 piam
917 4864 1022 4918 illis
1064 4863 1293 4931 placeat,
1339 4878 1401 4917 ac
1443 4863 1687 4917 sodalitia
1731 4872 1787 4917 et
1830 4863 2180 4930 cognationes
2216 4861 2296 4913 vi-

736 4968 916 5025 geant,
951 4964 1044 5011 aut
1102 4959 1401 5024 promiscua
1472 4957 1623 5006 turba
1676 4969 1862 5022 parum
1925 4953 2024 5005 loci
2090 4954 2296 5021 legibus

733 5048 1111 5104 ecclesiasticis
1144 5048 1428 5116 relinquat,
1472 5045 1782 5113 participem
1840 5059 1897 5098 se
1938 5057 2121 5096 eorum
2165 5060 2293 5097 cou-

735 5141 840 5196 silii
873 5154 975 5193 non
1005 5138 1263 5192 futurum.

802 5232 920 5286 Non
987 5232 1190 5298 putavit
1243 5228 1535 5297 Gregorius
1588 5226 1982 5282 observandum
2028 5241 2146 5280 esse
2190 5226 2293 5280 hoc

733 5323 869 5384 loco,
900 5322 1043 5389 quod
1074 5318 1304 5372 Basilius
1336 5318 1517 5372 utilius
1563 5332 1625 5372 ac
1666 5317 1835 5371 satius
1884 5331 2002 5369 esse
2046 5319 2199 5371 docet
2237 5318 2290 5370 in

733 5414 891 5483 epist.
921 5409 1047 5475 290,
1082 5419 1139 5464 ut
1179 5411 1319 5464 dicto
1357 5409 1663 5464 testimonio
1696 5408 1877 5462 studia
1908 5408 2162 5471 vitentur,
2194 5420 2293 5461 nec

733 5505 1017 5573 quisquam
1053 5501 1364 5567 contendat,
1410 5510 1467 5557 ut
1510 5516 1603 5555 sua
1654 5501 1831 5555 vincat
1878 5502 2164 5567 sententia,
2202 5503 2294 5558 sed

800 5656 875 5723 (α)
905 5656 1031 5711 Naz.
1060 5672 1144 5724 ep.
1177 5657 1263 5713 23.

802 5726 872 5795 (bl
909 5726 1038 5793 Ibid.
1094 5734 1099 5739 ’

802 5798 871 5855 (c)
908 5796 998 5861 Ep.
1032 5797 1119 5849 9‘2.

805 5868 880 5932 (dt
912 5867 1005 5919 Ur.
1034 5868 1117 5921 l‘J.

2400 4678 2605 4748 inquit,
2655 4677 2760 4729 scio
2807 4678 3153 4746 acquisituros
3192 4691 3283 4729 nos
3328 4691 3569 4743 magnam
3621 4675 3759 4739 apud
3800 4673 3967 4727 Deum

2398 4771 2678 4837 ﬁduciam,
2736 4779 2887 4839 atque
2934 4772 2989 4821 in
3048 4770 3327 4837 populum,
3382 4767 3471 4835 qui
3519 4781 3610 4818 nos
3656 4766 3965 4821 advocavit.

2397 4861 2701 4928 bene/icium
2736 4864 3023 4916 maximum
3066 4860 3367 4913 collaturus.
3400 4859 3658 4913 llortatur
3698 4869 3758 4910 ut
3788 4859 3965 4926 ruptis

2396 4954 2643 5007 oumibus
2676 4953 2840 5008 moris
2877 4954 3217 5007 incommoda
3251 4953 3440 5006 hiemis
3459 4958 3781 5004 antevertat.
3810 4948 3964 5001 lianc

2399 5043 2701 5108 epistolam,
2752 5059 2871 5113 quae
2920 5044 3057 5097 inter
3124 5043 3422 5098 Basilianas
3468 5042 3749 5110 reperitur,
3803 5054 3965 5093 nemo

2393 5134 2501 5202 jam
2539 5135 2651 5190 fere
2678 5145 2782 5203 est,
2812 5135 2905 5206 qui
2944 5134 3203 5207 Gregorio
3234 5134 3613 5189 restituendam
3648 5146 3750 5184 non
3792 5128 3965 5182 latea—

2400 5236 2505 5281 ltli‘.

2472 5321 2721 5374 Accurrit
2753 5330 2970 5375 sanctus
3004 5331 3205 5390 martyr
3234 5320 3285 5372 in
3331 5318 3759 5388 Cappadociam;
3800 5317 3963 5385 idque

2401 5422 2549 5465 certo
2580 5412 2781 5467 scimus
2815 5427 2878 5464 ex
2921 5413 3147 5483 epistola
3178 5411 3247 5466 48
3276 5410 3483 5477 Basilii,
3524 5419 3577 5464 et
3606 5424 3673 5465 ex
3720 5411 3963 5465 testimo-

2404 5502 2492 5554 nio
2522 5498 2765 5571 Gregorii
2802 5502 2899 5571 (g),
2938 5504 3025 5573 qui
3061 5502 3319 5574 Spiritum
3362 5511 3604 5557 sanctum
3647 5501 3714 5557 ab
3758 5501 3959 5558 exteris

2479 5655 2546 5725 (e)
2584 5656 2718 5710 ibid.

2482 5727 2546 5797 (Ῑ)
2577 5726 2734 5779 Β.ιδὶ1.
2763 5741 2847 5797 ep.
2885 5728 2970 5783 47.

2480 5794 2552 5867 ((1)
2585 5797 2677 5852 Or.
2709 5798 2794 5855 20.
