4206 6512
1568 472 1734 531 VITA
1774 468 1831 523 S.
1874 464 2137 521 BASILll.

216 613 522 687 regionibus
547 607 705 663 viros
732 607 951 679 pietate
982 604 1158 659 claros
1190 612 1245 661 et
1267 602 1383 658 zelo
1406 600 1696 672 ﬂagrantes
1735 594 1800 648 ad
1832 594 1877 651 Α
1910 592 2202 650 conllasse,
2250 584 2343 639 sed
2396 589 2507 651 1am
2554 588 2714 637 antea
2766 575 3053 680 conﬂatum

216 707 517 781 ungendum
544 701 818 760 Basilium
846 702 1117 758 excitasse
1148 706 1397 756 testatur.
1430 693 1546 751 Non
1581 694 1799 751 dubium

213 814 291 859 est
315 799 445 869 quin
478 798 617 853 tanti
651 797 783 852 fidei
816 793 1120 851 defensoris
1160 790 1443 863 praesentia
1475 790 1648 845 lucem
1681 785 1799 841 red-

220 892 407 948 diderit
435 890 698 947 Ecclesia:
726 887 1075 954 Ctesariensi,
1104 896 1159 943 et
1201 883 1401 939 multos
1435 898 1501 937 ex
1540 883 1711 946 curia,
1742 895 1803 934 ac

224 986 357 1039 forte
391 984 557 1039 etiam
591 998 659 1037 ex
691 980 826 1049 ipsis
866 980 1132 1049 episcopis
1175 976 1240 1031 ad
1274 977 1544 1029 saniorem
1579 982 1801 1029 senten-

225 1076 351 1129 tiam
392 1075 703 1133 adduxerit.
748 1072 881 1126 Nam
924 1083 1149 1128 testatur
1200 1069 1493 1140 Gregorius
1520 1068 1595 1140 (a)
1630 1066 1803 1137 Spiri-

229 1178 337 1221 tum
375 1178 627 1224 sanctum
673 1164 886 1220 abunde
914 1167 1127 1220 vicisse.
1158 1160 1264 1216 Sed
1295 1171 1473 1220 tamen
1508 1163 1651 1217 illius
1687 1174 1798 1214 mo-

225 1259 351 1315 nitis
407 1268 463 1314 et
521 1254 826 1312 hortatibus
879 1256 1056 1327 plures
1121 1254 1353 1325 episcopi
1409 1269 1513 1309 non
1555 1254 1804 1309 videntur

234 1354 490 1407 cessisse.
532 1347 670 1404 Nam
721 1365 841 1406 cum
876 1364 1060 1403 eorum
1096 1362 1341 1413 numero,
1370 1347 1801 1417 qui'episcopum

230 1441 619 1511 proclamaturi
674 1451 849 1503 erant,
913 1453 1050 1492 unus
1110 1438 1323 1494 deesset
1379 1438 1445 1491 ad
1482 1438 1800 1491 canonicam

224 1528 543 1583 electionem
569 1570 585 1596 ,
620 1528 875 1582 Nazianzi
915 1529 1197 1596 episcopus
1234 1530 1307 1597 (b)
1358 1542 1463 1581 non
1510 1527 1682 1581 solum
1714 1543 1799 1583 sc-

226 1629 460 1686 nectute,
483 1622 576 1677 sed
604 1621 764 1675 etiam
791 1618 975 1674 morbo
1000 1620 1220 1684 fractus,
1248 1622 1591 1687 animamque
1612 1632 1798 1689 agens,

230 1706 336 1760 iter
368 1709 587 1780 aggredi
639 1722 743 1761 non
778 1708 1061 1777 dubitavit,
1094 1720 1155 1763 ut
1201 1708 1410 1764 calculo
1453 1723 1550 1762 suo
1578 1709 1799 1764 electio—

229 1815 349 1853 nem
403 1804 643 1871 juvaret.
682 1799 895 1871 Colligit
950 1801 1324 1857 Tillemontius
1374 1814 1435 1854 ex
1497 1800 1580 1857 his
1622 1803 1801 1858 verbis

225 1893 472 1963 Gregorii
505 1896 811 1949 necessaria
837 1894 999 1949 fuisse
1022 1896 1093 1950 ad
1124 1894 1450 1950 canonicam
1474 1895 1796 1951 electionem

230 1985 449 2055 majoris
489 1987 659 2054 partis
688 1987 1055 2055 episcoporum
1090 1984 1368 2057 suffragia.
1398 1987 1550 2056 Quod
1578 1989 1796 2057 quidem
1832 1978 1874 2033 B
1906 1974 2163 2026 C(t'sarea:
2213 1978 2444 2039 agentes,

225 2093 289 2132 eo
321 2076 632 2147 diligentius
675 2076 998 2131 servandum
1050 2087 1170 2132 erat
1203 2079 1256 2133 in
1295 2080 1555 2137 electione
1590 2078 1795 2142 Basilii,

229 2166 370 2235 quod
403 2183 509 2222 non
539 2168 708 2222 solum
755 2165 936 2236 plures
961 2167 1197 2239 episc0pi
1235 2170 1667 2233 intercedebant,
1702 2170 1795 2224 sed

225 2262 390 2316 etiam
442 2262 728 2328 adjunctos
784 2275 965 2316 secum
1023 2263 1293 2318 habebant
1345 2265 1693 2334 magistratus
1743 2276 1799 2320 et

225 2352 625 2423 perditissimos
654 2368 896 2424 quosque
925 2355 1088 2409 cives.

294 2443 683 2501 Proficiscente
716 2457 871 2516 patre
915 2447 1132 2515 scripsit
1174 2446 1469 2518 Gregorius
1508 2450 1578 2523 (ε)
1621 2455 1687 2507 ad
1736 2454 1794 2507 S.

225 2536 546 2602 Eusebium,
582 2537 735 2603 cujus
788 2538 960 2593 zelum
1006 2542 1062 2593 et
1112 2541 1336 2597 sudores
1386 2542 1565 2597 laudat
1594 2555 1645 2597 et
1675 2561 1800 2614 gra-

228 2640 333 2682 tam
389 2629 499 2683 Deo
551 2629 894 2692 libertatem;
935 2632 1093 2701 eique
1127 2645 1403 2703 acceptum
1437 2634 1603 2690 refert
1659 2638 1799 2705 quod

227 2721 397 2786 patris
443 2730 695 2775 senectus
743 2735 998 2779 renovata
1052 2726 1214 2781 fuerit
1252 2727 1435 2781 :unde
1468 2728 1630 2781 etiam
1684 2744 1796 2781 rem

226 2824 289 2864 ex
356 2813 625 2867 sententia
684 2831 1058 2872 successuram
1120 2822 1586 2886 speratzveniam
1644 2822 1796 2889 petit,

226 2905 367 2972 quod
398 2921 503 2960 non
538 2919 790 2963 accurrat
825 2912 890 2964 ad
941 2911 1055 2976 ejus
1096 2910 1434 2977 complexum
1474 2912 1667 2980 linguis
1698 2913 1798 2967 im-

226 2997 519 3064 proborum
549 3003 781 3065 cedens;
817 3003 910 3055 sed
941 3002 1094 3067 paulo
1124 3012 1243 3069 post
1272 3014 1559 3059 venturum
1588 3020 1644 3060 se
1673 3017 1798 3075 pro-

225 3089 415 3154 mittit,
468 3093 613 3159 quod
673 3102 854 3147 tamen
887 3094 1178 3162 perfecisse
1227 3112 1330 3150 non
1381 3099 1613 3154 videtur.
1662 3100 1801 3155 Vicit

226 3180 442 3235 abunde
491 3180 729 3250 Spiritus
776 3194 993 3240 sanctus
1036 3202 1130 3256 per
1157 3185 1443 3242 Eusebium
1498 3197 1552 3240 et
1596 3188 1801 3257 Grego-

229 3274 389 3337 rium,
420 3274 513 3342 qui
546 3288 670 3327 cum
707 3275 973 3340 vehiculo,
1009 3285 1262 3347 tanquam
1300 3287 1544 3334 mortuus
1575 3279 1798 3347 feretro,

3369 458 3475 500 LVll

3102 568 3475 626 confirmasse.
3548 644 3551 645 γ

1912 684 2029 739 Non
2063 695 2193 752 ergo
2237 674 2595 732 interfuerant
2618 668 2968 731 ordinationi,
3003 682 3102 724 nec
3135 664 3334 720 Basilio
3363 679 3446 718 ina

1909 790 2010 830 nus
2050 775 2440 844 imposuerant,
2478 780 2577 819 nec
2637 782 2758 819 cum
2810 776 2877 817 eo
2924 759 3471 814 cumnntnicaverant.

1909 866 2127 920 Pondus
2155 862 2305 918 addit
2357 858 2486 913 huic
2523 858 2802 910 sententia:
2832 866 3022 910 eorum
3055 850 3299 904 Caesarea
3351 857 3476 901 ante

1907 957 2195 1012 Eusebium
2244 950 2526 1008 discessio.
2557 947 2669 1003 Cur
2723 949 2864 1000 enim
2916 942 3198 1004 Eusebius,
3227 940 3310 994 cui
3368 936 3480 994 lon-

1907 1066 2030 1123 gum
2069 1051 2173 1103 iter
2202 1045 2570 1117 peragendum
2610 1049 2746 1103 erat,
2778 1040 2953 1092 Serius
2976 1047 3155 1092 tamen
3199 1045 3358 1099 quam
3385 1029 3474 1085 isti

1906 1141 2177 1202 discessit,
2224 1141 2322 1192 nisi
2384 1138 2509 1207 quia
2576 1148 2697 1189 sese
2751 1139 3133 1201 proruperunt,
3184 1124 3364 1179 statim
3414 1139 3477 1175 ac

1906 1238 2077 1288 victos
2101 1249 2157 1287 se
2183 1247 2303 1285 esse
2331 1228 2619 1285 viderunt?
2655 1226 2783 1280 Illud
2812 1224 2975 1278 etiam
3002 1229 3321 1293 argumento
3369 1226 3476 1279 est,

1908 1327 2113 1393 insigne
2154 1320 2355 1391 aliquid
2404 1321 2501 1373 hos
2551 1319 2835 1386 episcopos
2887 1312 3099 1376 fecisse,
3126 1311 3268 1381 quod
3321 1309 3479 1377 hujus

1907 1418 2264 1474 dissensionis
2307 1426 2429 1469 tota:
2464 1414 2714 1467 civitates
2745 1423 2798 1465 et
2830 1407 3014 1479 populi
3043 1408 3331 1477 participes
3360 1402 3477 1458 fue-

1909 1522 2051 1573 runt,
2084 1509 2305 1581 ejuSque
2338 1505 2478 1559 fama
2517 1505 2582 1556 ad
2616 1513 2851 1557 remotas
2877 1500 3185 1572 provincias
3214 1497 3477 1567 pervenit,

1906 1618 1957 1655 ut
1993 1612 2175 1672 postea
2216 1600 2541 1653 videbimus.
2579 1594 2689 1647 Non
2723 1612 2854 1664 opus
2884 1603 2968 1648 est
3020 1590 3204 1644 verbis
3234 1589 3480 1645 refellere

1906 1693 2121 1750 Baronii
2183 1689 2251 1761 (e)
2324 1689 2683 1748 sententiam,
2749 1687 2839 1751 qui
2896 1674 3080 1737 Basilii
3140 1679 3481 1734 adversarios

1904 1790 2072 1843 fuisse
2097 1787 2395 1844 existimat,
2429 1798 2533 1834 non
2570 1795 2663 1832 eos
2712 1792 2850 1846 quos
2894 1777 3126 1829 diximus
3174 1774 3475 1843 episcopos,

1904 1885 1994 1935 sed
2035 1878 2320 1953 prtesidem
2357 1872 2726 1944 Cappadoeize.
2776 1879 2824 1922 et
2873 1866 3004 1920 alios
3048 1868 3167 1919 huic
3215 1864 3479 1933 proximos

2498 1973 2547 2017 et
2605 1964 2866 2017 civitatem
2896 1960 3150 2027 suadet/ue
3184 1958 3478 2017 miscentes,

1910 2076 1961 2117 ut
1989 2065 2041 2117 in
2078 2065 2304 2131 gratiam
2333 2056 2521 2112 Ariani
2552 2051 2887 2124 imperatoria
2910 2049 3047 2103 alius
3076 2058 3346 2101 crearetur
3371 2046 3480 2114 epi-

1904 2171 2109 2211 δεουυδ.

1982 2247 2067 2304 IV.
2095 2248 2211 2315 Quo
2239 2246 2470 2300 Basilius
2501 2256 2643 2297 anno
2672 2239 2955 2295 ordinatus
3009 2233 3192 2295 fuerit,
3230 2246 3333 2285 non
3371 2244 3477 2284 una

1904 2356 1985 2400 est
2041 2344 2351 2400 criticorum
2410 2338 2728 2393 sententia:
2775 2330 3039 2386 Baronius
3078 2340 3133 2382 et
3188 2324 3482 2381 Bollandus

1911 2452 2051 2491 anno
2081 2435 2186 2491 569
2218 2432 2527 2489 ordinatum
2564 2428 2728 2481 fuisse
2762 2423 3130 2487 contendunt;
3169 2435 3309 2472 anno
3350 2416 3478 2480 570,

1908 2530 2162 2585 Petavius
2188 2539 2243 2582 et
2288 2522 2687 2581 Tillemontius.
2737 2517 2881 2572 Nihil
2916 2529 3097 2571 moror
3127 2510 3353 2582 Ppgium
3389 2510 3481 2577 qui

1908 2617 2302 2675 ordinationem
2355 2614 2535 2668 differt
2581 2625 2755 2681 usque
2810 2607 2875 2661 ad
2935 2618 3132 2657 annum
3184 2599 3320 2666 571;
3370 2597 3484 2652 haec

1912 2714 2057 2770 enim
2113 2709 2296 2779 opinio
2338 2718 2489 2762 stare
2535 2720 2640 2758 non
2684 2711 2878 2772 potest.
2930 2698 3004 2754 Ex
3049 2695 3257 2752 duabus
3302 2702 3482 2747 autem

1911 2807 2036 2862 aliis
2072 2802 2360 2860 sententiis
2395 2802 2549 2865 longe
2578 2795 2753 2865 potior
2778 2795 2990 2849 videtur
3017 2806 3079 2846 ea
3106 2804 3265 2859 quam
3289 2784 3481 2842 defen-

1906 2902 1982 2956 dit
2016 2896 2415 2953 Tillemuulius.

1982 2992 2037 3045 1ο
2092 2990 2299 3043 Pendet
2343 2985 2703 3042 ordinationis
2751 2995 2925 3035 annus
2969 2992 3035 3033 ex
3083 2976 3275 3031 mortis
3316 2988 3480 3027 anno.

1914 3083 2144 3138 Constat
2194 3082 2337 3133 enim
2392 3079 2649 3133 Basilium
2711 3073 2991 3145 praefuisse
3046 3068 3113 3141 (Ι)
3150 3076 3274 3122 octo
3312 3078 3484 3119 annos

1914 3174 2168 3230 Ecclesiae
2198 3172 2514 3225 Czesarieusi
2578 3178 2631 3221 et
2668 3169 2739 3237 (g)
2794 3180 2991 3220 nonum
3041 3161 3323 3229 incepisse.
3364 3154 3485 3211 Non

1917 3269 2095 3320 minus
2159 3276 2367 3319 certum
2425 3271 2479 3315 et
2534 3260 2872 3328 exploratum
2929 3264 3011 3310 est
3064 3251 3204 3322 quod
3255 3257 3485 3304 testatur

229 3366 515 3436 impositus
556 3368 768 3432 fuisset,
814 3384 878 3423 ex
920 3369 1102 3425 labore
1148 3372 1291 3426 vires
1330 3373 1533 3438 traxit;
1571 3382 1626 3427 et
1680 3339 1800 3427 cuni
1833 3339 1875 3395 Ο
1912 3360 2204 3430 Gregorius
2261 3356 2535 3427 Nysseuus
2589 3352 2687 3421 (It),
2733 3365 2922 3405 novem
2979 3359 3072 3401 aut
3126 3345 3311 3399 decem
3366 3352 3487 3413 post

232 3474 343 3510 rem
381 3459 597 3528 egregie
656 3460 1113 3526 administrasset,
1147 3477 1209 3516 ac
1260 3462 1596 3527 dimicasset,
1654 3463 1804 3520 Basi-

233 3550 477 3619 liumqne
538 3550 589 3603 in
655 3550 851 3605 throno
884 3551 1220 3615 collocasset,
1277 3552 1467 3610 firmus
1517 3571 1579 3609 ac
1622 3557 1807 3612 valens

232 3639 452 3692 domum
491 3640 670 3702 rediit,
700 3641 886 3696 oculos
931 3655 1146 3697 erectos
1195 3644 1402 3699 habens
1457 3661 1485 3699 a
1552 3661 1804 3701 manuum

241 3730 587 3799 impositione
634 3740 688 3785 et
736 3732 1007 3798 unctione,
1044 3745 1206 3805 atque
1232 3735 1391 3791 etiam
1437 3738 1504 3792 ab
1541 3738 1683 3792 illius
1714 3740 1806 3808 qui

232 3820 538 3888 ungebatur
566 3823 742 3892 capite
775 3826 1078 3881 roboratus.

283 3903 387 3965 'lll.
432 3913 742 3968 lnvidorum
803 3915 985 3970 Basilii
1035 3918 1231 3971 mirum
1285 3918 1337 3972 in
1392 3918 1607 3973 modum
1659 3917 1810 3974 furor

230 4006 461 4068 exarsit,
496 4006 586 4057 ubi
622 4015 849 4060 conatus
882 4022 1005 4062 suos
1061 4009 1111 4061 in
1170 4019 1387 4063 ventum
1425 4008 1623 4065 effusos
1667 4012 1810 4066 vide-

232 4104 357 4149 runt
390 4111 403 4146 :
443 4094 745 4165 plagarum,
775 4113 909 4166 quas
954 4098 1056 4153 sibi
1101 4100 1202 4154 hac
1244 4100 1509 4157 electione
1550 4102 1807 4157 videban-

233 4197 322 4239 tur
348 4187 653 4256 accepisse,
686 4190 1033 4259 ignominiam
1059 4190 1200 4247 ferre
1224 4209 1327 4247 non
1358 4204 1668 4263 potuerunt.
1701 4195 1805 4249 lta-

232 4293 336 4346 q-ie
384 4294 493 4333 non
526 4278 701 4333 solum
735 4281 993 4336 conviciis
1044 4285 1361 4351 Gregorium
1396 4287 1704 4353 episcopum
1744 4298 1798 4341 et

233 4373 540 4428 maledictis
566 4384 932 4435 vexaverunt,
970 4374 1063 4427 sed
1096 4375 1257 4429 etiam
1287 4377 1613 4430 ordinationi
1648 4380 1832 4431 interr

233 4477 375 4523 esse,
419 4473 628 4516 etcum
672 4461 870 4515 Basilio
916 4464 1320 4519 communicare
1372 4466 1679 4520 noluerunt.
1739 4467 1813 4521 De

234 4553 395 4607 factis
439 4553 580 4621 patri
625 4554 886 4608 conviciis
932 4568 1035 4606 non
1077 4557 1513 4624 siletUregorius
1542 4555 1641 4627 (ά),
1685 4558 1813 4612 alte-

1918 3450 2102 3506 Basilii
2131 3459 2354 3503 mortem
2390 3446 2686 3509 mensibus,
2734 3441 3025 3496 concilium
3055 3436 3359 3492 Antiochiae
3392 3435 3490 3487 ha-

1910 3546 2080 3599 bitum
2130 3544 2315 3603 fuisse,
2357 3542 2544 3593 sedata
2591 3534 2988 3605 persecutione.
3022 3528 3198 3597 Quare
3230 3542 3351 3582 cum
3384 3524 3488 3582 Ba-

1917 3639 2072 3692 silius
2119 3635 2313 3688 obierit
2351 3630 2604 3683 Calendis
2634 3624 2899 3689 Januarii,
2945 3624 2995 3678 id
3029 3621 3173 3691 quod
3207 3635 3236 3672 a
3274 3617 3489 3671 nemine

1918 3735 2163 3795 negatur,
2196 3738 2255 3772 ac
2284 3718 2628 3789 proin‘lehoc
2655 3714 2968 3775 concilium,
3004 3710 3147 3779 quod
3173 3722 3363 3763 novem
3393 3714 3490 3759 aut

1914 3817 2097 3869 decem
2124 3813 2400 3866 mensibus
2432 3823 2549 3878 post
2573 3811 2690 3876 ejus
2723 3816 2950 3860 mortem
2977 3803 3217 3857 habitum
3248 3809 3350 3864 est.
3380 3814 3487 3854 non

1915 3909 2153 3979 potuerit
2204 3907 2303 3960 nisi
2357 3902 2656 3974 Septembri
2710 3910 2800 3954 aut
2850 3896 3070 3953 Octobri
3128 3891 3488 3949 tncnse.cele~

1914 4002 2091 4062 brari;
2135 4011 2191 4053 ut
2224 4000 2289 4054 de
2323 3997 2575 4060 concilio,
2623 3996 2695 4049 ita
2734 3994 2799 4047 de
2842 3990 3025 4045 Basilii
3060 3986 3408 4043 ordinatione
3433 3992 3489 4039 et

1914 4104 2086 4148 morte
2115 4101 2432 4147 statuemus.
2458 4087 2514 4141 Si
2538 4086 2826 4141 concilium
2864 4084 3166 4136 referamus
3190 4079 3253 4134 ad
3284 4092 3485 4132 annum

1920 4186 2046 4253 578,
2078 4186 2236 4255 paulo
2275 4190 2391 4251 post
2425 4188 2653 4233 mortem
2687 4175 2930 4230 Valentis
2959 4174 3048 4243 qui
3089 4172 3174 4227 die
3201 4172 3233 4227 9
3260 4169 3488 4239 Augusti

1915 4280 2114 4348 periit;
2150 4290 2295 4329 mors
2326 4272 2512 4327 Basilii
2552 4271 2615 4324 ad
2648 4269 2772 4323 anui
2806 4266 2912 4323 578
2940 4266 3177 4331 initium,
3212 4262 3490 4318 ordinatio

1919 4372 1985 4425 ad
2027 4385 2228 4424 annum
2281 4365 2387 4422 569
2422 4362 2725 4419 referenda.
2785 4360 2841 4415 Si
2884 4359 3174 4415 concilium
3213 4354 3493 4410 differatur

1922 4466 1986 4519 ad
2022 4479 2220 4518 annum
2250 4460 2376 4523 579,
2413 4458 2678 4511 ordinatio
2731 4466 2785 4509 ct
2834 4468 2983 4507 mors
3036 4448 3221 4503 Basilii
3283 4446 3487 4516 pariter

1920 4572 2026 4612 uno
2058 4571 2198 4609 anno
2226 4553 2399 4608 serius
2427 4548 2774 4604 collocandae.
2807 4545 2958 4611 Quod
2984 4550 3187 4612 spectat
3208 4541 3273 4592 ad
3308 4536 3492 4592 conci-

238 4662 355 4699 rum
389 4654 572 4698 autem
605 4644 814 4699 facinus
848 4648 1226 4714 praetermittit.
1266 4648 1370 4703 Sed
1400 4649 1523 4702 illud
1569 4666 1673 4703 non
1710 4652 1807 4704 oh-
1844 4680 1887 4733 ι)
1923 4649 2087 4712 lium,
2134 4661 2350 4716 egregie
2403 4645 2594 4714 probat
2638 4639 3014 4695 'l‘illetuontius
3058 4637 3338 4705 episcopos
3388 4629 3491 4684 M6

237 4754 391 4793 scure
417 4737 773 4807 perspicimus
811 4755 874 4792 ex
910 4754 994 4809 ep.
1024 4738 1092 4792 48
1133 4741 1197 4792 ad
1234 4738 1520 4794 Eusebium
1558 4740 1810 4797 Samosa-

242 4842 422 4886 tenum
456 4831 548 4885 ubi
600 4828 831 4884 Basilius
857 4830 934 4885 sic
965 4831 1195 4901 loquitur
1229 4851 1241 4885 :
1279 4832 1464 4887 Nostri
1504 4846 1677 4887 autem
1725 4852 1809 4901 spe

242 4934 287 4976 et
318 4924 710 4990 exspectatione
758 4941 857 4977 non
906 4926 1147 4979 exstitere
1195 4928 1453 4979 meliores.
1499 4926 1662 4992 Nam,
1694 4945 1811 4980 cum

243 5018 419 5068 statim
447 5025 562 5083 post
604 5032 863 5084 egressum
895 5026 1036 5069 tuum
1085 5019 1433 5085 advenissent,
1478 5020 1646 5072 multa
1698 5021 1813 5088 qui-

246 5107 357 5156 dem
412 5105 587 5155 tristia
632 5105 824 5167 dixere,
876 5106 1038 5157 multa
1078 5108 1235 5160 etiam
1282 5108 1471 5175 fecere,
1510 5126 1569 5162 ac
1602 5110 1812 5162 tandem

248 5197 619 5257 discesserunt,
653 5196 863 5259 ﬁrmato
906 5198 1051 5252 nobis
1084 5202 1384 5254 schismate.
1421 5199 1498 5253 Ex
1526 5194 1815 5271 postremis

253 5289 541 5342 testimonii
572 5288 752 5343 verbis
791 5290 1093 5360 colligimus
1124 5292 1425 5361 episcopos,
1470 5292 1596 5346 dum
1637 5292 1814 5346 Caesa-

253 5396 395 5434 ream
436 5390 560 5450 post
592 5394 868 5449 egressum
898 5381 1113 5437 Eusebii
1143 5385 1384 5446 veniunt,
1415 5384 1636 5438 minime
1672 5400 1818 5437 com-

255 5475 551 5529 municasse
595 5488 719 5527 cum
750 5471 983 5541 Basilio;
1024 5490 1122 5530 nec
1149 5485 1259 5530 tum
1306 5478 1538 5546 primum
1583 5476 1816 5530 schisnia

323 5658 395 5723 (a)
423 5654 551 5709 Naz.
584 5670 668 5708 or.
700 5652 792 5706 ΞΟ.

336 5732 383 5793 ο)
413 5726 541 5779 Νη.
576 5740 663 5779 or.
694 5723 782 5786 l9,
810 5722 899 5777 20.

336 5734 383 5793 ο)
414 5734 541 5779 ΜΖ.
576 5740 663 5779 or.
694 5734 782 5786 tu,

312 5734 377 5867 lc)
405 5797 538 5851 Νη.
576 5811 669 5861 ep.
700 5796 792 5849 29.

306 5866 379 5945 (Δ)
405 5871 498 5945 Or.
534 5866 625 5923 l9.

302 5934 370 6018 {ei
406 5944 488 5997 Ad
522 5957 615 5995 an.
650 5934 782 5991 570.

1920 4744 2165 4815 (totidem
2208 4738 2350 4793 enim
2413 4737 2536 4791 huic
2587 4734 2822 4791 concilio
2879 4730 3187 4784 interfuisse
3238 4734 3383 4794 patet
3422 4738 3491 4778 ex

1920 4832 2239 4889 collectione
2280 4827 2566 4897 Holstenii)
2599 4840 2703 4880 non
2733 4824 2969 4891 potuisse
3006 4821 3140 4871 intra
3173 4819 3305 4871 duos
3340 4829 3492 4869 men-

1922 4939 2011 4978 ses
2062 4937 2135 4976 ex
2184 4921 2349 4973 variis
2396 4917 2604 4972 exsiliis
2640 4912 2986 4967 Antiochiam
3019 4906 3333 4969 convenire,
3364 4919 3490 4957 cum

1930 5017 2231 5089 prtesertim
2263 5030 2471 5069 summa
2497 5020 2644 5065 esset
2674 5024 2852 5062 rerum
2890 5007 2940 5059 in
2994 5004 3235 5067 Oriente,
3285 4998 3493 5054 tristis-

1926 5112 2059 5165 sima
2078 5110 2232 5163 clade
2257 5116 2501 5174 accepta,
2527 5102 2881 5171 perturbatio.
2916 5098 3182 5152 Praeterea
3214 5097 3266 5148 in
3300 5094 3491 5146 eadem

1924 5201 2240 5257 collectione
2290 5200 2354 5269 (i)
2408 5194 2671 5250 habemus
2726 5193 3012 5247 nonnullas
3062 5186 3493 5255 subscriptiones

1927 5294 2331 5363 episcoporum,
2391 5290 2533 5342 inter
2590 5302 2726 5355 quas
2785 5285 2979 5355 legitur
3031 5295 3227 5336 nomen
3283 5276 3489 5347 Eulogii

1929 5384 2207 5439 Edesseui.
2247 5383 2316 5435 At
2362 5381 2406 5435 is
2438 5381 2610 5433 adhuc
2637 5378 2919 5448 presbyter
2944 5374 3233 5427 Antinoum
3286 5371 3465 5441 relega

1939 5484 2022 5527 tus
2052 5471 2153 5527 sub
2192 5470 2433 5535 Valente,
2467 5470 2630 5523 rediit
2652 5468 2911 5524 Edessam
2946 5479 3075 5535 pace
3103 5462 3330 5525 reddita,
3357 5470 3494 5518 testc

1988 5653 2068 5721 (f)
2096 5650 2225 5704 Naz.
2258 5650 2537 5721 cartn.§5.

1991 5718 2064 5791 (ig)
2103 5721 2256 5791 Nyss.
2302 5720 2401 5775 Vit.
2431 5718 2601 5774 Macr.

1994 5797 2067 5863 (Il)
2104 5793 2237 5863 tum.

1993 5862 2055 5934 tt)
2086 5862 2235 5917 'l'out.
2269 5864 2306 5927 I,
2345 5877 2461 5931 pug.
2495 5862 2607 5915 ιῖϐ.
