4206 6518
732 464 859 511 Lvm

2055 445 2580 505 PBOLEGOMENA.

734 569 1073 624 Theodoreto
1100 568 1204 639 (α),
1230 576 1283 625 et
1304 568 1469 623 Barse
1494 575 1707 621 mortuo
1733 566 2028 623 Ecclestam
2061 565 2288 622 Edesse—
2320 567 2365 623 Α
2397 560 2670 626 interfuit;
2713 575 2834 615 nam
2882 560 3171 631 Gregorius
3204 561 3572 616 Nazianzenus
3608 561 3671 633 (ί)
3705 559 3953 615 morbum

736 676 858 715 nam
893 662 1147 731 suscepit,
1201 678 1266 715 ac
1304 661 1582 716 ordinatus
1611 675 1640 714 a
1669 660 1725 715 S.
1770 660 1995 716 Eusebio
2032 657 2283 714 Samosao

736 750 869 803 tensi
916 750 1081 805 fuisse
1120 750 1413 805 ferebatur.
1461 750 1555 805 His
1587 752 1719 804 adde
1746 751 1973 804 reditum
2015 748 2289 804 confesso-

735 849 910 887 ruma
948 836 1219 905 plerisque
1265 837 1538 893 historicis
1588 838 1846 894 Gratiano
1889 848 2166 907 acceptum
2201 855 2287 893 re-

736 922 886 977 ferri.
914 924 1259 981 Revocatosa
1299 924 1516 979 Valente
1549 928 1737 981 dicunt
1760 927 1984 979 Butinus
2013 934 2067 978 et
2103 923 2289 979 lliero.

735 1028 947 1083 nymus.
979 1015 1106 1082 Sed,
1138 1018 1182 1071 si
1212 1016 1263 1069 id
1297 1019 1560 1072 concessit
1595 1017 1809 1083 Valens,
1841 1015 2122 1086 perpaucis
2165 1026 2289 1071 ante

736 1116 963 1159 mortem
992 1108 1266 1163 mensibus
1303 1108 1593 1173 concessit,
1629 1124 1726 1164 nec
1749 1108 1967 1178 proinde
2000 1107 2132 1161 satis
2166 1124 2289 1178 spa-

736 1195 791 1247 tii
820 1196 941 1261 fuit,
970 1198 1329 1252 ntconciliur-a
1360 1212 1423 1253 ex
1458 1206 1535 1251 tot
1565 1198 1699 1253 locis
1729 1214 1833 1251 uno
1860 1205 1951 1250 aut
1978 1198 2147 1253 altero
2173 1208 2291 1269 post

734 1286 902 1353 ipsius
928 1296 1152 1341 mortem
1188 1301 1367 1341 mense
1396 1298 1696 1356 cogeretur.

806 1378 863 1431 2°
896 1378 1070 1431 Multa:
1099 1394 1186 1432 res
1226 1389 1390 1447 gesta:
1424 1379 1628 1443 Basilii,
1665 1388 1890 1448 quarum
1920 1380 2113 1435 seriem
2140 1380 2288 1434 dein-

735 1486 859 1536 ceps
913 1478 1199 1535 texemus,
1255 1472 1498 1541 inprimis
1550 1471 1852 1540 persecutio
1885 1510 1900 1535 ,
1952 1486 2110 1540 quam
2151 1486 2288 1523 anno

734 1563 829 1616 571
872 1564 1053 1617 ct572
1080 1566 1361 1631 sustinuit,
1411 1565 1784 1620 necessitatem
1819 1566 2048 1621 afferunt
2074 1565 2290 1619 ordina—

734 1655 893 1711 tionis
920 1657 971 1710 in
996 1672 1192 1710 annum
1225 1656 1328 1710 570
1349 1655 1703 1714 conferenda’.
1731 1657 1970 1711 Nondum
1995 1658 2133 1709 enim
2160 1658 2291 1709 duos

734 1746 1078 1815 episcopatus
1106 1760 1275 1799 annos
1302 1758 1613 1802 emeruerat
1656 1749 1910 1811 Basilius,
1944 1763 2063 1799 cum
2092 1745 2289 1801 Valens

734 1837 1034 1889 Caesaream
1060 1838 1226 1893 venit.
1263 1836 1393 1892 Nam
1447 1840 1712 1908 insumpta
1757 1839 2096 1908 episcopatus
2137 1839 2287 1892 initia

735 1928 788 1981 in
830 1930 1211 2001 recolligeudis
1262 1935 1641 2002 episcoporum
1669 1931 2019 2001 Cappadocia:
2055 1931 2289 1988 animis:
2327 1924 2365 1978 Β

737 2020 877 2088 quod
905 2021 995 2075 ubi
1018 2037 1080 2076 ex
1110 2022 1369 2076 sententia
1405 2020 1661 2084 confecit,
1698 2024 1876 2077 statim
1904 2037 2187 2089 aggressus
2214 2029 2295 2075 est

737 2110 804 2162 ad
832 2110 1257 2175 pacificationem
1298 2111 1683 2176 Ecclesiarum,
1732 2123 1785 2165 et
1822 2121 1929 2165 tum
1960 2128 2082 2165 cum
2116 2114 2295 2165 mitte-

737 2206 818 2250 ret
858 2198 1183 2255 Dormheuui
1216 2202 1267 2254 in
1304 2202 1676 2266 Occidentem,
1704 2204 2098 2272 persecutionis
2124 2213 2297 2258 terror

734 2289 1093 2343 denuntiatae.

805 2379 915 2435 Nec
970 2383 1085 2438 leve
1142 2396 1521 2455 argumentum
1577 2385 1923 2439 Tillemontio
1987 2382 2296 2453 suppeditat

735 2472 1011 2526 ordinatio
1051 2475 1348 2543 Demophili
1378 2473 1979 2541 Constantinopolitani,
2004 2486 2162 2539 quam
2192 2470 2295 2523 Ba-

735 2565 885 2618 silius
930 2567 982 2618 in
1027 2567 1250 2634 epistola
1304 2567 1378 2636 (ὁ)
1431 2566 1615 2635 paucis
1662 2565 1934 2618 mensibus
1991 2573 2110 2632 post
2142 2577 2295 2616 suam

736 2657 905 2725 ipsius
931 2658 1323 2712 ordinationem
1351 2660 1548 2727 scripta
1579 2658 1789 2711 nuntiat
1821 2655 2075 2721 Eusebio,
2112 2654 2158 2710 si
2194 2654 2297 2708 mi-

738 2768 838 2806 nus
868 2762 924 2805 ut
952 2754 1405 2821 recentissimam,
1430 2753 1649 2817 saltem,
1681 2762 1738 2807 ut
1764 2753 2000 2805 nondum
2030 2750 2297 2820 cognitam

739 2844 790 2896 in
842 2844 1203 2914 Cappadocia,
1247 2861 1366 2899 cum
1431 2845 1698 2901 Eusebius
1736 2846 1786 2897 in
1844 2845 2056 2914 Syriam
2121 2842 2298 2897 rediit.

737 2935 914 3002 Quare
946 2937 1229 3003 utriusque
1255 2937 1639 2997 ordinationis,
1687 2936 1870 2987 Basilii
1904 2944 1955 2987 et
1982 2934 2297 3000 Demophili,

740 3027 880 3080 idem
928 3026 1040 3081 fere
1075 3036 1282 3096 tempus
1311 3027 1527 3080 videtur
1568 3025 1753 3079 fuisse.
1794 3023 1961 3077 Porro
2002 3022 2298 3091 Demophili

739 3118 1135 3171 ordinationem
1174 3118 1447 3187 pertinere
1494 3118 1558 3169 ad
1590 3132 1788 3169 annum
1813 3115 1940 3177 570,
1978 3115 2099 3168 inde
2134 3122 2297 3181 patet,

738 3209 879 3274 quod
917 3207 1192 3263 Eudoxius
1238 3209 1354 3277 ejus
1406 3210 1657 3263 decessor
1689 3206 1782 3277 (c),
1831 3207 1921 3276 qui
1953 3207 2090 3259 hanc
2119 3204 2298 3259 sedem

742 3298 1170 3351 invaseratanno
1189 3297 1311 3359 560,
1339 3298 1585 3350 undecim
1608 3298 1762 3349 annis
1793 3296 2119 3365 impietatem
2145 3309 2294 3349 suam

746 3388 1013 3453 exercuit,
1065 3401 1126 3440 ac
1161 3384 1538 3438 Valentiniano
1588 3387 1804 3437 tertium
1836 3394 1890 3438 et
1935 3384 2160 3440 Valente
2195 3393 2301 3436 ter-

742 3480 872 3533 tium
908 3478 1216 3532 consulibus
1238 3477 1391 3531 obiit.

813 3569 908 3624 llis
941 3572 1209 3623 rationum
1246 3569 1533 3623 momentis
1572 3566 1823 3620 nonnulla
1885 3566 1983 3617 alia
2016 3565 2161 3618 addit
2188 3564 2301 3618 Til-

744 3664 1050 3718 lcmontius.
1090 3662 1288 3717 Narrat
1317 3662 1679 3731 llieroaymus
1735 3660 1783 3711 in
1817 3658 1953 3711 libro
1986 3657 2058 3709 De
2084 3656 2307 3723 scripto-

744 3757 885 3807 ribus
917 3753 1280 3806 ecclesiasticis
1314 3751 1566 3803 Basiliunt
1600 3750 1798 3803 oltiisse
1838 3750 1938 3803 sub
1990 3746 2250 3802 Gratiano
2292 3765 2303 3799 :

745 3846 886 3915 quod
925 3844 1140 3912 quidem
1174 3842 1394 3908 intelligi
1432 3858 1533 3893 non
1570 3852 1766 3909 potest,
1795 3840 1894 3891 nisi
1932 3840 1997 3892 de
2028 3840 2308 3908 iuterjecto

746 3936 888 3988 inter
958 3932 1196 3987 Valentis
1252 3944 1478 3987 mortem
1532 3942 1584 3983 et
1647 3929 1935 3983 Theodosii
1994 3930 2306 3984 electionem

747 4034 1003 4092 tempore.

820 4116 987 4185 Οἱ)ὶὶρὶ
1037 4125 1220 4187 posset
1268 4116 1408 4185 quod
1452 4115 1527 4170 ait
1565 4114 1616 4167 iu
1648 4112 1835 4169 eodem
1883 4112 2015 4168 libro
2052 4111 2310 4182 llierony-

750 4227 869 4264 mus
903 4222 1147 4264 sanctum
1192 4210 1419 4275 Ephrem
1459 4209 1559 4263 sub
1607 4207 1827 4261 Valente
1869 4216 2136 4260 mortuum
2168 4220 2307 4259 esse.

750 4302 901 4365 Nam,
933 4316 1055 4355 cum
1079 4308 1254 4353 exstet
1299 4300 1472 4353 sancti
1502 4300 1736 4367 Ephrem
1762 4299 1938 4353 oratio
1963 4299 2028 4352 dc
2071 4297 2315 4351 laudibus

751 4394 958 4459 Basilii,
984 4395 1151 4463 ipsius
1178 4394 1340 4447 etiam
1370 4391 1556 4445 Basilii
1614 4406 1757 4443 mors
1797 4390 1900 4443 sub
1934 4388 2121 4442 eodem
2152 4389 2315 4456 impc-

754 4498 930 4541 ratore
965 4502 1027 4540 ac
1062 4487 1287 4554 proinde
1325 4487 1392 4538 ad
1434 4484 1643 4539 initium
1691 4482 1815 4534 anni
1852 4480 1953 4533 578
1992 4490 2135 4532 esset
2176 4480 2314 4532 refe-

2398 667 2550 707 suum
2604 663 2846 717 excusat,
2898 667 2993 707 cur
3042 670 3141 707 una
3178 669 3299 710 cum
3357 668 3421 706 eo
3454 653 3595 721 iusta
3644 653 3956 724 persolvere

2402 743 2597 798 Basilio
2650 759 2753 799 non
2810 746 2996 817 possit.
3047 744 3241 799 Scdata
3296 758 3424 815 ergo
3456 753 3574 796 erat
3626 743 3955 813 persecutio,

2400 839 2599 906 alioqui
2635 854 2737 892 non
2773 855 2932 895 ausus
2954 847 3100 892 esset
3127 837 3420 909 Gregorius
3442 834 3715 907 Nyssenus
3745 848 3956 902 magna

2402 932 2603 987 civitati
2635 931 2836 984 vultum
2861 946 3015 987 suum
3044 929 3365 995 ostendere;
3399 946 3461 985 ac
3490 926 3710 1000 proinde
3739 927 3956 983 Valenti

2394 1022 2654 1092 superfuit
2674 1021 2920 1079 Basilius,

2475 1115 2648 1169 Sumit
2676 1114 2835 1168 etiam
2864 1111 3247 1168 Tillemontius
3293 1110 3592 1182 argumenti
3639 1109 3778 1169 loco,
3810 1108 3955 1173 quod

2396 1205 2471 1258 ait
2522 1203 2809 1275 Gregorius
2848 1201 2922 1271 (g)
2984 1219 3043 1257 se
3084 1201 3598 1265 Constantinopolim
3652 1194 3955 1269 profectum

2398 1311 2535 1361 esse,
2563 1312 2666 1349 non
2690 1306 2876 1363 pra'ter
2914 1293 3066 1361 forti:
3093 1295 3232 1346 illius
3265 1291 3494 1343 veritatis
3526 1286 3954 1359 prapugnaloris,

2393 1389 2581 1457 quique
2611 1387 2739 1438 nihil
2797 1401 3021 1453 unquam
3075 1385 3219 1437 aliud
3259 1382 3358 1437 nisi
3399 1382 3538 1449 piant
3570 1390 3617 1432 et
3663 1380 3955 1434 salutarem

2396 1481 2510 1533 orbi
2534 1480 2771 1532 universo
2796 1478 3089 1530 doctrinam
3122 1477 3359 1545 spiravit,
3408 1474 3718 1528 uoluntatem
3761 1470 3956 1525 animi-

2394 1588 2493 1640 que
2537 1572 2869 1625 scntentiam.
2900 1568 3152 1634 Quamvis
3203 1570 3305 1621 huc
3352 1568 3574 1621 accedat
3604 1560 3955 1630 Theophanis

2394 1662 2724 1723 auctoritas,
2761 1676 2951 1713 vereor
2987 1667 3161 1710 tamen
3193 1658 3401 1709 ntsatis
3439 1658 3647 1710 firmum
3685 1654 3756 1705 sit
3791 1667 3957 1719 argu-

2397 1765 2666 1819 mentum,
2688 1756 2826 1824 quod
2848 1770 2912 1807 ex
2944 1750 3184 1819 Gregorii
3219 1748 3397 1801 verbis
3418 1748 3631 1800 deducit
3655 1744 3955 1799 Tillemon-

2399 1849 2523 1900 tius.
2571 1844 2691 1898 Non
2723 1845 2864 1896 enim
2900 1856 2959 1895 se
2989 1839 3166 1893 Basilii
3197 1836 3418 1891 consilio
3454 1837 3551 1890 hac
3587 1838 3638 1889 in
3693 1849 3749 1889 re
3802 1846 3959 1885 usum

2396 1952 2514 1994 esse
2564 1936 2693 1989 dicit
2747 1934 3081 2001 Gregorius,
3132 1929 3227 1984 sed
3274 1929 3639 1998 conjecturam
3698 1924 3827 1979 facit
3891 1937 3958 1977 ex

2398 2045 2607 2085 summo
2640 2028 2784 2082 illius
2810 2026 3088 2079 Catholicae
3124 2024 3379 2076 doctrina:
3404 2034 3607 2080 amore,
3644 2036 3739 2073 cur
3768 2021 3818 2072 ei
3854 2031 3962 2070 non

2396 2120 2769 2188 displicuerint
2811 2120 3045 2184 suscepti
3098 2116 3162 2167 ad
3201 2115 3529 2167 liberandam
3572 2110 3960 2164 Constantino-

2397 2213 2558 2281 polim
2595 2212 2825 2265 labores.

2467 2300 2726 2368 Opinatns
2752 2310 2833 2354 est
2858 2298 3117 2353 Baronius
3150 2295 3405 2349 Basilium
3436 2294 3522 2347 die
3552 2292 3615 2344 Η
3640 2291 3780 2345 Junii
3810 2292 3964 2345 ordi-

2400 2402 2583 2446 natum
2630 2391 2817 2456 fuisse,
2858 2400 2914 2447 et
2961 2406 3082 2447 cum
3131 2391 3270 2444 inter
3310 2387 3453 2443 illius
3480 2386 3880 2439 ordinationem
3910 2392 3967 2437 et

2398 2483 2613 2540 Eusebii
2654 2484 2958 2538 decessoris
3010 2492 3238 2537 mortem
3284 2481 3487 2551 aliquid
3521 2476 3785 2534 cmuxerit
3825 2484 3964 2529 tem~

2400 2578 2567 2648 poris,
2605 2585 2831 2631 mortem
2866 2575 3078 2628 Eusebii
3110 2576 3284 2642 reiicit
3324 2575 3375 2627 in
3421 2587 3617 2625 annum
3648 2568 3966 2639 prmcedeu-

2401 2680 2527 2725 tem.
2555 2670 2682 2733 Sed,
2712 2670 2754 2723 si
2785 2669 3004 2721 obiisset
3032 2668 3296 2720 Eusebius
3327 2679 3466 2717 anno
3503 2660 3847 2730 praecedenti,
3876 2660 3963 2708 vix

2402 2763 2589 2816 serius
2630 2759 2931 2830 Septembri
3009 2759 3267 2819 obiisset;
3336 2756 3601 2821 siquidem
3667 2750 3967 2819 Gregorius

2400 2851 2773 2905 Nazianzenus
2802 2850 3087 2905 Eusebium
3138 2848 3579 2900 Samosatcnsem
3614 2843 3851 2895 inritans
3900 2841 3967 2890 ad

2401 2942 2741 3003 electionem,
2779 2943 3023 2995 hortatur
3079 2949 3138 2994 ut
3190 2937 3382 2994 hiemis
3431 2933 3766 2989 incommoda
3812 2943 3970 2984 antc-

2407 3040 2602 3085 vertat.
2660 3030 2729 3085 At
2789 3033 3010 3084 nimium
3077 3041 3219 3085 eSSct
3282 3028 3623 3082 intervallum
3695 3040 3724 3079 a
3781 3038 3970 3078 mense

2405 3122 2706 3191 Septembri
2736 3138 2905 3190 usque
2946 3123 3009 3174 ad
3041 3124 3177 3175 diem
3212 3121 3276 3175 Η
3317 3120 3481 3174 Junii.
3526 3118 3723 3172 Eadem
3758 3116 3971 3168 ratione

2406 3212 2666 3281 probatur
2720 3210 3114 3265 ordinationem
3166 3210 3252 3263 die
3313 3210 3373 3262 Η
3420 3208 3563 3263 Junii
3602 3210 3797 3260 factam
3860 3220 3968 3256 non

2405 3301 2590 3355 fuisse.
2626 3302 2902 3368 Quomodo
2946 3300 3089 3353 enim
3126 3316 3231 3354 uno
3260 3301 3449 3354 Saltem
3486 3311 3668 3352 mense
3700 3304 3823 3347 ante
3864 3294 3971 3348 hoc

2408 3402 2619 3460 tempus
2671 3393 2862 3447 hiemis
2915 3393 3252 3446 incommoda
3302 3391 3579 3445 metuisset
3627 3382 3973 3453 Gregorius?

2406 3486 2664 3548 Quamvis
2694 3497 2871 3537 autem
2907 3484 2961 3538 in
3002 3484 3395 3554 blat'tyroIOgiis
3431 3478 3657 3533 Usuartli
3691 3476 3973 3531 etAdonis

2406 3576 2526 3629 dies
2560 3576 2732 3628 festus
2761 3576 2946 3630 Basilii
2980 3580 3044 3630 ad
3076 3576 3217 3630 Junii
3250 3574 3517 3627 decimum
3547 3579 3792 3640 quartum
3830 3570 3971 3623 diem

2408 3677 2675 3733 ponatur;
2706 3681 2812 3719 non
2845 3675 3025 3719 tamen
3057 3682 3177 3717 eum
3199 3665 3306 3717 duo
3338 3664 3409 3716 illi
3437 3664 3728 3731 scriptores
3758 3660 3861 3715 hac
3888 3661 3975 3713 die

2408 3755 2714 3808 ordinatum
2765 3756 2972 3819 dicunt,
3010 3754 3270 3823 longeque
3320 3753 3649 3821 probabilius
3694 3758 3777 3802 cst
3833 3750 3975 3802 hunc

2411 3850 2549 3903 diem
2602 3846 2819 3910 festum,
2870 3846 2959 3914 qui
2996 3845 3247 3899 Calendis
3292 3842 3530 3897 Januarii
3572 3840 3837 3895 celebrari
3869 3856 3973 3894 non

2413 3948 2644 4008 poterat,
2665 3940 2871 3993 idcirco
2897 3939 2946 3991 in
2999 3937 3215 3992 Junium
3248 3951 3480 3991 mensem
3509 3934 3763 4002 reiectum
3789 3931 3973 3986 fuisse.

2415 4031 2598 4095 Quare
2642 4030 2811 4086 multo
2863 4031 3200 4085 commodius
3230 4029 3515 4082 Eusebium
3554 4027 3698 4080 circa
3734 4038 3974 4077 mensem

2414 4121 2626 4178 Juninm
2691 4124 2894 4176 abiisse
2952 4123 3226 4173 existimat
3264 4120 3657 4183 Tillemontius,
3713 4117 3969 4170 Basiliam

2414 4224 2591 4267 autem
2651 4227 2836 4266 mense
2888 4211 3193 4279 Septembri
3227 4210 3533 4263 ordinatum
3571 4210 3754 4262 fuisse.
3802 4210 3976 4274 Atque

2421 4305 2559 4361 haud
2595 4305 2705 4358 scio
2741 4318 2806 4357 an
2839 4302 3000 4356 etiam
3028 4303 3204 4370 aptius
3224 4299 3502 4354 dill‘eratur
3532 4315 3701 4367 usque
3733 4299 3797 4353 ad
3828 4314 3979 4352 men-

2418 4414 2531 4454 sem
2599 4398 2883 4453 Octobrem
2948 4396 3242 4453 ordiuatio,
3292 4394 3551 4458 adquam
3598 4392 3833 4444 inritans
3868 4390 3976 4443 Eu-

2420 4489 2627 4541 sebium
2672 4486 2966 4556 Gregorius
3030 4482 3342 4543 metuebat,
3390 4498 3455 4535 ne
3505 4483 3580 4534 illi
3638 4480 3976 4542 incommoda

754 4580 939 4633 renda.
974 4578 1077 4631 Sed
1109 4579 1159 4631 in
1198 4579 1299 4631 hac
1324 4578 1567 4630 oratione
1610 4584 1753 4625 tanta
1786 4581 1868 4625 est
1901 4571 1960 4624 S.
1993 4570 2220 4638 Ephrem
2250 4571 2315 4623 de
2348 4597 2393 4651 ο

2348 4597 2393 4651 ο
2421 4580 2611 4633 hiemis
2642 4578 3131 4639 subeundaessent,
3166 4574 3265 4628 nisi
3297 4584 3503 4627 mature
3527 4573 3975 4642 proficisceretur.

755 4673 979 4726 Valente
1007 4672 1256 4741 loquendi
1295 4669 1539 4730 libertas,
1590 4678 1645 4717 ut
1677 4681 1799 4717 eutn
1830 4663 1955 4716 huic
1985 4661 2314 4730 superfuisse

756 4758 1068 4832 imperatori
1104 4765 1293 4817 merito
1326 4763 1597 4817 existimet
1630 4757 2030 4812 Tillemontius.
2062 4754 2317 4809 Testatur

757 4858 1127 4913 Theodoretus
1187 4856 1267 4927 (ά)
1309 4855 1641 4909 Ατὶηιιιτρηιιι
1702 4847 2011 4903 interfuisse
2064 4848 2148 4901 his
2197 4862 2316 4915 qua:

757 4949 1322 5019 Trajanusliberrime
1358 4946 1490 5000 dixit
1523 4943 1751 5005 Valenti,
1788 4957 1910 4995 cum
1961 4942 2005 4992 is
2049 4940 2316 4994 Constan-

756 5041 975 5110 tinopoli
1033 5050 1342 5093 versaretur
1390 5053 1529 5090 anno
1558 5037 1681 5090 37s.
1718 5034 1867 5087 Tunc
1896 5048 2024 5100 ergo
2078 5037 2311 5086 nondum

758 5132 964 5185 obierat
1013 5130 1241 5184 Basilius
1290 5126 1381 5199 (ε),
1431 5130 1522 5196 qui
1555 5128 1750 5181 mortui
1781 5127 2040 5181 Aria-than
2096 5143 2313 5181 uxorem

757 5223 953 5277 litteris
980 5223 1090 5276 suis
1124 5222 1431 5275 consolatus
1467 5230 1566 5273 est.

831 5316 887 5367 lu
922 5314 1237 5382 Gregorium
1264 5313 1560 5384 Nyssenum
1600 5316 1868 5382 praecipue
1897 5316 2096 5368 exarsit
2137 5327 2318 5381 perse-

759 5408 925 5472 cutio,
958 5408 1050 5475 qui
1089 5408 1386 5459 emanibus
1405 5404 1631 5457 militum
1664 5404 1900 5472 elapsus,
1940 5405 2175 5457 latebras
2201 5418 2321 5471 per-

760 5500 912 5569 sequi
947 5510 1169 5553 coactus
1222 5509 1324 5552 est.
1374 5499 1515 5553 ldem
1570 5507 1747 5550 tamen
1806 5499 2080 5571 exsequiis
2139 5494 2317 5550 Basilii

830 5677 907 5741 fa)
942 5674 1079 5728 Hist.
1113 5675 1201 5726 lib.
1234 5689 1305 5737 tv,
1333 5690 1380 5726 c.
1420 5672 1501 5727 13.

832 5748 904 5813 ψ)
946 5748 1041 5813 Ep.
1077 5747 1163 5798 es.

833 5810 909 5882 (ε)
952 5808 1163 5868 Socrat.
1194 5814 1284 5866 lib.
1319 5828 1388 5879 tv,
1424 5828 1473 5867 c.
1516 5812 1619 5878 ll;
1667 5812 1885 5868 Sozom.
1924 5810 2017 5868 lib.
2053 5824 2125 5878 vr,
2160 5822 2209 5864 c.
2242 5808 2325 5862 15.

834 5886 911 5959 (d)
948 5886 1062 5942 Lib.
1095 5899 1166 5949 tv,
1198 5900 1245 5937 c.
1271 5884 1359 5938 50.

2418 4672 2575 4724 Aliud
2628 4685 2804 4724 causa:
2833 4684 3082 4723 essenon
3121 4677 3249 4735 puto
3295 4680 3391 4719 cur
3426 4663 3718 4733 Gregorius
3746 4663 3977 4718 Naziano

2420 4778 2587 4818 lenus
2616 4774 2738 4815 oeto
2764 4770 2968 4812 tantum
3000 4774 3171 4813 annos
3204 4757 3380 4811 Basilii
3411 4756 3748 4825 episcopatus
3792 4770 3982 4809 nume-

2427 4863 2531 4920 ret,
2569 4853 2670 4907 nisi
2699 4852 2850 4920 quia,
2885 4867 3005 4905 cum
3039 4865 3160 4904 sero
3185 4850 3462 4902 ordinatus
3506 4848 3663 4901 fuerit
3685 4862 3824 4899 anno
3853 4845 3979 4910 370,

2422 4959 2715 5015 paucorum
2767 4944 3031 4996 mensium
3070 4942 3253 4994 habita
3307 4941 3447 4993 ratio
3498 4955 3603 4993 non
3655 4936 3777 4991 fuit.
3845 4936 3981 4991 liittc

2423 5038 2584 5090 etiam
2615 5035 2870 5097 Basilius,
2902 5032 3144 5102 quamvis
3175 5032 3358 5084 multa!
3382 5044 3677 5099 gravesque
3699 5028 3985 5084 subessent

2424 5144 2601 5181 causa:
2658 5126 2892 5180 Eusebio
2937 5133 3057 5193 post
3100 5123 3498 5176 ordinationem
3526 5121 3818 5186 scribendi,
3857 5136 3982 5176 sero

2430 5228 2607 5270 tamen
2660 5216 2709 5268 id
2757 5215 2903 5275 iecit,
2944 5228 3007 5266 eo
3050 5212 3190 5281 quod
3242 5212 3587 5280 Cappadoces
3617 5209 3682 5263 ad
3719 5209 3982 5281 ejusmodi

2427 5308 2619 5361 itinera
2674 5306 2851 5358 hieme
2905 5303 3177 5357 subeunda
3232 5305 3501 5357 tardioves
3556 5310 3759 5355 essent.
3812 5300 3981 5368 Objiei

2430 5412 2610 5466 possm
2632 5397 2926 5451 Eudoxium
2957 5396 3099 5449 circa
3130 5408 3366 5449 mensem
3400 5394 3591 5448 Maium
3621 5394 3818 5447 obiissc
3845 5408 3984 5446 anno

2430 5494 2553 5557 570,
2584 5509 2681 5547 nec
2714 5501 2889 5545 tamen
2920 5490 2985 5544 de
3020 5488 3161 5542 illius
3189 5502 3499 5542 successore
3530 5488 3820 5559 quidquam
3854 5486 3983 5539 alla-

2510 5668 2578 5735 (e)
2617 5667 2710 5731 Ep.
2740 5664 2863 5718 269.

2509 5734 2571 5804 (ί)
2598 5735 2722 5788 Nat.
2760 5755 2845 5799 ep.
2879 5734 2964 5789 57.

2511 5813 2581 5879 ty)
2622 5806 2712 5859 Or.
2748 5805 2836 5862 20.
