  <div class='ocr_page' id='page_1' title='image "/cluster/home/n/w/nwhite01/storage/ocr_20150623/29/uva.x004321530/082.png"; bbox 0 0 4206 6486; ppageno 0'>
   <div class='ocr_carea' id='block_1_1' title="bbox 1528 439 2083 496">
    <p class='ocr_par' dir='ltr' id='par_1_1' title="bbox 1528 439 2083 496">
     <span class='ocr_line' id='line_1_1' title="bbox 1528 439 2083 496; baseline 0 -1"><span class='ocrx_word' id='word_1_1' title='bbox 1528 439 1684 495; x_wconf 79' lang='lat' dir='ltr'><strong>VITA</strong></span> <span class='ocrx_word' id='word_1_2' title='bbox 1717 446 1777 495; x_wconf 73' lang='grc'><strong>5.</strong></span> <span class='ocrx_word' id='word_1_3' title='bbox 1813 441 2083 496; x_wconf 68' lang='grc' dir='ltr'>ιιὲιδιιιι.</span> 
     </span>
    </p>
   </div>
   <div class='ocr_carea' id='block_1_2' title="bbox 3329 454 3423 501">
    <p class='ocr_par' dir='ltr' id='par_1_2' title="bbox 3329 454 3423 501">
     <span class='ocr_line' id='line_1_2' title="bbox 3329 454 3423 501; baseline 0 -1"><span class='ocrx_word' id='word_1_4' title='bbox 3329 454 3423 501; x_wconf 74' lang='grc' dir='ltr'><strong>ιιι</strong></span> 
     </span>
    </p>
   </div>
   <div class='ocr_carea' id='block_1_3' title="bbox 210 552 3422 631">
    <p class='ocr_par' dir='ltr' id='par_1_3' title="bbox 210 552 3422 631">
     <span class='ocr_line' id='line_1_3' title="bbox 210 552 3422 631; baseline 0.002 -23"><span class='ocrx_word' id='word_1_5' title='bbox 210 560 307 608; x_wconf 82' lang='lat' dir='ltr'><strong>tum</strong></span> <span class='ocrx_word' id='word_1_6' title='bbox 346 566 460 606; x_wconf 84' lang='lat' dir='ltr'><strong>esse</strong></span> <span class='ocrx_word' id='word_1_7' title='bbox 514 552 567 606; x_wconf 90' lang='lat' dir='ltr'><strong>in</strong></span> <span class='ocrx_word' id='word_1_8' title='bbox 620 554 1035 627; x_wconf 78' lang='lat' dir='ltr'><strong>Cappadociam</strong></span> <span class='ocrx_word' id='word_1_9' title='bbox 1074 568 1197 615; x_wconf 98' lang='lat' dir='ltr'><strong>ante</strong></span> <span class='ocrx_word' id='word_1_10' title='bbox 1250 559 1482 614; x_wconf 80' lang='lat' dir='ltr'><strong>reditum</strong></span> <span class='ocrx_word' id='word_1_11' title='bbox 1518 558 1759 621; x_wconf 84' lang='lat' dir='ltr'><strong>Eusebii.</strong></span> <span class='ocrx_word' id='word_1_12' title='bbox 1790 566 1836 618; x_wconf 75' lang='grc' dir='ltr'><strong>Α</strong></span> <span class='ocrx_word' id='word_1_13' title='bbox 1862 558 1939 628; x_wconf 91' lang='lat' dir='ltr'><strong>pit</strong></span> <span class='ocrx_word' id='word_1_14' title='bbox 1966 558 2054 629; x_wconf 87' lang='lat' dir='ltr'><strong>(j).</strong></span> <span class='ocrx_word' id='word_1_15' title='bbox 2091 556 2418 629; x_wconf 85' lang='lat' dir='ltr'><strong>Snpererant</strong></span> <span class='ocrx_word' id='word_1_16' title='bbox 2449 560 2612 615; x_wconf 89' lang='lat' dir='ltr'><strong>etiam</strong></span> <span class='ocrx_word' id='word_1_17' title='bbox 2649 560 2702 614; x_wconf 86' lang='lat' dir='ltr'><strong>in</strong></span> <span class='ocrx_word' id='word_1_18' title='bbox 2731 560 3059 631; x_wconf 82' lang='lat' dir='ltr'><strong>Cappadocia</strong></span> <span class='ocrx_word' id='word_1_19' title='bbox 3088 560 3286 615; x_wconf 79' lang='lat' dir='ltr'><strong>ethnici</strong></span> <span class='ocrx_word' id='word_1_20' title='bbox 3317 578 3422 617; x_wconf 90' lang='lat' dir='ltr'><strong>non</strong></span> 
     </span>
    </p>
   </div>
   <div class='ocr_carea' id='block_1_4' title="bbox 211 643 1751 721">
    <p class='ocr_par' dir='ltr' id='par_1_4' title="bbox 211 643 1751 721">
     <span class='ocr_line' id='line_1_4' title="bbox 211 643 1751 721; baseline 0.007 -29"><span class='ocrx_word' id='word_1_21' title='bbox 211 658 346 711; x_wconf 82' lang='lat' dir='ltr'><strong>quem</strong></span> <span class='ocrx_word' id='word_1_22' title='bbox 376 643 599 698; x_wconf 83' lang='lat' dir='ltr'><strong>Basilius</strong></span> <span class='ocrx_word' id='word_1_23' title='bbox 649 646 730 719; x_wconf 89' lang='lat' dir='ltr'><strong>(a)</strong></span> <span class='ocrx_word' id='word_1_24' title='bbox 775 652 1067 707; x_wconf 78' lang='lat' dir='ltr'><strong>certiorem</strong></span> <span class='ocrx_word' id='word_1_25' title='bbox 1120 651 1279 721; x_wconf 82' lang='lat' dir='ltr'><strong>hujus</strong></span> <span class='ocrx_word' id='word_1_26' title='bbox 1327 653 1403 707; x_wconf 85' lang='lat' dir='ltr'><strong>rei</strong></span> <span class='ocrx_word' id='word_1_27' title='bbox 1438 650 1587 704; x_wconf 83' lang='lat' dir='ltr'><strong>facit.</strong></span> <span class='ocrx_word' id='word_1_28' title='bbox 1623 652 1751 714; x_wconf 84' lang='lat' dir='ltr'><strong>Sed,</strong></span> 
     </span>
    </p>
   </div>
   <div class='ocr_carea' id='block_1_5' title="bbox 216 736 1757 812">
    <p class='ocr_par' dir='ltr' id='par_1_5' title="bbox 216 736 1757 812">
     <span class='ocr_line' id='line_1_5' title="bbox 216 736 1757 812; baseline 0.006 -26"><span class='ocrx_word' id='word_1_29' title='bbox 216 746 262 786; x_wconf 98' lang='grc' dir='ltr'><strong>ιιι</strong></span> <span class='ocrx_word' id='word_1_30' title='bbox 286 737 523 790; x_wconf 77' lang='lat' dir='ltr'><strong>observat</strong></span> <span class='ocrx_word' id='word_1_31' title='bbox 559 736 972 803; x_wconf 81' lang='lat' dir='ltr'><strong>Tillemontius.</strong></span> <span class='ocrx_word' id='word_1_32' title='bbox 1014 744 1259 812; x_wconf 75' lang='lat' dir='ltr'><strong>quamvis</strong></span> <span class='ocrx_word' id='word_1_33' title='bbox 1284 743 1553 797; x_wconf 83' lang='lat' dir='ltr'><strong>Eudoxins</strong></span> <span class='ocrx_word' id='word_1_34' title='bbox 1574 757 1757 795; x_wconf 89' lang='lat' dir='ltr'><strong>mense</strong></span> 
     </span>
    </p>
   </div>
   <div class='ocr_carea' id='block_1_6' title="bbox 215 824 1758 903">
    <p class='ocr_par' dir='ltr' id='par_1_6' title="bbox 215 824 1758 903">
     <span class='ocr_line' id='line_1_6' title="bbox 215 824 1758 903; baseline 0.004 -25"><span class='ocrx_word' id='word_1_35' title='bbox 215 824 335 878; x_wconf 78' lang='lat' dir='ltr'><strong>llaio</strong></span> <span class='ocrx_word' id='word_1_36' title='bbox 363 826 603 879; x_wconf 86' lang='lat' dir='ltr'><strong>videatur</strong></span> <span class='ocrx_word' id='word_1_37' title='bbox 632 828 865 897; x_wconf 89' lang='lat' dir='ltr'><strong>obiisse,</strong></span> <span class='ocrx_word' id='word_1_38' title='bbox 900 833 1013 886; x_wconf 84' lang='lat' dir='ltr'><strong>fieri</strong></span> <span class='ocrx_word' id='word_1_39' title='bbox 1041 834 1221 903; x_wconf 82' lang='lat' dir='ltr'><strong>potuit</strong></span> <span class='ocrx_word' id='word_1_40' title='bbox 1246 842 1305 887; x_wconf 93' lang='lat' dir='ltr'><strong>ut</strong></span> <span class='ocrx_word' id='word_1_41' title='bbox 1343 832 1583 888; x_wconf 80' lang='lat' dir='ltr'><strong>Ecclesia</strong></span> <span class='ocrx_word' id='word_1_42' title='bbox 1614 832 1758 886; x_wconf 89' lang='lat' dir='ltr'><strong>Con-</strong></span> 
     </span>
    </p>
   </div>
   <div class='ocr_carea' id='block_1_7' title="bbox 214 916 1754 994">
    <p class='ocr_par' dir='ltr' id='par_1_7' title="bbox 214 916 1754 994">
     <span class='ocr_line' id='line_1_7' title="bbox 214 916 1754 994; baseline 0.006 -25"><span class='ocrx_word' id='word_1_43' title='bbox 214 916 673 987; x_wconf 70' lang='lat' dir='ltr'><strong>atantiuopolitana</strong></span> <span class='ocrx_word' id='word_1_44' title='bbox 710 939 823 978; x_wconf 92' lang='lat' dir='ltr'><strong>non</strong></span> <span class='ocrx_word' id='word_1_45' title='bbox 871 926 1052 978; x_wconf 83' lang='lat' dir='ltr'><strong>statim</strong></span> <span class='ocrx_word' id='word_1_46' title='bbox 1092 925 1407 994; x_wconf 89' lang='lat' dir='ltr'><strong>Demophilo</strong></span> <span class='ocrx_word' id='word_1_47' title='bbox 1435 925 1754 986; x_wconf 85' lang='lat' dir='ltr'><strong>traderetur,</strong></span> 
     </span>
    </p>
   </div>
   <div class='ocr_carea' id='block_1_8' title="bbox 217 1009 1632 1078">
    <p class='ocr_par' dir='ltr' id='par_1_8' title="bbox 217 1009 1632 1078">
     <span class='ocr_line' id='line_1_8' title="bbox 217 1009 1632 1078; baseline 0.007 -17"><span class='ocrx_word' id='word_1_48' title='bbox 217 1021 344 1062; x_wconf 74' lang='lat' dir='ltr'><strong>mora</strong></span> <span class='ocrx_word' id='word_1_49' title='bbox 373 1009 542 1078; x_wconf 81' lang='lat' dir='ltr'><strong>aliqua</strong></span> <span class='ocrx_word' id='word_1_50' title='bbox 581 1014 891 1068; x_wconf 86' lang='lat' dir='ltr'><strong>ambitiosis</strong></span> <span class='ocrx_word' id='word_1_51' title='bbox 920 1016 1062 1071; x_wconf 90' lang='lat' dir='ltr'><strong>illius</strong></span> <span class='ocrx_word' id='word_1_52' title='bbox 1092 1018 1333 1071; x_wconf 84' lang='lat' dir='ltr'><strong>consiliis</strong></span> <span class='ocrx_word' id='word_1_53' title='bbox 1362 1017 1632 1072; x_wconf 81' lang='lat' dir='ltr'><strong>obstante.</strong></span> 
     </span>
    </p>
   </div>
   <div class='ocr_carea' id='block_1_9' title="bbox 784 1105 1188 1163">
    <p class='ocr_par' dir='ltr' id='par_1_9' title="bbox 784 1105 1188 1163">
     <span class='ocr_line' id='line_1_9' title="bbox 784 1105 1188 1163; baseline 0.007 -3"><span class='ocrx_word' id='word_1_54' title='bbox 784 1105 1011 1162; x_wconf 82' lang='lat' dir='ltr'><strong>CAPUT</strong></span> <span class='ocrx_word' id='word_1_55' title='bbox 1051 1107 1188 1163; x_wconf 79' lang='lat' dir='ltr'><strong>XIV.</strong></span> 
     </span>
    </p>
   </div>
   <div class='ocr_carea' id='block_1_10' title="bbox 272 1189 1755 1266">
    <p class='ocr_par' dir='ltr' id='par_1_10' title="bbox 272 1189 1755 1266">
     <span class='ocr_line' id='line_1_10' title="bbox 272 1189 1755 1266; baseline 0.005 -23"><span class='ocrx_word' id='word_1_56' title='bbox 272 1189 661 1266; x_wconf 74' lang='lat' dir='ltr'><strong>Ca&#39;satjensinm</strong></span> <span class='ocrx_word' id='word_1_57' title='bbox 695 1212 891 1264; x_wconf 80' lang='lat' dir='ltr'><strong>magna</strong></span> <span class='ocrx_word' id='word_1_58' title='bbox 910 1200 1034 1266; x_wconf 82' lang='lat' dir='ltr'><strong>ﬁdei</strong></span> <span class='ocrx_word' id='word_1_59' title='bbox 1061 1203 1255 1254; x_wconf 83' lang='lat' dir='ltr'><strong>studia.</strong></span> <span class='ocrx_word' id='word_1_60' title='bbox 1288 1201 1351 1255; x_wconf 89' lang='grc' dir='ltr'><strong>ΙΙ.</strong></span> <span class='ocrx_word' id='word_1_61' title='bbox 1383 1200 1483 1255; x_wconf 79' lang='lat' dir='ltr'><strong>Jus</strong></span> <span class='ocrx_word' id='word_1_62' title='bbox 1511 1200 1755 1254; x_wconf 75' lang='lat' dir='ltr'><strong>exerciti-</strong></span> 
     </span>
    </p>
   </div>
   <div class='ocr_carea' id='block_1_11' title="bbox 276 1261 1757 1336">
    <p class='ocr_par' dir='ltr' id='par_1_11' title="bbox 276 1261 1757 1336">
     <span class='ocr_line' id='line_1_11' title="bbox 276 1261 1757 1336; baseline 0.005 -24"><span class='ocrx_word' id='word_1_63' title='bbox 276 1278 381 1336; x_wconf 74' lang='lat' dir='ltr'><strong>curn</strong></span> <span class='ocrx_word' id='word_1_64' title='bbox 404 1261 751 1336; x_wconf 70' lang='lat' dir='ltr'><strong>Cresariensis</strong></span> <span class='ocrx_word' id='word_1_65' title='bbox 786 1261 1034 1323; x_wconf 72' lang='lat' dir='ltr'><strong>Ecciesi&#39;e</strong></span> <span class='ocrx_word' id='word_1_66' title='bbox 1063 1271 1330 1336; x_wconf 76' lang='lat' dir='ltr'><strong>probatur.</strong></span> <span class='ocrx_word' id='word_1_67' title='bbox 1379 1271 1466 1324; x_wconf 90' lang='lat' dir='ltr'><strong>Ill.</strong></span> <span class='ocrx_word' id='word_1_68' title='bbox 1499 1270 1626 1323; x_wconf 82' lang='lat' dir='ltr'><strong>Post</strong></span> <span class='ocrx_word' id='word_1_69' title='bbox 1676 1270 1757 1321; x_wconf 83' lang='lat' dir='ltr'><strong>di-</strong></span> 
     </span>
    </p>
   </div>
   <div class='ocr_carea' id='block_1_12' title="bbox 272 1332 1757 1408">
    <p class='ocr_par' dir='ltr' id='par_1_12' title="bbox 272 1332 1757 1408">
     <span class='ocr_line' id='line_1_12' title="bbox 272 1332 1757 1408; baseline 0.007 -28"><span class='ocrx_word' id='word_1_70' title='bbox 272 1333 505 1408; x_wconf 58' lang='lat' dir='ltr'><strong>uisionem</strong></span> <span class='ocrx_word' id='word_1_71' title='bbox 527 1332 1036 1408; x_wconf 60' lang='lat' dir='ltr'><strong>Cappadocia&#39;idem</strong></span> <span class='ocrx_word' id='word_1_72' title='bbox 1058 1332 1150 1408; x_wconf 68' lang='lat' dir='ltr'><strong>jus</strong></span> <span class='ocrx_word' id='word_1_73' title='bbox 1182 1342 1504 1394; x_wconf 80' lang='lat' dir='ltr'><strong>retinuerunt</strong></span> <span class='ocrx_word' id='word_1_74' title='bbox 1534 1340 1757 1406; x_wconf 76' lang='lat' dir='ltr'><strong>episcopi</strong></span> 
     </span>
    </p>
   </div>
   <div class='ocr_carea' id='block_1_13' title="bbox 273 1398 1765 1474">
    <p class='ocr_par' dir='ltr' id='par_1_13' title="bbox 273 1398 1765 1474">
     <span class='ocr_line' id='line_1_13' title="bbox 273 1398 1765 1474; baseline 0.005 -22"><span class='ocrx_word' id='word_1_75' title='bbox 273 1398 648 1455; x_wconf 22' lang='lat' dir='ltr'><strong>Ca’sarienses.‘</strong></span> <span class='ocrx_word' id='word_1_76' title='bbox 682 1405 774 1458; x_wconf 79' lang='grc' dir='ltr'><strong>ιν.</strong></span> <span class='ocrx_word' id='word_1_77' title='bbox 829 1398 1353 1474; x_wconf 60' lang='grc' dir='ltr'><strong>Οὺλεπιαίοιυηιιιιιτ</strong></span> <span class='ocrx_word' id='word_1_78' title='bbox 1398 1423 1443 1464; x_wconf 87' lang='lat' dir='ltr'><strong>et</strong></span> <span class='ocrx_word' id='word_1_79' title='bbox 1495 1398 1765 1463; x_wconf 72' lang='lat' dir='ltr'><strong>decretuin&#39;</strong></span> 
     </span>
    </p>
   </div>
   <div class='ocr_carea' id='block_1_14' title="bbox 268 1474 1326 1546">
    <p class='ocr_par' dir='ltr' id='par_1_14' title="bbox 268 1474 1326 1546">
     <span class='ocr_line' id='line_1_14' title="bbox 268 1474 1326 1546; baseline 0.01 -25"><span class='ocrx_word' id='word_1_80' title='bbox 268 1474 489 1522; x_wconf 67' lang='lat' dir='ltr'><strong>secundis</strong></span> <span class='ocrx_word' id='word_1_81' title='bbox 520 1476 718 1539; x_wconf 75' lang='lat' dir='ltr'><strong>synodi</strong></span> <span class='ocrx_word' id='word_1_82' title='bbox 740 1479 995 1545; x_wconf 77' lang='lat' dir='ltr'><strong>generalis</strong></span> <span class='ocrx_word' id='word_1_83' title='bbox 1017 1479 1326 1546; x_wconf 74' lang='lat' dir='ltr'><strong>explicatur.</strong></span> 
     </span>
    </p>
   </div>
   <div class='ocr_carea' id='block_1_15' title="bbox 274 1557 1757 1628">
    <p class='ocr_par' dir='ltr' id='par_1_15' title="bbox 274 1557 1757 1628">
     <span class='ocr_line' id='line_1_15' title="bbox 274 1557 1757 1628; baseline 0.012 -18"><span class='ocrx_word' id='word_1_84' title='bbox 274 1559 307 1611; x_wconf 91' lang='grc' dir='ltr'><strong>Ι.</strong></span> <span class='ocrx_word' id='word_1_85' title='bbox 338 1557 523 1613; x_wconf 84' lang='lat' dir='ltr'><strong>Paucis</strong></span> <span class='ocrx_word' id='word_1_86' title='bbox 556 1562 954 1620; x_wconf 79' lang='lat' dir='ltr'><strong>describendas</strong></span> <span class='ocrx_word' id='word_1_87' title='bbox 987 1579 1067 1620; x_wconf 88' lang='lat' dir='ltr'><strong>est</strong></span> <span class='ocrx_word' id='word_1_88' title='bbox 1120 1566 1470 1625; x_wconf 73' lang='lat' dir='ltr'><strong>Cmsariensis</strong></span> <span class='ocrx_word' id='word_1_89' title='bbox 1505 1572 1757 1628; x_wconf 68' lang='lat' dir='ltr'><strong>Ecclesia:</strong></span> 
     </span>
    </p>
   </div>
   <div class='ocr_carea' id='block_1_16' title="bbox 213 1656 1757 1725">
    <p class='ocr_par' dir='ltr' id='par_1_16' title="bbox 213 1656 1757 1725">
     <span class='ocr_line' id='line_1_16' title="bbox 213 1656 1757 1725; baseline 0.008 -23"><span class='ocrx_word' id='word_1_90' title='bbox 213 1659 405 1711; x_wconf 76' lang='lat' dir='ltr'><strong>status.</strong></span> <span class='ocrx_word' id='word_1_91' title='bbox 460 1661 515 1704; x_wconf 90' lang='lat' dir='ltr'><strong>ut</strong></span> <span class='ocrx_word' id='word_1_92' title='bbox 572 1656 942 1724; x_wconf 85' lang='lat' dir='ltr'><strong>perspiciatur</strong></span> <span class='ocrx_word' id='word_1_93' title='bbox 999 1672 1159 1725; x_wconf 91' lang='lat' dir='ltr'><strong>quam</strong></span> <span class='ocrx_word' id='word_1_94' title='bbox 1219 1660 1505 1715; x_wconf 89' lang='lat' dir='ltr'><strong>molestum</strong></span> <span class='ocrx_word' id='word_1_95' title='bbox 1561 1662 1757 1717; x_wconf 77' lang='lat' dir='ltr'><strong>Basilio</strong></span> 
     </span>
    </p>
   </div>
   <div class='ocr_carea' id='block_1_17' title="bbox 217 1739 1758 1811">
    <p class='ocr_par' dir='ltr' id='par_1_17' title="bbox 217 1739 1758 1811">
     <span class='ocr_line' id='line_1_17' title="bbox 217 1739 1758 1811; baseline 0.013 -22"><span class='ocrx_word' id='word_1_96' title='bbox 217 1739 379 1805; x_wconf 74' lang='lat' dir='ltr'><strong>fuerit,</strong></span> <span class='ocrx_word' id='word_1_97' title='bbox 421 1744 510 1811; x_wconf 90' lang='lat' dir='ltr'><strong>qui</strong></span> <span class='ocrx_word' id='word_1_98' title='bbox 551 1756 791 1800; x_wconf 66' lang='lat' dir='ltr'><strong>secretae</strong></span> <span class='ocrx_word' id='word_1_99' title='bbox 834 1748 957 1801; x_wconf 69' lang='lat' dir='ltr'><strong>vita:</strong></span> <span class='ocrx_word' id='word_1_100' title='bbox 990 1749 1237 1804; x_wconf 83' lang='lat' dir='ltr'><strong>semitam</strong></span> <span class='ocrx_word' id='word_1_101' title='bbox 1268 1753 1320 1805; x_wconf 93' lang='lat' dir='ltr'><strong>in</strong></span> <span class='ocrx_word' id='word_1_102' title='bbox 1352 1754 1758 1809; x_wconf 67' lang='lat' dir='ltr'><strong>deliciishabe-</strong></span> 
     </span>
    </p>
   </div>
   <div class='ocr_carea' id='block_1_18' title="bbox 210 1830 1756 1910">
    <p class='ocr_par' dir='ltr' id='par_1_18' title="bbox 210 1830 1756 1910">
     <span class='ocr_line' id='line_1_18' title="bbox 210 1830 1756 1910; baseline 0.011 -27"><span class='ocrx_word' id='word_1_103' title='bbox 210 1830 307 1896; x_wconf 80' lang='lat' dir='ltr'><strong>bat,</strong></span> <span class='ocrx_word' id='word_1_104' title='bbox 340 1832 388 1885; x_wconf 91' lang='lat' dir='ltr'><strong>in</strong></span> <span class='ocrx_word' id='word_1_105' title='bbox 428 1844 577 1889; x_wconf 90' lang='lat' dir='ltr'><strong>tanta</strong></span> <span class='ocrx_word' id='word_1_106' title='bbox 621 1838 746 1891; x_wconf 88' lang='lat' dir='ltr'><strong>luce</strong></span> <span class='ocrx_word' id='word_1_107' title='bbox 777 1838 1027 1893; x_wconf 89' lang='lat' dir='ltr'><strong>collocari</strong></span> <span class='ocrx_word' id='word_1_108' title='bbox 1064 1840 1159 1910; x_wconf 89' lang='lat' dir='ltr'><strong>(b).</strong></span> <span class='ocrx_word' id='word_1_109' title='bbox 1188 1842 1397 1897; x_wconf 90' lang='lat' dir='ltr'><strong>Clarior</strong></span> <span class='ocrx_word' id='word_1_110' title='bbox 1426 1854 1545 1899; x_wconf 90' lang='lat' dir='ltr'><strong>erat</strong></span> <span class='ocrx_word' id='word_1_111' title='bbox 1575 1845 1756 1900; x_wconf 58' lang='lat' dir='ltr'><strong>Caesa-</strong></span> 
     </span>
    </p>
   </div>
   <div class='ocr_carea' id='block_1_19' title="bbox 1869 647 3425 720">
    <p class='ocr_par' dir='ltr' id='par_1_19' title="bbox 1869 647 3425 720">
     <span class='ocr_line' id='line_1_19' title="bbox 1869 647 3425 720; baseline 0.002 -19"><span class='ocrx_word' id='word_1_112' title='bbox 1869 650 2050 718; x_wconf 90' lang='lat' dir='ltr'><strong>pauci.</strong></span> <span class='ocrx_word' id='word_1_113' title='bbox 2081 647 2217 703; x_wconf 88' lang='lat' dir='ltr'><strong>Nam</strong></span> <span class='ocrx_word' id='word_1_114' title='bbox 2250 664 2345 719; x_wconf 88' lang='lat' dir='ltr'><strong>per</strong></span> <span class='ocrx_word' id='word_1_115' title='bbox 2372 665 2557 704; x_wconf 86' lang='lat' dir='ltr'><strong>omnes</strong></span> <span class='ocrx_word' id='word_1_116' title='bbox 2588 648 2701 703; x_wconf 86' lang='lat' dir='ltr'><strong>fere</strong></span> <span class='ocrx_word' id='word_1_117' title='bbox 2732 665 2890 720; x_wconf 85' lang='lat' dir='ltr'><strong>agros</strong></span> <span class='ocrx_word' id='word_1_118' title='bbox 2919 650 3089 720; x_wconf 81' lang='lat' dir='ltr'><strong>sparsi</strong></span> <span class='ocrx_word' id='word_1_119' title='bbox 3134 659 3291 705; x_wconf 89' lang='lat' dir='ltr'><strong>erant</strong></span> <span class='ocrx_word' id='word_1_120' title='bbox 3317 649 3425 704; x_wconf 78' lang='lat' dir='ltr'><strong>Ma-</strong></span> 
     </span>
    </p>
   </div>
   <div class='ocr_carea' id='block_1_20' title="bbox 1860 740 3424 811">
    <p class='ocr_par' dir='ltr' id='par_1_20' title="bbox 1860 740 3424 811">
     <span class='ocr_line' id='line_1_20' title="bbox 1860 740 3424 811; baseline 0 -18"><span class='ocrx_word' id='word_1_121' title='bbox 1860 742 2051 811; x_wconf 68' lang='lat' dir='ltr'><strong>gusaai,</strong></span> <span class='ocrx_word' id='word_1_122' title='bbox 2091 756 2224 810; x_wconf 86' lang='lat' dir='ltr'><strong>gens</strong></span> <span class='ocrx_word' id='word_1_123' title='bbox 2257 741 2630 810; x_wconf 84' lang='lat' dir='ltr'><strong>superstitiosa</strong></span> <span class='ocrx_word' id='word_1_124' title='bbox 2675 740 2801 795; x_wconf 91' lang='lat' dir='ltr'><strong>olim</strong></span> <span class='ocrx_word' id='word_1_125' title='bbox 2859 741 2925 795; x_wconf 95' lang='lat' dir='ltr'><strong>ad</strong></span> <span class='ocrx_word' id='word_1_126' title='bbox 2975 742 3112 796; x_wconf 88' lang='lat' dir='ltr'><strong>hanc</strong></span> <span class='ocrx_word' id='word_1_127' title='bbox 3147 742 3424 811; x_wconf 75' lang='lat' dir='ltr'><strong>regionem</strong></span> 
     </span>
    </p>
   </div>
   <div class='ocr_carea' id='block_1_21' title="bbox 1859 832 2767 901">
    <p class='ocr_par' dir='ltr' id='par_1_21' title="bbox 1859 832 2767 901">
     <span class='ocr_line' id='line_1_21' title="bbox 1859 832 2767 901; baseline -0.002 -14"><span class='ocrx_word' id='word_1_128' title='bbox 1859 833 2194 887; x_wconf 83' lang='lat' dir='ltr'><strong>incolendatn</strong></span> <span class='ocrx_word' id='word_1_129' title='bbox 2218 832 2491 901; x_wconf 84' lang='lat' dir='ltr'><strong>Babylone</strong></span> <span class='ocrx_word' id='word_1_130' title='bbox 2521 832 2767 886; x_wconf 85' lang='lat' dir='ltr'><strong>adducta.</strong></span> 
     </span>
    </p>
   </div>
   <div class='ocr_carea' id='block_1_22' title="bbox 1932 920 3421 996">
    <p class='ocr_par' dir='ltr' id='par_1_22' title="bbox 1932 920 3421 996">
     <span class='ocr_line' id='line_1_22' title="bbox 1932 920 3421 996; baseline -0.005 -17"><span class='ocrx_word' id='word_1_131' title='bbox 1932 923 1991 979; x_wconf 90' lang='lat' dir='ltr'><strong>S.</strong></span> <span class='ocrx_word' id='word_1_132' title='bbox 2035 923 2331 994; x_wconf 79' lang='lat' dir='ltr'><strong>Gregorius</strong></span> <span class='ocrx_word' id='word_1_133' title='bbox 2365 923 2644 996; x_wconf 83' lang='lat' dir='ltr'><strong>Nyssenus</strong></span> <span class='ocrx_word' id='word_1_134' title='bbox 2672 922 2747 994; x_wconf 71' lang='grc' dir='ltr'><strong>(Ιι)</strong></span> <span class='ocrx_word' id='word_1_135' title='bbox 2778 923 2843 975; x_wconf 86' lang='lat' dir='ltr'><strong>ab</strong></span> <span class='ocrx_word' id='word_1_136' title='bbox 2874 922 3066 975; x_wconf 84' lang='lat' dir='ltr'><strong>itinere</strong></span> <span class='ocrx_word' id='word_1_137' title='bbox 3116 920 3421 989; x_wconf 86' lang='lat' dir='ltr'><strong>Hierosoly-</strong></span> 
     </span>
    </p>
   </div>
   <div class='ocr_carea' id='block_1_23' title="bbox 1862 1013 3422 1085">
    <p class='ocr_par' dir='ltr' id='par_1_23' title="bbox 1862 1013 3422 1085">
     <span class='ocr_line' id='line_1_23' title="bbox 1862 1013 3422 1085; baseline -0.006 -14"><span class='ocrx_word' id='word_1_138' title='bbox 1862 1016 2069 1071; x_wconf 88' lang='lat' dir='ltr'><strong>mitano</strong></span> <span class='ocrx_word' id='word_1_139' title='bbox 2101 1015 2450 1085; x_wconf 84' lang='lat' dir='ltr'><strong>Cappadoces</strong></span> <span class='ocrx_word' id='word_1_140' title='bbox 2503 1017 2604 1070; x_wconf 91' lang='lat' dir='ltr'><strong>hac</strong></span> <span class='ocrx_word' id='word_1_141' title='bbox 2643 1015 2876 1069; x_wconf 81' lang='lat' dir='ltr'><strong>maxime</strong></span> <span class='ocrx_word' id='word_1_142' title='bbox 2928 1013 3133 1067; x_wconf 86' lang='lat' dir='ltr'><strong>ratione</strong></span> <span class='ocrx_word' id='word_1_143' title='bbox 3168 1014 3422 1067; x_wconf 87' lang='lat' dir='ltr'><strong>dehorta-</strong></span> 
     </span>
    </p>
   </div>
   <div class='ocr_carea' id='block_1_24' title="bbox 1861 1103 3423 1177">
    <p class='ocr_par' dir='ltr' id='par_1_24' title="bbox 1861 1103 3423 1177">
     <span class='ocr_line' id='line_1_24' title="bbox 1861 1103 3423 1177; baseline -0.004 -15"><span class='ocrx_word' id='word_1_144' title='bbox 1861 1119 1967 1171; x_wconf 90' lang='lat' dir='ltr'><strong>tur,</strong></span> <span class='ocrx_word' id='word_1_145' title='bbox 2010 1110 2173 1177; x_wconf 85' lang='lat' dir='ltr'><strong>quod,</strong></span> <span class='ocrx_word' id='word_1_146' title='bbox 2214 1109 2258 1163; x_wconf 90' lang='lat' dir='ltr'><strong>si</strong></span> <span class='ocrx_word' id='word_1_147' title='bbox 2301 1109 2391 1162; x_wconf 88' lang='lat' dir='ltr'><strong>Dei</strong></span> <span class='ocrx_word' id='word_1_148' title='bbox 2428 1110 2770 1177; x_wconf 72' lang='lat' dir='ltr'><strong>praesentiam</strong></span> <span class='ocrx_word' id='word_1_149' title='bbox 2802 1123 2865 1161; x_wconf 82' lang='lat' dir='ltr'><strong>ex</strong></span> <span class='ocrx_word' id='word_1_150' title='bbox 2924 1108 2986 1161; x_wconf 91' lang='lat' dir='ltr'><strong>iis</strong></span> <span class='ocrx_word' id='word_1_151' title='bbox 3042 1121 3163 1173; x_wconf 72' lang='lat' dir='ltr'><strong>qua:</strong></span> <span class='ocrx_word' id='word_1_152' title='bbox 3215 1103 3423 1172; x_wconf 85' lang='lat' dir='ltr'><strong>conspi-</strong></span> 
     </span>
    </p>
   </div>
   <div class='ocr_carea' id='block_1_25' title="bbox 1867 1196 3423 1268">
    <p class='ocr_par' dir='ltr' id='par_1_25' title="bbox 1867 1196 3423 1268">
     <span class='ocr_line' id='line_1_25' title="bbox 1867 1196 3423 1268; baseline -0.003 -14"><span class='ocrx_word' id='word_1_153' title='bbox 1867 1202 2079 1254; x_wconf 72' lang='lat' dir='ltr'><strong>ciuntur</strong></span> <span class='ocrx_word' id='word_1_154' title='bbox 2099 1200 2369 1267; x_wconf 82' lang='lat' dir='ltr'><strong>coniicere</strong></span> <span class='ocrx_word' id='word_1_155' title='bbox 2394 1201 2576 1260; x_wconf 84' lang='lat' dir='ltr'><strong>liceat.</strong></span> <span class='ocrx_word' id='word_1_156' title='bbox 2610 1200 2777 1254; x_wconf 90' lang='lat' dir='ltr'><strong>multo</strong></span> <span class='ocrx_word' id='word_1_157' title='bbox 2802 1200 2975 1268; x_wconf 85' lang='lat' dir='ltr'><strong>magis</strong></span> <span class='ocrx_word' id='word_1_158' title='bbox 3004 1199 3055 1252; x_wconf 88' lang='lat' dir='ltr'><strong>in</strong></span> <span class='ocrx_word' id='word_1_159' title='bbox 3086 1196 3423 1266; x_wconf 77' lang='lat' dir='ltr'><strong>Cappadocia</strong></span> 
     </span>
    </p>
   </div>
   <div class='ocr_carea' id='block_1_26' title="bbox 1861 1283 3423 1355">
    <p class='ocr_par' dir='ltr' id='par_1_26' title="bbox 1861 1283 3423 1355">
     <span class='ocr_line' id='line_1_26' title="bbox 1861 1283 3423 1355; baseline -0.002 -15"><span class='ocrx_word' id='word_1_160' title='bbox 1861 1289 2019 1353; x_wconf 91' lang='lat' dir='ltr'><strong>Deus,</strong></span> <span class='ocrx_word' id='word_1_161' title='bbox 2070 1304 2228 1355; x_wconf 91' lang='lat' dir='ltr'><strong>quam</strong></span> <span class='ocrx_word' id='word_1_162' title='bbox 2287 1288 2409 1341; x_wconf 88' lang='lat' dir='ltr'><strong>aliis</strong></span> <span class='ocrx_word' id='word_1_163' title='bbox 2463 1287 2514 1341; x_wconf 90' lang='lat' dir='ltr'><strong>in</strong></span> <span class='ocrx_word' id='word_1_164' title='bbox 2551 1288 2687 1342; x_wconf 90' lang='lat' dir='ltr'><strong>locis</strong></span> <span class='ocrx_word' id='word_1_165' title='bbox 2738 1287 2986 1340; x_wconf 89' lang='lat' dir='ltr'><strong>videatur</strong></span> <span class='ocrx_word' id='word_1_166' title='bbox 3034 1285 3297 1340; x_wconf 85' lang='lat' dir='ltr'><strong>habitare.</strong></span> <span class='ocrx_word' id='word_1_167' title='bbox 3348 1283 3423 1337; x_wconf 89' lang='lat' dir='ltr'><strong>lbi</strong></span> 
     </span>
    </p>
   </div>
   <div class='ocr_carea' id='block_1_27' title="bbox 1859 1372 3423 1447">
    <p class='ocr_par' dir='ltr' id='par_1_27' title="bbox 1859 1372 3423 1447">
     <span class='ocr_line' id='line_1_27' title="bbox 1859 1372 3423 1447; baseline -0.004 -15"><span class='ocrx_word' id='word_1_168' title='bbox 1859 1378 2000 1432; x_wconf 91' lang='lat' dir='ltr'><strong>enim</strong></span> <span class='ocrx_word' id='word_1_169' title='bbox 2032 1378 2255 1447; x_wconf 87' lang='lat' dir='ltr'><strong>plurima</strong></span> <span class='ocrx_word' id='word_1_170' title='bbox 2276 1393 2395 1432; x_wconf 90' lang='lat' dir='ltr'><strong>esse</strong></span> <span class='ocrx_word' id='word_1_171' title='bbox 2423 1376 2633 1442; x_wconf 86' lang='lat' dir='ltr'><strong>altaria,</strong></span> <span class='ocrx_word' id='word_1_172' title='bbox 2670 1393 2765 1445; x_wconf 91' lang='lat' dir='ltr'><strong>per</strong></span> <span class='ocrx_word' id='word_1_173' title='bbox 2795 1392 2914 1447; x_wconf 68' lang='lat' dir='ltr'><strong>qua:</strong></span> <span class='ocrx_word' id='word_1_174' title='bbox 2934 1391 3127 1431; x_wconf 89' lang='lat' dir='ltr'><strong>nomen</strong></span> <span class='ocrx_word' id='word_1_175' title='bbox 3160 1374 3249 1427; x_wconf 87' lang='lat' dir='ltr'><strong>Dei</strong></span> <span class='ocrx_word' id='word_1_176' title='bbox 3279 1372 3423 1427; x_wconf 79' lang='lat' dir='ltr'><strong>cele-</strong></span> 
     </span>
    </p>
   </div>
   <div class='ocr_carea' id='block_1_28' title="bbox 1859 1470 3422 1539">
    <p class='ocr_par' dir='ltr' id='par_1_28' title="bbox 1859 1470 3422 1539">
     <span class='ocr_line' id='line_1_28' title="bbox 1859 1470 3422 1539; baseline -0.001 -15"><span class='ocrx_word' id='word_1_177' title='bbox 1859 1471 2069 1535; x_wconf 89' lang='lat' dir='ltr'><strong>bratur,</strong></span> <span class='ocrx_word' id='word_1_178' title='bbox 2108 1486 2171 1524; x_wconf 89' lang='lat' dir='ltr'><strong>ac</strong></span> <span class='ocrx_word' id='word_1_179' title='bbox 2200 1485 2335 1538; x_wconf 91' lang='lat' dir='ltr'><strong>pene</strong></span> <span class='ocrx_word' id='word_1_180' title='bbox 2372 1470 2521 1537; x_wconf 89' lang='lat' dir='ltr'><strong>plura</strong></span> <span class='ocrx_word' id='word_1_181' title='bbox 2553 1485 2713 1539; x_wconf 85' lang='lat' dir='ltr'><strong>quam</strong></span> <span class='ocrx_word' id='word_1_182' title='bbox 2747 1471 2799 1523; x_wconf 90' lang='lat' dir='ltr'><strong>in</strong></span> <span class='ocrx_word' id='word_1_183' title='bbox 2828 1470 3100 1523; x_wconf 82' lang='lat' dir='ltr'><strong>toto-orbe</strong></span> <span class='ocrx_word' id='word_1_184' title='bbox 3134 1478 3422 1524; x_wconf 89' lang='lat' dir='ltr'><strong>terrarum.</strong></span> 
     </span>
    </p>
   </div>
   <div class='ocr_carea' id='block_1_29' title="bbox 1862 1559 3421 1630">
    <p class='ocr_par' dir='ltr' id='par_1_29' title="bbox 1862 1559 3421 1630">
     <span class='ocr_line' id='line_1_29' title="bbox 1862 1559 3421 1630; baseline -0.003 -15"><span class='ocrx_word' id='word_1_185' title='bbox 1862 1561 2005 1617; x_wconf 90' lang='lat' dir='ltr'><strong>Inest</strong></span> <span class='ocrx_word' id='word_1_186' title='bbox 2033 1576 2165 1616; x_wconf 89' lang='lat' dir='ltr'><strong>sane</strong></span> <span class='ocrx_word' id='word_1_187' title='bbox 2194 1562 2275 1617; x_wconf 88' lang='lat' dir='ltr'><strong>his</strong></span> <span class='ocrx_word' id='word_1_188' title='bbox 2297 1564 2476 1617; x_wconf 82' lang='lat' dir='ltr'><strong>verbis</strong></span> <span class='ocrx_word' id='word_1_189' title='bbox 2503 1577 2693 1630; x_wconf 87' lang='lat' dir='ltr'><strong>magna</strong></span> <span class='ocrx_word' id='word_1_190' title='bbox 2715 1562 3095 1629; x_wconf 80' lang='lat' dir='ltr'><strong>exaggeratio;</strong></span> <span class='ocrx_word' id='word_1_191' title='bbox 3128 1559 3221 1614; x_wconf 89' lang='lat' dir='ltr'><strong>sed</strong></span> <span class='ocrx_word' id='word_1_192' title='bbox 3245 1568 3421 1612; x_wconf 89' lang='lat' dir='ltr'><strong>tamen</strong></span> 
     </span>
    </p>
   </div>
   <div class='ocr_carea' id='block_1_30' title="bbox 1859 1650 3425 1724">
    <p class='ocr_par' dir='ltr' id='par_1_30' title="bbox 1859 1650 3425 1724">
     <span class='ocr_line' id='line_1_30' title="bbox 1859 1650 3425 1724; baseline -0.001 -17"><span class='ocrx_word' id='word_1_193' title='bbox 1859 1656 2090 1721; x_wconf 88' lang='lat' dir='ltr'><strong>perspici</strong></span> <span class='ocrx_word' id='word_1_194' title='bbox 2130 1670 2194 1709; x_wconf 81' lang='lat' dir='ltr'><strong>ex</strong></span> <span class='ocrx_word' id='word_1_195' title='bbox 2228 1655 2331 1711; x_wconf 81' lang='lat' dir='ltr'><strong>illis</strong></span> <span class='ocrx_word' id='word_1_196' title='bbox 2376 1664 2555 1723; x_wconf 87' lang='lat' dir='ltr'><strong>potest</strong></span> <span class='ocrx_word' id='word_1_197' title='bbox 2612 1670 2731 1724; x_wconf 66' lang='lat' dir='ltr'><strong>quae</strong></span> <span class='ocrx_word' id='word_1_198' title='bbox 2771 1653 2837 1707; x_wconf 88' lang='lat' dir='ltr'><strong>ad</strong></span> <span class='ocrx_word' id='word_1_199' title='bbox 2877 1653 2970 1709; x_wconf 89' lang='lat' dir='ltr'><strong>Dei</strong></span> <span class='ocrx_word' id='word_1_200' title='bbox 3024 1653 3226 1707; x_wconf 88' lang='lat' dir='ltr'><strong>cultqu</strong></span> <span class='ocrx_word' id='word_1_201' title='bbox 3257 1650 3425 1720; x_wconf 90' lang='lat' dir='ltr'><strong>perti-</strong></span> 
     </span>
    </p>
   </div>
   <div class='ocr_carea' id='block_1_31' title="bbox 1861 1742 3423 1817">
    <p class='ocr_par' dir='ltr' id='par_1_31' title="bbox 1861 1742 3423 1817">
     <span class='ocr_line' id='line_1_31' title="bbox 1861 1742 3423 1817; baseline -0.002 -19"><span class='ocrx_word' id='word_1_202' title='bbox 1861 1756 2010 1809; x_wconf 85' lang='lat' dir='ltr'><strong>nent,</strong></span> <span class='ocrx_word' id='word_1_203' title='bbox 2041 1746 2330 1814; x_wconf 90' lang='lat' dir='ltr'><strong>plurimum</strong></span> <span class='ocrx_word' id='word_1_204' title='bbox 2357 1748 2408 1801; x_wconf 92' lang='lat' dir='ltr'><strong>in</strong></span> <span class='ocrx_word' id='word_1_205' title='bbox 2433 1747 2772 1817; x_wconf 87' lang='lat' dir='ltr'><strong>Cappadocia</strong></span> <span class='ocrx_word' id='word_1_206' title='bbox 2804 1743 3109 1814; x_wconf 84' lang='lat' dir='ltr'><strong>splendoris</strong></span> <span class='ocrx_word' id='word_1_207' title='bbox 3150 1742 3423 1797; x_wconf 89' lang='lat' dir='ltr'><strong>habuisse.</strong></span> 
     </span>
    </p>
   </div>
   <div class='ocr_carea' id='block_1_32' title="bbox 1860 1833 3426 1908">
    <p class='ocr_par' dir='ltr' id='par_1_32' title="bbox 1860 1833 3426 1908">
     <span class='ocr_line' id='line_1_32' title="bbox 1860 1833 3426 1908; baseline -0.003 -18"><span class='ocrx_word' id='word_1_208' title='bbox 1860 1836 2170 1891; x_wconf 82' lang='lat' dir='ltr'><strong>Necessaria</strong></span> <span class='ocrx_word' id='word_1_209' title='bbox 2206 1851 2337 1892; x_wconf 84' lang='lat' dir='ltr'><strong>sane</strong></span> <span class='ocrx_word' id='word_1_210' title='bbox 2388 1846 2507 1892; x_wconf 87' lang='lat' dir='ltr'><strong>erat</strong></span> <span class='ocrx_word' id='word_1_211' title='bbox 2556 1837 2745 1908; x_wconf 83' lang='lat' dir='ltr'><strong>religio</strong></span> <span class='ocrx_word' id='word_1_212' title='bbox 2786 1835 3089 1892; x_wconf 87' lang='lat' dir='ltr'><strong>Christiana</strong></span> <span class='ocrx_word' id='word_1_213' title='bbox 3140 1833 3205 1887; x_wconf 91' lang='lat' dir='ltr'><strong>ad</strong></span> <span class='ocrx_word' id='word_1_214' title='bbox 3241 1847 3426 1887; x_wconf 90' lang='lat' dir='ltr'><strong>emen-</strong></span> 
     </span>
    </p>
   </div>
   <div class='ocr_carea' id='block_1_33' title="bbox 214 1911 3426 2002">
    <p class='ocr_par' dir='ltr' id='par_1_33' title="bbox 214 1911 3426 2002">
     <span class='ocr_line' id='line_1_33' title="bbox 214 1911 3426 2002; baseline 0.001 -25"><span class='ocrx_word' id='word_1_215' title='bbox 214 1936 291 1977; x_wconf 77' lang='lat' dir='ltr'><strong>tea</strong></span> <span class='ocrx_word' id='word_1_216' title='bbox 333 1928 615 1983; x_wconf 78' lang='lat' dir='ltr'><strong>catholica:</strong></span> <span class='ocrx_word' id='word_1_217' title='bbox 665 1929 792 1982; x_wconf 83' lang='lat' dir='ltr'><strong>fidei</strong></span> <span class='ocrx_word' id='word_1_218' title='bbox 841 1931 1039 1995; x_wconf 90' lang='lat' dir='ltr'><strong>studio,</strong></span> <span class='ocrx_word' id='word_1_219' title='bbox 1089 1949 1248 2002; x_wconf 88' lang='lat' dir='ltr'><strong>quam</strong></span> <span class='ocrx_word' id='word_1_220' title='bbox 1303 1934 1499 1989; x_wconf 89' lang='lat' dir='ltr'><strong>erectis</strong></span> <span class='ocrx_word' id='word_1_221' title='bbox 1529 1934 1659 1989; x_wconf 90' lang='lat' dir='ltr'><strong>olim</strong></span> <span class='ocrx_word' id='word_1_222' title='bbox 1687 1937 1755 1991; x_wconf 90' lang='lat' dir='ltr'><strong>ob</strong></span> <span class='ocrx_word' id='word_1_223' title='bbox 1795 1911 2069 1984; x_wconf 74' lang='lat' dir='ltr'><strong>Bdandos</strong></span> <span class='ocrx_word' id='word_1_224' title='bbox 2120 1928 2502 2000; x_wconf 84' lang='lat' dir='ltr'><strong>Cappadocum</strong></span> <span class='ocrx_word' id='word_1_225' title='bbox 2563 1943 2762 1995; x_wconf 88' lang='lat' dir='ltr'><strong>mores,</strong></span> <span class='ocrx_word' id='word_1_226' title='bbox 2816 1929 2907 1997; x_wconf 90' lang='lat' dir='ltr'><strong>qui</strong></span> <span class='ocrx_word' id='word_1_227' title='bbox 2969 1928 3109 1981; x_wconf 91' lang='lat' dir='ltr'><strong>inter</strong></span> <span class='ocrx_word' id='word_1_228' title='bbox 3159 1925 3426 1995; x_wconf 82' lang='lat' dir='ltr'><strong>pessimos</strong></span> 
     </span>
    </p>
   </div>
   <div class='ocr_carea' id='block_1_34' title="bbox 212 2009 1750 2091">
    <p class='ocr_par' dir='ltr' id='par_1_34' title="bbox 212 2009 1750 2091">
     <span class='ocr_line' id='line_1_34' title="bbox 212 2009 1750 2091; baseline 0.014 -30"><span class='ocrx_word' id='word_1_229' title='bbox 212 2009 340 2067; x_wconf 86' lang='lat' dir='ltr'><strong>lusos</strong></span> <span class='ocrx_word' id='word_1_230' title='bbox 368 2016 548 2071; x_wconf 83' lang='lat' dir='ltr'><strong>hostes</strong></span> <span class='ocrx_word' id='word_1_231' title='bbox 581 2019 823 2085; x_wconf 70' lang='lat' dir='ltr'><strong>tropreis,</strong></span> <span class='ocrx_word' id='word_1_232' title='bbox 846 2030 936 2073; x_wconf 89' lang='lat' dir='ltr'><strong>aut</strong></span> <span class='ocrx_word' id='word_1_233' title='bbox 958 2035 1262 2091; x_wconf 86' lang='lat' dir='ltr'><strong>opportuno</strong></span> <span class='ocrx_word' id='word_1_234' title='bbox 1294 2033 1402 2077; x_wconf 92' lang='lat' dir='ltr'><strong>tum</strong></span> <span class='ocrx_word' id='word_1_235' title='bbox 1422 2024 1485 2078; x_wconf 90' lang='lat' dir='ltr'><strong>ad</strong></span> <span class='ocrx_word' id='word_1_236' title='bbox 1518 2026 1750 2083; x_wconf 87' lang='lat' dir='ltr'><strong>hiemem</strong></span> 
     </span>
    </p>
   </div>
   <div class='ocr_carea' id='block_1_35' title="bbox 214 2108 1754 2182">
    <p class='ocr_par' dir='ltr' id='par_1_35' title="bbox 214 2108 1754 2182">
     <span class='ocr_line' id='line_1_35' title="bbox 214 2108 1754 2182; baseline 0.009 -26"><span class='ocrx_word' id='word_1_237' title='bbox 214 2114 311 2158; x_wconf 86' lang='lat' dir='ltr'><strong>tum</strong></span> <span class='ocrx_word' id='word_1_238' title='bbox 348 2108 409 2161; x_wconf 90' lang='lat' dir='ltr'><strong>ad</strong></span> <span class='ocrx_word' id='word_1_239' title='bbox 428 2119 673 2162; x_wconf 68' lang='lat' dir='ltr'><strong>aestatem</strong></span> <span class='ocrx_word' id='word_1_240' title='bbox 707 2110 837 2176; x_wconf 92' lang='lat' dir='ltr'><strong>situ,</strong></span> <span class='ocrx_word' id='word_1_241' title='bbox 864 2124 956 2167; x_wconf 90' lang='lat' dir='ltr'><strong>aut</strong></span> <span class='ocrx_word' id='word_1_242' title='bbox 982 2116 1122 2182; x_wconf 92' lang='lat' dir='ltr'><strong>quod</strong></span> <span class='ocrx_word' id='word_1_243' title='bbox 1154 2115 1393 2169; x_wconf 89' lang='lat' dir='ltr'><strong>virorum</strong></span> <span class='ocrx_word' id='word_1_244' title='bbox 1422 2116 1573 2171; x_wconf 82' lang='lat' dir='ltr'><strong>ferax</strong></span> <span class='ocrx_word' id='word_1_245' title='bbox 1589 2128 1754 2181; x_wconf 84' lang='lat' dir='ltr'><strong>esset,</strong></span> 
     </span>
    </p>
   </div>
   <div class='ocr_carea' id='block_1_36' title="bbox 212 2197 1757 2271">
    <p class='ocr_par' dir='ltr' id='par_1_36' title="bbox 212 2197 1757 2271">
     <span class='ocr_line' id='line_1_36' title="bbox 212 2197 1757 2271; baseline 0.008 -21"><span class='ocrx_word' id='word_1_246' title='bbox 212 2207 258 2250; x_wconf 73' lang='lat' dir='ltr'><strong>et</strong></span> <span class='ocrx_word' id='word_1_247' title='bbox 296 2198 490 2252; x_wconf 83' lang='lat' dir='ltr'><strong>alendis</strong></span> <span class='ocrx_word' id='word_1_248' title='bbox 536 2203 833 2268; x_wconf 83' lang='lat' dir='ltr'><strong>pecoribus</strong></span> <span class='ocrx_word' id='word_1_249' title='bbox 886 2205 1098 2271; x_wconf 81' lang='lat' dir='ltr'><strong>idonea,</strong></span> <span class='ocrx_word' id='word_1_250' title='bbox 1150 2222 1213 2260; x_wconf 88' lang='lat' dir='ltr'><strong>ac</strong></span> <span class='ocrx_word' id='word_1_251' title='bbox 1251 2221 1440 2262; x_wconf 91' lang='lat' dir='ltr'><strong>omnes</strong></span> <span class='ocrx_word' id='word_1_252' title='bbox 1494 2197 1593 2263; x_wconf 85' lang='lat' dir='ltr'><strong>sub</strong></span> <span class='ocrx_word' id='word_1_253' title='bbox 1645 2209 1757 2263; x_wconf 90' lang='lat' dir='ltr'><strong>sole</strong></span> 
     </span>
    </p>
   </div>
   <div class='ocr_carea' id='block_1_37' title="bbox 212 2288 1757 2365">
    <p class='ocr_par' dir='ltr' id='par_1_37' title="bbox 212 2288 1757 2365">
     <span class='ocr_line' id='line_1_37' title="bbox 212 2288 1757 2365; baseline 0.009 -25"><span class='ocrx_word' id='word_1_254' title='bbox 212 2288 354 2345; x_wconf 87' lang='lat' dir='ltr'><strong>nrbes</strong></span> <span class='ocrx_word' id='word_1_255' title='bbox 380 2306 642 2357; x_wconf 82' lang='lat' dir='ltr'><strong>equorum</strong></span> <span class='ocrx_word' id='word_1_256' title='bbox 673 2294 930 2364; x_wconf 84' lang='lat' dir='ltr'><strong>gregibus</strong></span> <span class='ocrx_word' id='word_1_257' title='bbox 967 2310 1271 2365; x_wconf 75' lang='lat' dir='ltr'><strong>superaret.</strong></span> <span class='ocrx_word' id='word_1_258' title='bbox 1301 2299 1457 2354; x_wconf 83' lang='lat' dir='ltr'><strong>Nulla</strong></span> <span class='ocrx_word' id='word_1_259' title='bbox 1488 2300 1592 2353; x_wconf 91' lang='lat' dir='ltr'><strong>alia</strong></span> <span class='ocrx_word' id='word_1_260' title='bbox 1622 2301 1757 2355; x_wconf 56' lang='lat' dir='ltr'><strong>civi-</strong></span> 
     </span>
    </p>
   </div>
   <div class='ocr_carea' id='block_1_38' title="bbox 218 2380 1758 2458">
    <p class='ocr_par' dir='ltr' id='par_1_38' title="bbox 218 2380 1758 2458">
     <span class='ocr_line' id='line_1_38' title="bbox 218 2380 1758 2458; baseline 0.01 -27"><span class='ocrx_word' id='word_1_261' title='bbox 218 2389 288 2433; x_wconf 82' lang='lat' dir='ltr'><strong>tas</strong></span> <span class='ocrx_word' id='word_1_262' title='bbox 321 2382 413 2434; x_wconf 87' lang='lat' dir='ltr'><strong>sub</strong></span> <span class='ocrx_word' id='word_1_263' title='bbox 434 2380 657 2439; x_wconf 83' lang='lat' dir='ltr'><strong>Juliauo</strong></span> <span class='ocrx_word' id='word_1_264' title='bbox 694 2387 1007 2458; x_wconf 86' lang='lat' dir='ltr'><strong>religionem</strong></span> <span class='ocrx_word' id='word_1_265' title='bbox 1034 2390 1215 2444; x_wconf 86' lang='lat' dir='ltr'><strong>acrius</strong></span> <span class='ocrx_word' id='word_1_266' title='bbox 1239 2390 1600 2451; x_wconf 73' lang='lat' dir='ltr'><strong>defendit.Ait</strong></span> <span class='ocrx_word' id='word_1_267' title='bbox 1623 2390 1758 2446; x_wconf 90' lang='lat' dir='ltr'><strong>Gre-</strong></span> 
     </span>
    </p>
   </div>
   <div class='ocr_carea' id='block_1_39' title="bbox 211 2472 1755 2549">
    <p class='ocr_par' dir='ltr' id='par_1_39' title="bbox 211 2472 1755 2549">
     <span class='ocr_line' id='line_1_39' title="bbox 211 2472 1755 2549; baseline 0.01 -27"><span class='ocrx_word' id='word_1_268' title='bbox 211 2472 370 2539; x_wconf 85' lang='lat' dir='ltr'><strong>gorius</strong></span> <span class='ocrx_word' id='word_1_269' title='bbox 400 2473 663 2547; x_wconf 82' lang='lat' dir='ltr'><strong>Theologi</strong></span> <span class='ocrx_word' id='word_1_270' title='bbox 715 2486 870 2549; x_wconf 89' lang='lat' dir='ltr'><strong>pater</strong></span> <span class='ocrx_word' id='word_1_271' title='bbox 898 2480 969 2549; x_wconf 81' lang='grc' dir='ltr'><strong>(ο)</strong></span> <span class='ocrx_word' id='word_1_272' title='bbox 1015 2481 1151 2535; x_wconf 88' lang='lat' dir='ltr'><strong>hanc</strong></span> <span class='ocrx_word' id='word_1_273' title='bbox 1179 2479 1476 2535; x_wconf 82' lang='lat' dir='ltr'><strong>Ecclesiam</strong></span> <span class='ocrx_word' id='word_1_274' title='bbox 1517 2484 1755 2537; x_wconf 91' lang='lat' dir='ltr'><strong>omnium</strong></span> 
     </span>
    </p>
   </div>
   <div class='ocr_carea' id='block_1_40' title="bbox 212 2564 1759 2642">
    <p class='ocr_par' dir='ltr' id='par_1_40' title="bbox 212 2564 1759 2642">
     <span class='ocr_line' id='line_1_40' title="bbox 212 2564 1759 2642; baseline 0.01 -28"><span class='ocrx_word' id='word_1_275' title='bbox 212 2579 328 2631; x_wconf 85' lang='lat' dir='ltr'><strong>pene</strong></span> <span class='ocrx_word' id='word_1_276' title='bbox 364 2564 734 2625; x_wconf 84' lang='lat' dir='ltr'><strong>Ecelesiarum</strong></span> <span class='ocrx_word' id='word_1_277' title='bbox 768 2581 998 2625; x_wconf 87' lang='lat' dir='ltr'><strong>matrem</strong></span> <span class='ocrx_word' id='word_1_278' title='bbox 1034 2581 1089 2627; x_wconf 91' lang='lat' dir='ltr'><strong>et</strong></span> <span class='ocrx_word' id='word_1_279' title='bbox 1130 2572 1646 2642; x_wconf 82' lang='lat' dir='ltr'><strong>antiquitusfuisse,</strong></span> <span class='ocrx_word' id='word_1_280' title='bbox 1697 2590 1759 2629; x_wconf 85' lang='lat' dir='ltr'><strong>ac</strong></span> 
     </span>
    </p>
   </div>
   <div class='ocr_carea' id='block_1_41' title="bbox 213 2660 1762 2730">
    <p class='ocr_par' dir='ltr' id='par_1_41' title="bbox 213 2660 1762 2730">
     <span class='ocr_line' id='line_1_41' title="bbox 213 2660 1762 2730; baseline 0.008 -23"><span class='ocrx_word' id='word_1_281' title='bbox 213 2670 334 2711; x_wconf 88' lang='lat' dir='ltr'><strong>nunc</strong></span> <span class='ocrx_word' id='word_1_282' title='bbox 360 2660 518 2713; x_wconf 88' lang='lat' dir='ltr'><strong>etiam</strong></span> <span class='ocrx_word' id='word_1_283' title='bbox 549 2677 679 2716; x_wconf 87' lang='lat' dir='ltr'><strong>esse</strong></span> <span class='ocrx_word' id='word_1_284' title='bbox 702 2671 756 2716; x_wconf 89' lang='lat' dir='ltr'><strong>et</strong></span> <span class='ocrx_word' id='word_1_285' title='bbox 789 2664 1020 2730; x_wconf 89' lang='lat' dir='ltr'><strong>censeri,</strong></span> <span class='ocrx_word' id='word_1_286' title='bbox 1068 2679 1130 2717; x_wconf 91' lang='lat' dir='ltr'><strong>ac</strong></span> <span class='ocrx_word' id='word_1_287' title='bbox 1168 2664 1220 2717; x_wconf 90' lang='lat' dir='ltr'><strong>in</strong></span> <span class='ocrx_word' id='word_1_288' title='bbox 1252 2679 1371 2718; x_wconf 89' lang='lat' dir='ltr'><strong>eam</strong></span> <span class='ocrx_word' id='word_1_289' title='bbox 1402 2666 1537 2721; x_wconf 86' lang='lat' dir='ltr'><strong>alias</strong></span> <span class='ocrx_word' id='word_1_290' title='bbox 1578 2668 1762 2721; x_wconf 86' lang='lat' dir='ltr'><strong>Eccle-</strong></span> 
     </span>
    </p>
   </div>
   <div class='ocr_carea' id='block_1_42' title="bbox 212 2749 1760 2825">
    <p class='ocr_par' dir='ltr' id='par_1_42' title="bbox 212 2749 1760 2825">
     <span class='ocr_line' id='line_1_42' title="bbox 212 2749 1760 2825; baseline 0.01 -27"><span class='ocrx_word' id='word_1_291' title='bbox 212 2749 321 2813; x_wconf 86' lang='lat' dir='ltr'><strong>sias,</strong></span> <span class='ocrx_word' id='word_1_292' title='bbox 350 2753 507 2807; x_wconf 86' lang='lat' dir='ltr'><strong>veluti</strong></span> <span class='ocrx_word' id='word_1_293' title='bbox 536 2753 804 2808; x_wconf 84' lang='lat' dir='ltr'><strong>circulum</strong></span> <span class='ocrx_word' id='word_1_294' title='bbox 834 2766 1023 2809; x_wconf 89' lang='lat' dir='ltr'><strong>centro</strong></span> <span class='ocrx_word' id='word_1_295' title='bbox 1044 2756 1540 2825; x_wconf 85' lang='lat' dir='ltr'><strong>circumscriptum,</strong></span> <span class='ocrx_word' id='word_1_296' title='bbox 1572 2759 1760 2815; x_wconf 89' lang='lat' dir='ltr'><strong>oculos</strong></span> 
     </span>
    </p>
   </div>
   <div class='ocr_carea' id='block_1_43' title="bbox 216 2843 1756 2925">
    <p class='ocr_par' dir='ltr' id='par_1_43' title="bbox 216 2843 1756 2925">
     <span class='ocr_line' id='line_1_43' title="bbox 216 2843 1756 2925; baseline 0.008 -33"><span class='ocrx_word' id='word_1_297' title='bbox 216 2843 488 2910; x_wconf 85' lang='lat' dir='ltr'><strong>conjicere,</strong></span> <span class='ocrx_word' id='word_1_298' title='bbox 518 2862 631 2901; x_wconf 89' lang='lat' dir='ltr'><strong>non</strong></span> <span class='ocrx_word' id='word_1_299' title='bbox 663 2847 1078 2916; x_wconf 70' lang='lat' dir='ltr'><strong>solumpropmr</strong></span> <span class='ocrx_word' id='word_1_300' title='bbox 1106 2849 1227 2903; x_wconf 84' lang='lat' dir='ltr'><strong>ftdei</strong></span> <span class='ocrx_word' id='word_1_301' title='bbox 1265 2851 1756 2925; x_wconf 85' lang='lat' dir='ltr'><strong>integritatemjam</strong></span> 
     </span>
    </p>
   </div>
   <div class='ocr_carea' id='block_1_44' title="bbox 214 2933 1764 3007">
    <p class='ocr_par' dir='ltr' id='par_1_44' title="bbox 214 2933 1764 3007">
     <span class='ocr_line' id='line_1_44' title="bbox 214 2933 1764 3007; baseline 0.008 -22"><span class='ocrx_word' id='word_1_302' title='bbox 214 2933 323 2987; x_wconf 89' lang='lat' dir='ltr'><strong>olim</strong></span> <span class='ocrx_word' id='word_1_303' title='bbox 356 2940 592 2992; x_wconf 91' lang='lat' dir='ltr'><strong>omnium</strong></span> <span class='ocrx_word' id='word_1_304' title='bbox 630 2937 771 2991; x_wconf 86' lang='lat' dir='ltr'><strong>fama</strong></span> <span class='ocrx_word' id='word_1_305' title='bbox 818 2940 1187 3007; x_wconf 68' lang='lat' dir='ltr'><strong>prmdicatam,</strong></span> <span class='ocrx_word' id='word_1_306' title='bbox 1216 2942 1311 2994; x_wconf 91' lang='lat' dir='ltr'><strong>sed</strong></span> <span class='ocrx_word' id='word_1_307' title='bbox 1347 2943 1508 2995; x_wconf 90' lang='lat' dir='ltr'><strong>etiam</strong></span> <span class='ocrx_word' id='word_1_308' title='bbox 1537 2944 1605 2997; x_wconf 92' lang='lat' dir='ltr'><strong>ob</strong></span> <span class='ocrx_word' id='word_1_309' title='bbox 1642 2959 1764 2997; x_wconf 85' lang='lat' dir='ltr'><strong>con-</strong></span> 
     </span>
    </p>
   </div>
   <div class='ocr_carea' id='block_1_45' title="bbox 215 3028 1762 3100">
    <p class='ocr_par' dir='ltr' id='par_1_45' title="bbox 215 3028 1762 3100">
     <span class='ocr_line' id='line_1_45' title="bbox 215 3028 1762 3100; baseline 0.006 -21"><span class='ocrx_word' id='word_1_310' title='bbox 215 3028 434 3083; x_wconf 88' lang='lat' dir='ltr'><strong>cordiam</strong></span> <span class='ocrx_word' id='word_1_311' title='bbox 468 3028 761 3083; x_wconf 86' lang='lat' dir='ltr'><strong>manifesto</strong></span> <span class='ocrx_word' id='word_1_312' title='bbox 793 3030 885 3083; x_wconf 89' lang='lat' dir='ltr'><strong>Dei</strong></span> <span class='ocrx_word' id='word_1_313' title='bbox 926 3030 1188 3085; x_wconf 78' lang='lat' dir='ltr'><strong>beneficio</strong></span> <span class='ocrx_word' id='word_1_314' title='bbox 1223 3047 1555 3088; x_wconf 90' lang='lat' dir='ltr'><strong>concessam.</strong></span> <span class='ocrx_word' id='word_1_315' title='bbox 1593 3032 1762 3100; x_wconf 83' lang='lat' dir='ltr'><strong>llujus</strong></span> 
     </span>
    </p>
   </div>
   <div class='ocr_carea' id='block_1_46' title="bbox 216 3119 1763 3195">
    <p class='ocr_par' dir='ltr' id='par_1_46' title="bbox 216 3119 1763 3195">
     <span class='ocr_line' id='line_1_46' title="bbox 216 3119 1763 3195; baseline 0.007 -24"><span class='ocrx_word' id='word_1_316' title='bbox 216 3119 321 3173; x_wconf 81' lang='lat' dir='ltr'><strong>ﬁdei</strong></span> <span class='ocrx_word' id='word_1_317' title='bbox 359 3132 410 3175; x_wconf 89' lang='lat' dir='ltr'><strong>et</strong></span> <span class='ocrx_word' id='word_1_318' title='bbox 441 3122 751 3177; x_wconf 70' lang='lat' dir='ltr'><strong>concordia:</strong></span> <span class='ocrx_word' id='word_1_319' title='bbox 798 3123 1275 3191; x_wconf 66' lang='lat' dir='ltr'><strong>praeclarissimum</strong></span> <span class='ocrx_word' id='word_1_320' title='bbox 1325 3128 1593 3195; x_wconf 91' lang='lat' dir='ltr'><strong>specimen</strong></span> <span class='ocrx_word' id='word_1_321' title='bbox 1628 3128 1763 3182; x_wconf 85' lang='lat' dir='ltr'><strong>vidi-</strong></span> 
     </span>
    </p>
   </div>
   <div class='ocr_carea' id='block_1_47' title="bbox 218 3213 1763 3285">
    <p class='ocr_par' dir='ltr' id='par_1_47' title="bbox 218 3213 1763 3285">
     <span class='ocr_line' id='line_1_47' title="bbox 218 3213 1763 3285; baseline 0.011 -26"><span class='ocrx_word' id='word_1_322' title='bbox 218 3224 337 3272; x_wconf 85' lang='lat' dir='ltr'><strong>mus,</strong></span> <span class='ocrx_word' id='word_1_323' title='bbox 375 3226 493 3265; x_wconf 91' lang='lat' dir='ltr'><strong>cum</strong></span> <span class='ocrx_word' id='word_1_324' title='bbox 523 3213 746 3279; x_wconf 79' lang='lat' dir='ltr'><strong>Valens,</strong></span> <span class='ocrx_word' id='word_1_325' title='bbox 774 3214 997 3285; x_wconf 80' lang='lat' dir='ltr'><strong>ejusque</strong></span> <span class='ocrx_word' id='word_1_326' title='bbox 1035 3219 1346 3280; x_wconf 85' lang='lat' dir='ltr'><strong>comitatus.</strong></span> <span class='ocrx_word' id='word_1_327' title='bbox 1380 3219 1572 3273; x_wconf 84' lang='lat' dir='ltr'><strong>nefarii</strong></span> <span class='ocrx_word' id='word_1_328' title='bbox 1598 3222 1763 3275; x_wconf 62' lang='lat' dir='ltr'><strong>haere-</strong></span> 
     </span>
    </p>
   </div>
   <div class='ocr_carea' id='block_1_48' title="bbox 216 3301 1752 3377">
    <p class='ocr_par' dir='ltr' id='par_1_48' title="bbox 216 3301 1752 3377">
     <span class='ocr_line' id='line_1_48' title="bbox 216 3301 1752 3377; baseline 0.008 -24"><span class='ocrx_word' id='word_1_329' title='bbox 216 3301 311 3365; x_wconf 90' lang='lat' dir='ltr'><strong>tici,</strong></span> <span class='ocrx_word' id='word_1_330' title='bbox 352 3302 567 3357; x_wconf 89' lang='lat' dir='ltr'><strong>inanem</strong></span> <span class='ocrx_word' id='word_1_331' title='bbox 625 3304 676 3358; x_wconf 90' lang='lat' dir='ltr'><strong>in</strong></span> <span class='ocrx_word' id='word_1_332' title='bbox 740 3310 1096 3377; x_wconf 81' lang='lat' dir='ltr'><strong>oppugnanda</strong></span> <span class='ocrx_word' id='word_1_333' title='bbox 1151 3308 1395 3361; x_wconf 70' lang='lat' dir='ltr'><strong>Cresarea</strong></span> <span class='ocrx_word' id='word_1_334' title='bbox 1458 3322 1752 3366; x_wconf 87' lang='lat' dir='ltr'><strong>conatuum</strong></span> 
     </span>
    </p>
   </div>
   <div class='ocr_carea' id='block_1_49' title="bbox 220 3396 1766 3467">
    <p class='ocr_par' dir='ltr' id='par_1_49' title="bbox 220 3396 1766 3467">
     <span class='ocr_line' id='line_1_49' title="bbox 220 3396 1766 3467; baseline 0.01 -23"><span class='ocrx_word' id='word_1_335' title='bbox 220 3407 416 3445; x_wconf 82' lang='lat' dir='ltr'><strong>suorum</strong></span> <span class='ocrx_word' id='word_1_336' title='bbox 446 3396 656 3450; x_wconf 76' lang='lat' dir='ltr'><strong>exitum</strong></span> <span class='ocrx_word' id='word_1_337' title='bbox 693 3398 994 3467; x_wconf 88' lang='lat' dir='ltr'><strong>plorarunt.</strong></span> <span class='ocrx_word' id='word_1_338' title='bbox 1034 3399 1183 3453; x_wconf 85' lang='lat' dir='ltr'><strong>Fidei</strong></span> <span class='ocrx_word' id='word_1_339' title='bbox 1220 3399 1424 3465; x_wconf 88' lang='lat' dir='ltr'><strong>fervor,</strong></span> <span class='ocrx_word' id='word_1_340' title='bbox 1461 3412 1595 3459; x_wconf 88' lang='lat' dir='ltr'><strong>teste</strong></span> <span class='ocrx_word' id='word_1_341' title='bbox 1636 3404 1766 3460; x_wconf 86' lang='lat' dir='ltr'><strong>Gre-</strong></span> 
     </span>
    </p>
   </div>
   <div class='ocr_carea' id='block_1_50' title="bbox 220 3483 1761 3562">
    <p class='ocr_par' dir='ltr' id='par_1_50' title="bbox 220 3483 1761 3562">
     <span class='ocr_line' id='line_1_50' title="bbox 220 3483 1761 3562; baseline 0.011 -28"><span class='ocrx_word' id='word_1_342' title='bbox 220 3486 353 3548; x_wconf 79' lang='lat' dir='ltr'><strong>gorio</strong></span> <span class='ocrx_word' id='word_1_343' title='bbox 383 3483 734 3544; x_wconf 79' lang='lat' dir='ltr'><strong>Nazianzeno</strong></span> <span class='ocrx_word' id='word_1_344' title='bbox 779 3492 881 3561; x_wconf 78' lang='grc' dir='ltr'><strong>(ά),</strong></span> <span class='ocrx_word' id='word_1_345' title='bbox 932 3507 1073 3562; x_wconf 71' lang='grc' dir='ltr'>εωιιρ</span> <span class='ocrx_word' id='word_1_346' title='bbox 1101 3494 1353 3562; x_wconf 89' lang='lat' dir='ltr'><strong>populum</strong></span> <span class='ocrx_word' id='word_1_347' title='bbox 1379 3496 1761 3553; x_wconf 68' lang='lat' dir='ltr'><strong>Cmsariensem</strong></span> 
     </span>
    </p>
   </div>
   <div class='ocr_carea' id='block_1_51' title="bbox 218 3576 1764 3653">
    <p class='ocr_par' dir='ltr' id='par_1_51' title="bbox 218 3576 1764 3653">
     <span class='ocr_line' id='line_1_51' title="bbox 218 3576 1764 3653; baseline 0.01 -27"><span class='ocrx_word' id='word_1_348' title='bbox 218 3576 261 3628; x_wconf 86' lang='lat' dir='ltr'><strong>in</strong></span> <span class='ocrx_word' id='word_1_349' title='bbox 287 3576 638 3637; x_wconf 88' lang='lat' dir='ltr'><strong>electionibus</strong></span> <span class='ocrx_word' id='word_1_350' title='bbox 671 3585 1043 3653; x_wconf 85' lang='lat' dir='ltr'><strong>episcoporum</strong></span> <span class='ocrx_word' id='word_1_351' title='bbox 1070 3588 1135 3640; x_wconf 88' lang='lat' dir='ltr'><strong>ad</strong></span> <span class='ocrx_word' id='word_1_352' title='bbox 1181 3589 1551 3641; x_wconf 87' lang='lat' dir='ltr'><strong>contentiones</strong></span> <span class='ocrx_word' id='word_1_353' title='bbox 1589 3599 1643 3643; x_wconf 91' lang='lat' dir='ltr'><strong>et</strong></span> <span class='ocrx_word' id='word_1_354' title='bbox 1680 3591 1764 3643; x_wconf 82' lang='lat' dir='ltr'><strong>di-</strong></span> 
     </span>
    </p>
   </div>
   <div class='ocr_carea' id='block_1_52' title="bbox 218 3668 1765 3746">
    <p class='ocr_par' dir='ltr' id='par_1_52' title="bbox 218 3668 1765 3746">
     <span class='ocr_line' id='line_1_52' title="bbox 218 3668 1765 3746; baseline 0.011 -29"><span class='ocrx_word' id='word_1_355' title='bbox 218 3668 518 3727; x_wconf 83' lang='lat' dir='ltr'><strong>micationes</strong></span> <span class='ocrx_word' id='word_1_356' title='bbox 574 3676 888 3743; x_wconf 82' lang='lat' dir='ltr'><strong>arripiebat.</strong></span> <span class='ocrx_word' id='word_1_357' title='bbox 941 3676 1226 3746; x_wconf 79' lang='lat' dir='ltr'><strong>Nunquam</strong></span> <span class='ocrx_word' id='word_1_358' title='bbox 1265 3678 1404 3744; x_wconf 87' lang='lat' dir='ltr'><strong>apud</strong></span> <span class='ocrx_word' id='word_1_359' title='bbox 1450 3693 1544 3733; x_wconf 89' lang='lat' dir='ltr'><strong>eos</strong></span> <span class='ocrx_word' id='word_1_360' title='bbox 1598 3680 1765 3734; x_wconf 89' lang='lat' dir='ltr'><strong>inter-</strong></span> 
     </span>
    </p>
   </div>
   <div class='ocr_carea' id='block_1_53' title="bbox 219 3758 1766 3840">
    <p class='ocr_par' dir='ltr' id='par_1_53' title="bbox 219 3758 1766 3840">
     <span class='ocr_line' id='line_1_53' title="bbox 219 3758 1766 3840; baseline 0.013 -33"><span class='ocrx_word' id='word_1_361' title='bbox 219 3758 361 3812; x_wconf 86' lang='lat' dir='ltr'><strong>missa</strong></span> <span class='ocrx_word' id='word_1_362' title='bbox 388 3763 515 3815; x_wconf 88' lang='lat' dir='ltr'><strong>tidei</strong></span> <span class='ocrx_word' id='word_1_363' title='bbox 543 3761 773 3817; x_wconf 71' lang='lat' dir='ltr'><strong>Nicaeus:</strong></span> <span class='ocrx_word' id='word_1_364' title='bbox 805 3767 1142 3833; x_wconf 75' lang='lat' dir='ltr'><strong>przedicatio,</strong></span> <span class='ocrx_word' id='word_1_365' title='bbox 1169 3777 1225 3821; x_wconf 93' lang='lat' dir='ltr'><strong>ut</strong></span> <span class='ocrx_word' id='word_1_366' title='bbox 1253 3769 1510 3823; x_wconf 88' lang='lat' dir='ltr'><strong>discimus</strong></span> <span class='ocrx_word' id='word_1_367' title='bbox 1558 3786 1622 3825; x_wconf 84' lang='lat' dir='ltr'><strong>ex</strong></span> <span class='ocrx_word' id='word_1_368' title='bbox 1648 3774 1766 3840; x_wconf 89' lang='lat' dir='ltr'><strong>ipso</strong></span> 
     </span>
    </p>
   </div>
   <div class='ocr_carea' id='block_1_54' title="bbox 218 3845 1764 3921">
    <p class='ocr_par' dir='ltr' id='par_1_54' title="bbox 218 3845 1764 3921">
     <span class='ocr_line' id='line_1_54' title="bbox 218 3845 1764 3921; baseline 0.012 -24"><span class='ocrx_word' id='word_1_369' title='bbox 218 3845 392 3905; x_wconf 74' lang='lat' dir='ltr'><strong>Basilio</strong></span> <span class='ocrx_word' id='word_1_370' title='bbox 425 3852 524 3921; x_wconf 87' lang='lat' dir='ltr'><strong>(e).</strong></span> <span class='ocrx_word' id='word_1_371' title='bbox 588 3850 705 3907; x_wconf 84' lang='lat' dir='ltr'><strong>Non</strong></span> <span class='ocrx_word' id='word_1_372' title='bbox 751 3855 920 3908; x_wconf 88' lang='lat' dir='ltr'><strong>solum</strong></span> <span class='ocrx_word' id='word_1_373' title='bbox 976 3855 1240 3921; x_wconf 65' lang='lat' dir='ltr'><strong>Caesarea,</strong></span> <span class='ocrx_word' id='word_1_374' title='bbox 1305 3860 1398 3914; x_wconf 88' lang='lat' dir='ltr'><strong>sed</strong></span> <span class='ocrx_word' id='word_1_375' title='bbox 1453 3869 1561 3912; x_wconf 91' lang='lat' dir='ltr'><strong>tota</strong></span> <span class='ocrx_word' id='word_1_376' title='bbox 1603 3862 1764 3915; x_wconf 85' lang='lat' dir='ltr'><strong>etiam</strong></span> 
     </span>
    </p>
   </div>
   <div class='ocr_carea' id='block_1_55' title="bbox 218 3938 1764 4020">
    <p class='ocr_par' dir='ltr' id='par_1_55' title="bbox 218 3938 1764 4020">
     <span class='ocr_line' id='line_1_55' title="bbox 218 3938 1764 4020; baseline 0.009 -27"><span class='ocrx_word' id='word_1_377' title='bbox 218 3938 541 4010; x_wconf 72' lang='lat' dir='ltr'><strong>Cappadocia</strong></span> <span class='ocrx_word' id='word_1_378' title='bbox 592 3946 896 4002; x_wconf 86' lang='lat' dir='ltr'><strong>incendium</strong></span> <span class='ocrx_word' id='word_1_379' title='bbox 938 3949 1087 4014; x_wconf 91' lang='lat' dir='ltr'><strong>illud,</strong></span> <span class='ocrx_word' id='word_1_380' title='bbox 1120 3952 1261 4020; x_wconf 91' lang='lat' dir='ltr'><strong>quod</strong></span> <span class='ocrx_word' id='word_1_381' title='bbox 1296 3961 1463 4005; x_wconf 90' lang='lat' dir='ltr'><strong>totum</strong></span> <span class='ocrx_word' id='word_1_382' title='bbox 1490 3952 1764 4007; x_wconf 86' lang='lat' dir='ltr'><strong>Orientem</strong></span> 
     </span>
    </p>
   </div>
   <div class='ocr_carea' id='block_1_56' title="bbox 218 4040 1768 4114">
    <p class='ocr_par' dir='ltr' id='par_1_56' title="bbox 218 4040 1768 4114">
     <span class='ocr_line' id='line_1_56' title="bbox 218 4040 1768 4114; baseline 0.009 -29"><span class='ocrx_word' id='word_1_383' title='bbox 218 4045 525 4106; x_wconf 69' lang='lat' dir='ltr'><strong>vastaverat,</strong></span> <span class='ocrx_word' id='word_1_384' title='bbox 573 4040 761 4094; x_wconf 88' lang='lat' dir='ltr'><strong>saltem</strong></span> <span class='ocrx_word' id='word_1_385' title='bbox 795 4057 962 4109; x_wconf 90' lang='lat' dir='ltr'><strong>usque</strong></span> <span class='ocrx_word' id='word_1_386' title='bbox 992 4045 1057 4095; x_wconf 92' lang='lat' dir='ltr'><strong>ad</strong></span> <span class='ocrx_word' id='word_1_387' title='bbox 1089 4059 1285 4096; x_wconf 87' lang='lat' dir='ltr'><strong>annum</strong></span> <span class='ocrx_word' id='word_1_388' title='bbox 1320 4043 1425 4097; x_wconf 76' lang='lat'><strong>5&#39;75</strong></span> <span class='ocrx_word' id='word_1_389' title='bbox 1472 4045 1677 4114; x_wconf 88' lang='lat' dir='ltr'><strong>effugit,</strong></span> <span class='ocrx_word' id='word_1_390' title='bbox 1711 4056 1768 4099; x_wconf 91' lang='lat' dir='ltr'><strong>ut</strong></span> 
     </span>
    </p>
   </div>
   <div class='ocr_carea' id='block_1_57' title="bbox 217 4133 1763 4207">
    <p class='ocr_par' dir='ltr' id='par_1_57' title="bbox 217 4133 1763 4207">
     <span class='ocr_line' id='line_1_57' title="bbox 217 4133 1763 4207; baseline 0.006 -25"><span class='ocrx_word' id='word_1_391' title='bbox 217 4134 552 4198; x_wconf 85' lang='lat' dir='ltr'><strong>perspicimus</strong></span> <span class='ocrx_word' id='word_1_392' title='bbox 605 4147 670 4187; x_wconf 86' lang='lat' dir='ltr'><strong>ex</strong></span> <span class='ocrx_word' id='word_1_393' title='bbox 700 4133 938 4201; x_wconf 84' lang='lat' dir='ltr'><strong>pluribus</strong></span> <span class='ocrx_word' id='word_1_394' title='bbox 1001 4134 1178 4186; x_wconf 89' lang='lat' dir='ltr'><strong>Basilii</strong></span> <span class='ocrx_word' id='word_1_395' title='bbox 1209 4134 1448 4203; x_wconf 90' lang='lat' dir='ltr'><strong>epistolis</strong></span> <span class='ocrx_word' id='word_1_396' title='bbox 1496 4138 1583 4207; x_wconf 72' lang='grc' dir='ltr'><strong>(Ι).</strong></span> <span class='ocrx_word' id='word_1_397' title='bbox 1627 4138 1763 4205; x_wconf 85' lang='lat' dir='ltr'><strong>Quin</strong></span> 
     </span>
    </p>
   </div>
   <div class='ocr_carea' id='block_1_58' title="bbox 217 4225 1765 4300">
    <p class='ocr_par' dir='ltr' id='par_1_58' title="bbox 217 4225 1765 4300">
     <span class='ocr_line' id='line_1_58' title="bbox 217 4225 1765 4300; baseline 0.006 -23"><span class='ocrx_word' id='word_1_398' title='bbox 217 4225 357 4277; x_wconf 80' lang='lat' dir='ltr'><strong>etiam</strong></span> <span class='ocrx_word' id='word_1_399' title='bbox 390 4228 468 4296; x_wconf 81' lang='lat' dir='ltr'><strong>(g)</strong></span> <span class='ocrx_word' id='word_1_400' title='bbox 494 4226 847 4295; x_wconf 69' lang='lat' dir='ltr'><strong>Cappadocia:</strong></span> <span class='ocrx_word' id='word_1_401' title='bbox 877 4226 1110 4296; x_wconf 90' lang='lat' dir='ltr'><strong>episc0pi</strong></span> <span class='ocrx_word' id='word_1_402' title='bbox 1154 4239 1309 4281; x_wconf 88' lang='lat' dir='ltr'><strong>erant</strong></span> <span class='ocrx_word' id='word_1_403' title='bbox 1352 4230 1515 4284; x_wconf 83' lang='lat' dir='ltr'><strong>veluti</strong></span> <span class='ocrx_word' id='word_1_404' title='bbox 1562 4232 1765 4300; x_wconf 84' lang='lat' dir='ltr'><strong>scopuli</strong></span> 
     </span>
    </p>
   </div>
   <div class='ocr_carea' id='block_1_59' title="bbox 218 4318 1758 4389">
    <p class='ocr_par' dir='ltr' id='par_1_59' title="bbox 218 4318 1758 4389">
     <span class='ocr_line' id='line_1_59' title="bbox 218 4318 1758 4389; baseline 0.006 -22"><span class='ocrx_word' id='word_1_405' title='bbox 218 4318 410 4384; x_wconf 83' lang='lat' dir='ltr'><strong>quidam</strong></span> <span class='ocrx_word' id='word_1_406' title='bbox 458 4319 515 4370; x_wconf 92' lang='lat' dir='ltr'><strong>in</strong></span> <span class='ocrx_word' id='word_1_407' title='bbox 544 4322 679 4372; x_wconf 83' lang='lat' dir='ltr'><strong>mari</strong></span> <span class='ocrx_word' id='word_1_408' title='bbox 709 4324 1094 4389; x_wconf 87' lang='lat' dir='ltr'><strong>prominentes,</strong></span> <span class='ocrx_word' id='word_1_409' title='bbox 1123 4334 1187 4373; x_wconf 88' lang='lat' dir='ltr'><strong>ac</strong></span> <span class='ocrx_word' id='word_1_410' title='bbox 1216 4320 1450 4375; x_wconf 90' lang='lat' dir='ltr'><strong>furorem</strong></span> <span class='ocrx_word' id='word_1_411' title='bbox 1482 4323 1758 4377; x_wconf 78' lang='lat' dir='ltr'><strong>haeretico-</strong></span> 
     </span>
    </p>
   </div>
   <div class='ocr_carea' id='block_1_60' title="bbox 220 4408 1769 4480">
    <p class='ocr_par' dir='ltr' id='par_1_60' title="bbox 220 4408 1769 4480">
     <span class='ocr_line' id='line_1_60' title="bbox 220 4408 1769 4480; baseline 0.006 -21"><span class='ocrx_word' id='word_1_412' title='bbox 220 4422 321 4463; x_wconf 91' lang='lat' dir='ltr'><strong>rum</strong></span> <span class='ocrx_word' id='word_1_413' title='bbox 350 4408 609 4464; x_wconf 83' lang='lat' dir='ltr'><strong>ﬂuctuum</strong></span> <span class='ocrx_word' id='word_1_414' title='bbox 637 4413 990 4479; x_wconf 82' lang='lat' dir='ltr'><strong>excipientes,</strong></span> <span class='ocrx_word' id='word_1_415' title='bbox 1053 4412 1143 4479; x_wconf 89' lang='lat' dir='ltr'><strong>qui</strong></span> <span class='ocrx_word' id='word_1_416' title='bbox 1198 4413 1324 4467; x_wconf 91' lang='lat' dir='ltr'><strong>dum</strong></span> <span class='ocrx_word' id='word_1_417' title='bbox 1388 4412 1769 4480; x_wconf 80' lang='lat' dir='ltr'><strong>frangerentur</strong></span> 
     </span>
    </p>
   </div>
   <div class='ocr_carea' id='block_1_61' title="bbox 220 4500 1768 4573">
    <p class='ocr_par' dir='ltr' id='par_1_61' title="bbox 220 4500 1768 4573">
     <span class='ocr_line' id='line_1_61' title="bbox 220 4500 1768 4573; baseline 0.006 -23"><span class='ocrx_word' id='word_1_418' title='bbox 220 4500 342 4556; x_wconf 87' lang='lat' dir='ltr'><strong>circa</strong></span> <span class='ocrx_word' id='word_1_419' title='bbox 388 4502 807 4570; x_wconf 87' lang='lat' dir='ltr'><strong>Cappadociam,</strong></span> <span class='ocrx_word' id='word_1_420' title='bbox 860 4518 922 4556; x_wconf 86' lang='lat' dir='ltr'><strong>ea</strong></span> <span class='ocrx_word' id='word_1_421' title='bbox 982 4520 1099 4573; x_wconf 77' lang='lat' dir='ltr'><strong>qua:</strong></span> <span class='ocrx_word' id='word_1_422' title='bbox 1142 4514 1286 4558; x_wconf 82' lang='lat' dir='ltr'><strong>retro</strong></span> <span class='ocrx_word' id='word_1_423' title='bbox 1311 4516 1437 4559; x_wconf 89' lang='lat' dir='ltr'><strong>sunt</strong></span> <span class='ocrx_word' id='word_1_424' title='bbox 1466 4521 1568 4559; x_wconf 93' lang='lat' dir='ltr'><strong>non</strong></span> <span class='ocrx_word' id='word_1_425' title='bbox 1602 4506 1768 4559; x_wconf 87' lang='lat' dir='ltr'><strong>allue-</strong></span> 
     </span>
    </p>
   </div>
   <div class='ocr_carea' id='block_1_62' title="bbox 1865 2014 3428 2084">
    <p class='ocr_par' dir='ltr' id='par_1_62' title="bbox 1865 2014 3428 2084">
     <span class='ocr_line' id='line_1_62' title="bbox 1865 2014 3428 2084; baseline -0.006 -8"><span class='ocrx_word' id='word_1_426' title='bbox 1865 2022 2111 2076; x_wconf 87' lang='lat' dir='ltr'><strong>homines</strong></span> <span class='ocrx_word' id='word_1_427' title='bbox 2145 2021 2420 2075; x_wconf 90' lang='lat' dir='ltr'><strong>numerari</strong></span> <span class='ocrx_word' id='word_1_428' title='bbox 2449 2020 2718 2075; x_wconf 85' lang='lat' dir='ltr'><strong>solebant.</strong></span> <span class='ocrx_word' id='word_1_429' title='bbox 2762 2018 2889 2072; x_wconf 90' lang='lat' dir='ltr'><strong>Inde</strong></span> <span class='ocrx_word' id='word_1_430' title='bbox 2921 2016 3083 2071; x_wconf 81' lang='lat' dir='ltr'><strong>flebat</strong></span> <span class='ocrx_word' id='word_1_431' title='bbox 3129 2024 3187 2070; x_wconf 93' lang='lat' dir='ltr'><strong>ut</strong></span> <span class='ocrx_word' id='word_1_432' title='bbox 3218 2014 3309 2084; x_wconf 87' lang='lat' dir='ltr'><strong>qui</strong></span> <span class='ocrx_word' id='word_1_433' title='bbox 3334 2023 3428 2067; x_wconf 88' lang='lat' dir='ltr'><strong>aut</strong></span> 
     </span>
    </p>
   </div>
   <div class='ocr_carea' id='block_1_63' title="bbox 1863 2106 3431 2177">
    <p class='ocr_par' dir='ltr' id='par_1_63' title="bbox 1863 2106 3431 2177">
     <span class='ocr_line' id='line_1_63' title="bbox 1863 2106 3431 2177; baseline -0.006 -10"><span class='ocrx_word' id='word_1_434' title='bbox 1863 2113 2154 2168; x_wconf 88' lang='lat' dir='ltr'><strong>Christiani</strong></span> <span class='ocrx_word' id='word_1_435' title='bbox 2180 2127 2285 2167; x_wconf 92' lang='lat' dir='ltr'><strong>non</strong></span> <span class='ocrx_word' id='word_1_436' title='bbox 2312 2120 2490 2177; x_wconf 89' lang='lat' dir='ltr'><strong>erant,</strong></span> <span class='ocrx_word' id='word_1_437' title='bbox 2522 2120 2614 2165; x_wconf 89' lang='lat' dir='ltr'><strong>aut</strong></span> <span class='ocrx_word' id='word_1_438' title='bbox 2635 2111 2686 2164; x_wconf 91' lang='lat' dir='ltr'><strong>in</strong></span> <span class='ocrx_word' id='word_1_439' title='bbox 2714 2108 3018 2163; x_wconf 88' lang='lat' dir='ltr'><strong>Christiana</strong></span> <span class='ocrx_word' id='word_1_440' title='bbox 3059 2106 3317 2175; x_wconf 87' lang='lat' dir='ltr'><strong>religione</strong></span> <span class='ocrx_word' id='word_1_441' title='bbox 3337 2118 3431 2157; x_wconf 78' lang='lat' dir='ltr'><strong>ve-</strong></span> 
     </span>
    </p>
   </div>
   <div class='ocr_carea' id='block_1_64' title="bbox 1852 2196 3426 2271">
    <p class='ocr_par' dir='ltr' id='par_1_64' title="bbox 1852 2196 3426 2271">
     <span class='ocr_line' id='line_1_64' title="bbox 1852 2196 3426 2271; baseline -0.009 -11"><span class='ocrx_word' id='word_1_442' title='bbox 1852 2196 2038 2260; x_wconf 5' lang='lat' dir='ltr'><strong>iterem</strong></span> <span class='ocrx_word' id='word_1_443' title='bbox 2086 2206 2357 2260; x_wconf 88' lang='lat' dir='ltr'><strong>hominem</strong></span> <span class='ocrx_word' id='word_1_444' title='bbox 2412 2204 2703 2260; x_wconf 74' lang='lat' dir='ltr'><strong>servabant</strong></span> <span class='ocrx_word' id='word_1_445' title='bbox 2738 2202 2827 2271; x_wconf 87' lang='grc' dir='ltr'><strong>(ι),</strong></span> <span class='ocrx_word' id='word_1_446' title='bbox 2872 2196 3121 2254; x_wconf 88' lang='lat' dir='ltr'><strong>omnibus</strong></span> <span class='ocrx_word' id='word_1_447' title='bbox 3172 2196 3426 2249; x_wconf 86' lang='lat' dir='ltr'><strong>vitiorum</strong></span> 
     </span>
    </p>
   </div>
   <div class='ocr_carea' id='block_1_65' title="bbox 1866 2284 3432 2363">
    <p class='ocr_par' dir='ltr' id='par_1_65' title="bbox 1866 2284 3432 2363">
     <span class='ocr_line' id='line_1_65' title="bbox 1866 2284 3432 2363; baseline -0.008 -13"><span class='ocrx_word' id='word_1_448' title='bbox 1866 2296 2094 2350; x_wconf 90' lang='lat' dir='ltr'><strong>maculis</strong></span> <span class='ocrx_word' id='word_1_449' title='bbox 2122 2305 2459 2361; x_wconf 85' lang='lat' dir='ltr'><strong>notarentur,</strong></span> <span class='ocrx_word' id='word_1_450' title='bbox 2509 2310 2574 2350; x_wconf 78' lang='lat' dir='ltr'><strong>ex</strong></span> <span class='ocrx_word' id='word_1_451' title='bbox 2619 2309 2726 2363; x_wconf 92' lang='lat' dir='ltr'><strong>quo</strong></span> <span class='ocrx_word' id='word_1_452' title='bbox 2764 2290 3035 2347; x_wconf 89' lang='lat' dir='ltr'><strong>interdum</strong></span> <span class='ocrx_word' id='word_1_453' title='bbox 3061 2297 3203 2342; x_wconf 66' lang='lat' dir='ltr'><strong>natm</strong></span> <span class='ocrx_word' id='word_1_454' title='bbox 3237 2286 3296 2341; x_wconf 87' lang='lat' dir='ltr'><strong>S.</strong></span> <span class='ocrx_word' id='word_1_455' title='bbox 3333 2284 3432 2339; x_wconf 85' lang='lat' dir='ltr'><strong>Ba-</strong></span> 
     </span>
    </p>
   </div>
   <div class='ocr_carea' id='block_1_66' title="bbox 1863 2388 2621 2457">
    <p class='ocr_par' dir='ltr' id='par_1_66' title="bbox 1863 2388 2621 2457">
     <span class='ocr_line' id='line_1_66' title="bbox 1863 2388 2621 2457; baseline 0 -14"><span class='ocrx_word' id='word_1_456' title='bbox 1863 2389 1984 2443; x_wconf 88' lang='lat' dir='ltr'><strong>silio</strong></span> <span class='ocrx_word' id='word_1_457' title='bbox 2013 2388 2394 2457; x_wconf 86' lang='lat' dir='ltr'><strong>ingemiscendi</strong></span> <span class='ocrx_word' id='word_1_458' title='bbox 2425 2403 2621 2443; x_wconf 68' lang='lat' dir='ltr'><strong>causae.</strong></span> 
     </span>
    </p>
   </div>
   <div class='ocr_carea' id='block_1_67' title="bbox 1936 2468 3429 2545">
    <p class='ocr_par' dir='ltr' id='par_1_67' title="bbox 1936 2468 3429 2545">
     <span class='ocr_line' id='line_1_67' title="bbox 1936 2468 3429 2545; baseline -0.007 -14"><span class='ocrx_word' id='word_1_459' title='bbox 1936 2477 2000 2533; x_wconf 87' lang='lat' dir='ltr'><strong>ll.</strong></span> <span class='ocrx_word' id='word_1_460' title='bbox 2066 2477 2221 2532; x_wconf 83' lang='lat' dir='ltr'><strong>Nulla</strong></span> <span class='ocrx_word' id='word_1_461' title='bbox 2277 2479 2503 2533; x_wconf 89' lang='lat' dir='ltr'><strong>deerant</strong></span> <span class='ocrx_word' id='word_1_462' title='bbox 2534 2477 2795 2532; x_wconf 59' lang='lat' dir='ltr'><strong>Caesareas</strong></span> <span class='ocrx_word' id='word_1_463' title='bbox 2845 2486 3161 2545; x_wconf 87' lang='lat' dir='ltr'><strong>magnarum</strong></span> <span class='ocrx_word' id='word_1_464' title='bbox 3217 2468 3429 2523; x_wconf 90' lang='lat' dir='ltr'><strong>urbium</strong></span> 
     </span>
    </p>
   </div>
   <div class='ocr_carea' id='block_1_68' title="bbox 1866 2560 3433 2642">
    <p class='ocr_par' dir='ltr' id='par_1_68' title="bbox 1866 2560 3433 2642">
     <span class='ocr_line' id='line_1_68' title="bbox 1866 2560 3433 2642; baseline -0.006 -17"><span class='ocrx_word' id='word_1_465' title='bbox 1866 2581 2180 2626; x_wconf 89' lang='lat' dir='ltr'><strong>ornamenta</strong></span> <span class='ocrx_word' id='word_1_466' title='bbox 2222 2570 2353 2642; x_wconf 89' lang='lat' dir='ltr'><strong>(m);</strong></span> <span class='ocrx_word' id='word_1_467' title='bbox 2380 2572 2471 2625; x_wconf 92' lang='lat' dir='ltr'><strong>sed</strong></span> <span class='ocrx_word' id='word_1_468' title='bbox 2499 2583 2753 2638; x_wconf 88' lang='lat' dir='ltr'><strong>magnum</strong></span> <span class='ocrx_word' id='word_1_469' title='bbox 2792 2568 3038 2636; x_wconf 91' lang='lat' dir='ltr'><strong>inprimis</strong></span> <span class='ocrx_word' id='word_1_470' title='bbox 3065 2566 3229 2620; x_wconf 88' lang='lat' dir='ltr'><strong>decus</strong></span> <span class='ocrx_word' id='word_1_471' title='bbox 3258 2560 3433 2616; x_wconf 85' lang='lat' dir='ltr'><strong>Eccle-</strong></span> 
     </span>
    </p>
   </div>
   <div class='ocr_carea' id='block_1_69' title="bbox 1868 2654 3433 2726">
    <p class='ocr_par' dir='ltr' id='par_1_69' title="bbox 1868 2654 3433 2726">
     <span class='ocr_line' id='line_1_69' title="bbox 1868 2654 3433 2726; baseline -0.007 -8"><span class='ocrx_word' id='word_1_472' title='bbox 1868 2664 1961 2718; x_wconf 66' lang='lat' dir='ltr'><strong>siae</strong></span> <span class='ocrx_word' id='word_1_473' title='bbox 1983 2662 2301 2717; x_wconf 68' lang='lat' dir='ltr'><strong>Caesariensi</strong></span> <span class='ocrx_word' id='word_1_474' title='bbox 2327 2662 2588 2716; x_wconf 76' lang='lat' dir='ltr'><strong>afferebat</strong></span> <span class='ocrx_word' id='word_1_475' title='bbox 2625 2659 2888 2714; x_wconf 84' lang='lat' dir='ltr'><strong>latissime</strong></span> <span class='ocrx_word' id='word_1_476' title='bbox 2916 2660 3190 2726; x_wconf 80' lang='lat' dir='ltr'><strong>pertinens</strong></span> <span class='ocrx_word' id='word_1_477' title='bbox 3213 2654 3433 2725; x_wconf 82' lang='lat' dir='ltr'><strong>jurisdi-</strong></span> 
     </span>
    </p>
   </div>
   <div class='ocr_carea' id='block_1_70' title="bbox 1866 2745 3429 2823">
    <p class='ocr_par' dir='ltr' id='par_1_70' title="bbox 1866 2745 3429 2823">
     <span class='ocr_line' id='line_1_70' title="bbox 1866 2745 3429 2823; baseline -0.01 -12"><span class='ocrx_word' id='word_1_478' title='bbox 1866 2756 1994 2811; x_wconf 92' lang='lat' dir='ltr'><strong>ctio.</strong></span> <span class='ocrx_word' id='word_1_479' title='bbox 2028 2755 2170 2820; x_wconf 86' lang='lat' dir='ltr'><strong>Quot</strong></span> <span class='ocrx_word' id='word_1_480' title='bbox 2204 2755 2346 2809; x_wconf 88' lang='lat' dir='ltr'><strong>enim</strong></span> <span class='ocrx_word' id='word_1_481' title='bbox 2375 2753 2664 2823; x_wconf 77' lang='lat' dir='ltr'><strong>provincia:</strong></span> <span class='ocrx_word' id='word_1_482' title='bbox 2696 2751 2923 2805; x_wconf 85' lang='lat' dir='ltr'><strong>ducibus</strong></span> <span class='ocrx_word' id='word_1_483' title='bbox 2949 2758 3002 2803; x_wconf 90' lang='lat' dir='ltr'><strong>et</strong></span> <span class='ocrx_word' id='word_1_484' title='bbox 3034 2748 3251 2802; x_wconf 88' lang='lat' dir='ltr'><strong>vicariis</strong></span> <span class='ocrx_word' id='word_1_485' title='bbox 3290 2745 3429 2799; x_wconf 74' lang='grc' dir='ltr'>Ροιιο</span> 
     </span>
    </p>
   </div>
   <div class='ocr_carea' id='block_1_71' title="bbox 1869 2836 3432 2915">
    <p class='ocr_par' dir='ltr' id='par_1_71' title="bbox 1869 2836 3432 2915">
     <span class='ocr_line' id='line_1_71' title="bbox 1869 2836 3432 2915; baseline -0.007 -15"><span class='ocrx_word' id='word_1_486' title='bbox 1869 2848 1988 2901; x_wconf 75' lang='lat' dir='ltr'><strong>tica:</strong></span> <span class='ocrx_word' id='word_1_487' title='bbox 2018 2846 2304 2915; x_wconf 90' lang='lat' dir='ltr'><strong>parebant,</strong></span> <span class='ocrx_word' id='word_1_488' title='bbox 2337 2846 2562 2900; x_wconf 90' lang='lat' dir='ltr'><strong>totidem</strong></span> <span class='ocrx_word' id='word_1_489' title='bbox 2607 2841 2960 2899; x_wconf 68' lang='lat' dir='ltr'><strong>Cmsariensis</strong></span> <span class='ocrx_word' id='word_1_490' title='bbox 2996 2837 3230 2909; x_wconf 80' lang='lat' dir='ltr'><strong>episcopi</strong></span> <span class='ocrx_word' id='word_1_491' title='bbox 3284 2836 3432 2889; x_wconf 88' lang='lat' dir='ltr'><strong>curis</strong></span> 
     </span>
    </p>
   </div>
   <div class='ocr_carea' id='block_1_72' title="bbox 1871 2936 3435 3000">
    <p class='ocr_par' dir='ltr' id='par_1_72' title="bbox 1871 2936 3435 3000">
     <span class='ocr_line' id='line_1_72' title="bbox 1871 2936 3435 3000; baseline -0.008 -7"><span class='ocrx_word' id='word_1_492' title='bbox 1871 2941 2173 2993; x_wconf 63' lang='lat' dir='ltr'><strong>commissa:</strong></span> <span class='ocrx_word' id='word_1_493' title='bbox 2220 2938 2456 2991; x_wconf 85' lang='lat' dir='ltr'><strong>fuerunt.</strong></span> <span class='ocrx_word' id='word_1_494' title='bbox 2494 2937 2651 2991; x_wconf 88' lang='lat' dir='ltr'><strong>Certe</strong></span> <span class='ocrx_word' id='word_1_495' title='bbox 2692 2936 2969 2997; x_wconf 82' lang='lat' dir='ltr'><strong>Armenia,</strong></span> <span class='ocrx_word' id='word_1_496' title='bbox 3022 2946 3143 3000; x_wconf 77' lang='lat' dir='ltr'><strong>quze</strong></span> <span class='ocrx_word' id='word_1_497' title='bbox 3176 2946 3278 2982; x_wconf 91' lang='lat' dir='ltr'><strong>una</strong></span> <span class='ocrx_word' id='word_1_498' title='bbox 3316 2937 3435 2981; x_wconf 88' lang='lat' dir='ltr'><strong>erat</strong></span> 
     </span>
    </p>
   </div>
   <div class='ocr_carea' id='block_1_73' title="bbox 1868 3019 3435 3094">
    <p class='ocr_par' dir='ltr' id='par_1_73' title="bbox 1868 3019 3435 3094">
     <span class='ocr_line' id='line_1_73' title="bbox 1868 3019 3435 3094; baseline -0.005 -16"><span class='ocrx_word' id='word_1_499' title='bbox 1868 3040 1932 3078; x_wconf 81' lang='lat' dir='ltr'><strong>ex</strong></span> <span class='ocrx_word' id='word_1_500' title='bbox 1968 3024 2075 3078; x_wconf 77' lang='lat' dir='ltr'><strong>illis</strong></span> <span class='ocrx_word' id='word_1_501' title='bbox 2109 3024 2423 3094; x_wconf 84' lang='lat' dir='ltr'><strong>provinciis,</strong></span> <span class='ocrx_word' id='word_1_502' title='bbox 2482 3023 2701 3089; x_wconf 85' lang='lat' dir='ltr'><strong>Basilio,</strong></span> <span class='ocrx_word' id='word_1_503' title='bbox 2750 3022 2915 3077; x_wconf 86' lang='lat' dir='ltr'><strong>veluti</strong></span> <span class='ocrx_word' id='word_1_504' title='bbox 2948 3020 3163 3075; x_wconf 84' lang='lat' dir='ltr'><strong>cuidam</strong></span> <span class='ocrx_word' id='word_1_505' title='bbox 3197 3019 3435 3072; x_wconf 81' lang='lat' dir='ltr'><strong>exarcho</strong></span> 
     </span>
    </p>
   </div>
   <div class='ocr_carea' id='block_1_74' title="bbox 1870 3111 3436 3189">
    <p class='ocr_par' dir='ltr' id='par_1_74' title="bbox 1870 3111 3436 3189">
     <span class='ocr_line' id='line_1_74' title="bbox 1870 3111 3436 3189; baseline -0.006 -16"><span class='ocrx_word' id='word_1_506' title='bbox 1870 3122 2110 3189; x_wconf 83' lang='lat' dir='ltr'><strong>parebat.</strong></span> <span class='ocrx_word' id='word_1_507' title='bbox 2166 3119 2296 3173; x_wconf 84' lang='lat' dir='ltr'><strong>Nam</strong></span> <span class='ocrx_word' id='word_1_508' title='bbox 2351 3135 2494 3174; x_wconf 90' lang='lat' dir='ltr'><strong>anno</strong></span> <span class='ocrx_word' id='word_1_509' title='bbox 2526 3118 2632 3174; x_wconf 72' lang='grc'><strong>572</strong></span> <span class='ocrx_word' id='word_1_510' title='bbox 2672 3119 2985 3172; x_wconf 85' lang='lat' dir='ltr'><strong>mandatum</strong></span> <span class='ocrx_word' id='word_1_511' title='bbox 3032 3115 3240 3183; x_wconf 86' lang='lat' dir='ltr'><strong>accepit</strong></span> <span class='ocrx_word' id='word_1_512' title='bbox 3283 3111 3436 3165; x_wconf 83' lang='lat' dir='ltr'><strong>Basi-</strong></span> 
     </span>
    </p>
   </div>
   <div class='ocr_carea' id='block_1_75' title="bbox 1873 3205 3436 3283">
    <p class='ocr_par' dir='ltr' id='par_1_75' title="bbox 1873 3205 3436 3283">
     <span class='ocr_line' id='line_1_75' title="bbox 1873 3205 3436 3283; baseline -0.005 -18"><span class='ocrx_word' id='word_1_513' title='bbox 1873 3214 1973 3266; x_wconf 91' lang='lat' dir='ltr'><strong>lius</strong></span> <span class='ocrx_word' id='word_1_514' title='bbox 2002 3213 2079 3283; x_wconf 83' lang='lat' dir='ltr'><strong>(n)</strong></span> <span class='ocrx_word' id='word_1_515' title='bbox 2108 3214 2175 3267; x_wconf 86' lang='lat' dir='ltr'><strong>ab</strong></span> <span class='ocrx_word' id='word_1_516' title='bbox 2207 3214 2548 3283; x_wconf 86' lang='lat' dir='ltr'><strong>imperatore,</strong></span> <span class='ocrx_word' id='word_1_517' title='bbox 2578 3219 2637 3265; x_wconf 92' lang='lat' dir='ltr'><strong>ut</strong></span> <span class='ocrx_word' id='word_1_518' title='bbox 2673 3211 2955 3281; x_wconf 87' lang='lat' dir='ltr'><strong>episcopos</strong></span> <span class='ocrx_word' id='word_1_519' title='bbox 2988 3208 3114 3262; x_wconf 90' lang='lat' dir='ltr'><strong>huic</strong></span> <span class='ocrx_word' id='word_1_520' title='bbox 3146 3205 3436 3273; x_wconf 69' lang='lat' dir='ltr'><strong>provincia:</strong></span> 
     </span>
    </p>
   </div>
   <div class='ocr_carea' id='block_1_76' title="bbox 1869 3297 3435 3372">
    <p class='ocr_par' dir='ltr' id='par_1_76' title="bbox 1869 3297 3435 3372">
     <span class='ocr_line' id='line_1_76' title="bbox 1869 3297 3435 3372; baseline -0.006 -13"><span class='ocrx_word' id='word_1_521' title='bbox 1869 3307 2043 3360; x_wconf 86' lang='lat' dir='ltr'><strong>daret.</strong></span> <span class='ocrx_word' id='word_1_522' title='bbox 2092 3303 2392 3372; x_wconf 79' lang='lat' dir='ltr'><strong>Adjunctus</strong></span> <span class='ocrx_word' id='word_1_523' title='bbox 2418 3314 2500 3357; x_wconf 91' lang='lat' dir='ltr'><strong>est</strong></span> <span class='ocrx_word' id='word_1_524' title='bbox 2522 3305 2569 3357; x_wconf 91' lang='lat' dir='ltr'><strong>ei</strong></span> <span class='ocrx_word' id='word_1_525' title='bbox 2603 3305 2783 3357; x_wconf 90' lang='lat' dir='ltr'><strong>socius</strong></span> <span class='ocrx_word' id='word_1_526' title='bbox 2810 3303 3119 3356; x_wconf 86' lang='lat' dir='ltr'><strong>Theodotus</strong></span> <span class='ocrx_word' id='word_1_527' title='bbox 3146 3297 3435 3363; x_wconf 77' lang='lat' dir='ltr'><strong>provincia:</strong></span> 
     </span>
    </p>
   </div>
   <div class='ocr_carea' id='block_1_77' title="bbox 1869 3390 3435 3465">
    <p class='ocr_par' dir='ltr' id='par_1_77' title="bbox 1869 3390 3435 3465">
     <span class='ocr_line' id='line_1_77' title="bbox 1869 3390 3435 3465; baseline -0.004 -16"><span class='ocrx_word' id='word_1_528' title='bbox 1869 3398 2335 3465; x_wconf 81' lang='lat' dir='ltr'><strong>metmpolitanus.</strong></span> <span class='ocrx_word' id='word_1_529' title='bbox 2365 3395 2415 3449; x_wconf 89' lang='lat' dir='ltr'><strong>ls</strong></span> <span class='ocrx_word' id='word_1_530' title='bbox 2453 3395 2652 3451; x_wconf 87' lang='lat' dir='ltr'><strong>Basilio</strong></span> <span class='ocrx_word' id='word_1_531' title='bbox 2699 3396 2769 3449; x_wconf 87' lang='lat' dir='ltr'><strong>ob</strong></span> <span class='ocrx_word' id='word_1_532' title='bbox 2813 3394 2957 3448; x_wconf 86' lang='lat' dir='ltr'><strong>illius</strong></span> <span class='ocrx_word' id='word_1_533' title='bbox 2998 3408 3119 3449; x_wconf 89' lang='lat' dir='ltr'><strong>cum</strong></span> <span class='ocrx_word' id='word_1_534' title='bbox 3153 3390 3435 3446; x_wconf 82' lang='lat' dir='ltr'><strong>Eustatbio</strong></span> 
     </span>
    </p>
   </div>
   <div class='ocr_carea' id='block_1_78' title="bbox 1868 3487 3432 3555">
    <p class='ocr_par' dir='ltr' id='par_1_78' title="bbox 1868 3487 3432 3555">
     <span class='ocr_line' id='line_1_78' title="bbox 1868 3487 3432 3555; baseline -0.004 -15"><span class='ocrx_word' id='word_1_535' title='bbox 1868 3487 2302 3555; x_wconf 87' lang='lat' dir='ltr'><strong>conjunctionem</strong></span> <span class='ocrx_word' id='word_1_536' title='bbox 2358 3490 2735 3551; x_wconf 90' lang='lat' dir='ltr'><strong>succensebat,</strong></span> <span class='ocrx_word' id='word_1_537' title='bbox 2785 3502 2881 3540; x_wconf 90' lang='lat' dir='ltr'><strong>nec</strong></span> <span class='ocrx_word' id='word_1_538' title='bbox 2944 3487 2990 3539; x_wconf 92' lang='lat' dir='ltr'><strong>ei</strong></span> <span class='ocrx_word' id='word_1_539' title='bbox 3026 3499 3242 3551; x_wconf 88' lang='lat' dir='ltr'><strong>operam</strong></span> <span class='ocrx_word' id='word_1_540' title='bbox 3280 3498 3432 3535; x_wconf 85' lang='lat' dir='ltr'><strong>suam</strong></span> 
     </span>
    </p>
   </div>
   <div class='ocr_carea' id='block_1_79' title="bbox 1870 3571 3437 3642">
    <p class='ocr_par' dir='ltr' id='par_1_79' title="bbox 1870 3571 3437 3642">
     <span class='ocr_line' id='line_1_79' title="bbox 1870 3571 3437 3642; baseline -0.004 -12"><span class='ocrx_word' id='word_1_541' title='bbox 1870 3580 2086 3633; x_wconf 89' lang='lat' dir='ltr'><strong>tradere</strong></span> <span class='ocrx_word' id='word_1_542' title='bbox 2121 3579 2308 3633; x_wconf 87' lang='lat' dir='ltr'><strong>voluit.</strong></span> <span class='ocrx_word' id='word_1_543' title='bbox 2336 3578 2450 3632; x_wconf 84' lang='lat' dir='ltr'><strong>Non</strong></span> <span class='ocrx_word' id='word_1_544' title='bbox 2482 3580 2687 3632; x_wconf 84' lang='lat' dir='ltr'><strong>ideirco</strong></span> <span class='ocrx_word' id='word_1_545' title='bbox 2716 3578 2952 3630; x_wconf 89' lang='lat' dir='ltr'><strong>animum</strong></span> <span class='ocrx_word' id='word_1_546' title='bbox 2980 3574 3265 3642; x_wconf 86' lang='lat' dir='ltr'><strong>despondit</strong></span> <span class='ocrx_word' id='word_1_547' title='bbox 3288 3571 3437 3625; x_wconf 84' lang='lat' dir='ltr'><strong>Basi-</strong></span> 
     </span>
    </p>
   </div>
   <div class='ocr_carea' id='block_1_80' title="bbox 1873 3666 3436 3740">
    <p class='ocr_par' dir='ltr' id='par_1_80' title="bbox 1873 3666 3436 3740">
     <span class='ocr_line' id='line_1_80' title="bbox 1873 3666 3436 3740; baseline -0.004 -17"><span class='ocrx_word' id='word_1_548' title='bbox 1873 3670 1998 3735; x_wconf 88' lang='lat' dir='ltr'><strong>lius,</strong></span> <span class='ocrx_word' id='word_1_549' title='bbox 2042 3672 2135 3725; x_wconf 88' lang='lat' dir='ltr'><strong>sed</strong></span> <span class='ocrx_word' id='word_1_550' title='bbox 2173 3671 2435 3739; x_wconf 86' lang='lat' dir='ltr'><strong>quidquid</strong></span> <span class='ocrx_word' id='word_1_551' title='bbox 2494 3671 2546 3725; x_wconf 91' lang='lat' dir='ltr'><strong>in</strong></span> <span class='ocrx_word' id='word_1_552' title='bbox 2596 3671 2711 3740; x_wconf 88' lang='lat' dir='ltr'><strong>ipso</strong></span> <span class='ocrx_word' id='word_1_553' title='bbox 2762 3670 2925 3724; x_wconf 86' lang='lat' dir='ltr'><strong>situm</strong></span> <span class='ocrx_word' id='word_1_554' title='bbox 2974 3667 3095 3731; x_wconf 84' lang='lat' dir='ltr'><strong>fuit,</strong></span> <span class='ocrx_word' id='word_1_555' title='bbox 3146 3666 3436 3734; x_wconf 86' lang='lat' dir='ltr'><strong>diligenter</strong></span> 
     </span>
    </p>
   </div>
   <div class='ocr_carea' id='block_1_81' title="bbox 1869 3757 3438 3832">
    <p class='ocr_par' dir='ltr' id='par_1_81' title="bbox 1869 3757 3438 3832">
     <span class='ocr_line' id='line_1_81' title="bbox 1869 3757 3438 3832; baseline -0.005 -17"><span class='ocrx_word' id='word_1_556' title='bbox 1869 3772 2161 3817; x_wconf 77' lang='lat' dir='ltr'><strong>exsecutus</strong></span> <span class='ocrx_word' id='word_1_557' title='bbox 2207 3772 2291 3817; x_wconf 90' lang='lat' dir='ltr'><strong>est</strong></span> <span class='ocrx_word' id='word_1_558' title='bbox 2333 3780 2346 3813; x_wconf 89' lang='lat'><strong>:</strong></span> <span class='ocrx_word' id='word_1_559' title='bbox 2402 3777 2591 3832; x_wconf 84' lang='lat' dir='ltr'><strong>pacem</strong></span> <span class='ocrx_word' id='word_1_560' title='bbox 2627 3758 2931 3826; x_wconf 90' lang='lat' dir='ltr'><strong>composuit</strong></span> <span class='ocrx_word' id='word_1_561' title='bbox 2978 3760 3119 3811; x_wconf 89' lang='lat' dir='ltr'><strong>inter</strong></span> <span class='ocrx_word' id='word_1_562' title='bbox 3150 3757 3438 3825; x_wconf 82' lang='lat' dir='ltr'><strong>episcopos</strong></span> 
     </span>
    </p>
   </div>
   <div class='ocr_carea' id='block_1_82' title="bbox 1870 3848 3432 3918">
    <p class='ocr_par' dir='ltr' id='par_1_82' title="bbox 1870 3848 3432 3918">
     <span class='ocr_line' id='line_1_82' title="bbox 1870 3848 3432 3918; baseline -0.008 -7"><span class='ocrx_word' id='word_1_563' title='bbox 1870 3856 2154 3918; x_wconf 73' lang='lat' dir='ltr'><strong>Armenim,</strong></span> <span class='ocrx_word' id='word_1_564' title='bbox 2192 3870 2379 3909; x_wconf 91' lang='lat' dir='ltr'><strong>eorum</strong></span> <span class='ocrx_word' id='word_1_565' title='bbox 2433 3855 2485 3907; x_wconf 90' lang='lat' dir='ltr'><strong>in</strong></span> <span class='ocrx_word' id='word_1_566' title='bbox 2523 3854 2792 3907; x_wconf 89' lang='lat' dir='ltr'><strong>nonnullis</strong></span> <span class='ocrx_word' id='word_1_567' title='bbox 2831 3853 2991 3908; x_wconf 90' lang='lat' dir='ltr'><strong>rebus</strong></span> <span class='ocrx_word' id='word_1_568' title='bbox 3042 3848 3432 3918; x_wconf 81' lang='lat' dir='ltr'><strong>negligentiam</strong></span> 
     </span>
    </p>
   </div>
   <div class='ocr_carea' id='block_1_83' title="bbox 1873 3941 3431 4017">
    <p class='ocr_par' dir='ltr' id='par_1_83' title="bbox 1873 3941 3431 4017">
     <span class='ocr_line' id='line_1_83' title="bbox 1873 3941 3431 4017; baseline -0.004 -16"><span class='ocrx_word' id='word_1_569' title='bbox 1873 3948 2239 4017; x_wconf 75' lang='lat' dir='ltr'><strong>reprehendit,</strong></span> <span class='ocrx_word' id='word_1_570' title='bbox 2288 3957 2343 4001; x_wconf 91' lang='lat' dir='ltr'><strong>et</strong></span> <span class='ocrx_word' id='word_1_571' title='bbox 2388 3947 2454 4002; x_wconf 90' lang='lat' dir='ltr'><strong>de</strong></span> <span class='ocrx_word' id='word_1_572' title='bbox 2488 3946 2554 4001; x_wconf 90' lang='lat' dir='ltr'><strong>iis</strong></span> <span class='ocrx_word' id='word_1_573' title='bbox 2593 3948 2870 4011; x_wconf 87' lang='lat' dir='ltr'><strong>sanandis,</strong></span> <span class='ocrx_word' id='word_1_574' title='bbox 2910 3959 3028 4015; x_wconf 65' lang='lat' dir='ltr'><strong>qua</strong></span> <span class='ocrx_word' id='word_1_575' title='bbox 3057 3941 3431 3997; x_wconf 74' lang='lat' dir='ltr'><strong>indifferenter</strong></span> 
     </span>
    </p>
   </div>
   <div class='ocr_carea' id='block_1_84' title="bbox 1873 4031 3437 4109">
    <p class='ocr_par' dir='ltr' id='par_1_84' title="bbox 1873 4031 3437 4109">
     <span class='ocr_line' id='line_1_84' title="bbox 1873 4031 3437 4109; baseline -0.006 -15"><span class='ocrx_word' id='word_1_576' title='bbox 1873 4043 1923 4095; x_wconf 93' lang='lat' dir='ltr'><strong>in</strong></span> <span class='ocrx_word' id='word_1_577' title='bbox 1958 4040 2217 4095; x_wconf 84' lang='lat' dir='ltr'><strong>Armenia</strong></span> <span class='ocrx_word' id='word_1_578' title='bbox 2271 4040 2656 4109; x_wconf 86' lang='lat' dir='ltr'><strong>peccabantur,</strong></span> <span class='ocrx_word' id='word_1_579' title='bbox 2714 4038 2927 4106; x_wconf 81' lang='lat' dir='ltr'><strong>regulas</strong></span> <span class='ocrx_word' id='word_1_580' title='bbox 2960 4034 3310 4103; x_wconf 65' lang='lat' dir='ltr'><strong>prescripsit.</strong></span> <span class='ocrx_word' id='word_1_581' title='bbox 3332 4031 3437 4086; x_wconf 84' lang='lat' dir='ltr'><strong>Co-</strong></span> 
     </span>
    </p>
   </div>
   <div class='ocr_carea' id='block_1_85' title="bbox 1870 4122 3433 4204">
    <p class='ocr_par' dir='ltr' id='par_1_85' title="bbox 1870 4122 3433 4204">
     <span class='ocr_line' id='line_1_85' title="bbox 1870 4122 3433 4204; baseline -0.008 -19"><span class='ocrx_word' id='word_1_582' title='bbox 1870 4132 2057 4204; x_wconf 89' lang='lat' dir='ltr'><strong>gnovit</strong></span> <span class='ocrx_word' id='word_1_583' title='bbox 2086 4131 2250 4183; x_wconf 84' lang='lat' dir='ltr'><strong>etiam</strong></span> <span class='ocrx_word' id='word_1_584' title='bbox 2284 4130 2348 4182; x_wconf 90' lang='lat' dir='ltr'><strong>de</strong></span> <span class='ocrx_word' id='word_1_585' title='bbox 2385 4128 2546 4180; x_wconf 88' lang='lat' dir='ltr'><strong>illatis</strong></span> <span class='ocrx_word' id='word_1_586' title='bbox 2578 4125 2779 4195; x_wconf 67' lang='lat' dir='ltr'><strong>Cyr‘llu</strong></span> <span class='ocrx_word' id='word_1_587' title='bbox 2810 4124 3062 4194; x_wconf 75' lang='lat' dir='ltr'><strong>episcopo</strong></span> <span class='ocrx_word' id='word_1_588' title='bbox 3091 4122 3433 4185; x_wconf 87' lang='lat' dir='ltr'><strong>criminibus,</strong></span> 
     </span>
    </p>
   </div>
   <div class='ocr_carea' id='block_1_86' title="bbox 1874 4213 3437 4284">
    <p class='ocr_par' dir='ltr' id='par_1_86' title="bbox 1874 4213 3437 4284">
     <span class='ocr_line' id='line_1_86' title="bbox 1874 4213 3437 4284; baseline -0.008 -7"><span class='ocrx_word' id='word_1_589' title='bbox 1874 4239 1934 4277; x_wconf 92' lang='lat' dir='ltr'><strong>ac</strong></span> <span class='ocrx_word' id='word_1_590' title='bbox 1970 4221 2234 4277; x_wconf 89' lang='lat' dir='ltr'><strong>Satalensi</strong></span> <span class='ocrx_word' id='word_1_591' title='bbox 2270 4218 2522 4272; x_wconf 76' lang='lat' dir='ltr'><strong>Ecclesia:</strong></span> <span class='ocrx_word' id='word_1_592' title='bbox 2562 4218 2878 4284; x_wconf 91' lang='lat' dir='ltr'><strong>episcopum</strong></span> <span class='ocrx_word' id='word_1_593' title='bbox 2933 4215 3097 4268; x_wconf 87' lang='lat' dir='ltr'><strong>dedit.</strong></span> <span class='ocrx_word' id='word_1_594' title='bbox 3160 4213 3437 4267; x_wconf 88' lang='lat' dir='ltr'><strong>luunerito</strong></span> 
     </span>
    </p>
   </div>
   <div class='ocr_carea' id='block_1_87' title="bbox 1870 4304 3438 4382">
    <p class='ocr_par' dir='ltr' id='par_1_87' title="bbox 1870 4304 3438 4382">
     <span class='ocr_line' id='line_1_87' title="bbox 1870 4304 3438 4382; baseline -0.009 -12"><span class='ocrx_word' id='word_1_595' title='bbox 1870 4332 2001 4370; x_wconf 89' lang='lat' dir='ltr'><strong>sane</strong></span> <span class='ocrx_word' id='word_1_596' title='bbox 2042 4313 2303 4382; x_wconf 89' lang='lat' dir='ltr'><strong>ejusmodi</strong></span> <span class='ocrx_word' id='word_1_597' title='bbox 2367 4326 2559 4364; x_wconf 89' lang='lat' dir='ltr'><strong>munus</strong></span> <span class='ocrx_word' id='word_1_598' title='bbox 2606 4308 2803 4362; x_wconf 81' lang='lat' dir='ltr'><strong>Basilio</strong></span> <span class='ocrx_word' id='word_1_599' title='bbox 2847 4306 3198 4359; x_wconf 89' lang='lat' dir='ltr'><strong>commissum</strong></span> <span class='ocrx_word' id='word_1_600' title='bbox 3229 4304 3438 4359; x_wconf 86' lang='lat' dir='ltr'><strong>dicere-</strong></span> 
     </span>
    </p>
   </div>
   <div class='ocr_carea' id='block_1_88' title="bbox 1876 4395 3433 4473">
    <p class='ocr_par' dir='ltr' id='par_1_88' title="bbox 1876 4395 3433 4473">
     <span class='ocr_line' id='line_1_88' title="bbox 1876 4395 3433 4473; baseline -0.009 -11"><span class='ocrx_word' id='word_1_601' title='bbox 1876 4420 1982 4473; x_wconf 92' lang='lat' dir='ltr'><strong>tur,</strong></span> <span class='ocrx_word' id='word_1_602' title='bbox 2017 4423 2123 4461; x_wconf 91' lang='lat' dir='ltr'><strong>non</strong></span> <span class='ocrx_word' id='word_1_603' title='bbox 2174 4412 2233 4458; x_wconf 89' lang='lat' dir='ltr'><strong>ut</strong></span> <span class='ocrx_word' id='word_1_604' title='bbox 2273 4403 2551 4473; x_wconf 87' lang='lat' dir='ltr'><strong>dignitatis</strong></span> <span class='ocrx_word' id='word_1_605' title='bbox 2600 4401 2741 4455; x_wconf 88' lang='lat' dir='ltr'><strong>illius</strong></span> <span class='ocrx_word' id='word_1_606' title='bbox 2771 4409 2824 4455; x_wconf 87' lang='lat' dir='ltr'><strong>et</strong></span> <span class='ocrx_word' id='word_1_607' title='bbox 2862 4396 3255 4468; x_wconf 86' lang='lat' dir='ltr'><strong>jurisdictionis</strong></span> <span class='ocrx_word' id='word_1_608' title='bbox 3294 4395 3433 4449; x_wconf 92' lang='lat' dir='ltr'><strong>ratio</strong></span> 
     </span>
    </p>
   </div>
   <div class='ocr_carea' id='block_1_89' title="bbox 1874 4485 3437 4564">
    <p class='ocr_par' dir='ltr' id='par_1_89' title="bbox 1874 4485 3437 4564">
     <span class='ocr_line' id='line_1_89' title="bbox 1874 4485 3437 4564; baseline -0.01 -10"><span class='ocrx_word' id='word_1_609' title='bbox 1874 4500 2165 4554; x_wconf 87' lang='lat' dir='ltr'><strong>haberetur</strong></span> <span class='ocrx_word' id='word_1_610' title='bbox 2189 4537 2204 4561; x_wconf 93' lang='lat'><strong>,</strong></span> <span class='ocrx_word' id='word_1_611' title='bbox 2261 4497 2353 4551; x_wconf 91' lang='lat' dir='ltr'><strong>sed</strong></span> <span class='ocrx_word' id='word_1_612' title='bbox 2391 4504 2608 4564; x_wconf 77' lang='lat' dir='ltr'><strong>prepter</strong></span> <span class='ocrx_word' id='word_1_613' title='bbox 2639 4492 2947 4547; x_wconf 87' lang='lat' dir='ltr'><strong>sanctitatis</strong></span> <span class='ocrx_word' id='word_1_614' title='bbox 2978 4499 3032 4543; x_wconf 88' lang='lat' dir='ltr'><strong>et</strong></span> <span class='ocrx_word' id='word_1_615' title='bbox 3064 4487 3325 4541; x_wconf 75' lang='lat' dir='ltr'><strong>doctrina:</strong></span> <span class='ocrx_word' id='word_1_616' title='bbox 3354 4485 3437 4539; x_wconf 84' lang='lat' dir='ltr'><strong>fa-</strong></span> 
     </span>
    </p>
   </div>
   <div class='ocr_carea' id='block_1_90' title="bbox 220 4579 3439 4665">
    <p class='ocr_par' dir='ltr' id='par_1_90' title="bbox 220 4579 3439 4665">
     <span class='ocr_line' id='line_1_90' title="bbox 220 4579 3439 4665; baseline -0.003 -24"><span class='ocrx_word' id='word_1_617' title='bbox 220 4591 349 4648; x_wconf 87' lang='lat' dir='ltr'><strong>bant.</strong></span> <span class='ocrx_word' id='word_1_618' title='bbox 420 4595 478 4649; x_wconf 89' lang='lat' dir='ltr'><strong>Si</strong></span> <span class='ocrx_word' id='word_1_619' title='bbox 532 4593 621 4662; x_wconf 90' lang='lat' dir='ltr'><strong>qui</strong></span> <span class='ocrx_word' id='word_1_620' title='bbox 661 4593 928 4646; x_wconf 89' lang='lat' dir='ltr'><strong>interdum</strong></span> <span class='ocrx_word' id='word_1_621' title='bbox 965 4596 1201 4665; x_wconf 89' lang='lat' dir='ltr'><strong>episcopi</strong></span> <span class='ocrx_word' id='word_1_622' title='bbox 1263 4611 1428 4662; x_wconf 80' lang='lat' dir='ltr'><strong>prave</strong></span> <span class='ocrx_word' id='word_1_623' title='bbox 1480 4600 1762 4661; x_wconf 81' lang='lat' dir='ltr'><strong>sentirent,</strong></span> <span class='ocrx_word' id='word_1_624' title='bbox 1803 4604 1846 4661; x_wconf 72' lang='grc' dir='ltr'><strong>ί)</strong></span> <span class='ocrx_word' id='word_1_625' title='bbox 1876 4608 2035 4645; x_wconf 88' lang='lat' dir='ltr'><strong>mam.</strong></span> <span class='ocrx_word' id='word_1_626' title='bbox 2063 4588 2245 4657; x_wconf 82' lang='lat' dir='ltr'><strong>Neque</strong></span> <span class='ocrx_word' id='word_1_627' title='bbox 2279 4590 2420 4641; x_wconf 90' lang='lat' dir='ltr'><strong>enim</strong></span> <span class='ocrx_word' id='word_1_628' title='bbox 2443 4584 2701 4651; x_wconf 88' lang='lat' dir='ltr'><strong>ejusmodi</strong></span> <span class='ocrx_word' id='word_1_629' title='bbox 2726 4584 3030 4638; x_wconf 89' lang='lat' dir='ltr'><strong>nominibus</strong></span> <span class='ocrx_word' id='word_1_630' title='bbox 3054 4579 3315 4633; x_wconf 88' lang='lat' dir='ltr'><strong>devinciri</strong></span> <span class='ocrx_word' id='word_1_631' title='bbox 3347 4592 3439 4630; x_wconf 88' lang='lat' dir='ltr'><strong>so-</strong></span> 
     </span>
    </p>
   </div>
   <div class='ocr_carea' id='block_1_91' title="bbox 220 4687 1759 4758">
    <p class='ocr_par' dir='ltr' id='par_1_91' title="bbox 220 4687 1759 4758">
     <span class='ocr_line' id='line_1_91' title="bbox 220 4687 1759 4758; baseline 0.006 -24"><span class='ocrx_word' id='word_1_632' title='bbox 220 4687 521 4752; x_wconf 85' lang='lat' dir='ltr'><strong>populorum</strong></span> <span class='ocrx_word' id='word_1_633' title='bbox 583 4696 729 4740; x_wconf 88' lang='lat' dir='ltr'><strong>metu</strong></span> <span class='ocrx_word' id='word_1_634' title='bbox 796 4700 1037 4740; x_wconf 79' lang='lat' dir='ltr'><strong>errorem</strong></span> <span class='ocrx_word' id='word_1_635' title='bbox 1097 4702 1348 4758; x_wconf 89' lang='lat' dir='ltr'><strong>premere</strong></span> <span class='ocrx_word' id='word_1_636' title='bbox 1410 4693 1759 4757; x_wconf 81' lang='lat' dir='ltr'><strong>cogebantur.</strong></span> 
     </span>
    </p>
   </div>
   <div class='ocr_carea' id='block_1_92' title="bbox 221 4775 1769 4851">
    <p class='ocr_par' dir='ltr' id='par_1_92' title="bbox 221 4775 1769 4851">
     <span class='ocr_line' id='line_1_92' title="bbox 221 4775 1769 4851; baseline 0.005 -22"><span class='ocrx_word' id='word_1_637' title='bbox 221 4775 456 4831; x_wconf 86' lang='lat' dir='ltr'><strong>Testatur</strong></span> <span class='ocrx_word' id='word_1_638' title='bbox 484 4780 626 4833; x_wconf 89' lang='lat' dir='ltr'><strong>enim</strong></span> <span class='ocrx_word' id='word_1_639' title='bbox 662 4776 951 4846; x_wconf 87' lang='lat' dir='ltr'><strong>Gregorius</strong></span> <span class='ocrx_word' id='word_1_640' title='bbox 979 4780 1347 4833; x_wconf 79' lang='lat' dir='ltr'><strong>Nazianzenus</strong></span> <span class='ocrx_word' id='word_1_641' title='bbox 1376 4779 1452 4851; x_wconf 90' lang='grc' dir='ltr'><strong>(Ιι)</strong></span> <span class='ocrx_word' id='word_1_642' title='bbox 1484 4782 1769 4837; x_wconf 89' lang='lat' dir='ltr'><strong>nonnullos</strong></span> 
     </span>
    </p>
   </div>
   <div class='ocr_carea' id='block_1_93' title="bbox 221 4869 1764 4938">
    <p class='ocr_par' dir='ltr' id='par_1_93' title="bbox 221 4869 1764 4938">
     <span class='ocr_line' id='line_1_93' title="bbox 221 4869 1764 4938; baseline 0 -16"><span class='ocrx_word' id='word_1_643' title='bbox 221 4869 489 4938; x_wconf 86' lang='lat' dir='ltr'><strong>episcopos</strong></span> <span class='ocrx_word' id='word_1_644' title='bbox 521 4885 643 4923; x_wconf 91' lang='lat' dir='ltr'><strong>cum</strong></span> <span class='ocrx_word' id='word_1_645' title='bbox 671 4869 865 4922; x_wconf 87' lang='lat' dir='ltr'><strong>Basilio</strong></span> <span class='ocrx_word' id='word_1_646' title='bbox 895 4869 947 4922; x_wconf 89' lang='lat' dir='ltr'><strong>in</strong></span> <span class='ocrx_word' id='word_1_647' title='bbox 985 4869 1105 4922; x_wconf 82' lang='lat' dir='ltr'><strong>lidei</strong></span> <span class='ocrx_word' id='word_1_648' title='bbox 1138 4871 1351 4938; x_wconf 76' lang='lat' dir='ltr'><strong>negotio</strong></span> <span class='ocrx_word' id='word_1_649' title='bbox 1385 4873 1605 4925; x_wconf 87' lang='lat' dir='ltr'><strong>minimc</strong></span> <span class='ocrx_word' id='word_1_650' title='bbox 1636 4887 1764 4924; x_wconf 80' lang='lat' dir='ltr'><strong>cou-</strong></span> 
     </span>
    </p>
   </div>
   <div class='ocr_carea' id='block_1_94' title="bbox 224 4940 1767 5032">
    <p class='ocr_par' dir='ltr' id='par_1_94' title="bbox 224 4940 1767 5032">
     <span class='ocr_line' id='line_1_94' title="bbox 224 4940 1767 5032; baseline 0.001 -18"><span class='ocrx_word' id='word_1_651' title='bbox 224 4940 465 5023; x_wconf 74' lang='lat' dir='ltr'><strong>sensisse,</strong></span> <span class='ocrx_word' id='word_1_652' title='bbox 497 4962 599 5013; x_wconf 88' lang='lat' dir='ltr'><strong>nisi</strong></span> <span class='ocrx_word' id='word_1_653' title='bbox 629 4972 885 5029; x_wconf 86' lang='lat' dir='ltr'><strong>quantum</strong></span> <span class='ocrx_word' id='word_1_654' title='bbox 912 4974 1003 5014; x_wconf 89' lang='lat' dir='ltr'><strong>eos</strong></span> <span class='ocrx_word' id='word_1_655' title='bbox 1053 4962 1233 5027; x_wconf 85' lang='lat' dir='ltr'><strong>pepuli</strong></span> <span class='ocrx_word' id='word_1_656' title='bbox 1269 4964 1576 5016; x_wconf 88' lang='lat' dir='ltr'><strong>consentire</strong></span> <span class='ocrx_word' id='word_1_657' title='bbox 1607 4978 1767 5032; x_wconf 83' lang='lat' dir='ltr'><strong>coge-</strong></span> 
     </span>
    </p>
   </div>
   <div class='ocr_carea' id='block_1_95' title="bbox 218 5052 1763 5124">
    <p class='ocr_par' dir='ltr' id='par_1_95' title="bbox 218 5052 1763 5124">
     <span class='ocr_line' id='line_1_95' title="bbox 218 5052 1763 5124; baseline 0.001 -19"><span class='ocrx_word' id='word_1_658' title='bbox 218 5053 349 5108; x_wconf 83' lang='lat' dir='ltr'><strong>bant.</strong></span> <span class='ocrx_word' id='word_1_659' title='bbox 399 5053 528 5116; x_wconf 84' lang='lat' dir='ltr'><strong>Sed,</strong></span> <span class='ocrx_word' id='word_1_660' title='bbox 563 5053 607 5105; x_wconf 88' lang='lat' dir='ltr'><strong>si</strong></span> <span class='ocrx_word' id='word_1_661' title='bbox 654 5052 871 5108; x_wconf 81' lang='lat' dir='ltr'><strong>Arianis</strong></span> <span class='ocrx_word' id='word_1_662' title='bbox 900 5055 1078 5107; x_wconf 85' lang='lat' dir='ltr'><strong>aditus</strong></span> <span class='ocrx_word' id='word_1_663' title='bbox 1122 5053 1175 5105; x_wconf 89' lang='lat' dir='ltr'><strong>in</strong></span> <span class='ocrx_word' id='word_1_664' title='bbox 1228 5054 1626 5124; x_wconf 83' lang='lat' dir='ltr'><strong>Cappadociam</strong></span> <span class='ocrx_word' id='word_1_665' title='bbox 1660 5070 1763 5109; x_wconf 90' lang='lat' dir='ltr'><strong>non</strong></span> 
     </span>
    </p>
   </div>
   <div class='ocr_carea' id='block_1_96' title="bbox 218 5145 1764 5214">
    <p class='ocr_par' dir='ltr' id='par_1_96' title="bbox 218 5145 1764 5214">
     <span class='ocr_line' id='line_1_96' title="bbox 218 5145 1764 5214; baseline 0.005 -20"><span class='ocrx_word' id='word_1_666' title='bbox 218 5146 397 5208; x_wconf 86' lang='lat' dir='ltr'><strong>patuit,</strong></span> <span class='ocrx_word' id='word_1_667' title='bbox 433 5145 671 5211; x_wconf 68' lang='lat' dir='ltr'><strong>antiqua:</strong></span> <span class='ocrx_word' id='word_1_668' title='bbox 721 5148 952 5200; x_wconf 75' lang='lat' dir='ltr'><strong>lizcreses</strong></span> <span class='ocrx_word' id='word_1_669' title='bbox 1002 5145 1235 5199; x_wconf 88' lang='lat' dir='ltr'><strong>nondum</strong></span> <span class='ocrx_word' id='word_1_670' title='bbox 1289 5148 1339 5200; x_wconf 91' lang='lat' dir='ltr'><strong>in</strong></span> <span class='ocrx_word' id='word_1_671' title='bbox 1393 5149 1492 5201; x_wconf 89' lang='lat' dir='ltr'><strong>hac</strong></span> <span class='ocrx_word' id='word_1_672' title='bbox 1545 5146 1764 5214; x_wconf 80' lang='lat' dir='ltr'><strong>regione</strong></span> 
     </span>
    </p>
   </div>
   <div class='ocr_carea' id='block_1_97' title="bbox 219 5235 1761 5303">
    <p class='ocr_par' dir='ltr' id='par_1_97' title="bbox 219 5235 1761 5303">
     <span class='ocr_line' id='line_1_97' title="bbox 219 5235 1761 5303; baseline 0.003 -17"><span class='ocrx_word' id='word_1_673' title='bbox 219 5246 358 5289; x_wconf 88' lang='lat' dir='ltr'><strong>erant</strong></span> <span class='ocrx_word' id='word_1_674' title='bbox 384 5237 667 5290; x_wconf 73' lang='lat' dir='ltr'><strong>exstincta:</strong></span> <span class='ocrx_word' id='word_1_675' title='bbox 698 5236 779 5303; x_wconf 84' lang='lat' dir='ltr'><strong>(i).</strong></span> <span class='ocrx_word' id='word_1_676' title='bbox 816 5235 949 5288; x_wconf 84' lang='lat' dir='ltr'><strong>Nam</strong></span> <span class='ocrx_word' id='word_1_677' title='bbox 967 5252 1027 5291; x_wconf 81' lang='lat' dir='ltr'><strong>cx</strong></span> <span class='ocrx_word' id='word_1_678' title='bbox 1052 5236 1443 5290; x_wconf 85' lang='lat' dir='ltr'><strong>Eucratitarum</strong></span> <span class='ocrx_word' id='word_1_679' title='bbox 1462 5246 1605 5291; x_wconf 83' lang='lat' dir='ltr'><strong>secta</strong></span> <span class='ocrx_word' id='word_1_680' title='bbox 1627 5238 1761 5291; x_wconf 88' lang='lat' dir='ltr'><strong>duos</strong></span> 
     </span>
    </p>
   </div>
   <div class='ocr_carea' id='block_1_98' title="bbox 219 5325 1759 5395">
    <p class='ocr_par' dir='ltr' id='par_1_98' title="bbox 219 5325 1759 5395">
     <span class='ocr_line' id='line_1_98' title="bbox 219 5325 1759 5395; baseline 0.004 -20"><span class='ocrx_word' id='word_1_681' title='bbox 219 5328 485 5395; x_wconf 85' lang='lat' dir='ltr'><strong>episcopos</strong></span> <span class='ocrx_word' id='word_1_682' title='bbox 511 5325 741 5380; x_wconf 83' lang='lat' dir='ltr'><strong>Basilius</strong></span> <span class='ocrx_word' id='word_1_683' title='bbox 779 5327 829 5378; x_wconf 90' lang='lat' dir='ltr'><strong>in</strong></span> <span class='ocrx_word' id='word_1_684' title='bbox 891 5326 1179 5381; x_wconf 79' lang='lat' dir='ltr'><strong>Ecclesiam</strong></span> <span class='ocrx_word' id='word_1_685' title='bbox 1230 5328 1515 5380; x_wconf 89' lang='lat' dir='ltr'><strong>redeuntes</strong></span> <span class='ocrx_word' id='word_1_686' title='bbox 1574 5342 1759 5381; x_wconf 89' lang='lat' dir='ltr'><strong>susce-</strong></span> 
     </span>
    </p>
   </div>
   <div class='ocr_carea' id='block_1_99' title="bbox 283 5440 594 5508">
    <p class='ocr_par' dir='ltr' id='par_1_99' title="bbox 283 5440 594 5508">
     <span class='ocr_line' id='line_1_99' title="bbox 283 5440 594 5508; baseline 0.006 -15"><span class='ocrx_word' id='word_1_687' title='bbox 283 5441 353 5505; x_wconf 79' lang='grc' dir='ltr'><strong>(η)</strong></span> <span class='ocrx_word' id='word_1_688' title='bbox 384 5441 480 5508; x_wconf 79' lang='lat' dir='ltr'><strong>Ep.</strong></span> <span class='ocrx_word' id='word_1_689' title='bbox 506 5440 594 5495; x_wconf 71' lang='grc'><strong>48.</strong></span> 
     </span>
    </p>
   </div>
   <div class='ocr_carea' id='block_1_100' title="bbox 284 5508 1656 5583">
    <p class='ocr_par' dir='ltr' id='par_1_100' title="bbox 284 5508 1656 5583">
     <span class='ocr_line' id='line_1_100' title="bbox 284 5508 1656 5583; baseline 0.001 -21"><span class='ocrx_word' id='word_1_690' title='bbox 284 5512 353 5579; x_wconf 70' lang='grc' dir='ltr'><strong>(ιη</strong></span> <span class='ocrx_word' id='word_1_691' title='bbox 382 5512 541 5583; x_wconf 78' lang='lat' dir='ltr'><strong>Basil.</strong></span> <span class='ocrx_word' id='word_1_692' title='bbox 572 5512 717 5583; x_wconf 81' lang='lat' dir='ltr'><strong>hom.</strong></span> <span class='ocrx_word' id='word_1_693' title='bbox 752 5527 806 5563; x_wconf 83' lang='lat' dir='ltr'><strong>tn</strong></span> <span class='ocrx_word' id='word_1_694' title='bbox 838 5508 996 5565; x_wconf 70' lang='grc' dir='ltr'>ϐοτά.</span> <span class='ocrx_word' id='word_1_695' title='bbox 1026 5520 1155 5570; x_wconf 85' lang='lat' dir='ltr'><strong>tom.</strong></span> <span class='ocrx_word' id='word_1_696' title='bbox 1184 5514 1249 5578; x_wconf 89' lang='lat' dir='ltr'><strong>ll,</strong></span> <span class='ocrx_word' id='word_1_697' title='bbox 1275 5532 1325 5583; x_wconf 87' lang='lat' dir='ltr'><strong>p.</strong></span> <span class='ocrx_word' id='word_1_698' title='bbox 1366 5513 1489 5574; x_wconf 64' lang='grc' dir='ltr'><strong>ΗΞ,</strong></span> <span class='ocrx_word' id='word_1_699' title='bbox 1525 5528 1575 5567; x_wconf 90' lang='lat' dir='ltr'><strong>n.</strong></span> <span class='ocrx_word' id='word_1_700' title='bbox 1605 5516 1656 5565; x_wconf 69' lang='lat'><strong>2.</strong></span> 
     </span>
    </p>
   </div>
   <div class='ocr_carea' id='block_1_101' title="bbox 285 5581 748 5650">
    <p class='ocr_par' dir='ltr' id='par_1_101' title="bbox 285 5581 748 5650">
     <span class='ocr_line' id='line_1_101' title="bbox 285 5581 748 5650; baseline 0 -16"><span class='ocrx_word' id='word_1_701' title='bbox 285 5584 352 5649; x_wconf 85' lang='lat' dir='ltr'><strong>(c)</strong></span> <span class='ocrx_word' id='word_1_702' title='bbox 380 5582 508 5638; x_wconf 78' lang='lat' dir='ltr'><strong>Nu.</strong></span> <span class='ocrx_word' id='word_1_703' title='bbox 537 5597 623 5650; x_wconf 81' lang='lat' dir='ltr'><strong>ep.</strong></span> <span class='ocrx_word' id='word_1_704' title='bbox 655 5581 748 5635; x_wconf 72' lang='lat'><strong>22.</strong></span> 
     </span>
    </p>
   </div>
   <div class='ocr_carea' id='block_1_102' title="bbox 288 5652 575 5719">
    <p class='ocr_par' dir='ltr' id='par_1_102' title="bbox 288 5652 575 5719">
     <span class='ocr_line' id='line_1_102' title="bbox 288 5652 575 5719; baseline 0.014 -16"><span class='ocrx_word' id='word_1_705' title='bbox 288 5656 359 5719; x_wconf 74' lang='grc' dir='ltr'><strong>(ά)</strong></span> <span class='ocrx_word' id='word_1_706' title='bbox 384 5652 475 5707; x_wconf 90' lang='lat' dir='ltr'><strong>Or.</strong></span> <span class='ocrx_word' id='word_1_707' title='bbox 509 5652 575 5707; x_wconf 81' lang='lat' dir='ltr'><strong>l9</strong></span> 
     </span>
    </p>
   </div>
   <div class='ocr_carea' id='block_1_103' title="bbox 288 5723 807 5791">
    <p class='ocr_par' dir='ltr' id='par_1_103' title="bbox 288 5723 807 5791">
     <span class='ocr_line' id='line_1_103' title="bbox 288 5723 807 5791; baseline 0.002 -17"><span class='ocrx_word' id='word_1_708' title='bbox 288 5731 354 5782; x_wconf 76' lang='lat' dir='ltr'><strong>(et</strong></span> <span class='ocrx_word' id='word_1_709' title='bbox 384 5724 476 5791; x_wconf 77' lang='lat' dir='ltr'><strong>Ep.</strong></span> <span class='ocrx_word' id='word_1_710' title='bbox 514 5723 640 5781; x_wconf 72' lang='grc' dir='ltr'>ιιι),</span> <span class='ocrx_word' id='word_1_711' title='bbox 671 5738 723 5774; x_wconf 80' lang='grc' dir='ltr'><strong>η.</strong></span> <span class='ocrx_word' id='word_1_712' title='bbox 756 5756 807 5775; x_wconf 67' lang='grc' dir='ltr'>ι.</span> 
     </span>
    </p>
   </div>
   <div class='ocr_carea' id='block_1_104' title="bbox 287 5792 801 5860">
    <p class='ocr_par' dir='ltr' id='par_1_104' title="bbox 287 5792 801 5860">
     <span class='ocr_line' id='line_1_104' title="bbox 287 5792 801 5860; baseline -0.014 -10"><span class='ocrx_word' id='word_1_713' title='bbox 287 5792 351 5860; x_wconf 77' lang='lat' dir='ltr'><strong>(ft</strong></span> <span class='ocrx_word' id='word_1_714' title='bbox 376 5793 472 5860; x_wconf 80' lang='lat' dir='ltr'><strong>Ep.</strong></span> <span class='ocrx_word' id='word_1_715' title='bbox 508 5794 579 5847; x_wconf 72' lang='lat'><strong>65</strong></span> <span class='ocrx_word' id='word_1_716' title='bbox 594 5803 650 5845; x_wconf 92' lang='lat' dir='ltr'><strong>et</strong></span> <span class='ocrx_word' id='word_1_717' title='bbox 676 5792 801 5844; x_wconf 70' lang='lat'><strong>222.</strong></span> 
     </span>
    </p>
   </div>
   <div class='ocr_carea' id='block_1_105' title="bbox 288 5862 793 5932">
    <p class='ocr_par' dir='ltr' id='par_1_105' title="bbox 288 5862 793 5932">
     <span class='ocr_line' id='line_1_105' title="bbox 288 5862 793 5932; baseline -0.006 -16"><span class='ocrx_word' id='word_1_718' title='bbox 288 5866 355 5931; x_wconf 72' lang='lat' dir='ltr'><strong>ty)</strong></span> <span class='ocrx_word' id='word_1_719' title='bbox 382 5863 475 5932; x_wconf 85' lang='lat' dir='ltr'><strong>Ep.</strong></span> <span class='ocrx_word' id='word_1_720' title='bbox 501 5862 632 5924; x_wconf 72' lang='lat'><strong>203.</strong></span> <span class='ocrx_word' id='word_1_721' title='bbox 657 5877 711 5913; x_wconf 85' lang='grc' dir='ltr'>ιι.</span> <span class='ocrx_word' id='word_1_722' title='bbox 744 5862 793 5913; x_wconf 85' lang='grc' dir='ltr'>ι.</span> 
     </span>
    </p>
   </div>
   <div class='ocr_carea' id='block_1_106' title="bbox 1882 4675 3440 4750">
    <p class='ocr_par' dir='ltr' id='par_1_106' title="bbox 1882 4675 3440 4750">
     <span class='ocr_line' id='line_1_106' title="bbox 1882 4675 3440 4750; baseline -0.008 -12"><span class='ocrx_word' id='word_1_723' title='bbox 1882 4684 2025 4738; x_wconf 89' lang='lat' dir='ltr'><strong>lebat</strong></span> <span class='ocrx_word' id='word_1_724' title='bbox 2050 4682 2224 4750; x_wconf 84' lang='lat' dir='ltr'><strong>gratia</strong></span> <span class='ocrx_word' id='word_1_725' title='bbox 2256 4676 2519 4742; x_wconf 77' lang='lat' dir='ltr'><strong>Valentis;</strong></span> <span class='ocrx_word' id='word_1_726' title='bbox 2548 4691 2610 4729; x_wconf 89' lang='lat' dir='ltr'><strong>ac</strong></span> <span class='ocrx_word' id='word_1_727' title='bbox 2637 4689 2895 4744; x_wconf 61' lang='lat' dir='ltr'><strong>praeterea</strong></span> <span class='ocrx_word' id='word_1_728' title='bbox 2928 4675 3327 4728; x_wconf 73' lang='lat' dir='ltr'><strong>detraxissetea</strong></span> <span class='ocrx_word' id='word_1_729' title='bbox 3354 4686 3440 4725; x_wconf 90' lang='lat' dir='ltr'><strong>res</strong></span> 
     </span>
    </p>
   </div>
   <div class='ocr_carea' id='block_1_107' title="bbox 1871 4768 3438 4845">
    <p class='ocr_par' dir='ltr' id='par_1_107' title="bbox 1871 4768 3438 4845">
     <span class='ocr_line' id='line_1_107' title="bbox 1871 4768 3438 4845; baseline -0.01 -12"><span class='ocrx_word' id='word_1_730' title='bbox 1871 4777 2080 4845; x_wconf 88' lang='lat' dir='ltr'><strong>dejure</strong></span> <span class='ocrx_word' id='word_1_731' title='bbox 2124 4772 2415 4837; x_wconf 84' lang='lat' dir='ltr'><strong>Theodoti,</strong></span> <span class='ocrx_word' id='word_1_732' title='bbox 2448 4773 2536 4841; x_wconf 88' lang='lat' dir='ltr'><strong>qui</strong></span> <span class='ocrx_word' id='word_1_733' title='bbox 2565 4771 2877 4840; x_wconf 70' lang='lat' dir='ltr'><strong>prmclaram</strong></span> <span class='ocrx_word' id='word_1_734' title='bbox 2911 4768 3182 4821; x_wconf 80' lang='lat' dir='ltr'><strong>habuisset</strong></span> <span class='ocrx_word' id='word_1_735' title='bbox 3218 4778 3438 4818; x_wconf 90' lang='lat' dir='ltr'><strong>causam</strong></span> 
     </span>
    </p>
   </div>
   <div class='ocr_carea' id='block_1_108' title="bbox 1874 4856 3441 4927">
    <p class='ocr_par' dir='ltr' id='par_1_108' title="bbox 1874 4856 3441 4927">
     <span class='ocr_line' id='line_1_108' title="bbox 1874 4856 3441 4927; baseline -0.011 -4"><span class='ocrx_word' id='word_1_736' title='bbox 1874 4868 2024 4923; x_wconf 87' lang='lat' dir='ltr'><strong>missi</strong></span> <span class='ocrx_word' id='word_1_737' title='bbox 2050 4864 2277 4918; x_wconf 88' lang='lat' dir='ltr'><strong>faciendi</strong></span> <span class='ocrx_word' id='word_1_738' title='bbox 2301 4863 2504 4927; x_wconf 88' lang='lat' dir='ltr'><strong>Basilii,</strong></span> <span class='ocrx_word' id='word_1_739' title='bbox 2531 4878 2632 4915; x_wconf 88' lang='lat' dir='ltr'><strong>nec</strong></span> <span class='ocrx_word' id='word_1_740' title='bbox 2666 4874 2837 4914; x_wconf 89' lang='lat' dir='ltr'><strong>tamen</strong></span> <span class='ocrx_word' id='word_1_741' title='bbox 2870 4857 3028 4910; x_wconf 90' lang='lat' dir='ltr'><strong>aliam</strong></span> <span class='ocrx_word' id='word_1_742' title='bbox 3055 4856 3276 4925; x_wconf 87' lang='lat' dir='ltr'><strong>protulit</strong></span> <span class='ocrx_word' id='word_1_743' title='bbox 3304 4869 3441 4921; x_wconf 66' lang='lat' dir='ltr'><strong>prae-</strong></span> 
     </span>
    </p>
   </div>
   <div class='ocr_carea' id='block_1_109' title="bbox 1878 4946 3441 5019">
    <p class='ocr_par' dir='ltr' id='par_1_109' title="bbox 1878 4946 3441 5019">
     <span class='ocr_line' id='line_1_109' title="bbox 1878 4946 3441 5019; baseline -0.009 -6"><span class='ocrx_word' id='word_1_744' title='bbox 1878 4972 1959 5013; x_wconf 79' lang='lat' dir='ltr'><strong>tcr</strong></span> <span class='ocrx_word' id='word_1_745' title='bbox 2014 4958 2176 5011; x_wconf 83' lang='lat' dir='ltr'><strong>illius</strong></span> <span class='ocrx_word' id='word_1_746' title='bbox 2232 4972 2353 5011; x_wconf 92' lang='lat' dir='ltr'><strong>cum</strong></span> <span class='ocrx_word' id='word_1_747' title='bbox 2410 4955 2690 5008; x_wconf 84' lang='lat' dir='ltr'><strong>Enstatbio</strong></span> <span class='ocrx_word' id='word_1_748' title='bbox 2748 4951 3206 5019; x_wconf 90' lang='lat' dir='ltr'><strong>conjunctionem.</strong></span> <span class='ocrx_word' id='word_1_749' title='bbox 3254 4946 3441 5014; x_wconf 85' lang='lat' dir='ltr'><strong>Neque</strong></span> 
     </span>
    </p>
   </div>
   <div class='ocr_carea' id='block_1_110' title="bbox 1875 5039 3438 5113">
    <p class='ocr_par' dir='ltr' id='par_1_110' title="bbox 1875 5039 3438 5113">
     <span class='ocr_line' id='line_1_110' title="bbox 1875 5039 3438 5113; baseline -0.009 -8"><span class='ocrx_word' id='word_1_750' title='bbox 1875 5052 2039 5106; x_wconf 89' lang='lat' dir='ltr'><strong>etiam</strong></span> <span class='ocrx_word' id='word_1_751' title='bbox 2081 5048 2407 5103; x_wconf 89' lang='lat' dir='ltr'><strong>crediderim</strong></span> <span class='ocrx_word' id='word_1_752' title='bbox 2435 5045 2713 5107; x_wconf 80' lang='lat' dir='ltr'><strong>Basilium,</strong></span> <span class='ocrx_word' id='word_1_753' title='bbox 2744 5060 2849 5113; x_wconf 87' lang='lat' dir='ltr'><strong>qua</strong></span> <span class='ocrx_word' id='word_1_754' title='bbox 2875 5043 3057 5098; x_wconf 89' lang='lat' dir='ltr'><strong>eratin</strong></span> <span class='ocrx_word' id='word_1_755' title='bbox 3080 5039 3438 5094; x_wconf 84' lang='lat' dir='ltr'><strong>observandis</strong></span> 
     </span>
    </p>
   </div>
   <div class='ocr_carea' id='block_1_111' title="bbox 1877 5129 3435 5209">
    <p class='ocr_par' dir='ltr' id='par_1_111' title="bbox 1877 5129 3435 5209">
     <span class='ocr_line' id='line_1_111' title="bbox 1877 5129 3435 5209; baseline -0.01 -11"><span class='ocrx_word' id='word_1_756' title='bbox 1877 5142 2185 5198; x_wconf 89' lang='lat' dir='ltr'><strong>canonibus</strong></span> <span class='ocrx_word' id='word_1_757' title='bbox 2221 5140 2499 5209; x_wconf 89' lang='lat' dir='ltr'><strong>religione,</strong></span> <span class='ocrx_word' id='word_1_758' title='bbox 2549 5138 2777 5192; x_wconf 88' lang='lat' dir='ltr'><strong>libenter</strong></span> <span class='ocrx_word' id='word_1_759' title='bbox 2805 5134 3063 5204; x_wconf 86' lang='lat' dir='ltr'><strong>ejusmodi</strong></span> <span class='ocrx_word' id='word_1_760' title='bbox 3114 5131 3296 5185; x_wconf 90' lang='lat' dir='ltr'><strong>munia</strong></span> <span class='ocrx_word' id='word_1_761' title='bbox 3337 5129 3435 5183; x_wconf 85' lang='lat' dir='ltr'><strong>ob-</strong></span> 
     </span>
    </p>
   </div>
   <div class='ocr_carea' id='block_1_112' title="bbox 1871 5227 3436 5294">
    <p class='ocr_par' dir='ltr' id='par_1_112' title="bbox 1871 5227 3436 5294">
     <span class='ocr_line' id='line_1_112' title="bbox 1871 5227 3436 5294; baseline -0.008 -10"><span class='ocrx_word' id='word_1_762' title='bbox 1871 5234 2068 5284; x_wconf 88' lang='lat' dir='ltr'><strong>iturum</strong></span> <span class='ocrx_word' id='word_1_763' title='bbox 2118 5228 2288 5282; x_wconf 89' lang='lat' dir='ltr'><strong>fuisse</strong></span> <span class='ocrx_word' id='word_1_764' title='bbox 2326 5228 2380 5281; x_wconf 92' lang='lat' dir='ltr'><strong>in</strong></span> <span class='ocrx_word' id='word_1_765' title='bbox 2423 5228 2595 5280; x_wconf 87' lang='lat' dir='ltr'><strong>aliena</strong></span> <span class='ocrx_word' id='word_1_766' title='bbox 2646 5227 2943 5294; x_wconf 89' lang='lat' dir='ltr'><strong>provincia,</strong></span> <span class='ocrx_word' id='word_1_767' title='bbox 2999 5230 3330 5293; x_wconf 88' lang='lat' dir='ltr'><strong>repugnante</strong></span> <span class='ocrx_word' id='word_1_768' title='bbox 3371 5235 3436 5273; x_wconf 89' lang='lat' dir='ltr'><strong>ac</strong></span> 
     </span>
    </p>
   </div>
   <div class='ocr_carea' id='block_1_113' title="bbox 1870 5313 3401 5391">
    <p class='ocr_par' dir='ltr' id='par_1_113' title="bbox 1870 5313 3401 5391">
     <span class='ocr_line' id='line_1_113' title="bbox 1870 5313 3401 5391; baseline -0.005 -15"><span class='ocrx_word' id='word_1_769' title='bbox 1870 5338 2093 5391; x_wconf 87' lang='lat' dir='ltr'><strong>operam</strong></span> <span class='ocrx_word' id='word_1_770' title='bbox 2128 5338 2283 5377; x_wconf 86' lang='lat' dir='ltr'><strong>suam</strong></span> <span class='ocrx_word' id='word_1_771' title='bbox 2317 5321 2613 5391; x_wconf 80' lang='lat' dir='ltr'><strong>denegante</strong></span> <span class='ocrx_word' id='word_1_772' title='bbox 2642 5319 2929 5390; x_wconf 68' lang='lat' dir='ltr'><strong>provinciae</strong></span> <span class='ocrx_word' id='word_1_773' title='bbox 2964 5313 3401 5384; x_wconf 87' lang='lat' dir='ltr'><strong>metropolitano.</strong></span> 
     </span>
    </p>
   </div>
   <div class='ocr_carea' id='block_1_114' title="bbox 1943 5439 2256 5510">
    <p class='ocr_par' dir='ltr' id='par_1_114' title="bbox 1943 5439 2256 5510">
     <span class='ocr_line' id='line_1_114' title="bbox 1943 5439 2256 5510; baseline 0.01 -20"><span class='ocrx_word' id='word_1_774' title='bbox 1943 5442 2014 5510; x_wconf 81' lang='lat' dir='ltr'><strong>(It)</strong></span> <span class='ocrx_word' id='word_1_775' title='bbox 2048 5441 2140 5495; x_wconf 89' lang='lat' dir='ltr'><strong>Or.</strong></span> <span class='ocrx_word' id='word_1_776' title='bbox 2165 5439 2256 5493; x_wconf 70' lang='lat'><strong>20.</strong></span> 
     </span>
    </p>
   </div>
   <div class='ocr_carea' id='block_1_115' title="bbox 1946 5511 2526 5578">
    <p class='ocr_par' dir='ltr' id='par_1_115' title="bbox 1946 5511 2526 5578">
     <span class='ocr_line' id='line_1_115' title="bbox 1946 5511 2526 5578; baseline 0 -17"><span class='ocrx_word' id='word_1_777' title='bbox 1946 5516 2009 5577; x_wconf 70' lang='grc' dir='ltr'><strong>(ί)</strong></span> <span class='ocrx_word' id='word_1_778' title='bbox 2047 5513 2141 5578; x_wconf 83' lang='lat' dir='ltr'><strong>Ep.</strong></span> <span class='ocrx_word' id='word_1_779' title='bbox 2181 5511 2446 5574; x_wconf 67' lang='lat' dir='ltr'><strong>188.com</strong></span> <span class='ocrx_word' id='word_1_780' title='bbox 2480 5513 2526 5562; x_wconf 85' lang='lat' dir='ltr'><strong>l.</strong></span> 
     </span>
    </p>
   </div>
   <div class='ocr_carea' id='block_1_116' title="bbox 1947 5581 2456 5702">
    <p class='ocr_par' dir='ltr' id='par_1_116' title="bbox 1947 5581 2456 5702">
     <span class='ocr_line' id='line_1_116' title="bbox 1947 5581 2456 5649; baseline -0.01 -10"><span class='ocrx_word' id='word_1_781' title='bbox 1947 5582 2009 5649; x_wconf 55' lang='grc' dir='ltr'><strong>(Ι)</strong></span> <span class='ocrx_word' id='word_1_782' title='bbox 2039 5583 2133 5647; x_wconf 75' lang='lat' dir='ltr'><strong>Ep.</strong></span> <span class='ocrx_word' id='word_1_783' title='bbox 2170 5581 2294 5639; x_wconf 71' lang='grc'><strong>258.</strong></span> <span class='ocrx_word' id='word_1_784' title='bbox 2329 5598 2381 5635; x_wconf 85' lang='grc' dir='ltr'>ιι.</span> <span class='ocrx_word' id='word_1_785' title='bbox 2404 5581 2456 5634; x_wconf 67' lang='grc'><strong>4.</strong></span> 
     </span>
     <span class='ocr_line' id='line_1_117' title="bbox 1949 5650 2317 5702; baseline 0 0"><span class='ocrx_word' id='word_1_786' title='bbox 1949 5652 2019 5702; x_wconf 76' lang='grc' dir='ltr'>ιΙι’ὶ</span> <span class='ocrx_word' id='word_1_787' title='bbox 2051 5650 2201 5701; x_wconf 82' lang='grc' dir='ltr'>Ἰὀιιι.</span> <span class='ocrx_word' id='word_1_788' title='bbox 2236 5651 2317 5702; x_wconf 86' lang='grc' dir='ltr'>ιιι.</span> 
     </span>
    </p>
   </div>
   <div class='ocr_carea' id='block_1_117' title="bbox 1949 5658 2317 5786">
    <p class='ocr_par' dir='ltr' id='par_1_117' title="bbox 1949 5658 2317 5786">
     <span class='ocr_line' id='line_1_118' title="bbox 1949 5658 2317 5715; baseline 0 -12"><span class='ocrx_word' id='word_1_789' title='bbox 1949 5658 2019 5715; x_wconf 78' lang='grc' dir='ltr'>ιΙι’)</span> <span class='ocrx_word' id='word_1_790' title='bbox 2051 5658 2201 5701; x_wconf 72' lang='lat' dir='ltr'><strong>&#39;I&#39;om.</strong></span> <span class='ocrx_word' id='word_1_791' title='bbox 2236 5658 2317 5703; x_wconf 89' lang='lat' dir='ltr'><strong>Ill.</strong></span> 
     </span>
     <span class='ocr_line' id='line_1_119' title="bbox 1950 5719 2301 5786; baseline 0 -15"><span class='ocrx_word' id='word_1_792' title='bbox 1950 5724 2012 5783; x_wconf 81' lang='grc' dir='ltr'><strong>(ι)</strong></span> <span class='ocrx_word' id='word_1_793' title='bbox 2052 5719 2147 5786; x_wconf 74' lang='lat' dir='ltr'><strong>Ep.</strong></span> <span class='ocrx_word' id='word_1_794' title='bbox 2182 5720 2301 5772; x_wconf 85' lang='lat' dir='ltr'><strong>tt9.</strong></span> 
     </span>
    </p>
   </div>
   <div class='ocr_carea' id='block_1_118' title="bbox 1955 5789 2302 5855">
    <p class='ocr_par' dir='ltr' id='par_1_118' title="bbox 1955 5789 2302 5855">
     <span class='ocr_line' id='line_1_120' title="bbox 1955 5789 2302 5855; baseline 0.003 -16"><span class='ocrx_word' id='word_1_795' title='bbox 1955 5791 2049 5855; x_wconf 84' lang='lat' dir='ltr'><strong>(ut)</strong></span> <span class='ocrx_word' id='word_1_796' title='bbox 2090 5789 2183 5853; x_wconf 85' lang='lat' dir='ltr'><strong>Ep.</strong></span> <span class='ocrx_word' id='word_1_797' title='bbox 2220 5789 2302 5841; x_wconf 72' lang='lat'><strong>76.</strong></span> 
     </span>
    </p>
   </div>
   <div class='ocr_carea' id='block_1_119' title="bbox 1949 5858 2265 5925">
    <p class='ocr_par' dir='ltr' id='par_1_119' title="bbox 1949 5858 2265 5925">
     <span class='ocr_line' id='line_1_121' title="bbox 1949 5858 2265 5925; baseline 0.003 -17"><span class='ocrx_word' id='word_1_798' title='bbox 1949 5864 2027 5925; x_wconf 62' lang='grc' dir='ltr'><strong>(η)</strong></span> <span class='ocrx_word' id='word_1_799' title='bbox 2058 5858 2152 5924; x_wconf 80' lang='lat' dir='ltr'><strong>Ep.</strong></span> <span class='ocrx_word' id='word_1_800' title='bbox 2177 5858 2265 5909; x_wconf 80' lang='lat'><strong>99.</strong></span> 
     </span>
    </p>
   </div>
  </div>
