  <div class='ocr_page' id='page_1' title='image "/cluster/home/n/w/nwhite01/storage/ocr_20150623/29/uva.x004321530/084.png"; bbox 0 0 4206 6484; ppageno 0'>
   <div class='ocr_carea' id='block_1_1' title="bbox 1504 459 3396 527">
    <p class='ocr_par' dir='ltr' id='par_1_1' title="bbox 1504 459 3396 527">
     <span class='ocr_line' id='line_1_1' title="bbox 1504 459 3396 527; baseline 0.005 -12"><span class='ocrx_word' id='word_1_1' title='bbox 1504 459 1659 516; x_wconf 73' lang='lat' dir='ltr'><strong>VITA</strong></span> <span class='ocrx_word' id='word_1_2' title='bbox 1698 461 1755 515; x_wconf 80' lang='lat' dir='ltr'><strong>S.</strong></span> <span class='ocrx_word' id='word_1_3' title='bbox 1791 460 2055 518; x_wconf 75' lang='lat' dir='ltr'><strong>BASlLu.</strong></span> <span class='ocrx_word' id='word_1_4' title='bbox 3308 484 3396 527; x_wconf 79' lang='grc' dir='ltr'><strong>ιιι</strong></span> 
     </span>
    </p>
   </div>
   <div class='ocr_carea' id='block_1_2' title="bbox 194 564 3400 649">
    <p class='ocr_par' dir='ltr' id='par_1_2' title="bbox 194 564 3400 649">
     <span class='ocr_line' id='line_1_2' title="bbox 194 564 3400 649; baseline 0.005 -32"><span class='ocrx_word' id='word_1_5' title='bbox 194 564 563 619; x_wconf 77' lang='lat' dir='ltr'><strong>Nazianzenum</strong></span> <span class='ocrx_word' id='word_1_6' title='bbox 616 566 955 636; x_wconf 78' lang='lat' dir='ltr'><strong>consoletur,</strong></span> <span class='ocrx_word' id='word_1_7' title='bbox 1001 582 1181 623; x_wconf 85' lang='lat' dir='ltr'><strong>curam</strong></span> <span class='ocrx_word' id='word_1_8' title='bbox 1225 569 1275 625; x_wconf 90' lang='lat' dir='ltr'><strong>el</strong></span> <span class='ocrx_word' id='word_1_9' title='bbox 1323 583 1473 626; x_wconf 88' lang='lat' dir='ltr'><strong>suam</strong></span> <span class='ocrx_word' id='word_1_10' title='bbox 1526 584 1593 627; x_wconf 88' lang='lat' dir='ltr'><strong>ac</strong></span> <span class='ocrx_word' id='word_1_11' title='bbox 1638 571 1736 627; x_wconf 88' lang='lat' dir='ltr'><strong>du-</strong></span> <span class='ocrx_word' id='word_1_12' title='bbox 1763 577 1813 637; x_wconf 72' lang='grc' dir='ltr'>Α</span> <span class='ocrx_word' id='word_1_13' title='bbox 1837 572 2141 639; x_wconf 80' lang='lat' dir='ltr'><strong>obtinuisse,</strong></span> <span class='ocrx_word' id='word_1_14' title='bbox 2170 580 2220 628; x_wconf 88' lang='lat' dir='ltr'><strong>et</strong></span> <span class='ocrx_word' id='word_1_15' title='bbox 2246 588 2350 628; x_wconf 86' lang='lat' dir='ltr'><strong>una</strong></span> <span class='ocrx_word' id='word_1_16' title='bbox 2372 588 2494 628; x_wconf 87' lang='lat' dir='ltr'><strong>cum</strong></span> <span class='ocrx_word' id='word_1_17' title='bbox 2524 572 2618 629; x_wconf 83' lang='lat' dir='ltr'><strong>illo</strong></span> <span class='ocrx_word' id='word_1_18' title='bbox 2640 572 2832 629; x_wconf 84' lang='lat' dir='ltr'><strong>Basilii</strong></span> <span class='ocrx_word' id='word_1_19' title='bbox 2853 576 3071 646; x_wconf 74' lang='lat' dir='ltr'><strong>fratrem</strong></span> <span class='ocrx_word' id='word_1_20' title='bbox 3093 574 3400 649; x_wconf 77' lang='lat' dir='ltr'><strong>Gregorium</strong></span> 
     </span>
    </p>
   </div>
   <div class='ocr_carea' id='block_1_3' title="bbox 194 658 1739 736">
    <p class='ocr_par' dir='ltr' id='par_1_3' title="bbox 194 658 1739 736">
     <span class='ocr_line' id='line_1_3' title="bbox 194 658 1739 736; baseline 0.003 -25"><span class='ocrx_word' id='word_1_21' title='bbox 194 666 320 711; x_wconf 80' lang='lat' dir='ltr'><strong>cnim</strong></span> <span class='ocrx_word' id='word_1_22' title='bbox 359 658 765 725; x_wconf 85' lang='lat' dir='ltr'><strong>promittendo:</strong></span> <span class='ocrx_word' id='word_1_23' title='bbox 800 660 977 731; x_wconf 79' lang='grc' dir='ltr'><strong>Ἦμᾶς</strong></span> <span class='ocrx_word' id='word_1_24' title='bbox 1012 662 1109 732; x_wconf 83' lang='grc' dir='ltr'><strong>μὲν</strong></span> <span class='ocrx_word' id='word_1_25' title='bbox 1136 659 1279 717; x_wconf 72' lang='grc' dir='ltr'><strong>οὕτω</strong></span> <span class='ocrx_word' id='word_1_26' title='bbox 1333 661 1739 736; x_wconf 74' lang='grc' dir='ltr'><strong>παραμυθήσῃο</strong></span> 
     </span>
    </p>
   </div>
   <div class='ocr_carea' id='block_1_4' title="bbox 193 744 1743 823">
    <p class='ocr_par' dir='ltr' id='par_1_4' title="bbox 193 744 1743 823">
     <span class='ocr_line' id='line_1_4' title="bbox 193 744 1743 823; baseline 0.005 -24"><span class='ocrx_word' id='word_1_27' title='bbox 193 745 278 815; x_wconf 73' lang='grc' dir='ltr'><strong>τὴν</strong></span> <span class='ocrx_word' id='word_1_28' title='bbox 301 744 526 816; x_wconf 69' lang='grc' dir='ltr'><strong>ποίμνην</strong></span> <span class='ocrx_word' id='word_1_29' title='bbox 548 746 605 801; x_wconf 79' lang='grc' dir='ltr'><strong>δὲ</strong></span> <span class='ocrx_word' id='word_1_30' title='bbox 638 747 793 817; x_wconf 55' lang='grc' dir='ltr'><strong>πῶς</strong></span> <span class='ocrx_word' id='word_1_31' title='bbox 827 749 1038 822; x_wconf 82' lang='grc' dir='ltr'>πρῶτον</span> <span class='ocrx_word' id='word_1_32' title='bbox 1080 750 1199 823; x_wconf 83' lang='grc' dir='ltr'><strong>μὲν,</strong></span> <span class='ocrx_word' id='word_1_33' title='bbox 1236 750 1334 823; x_wconf 81' lang='grc' dir='ltr'><strong>τὴν</strong></span> <span class='ocrx_word' id='word_1_34' title='bbox 1375 752 1471 823; x_wconf 71' lang='grc' dir='ltr'><strong>σὴν</strong></span> <span class='ocrx_word' id='word_1_35' title='bbox 1510 752 1743 823; x_wconf 52' lang='lat' dir='ltr'><strong>imoqu-</strong></span> 
     </span>
    </p>
   </div>
   <div class='ocr_carea' id='block_1_5' title="bbox 197 836 1742 915">
    <p class='ocr_par' dir='ltr' id='par_1_5' title="bbox 197 836 1742 915">
     <span class='ocr_line' id='line_1_5' title="bbox 197 836 1742 915; baseline 0.006 -26"><span class='ocrx_word' id='word_1_36' title='bbox 197 854 335 909; x_wconf 79' lang='grc' dir='ltr'><strong>μενος</strong></span> <span class='ocrx_word' id='word_1_37' title='bbox 365 840 693 895; x_wconf 76' lang='grc' dir='ltr'><strong>ἐπιστασίαν</strong></span> <span class='ocrx_word' id='word_1_38' title='bbox 728 842 819 897; x_wconf 74' lang='grc' dir='ltr'><strong>καὶ</strong></span> <span class='ocrx_word' id='word_1_39' title='bbox 847 844 1155 915; x_wconf 72' lang='grc' dir='ltr'><strong>ἡγεμονίαν,</strong></span> <span class='ocrx_word' id='word_1_40' title='bbox 1189 836 1250 897; x_wconf 76' lang='grc' dir='ltr'>οὗ</span> <span class='ocrx_word' id='word_1_41' title='bbox 1280 846 1413 900; x_wconf 81' lang='grc' dir='ltr'><strong>πᾶσι</strong></span> <span class='ocrx_word' id='word_1_42' title='bbox 1442 845 1602 902; x_wconf 78' lang='grc' dir='ltr'>καλὸν</span> <span class='ocrx_word' id='word_1_43' title='bbox 1636 845 1742 899; x_wconf 77' lang='grc' dir='ltr'><strong>ὑπὸ</strong></span> 
     </span>
    </p>
   </div>
   <div class='ocr_carea' id='block_1_6' title="bbox 192 929 1742 1008">
    <p class='ocr_par' dir='ltr' id='par_1_6' title="bbox 192 929 1742 1008">
     <span class='ocr_line' id='line_1_6' title="bbox 192 929 1742 1008; baseline 0.005 -25"><span class='ocrx_word' id='word_1_44' title='bbox 192 931 277 994; x_wconf 67' lang='grc' dir='ltr'><strong>τὰς</strong></span> <span class='ocrx_word' id='word_1_45' title='bbox 302 931 571 1001; x_wconf 81' lang='grc' dir='ltr'><strong>πτέρυγας</strong></span> <span class='ocrx_word' id='word_1_46' title='bbox 625 934 1024 997; x_wconf 69' lang='grc' dir='ltr'><strong>ἀναπαύεσθαι.</strong></span> <span class='ocrx_word' id='word_1_47' title='bbox 1074 937 1168 991; x_wconf 73' lang='grc' dir='ltr'><strong>καὶ</strong></span> <span class='ocrx_word' id='word_1_48' title='bbox 1215 929 1276 990; x_wconf 74' lang='grc' dir='ltr'><strong>οὗ</strong></span> <span class='ocrx_word' id='word_1_49' title='bbox 1335 936 1579 1008; x_wconf 72' lang='grc' dir='ltr'>διψῶμεν</span> <span class='ocrx_word' id='word_1_50' title='bbox 1641 940 1742 1008; x_wconf 74' lang='grc' dir='ltr'><strong>τῆς</strong></span> 
     </span>
    </p>
   </div>
   <div class='ocr_carea' id='block_1_7' title="bbox 194 1025 1740 1102">
    <p class='ocr_par' dir='ltr' id='par_1_7' title="bbox 194 1025 1740 1102">
     <span class='ocr_line' id='line_1_7' title="bbox 194 1025 1740 1102; baseline -0.006 -9"><span class='ocrx_word' id='word_1_51' title='bbox 194 1025 354 1093; x_wconf 64' lang='grc' dir='ltr'>φωνῆς</span> <span class='ocrx_word' id='word_1_52' title='bbox 382 1025 603 1095; x_wconf 64' lang='grc' dir='ltr'>μᾶλλον,</span> <span class='ocrx_word' id='word_1_53' title='bbox 635 1028 672 1101; x_wconf 73' lang='grc' dir='ltr'>ἢ</span> <span class='ocrx_word' id='word_1_54' title='bbox 708 1030 885 1099; x_wconf 84' lang='grc' dir='ltr'><strong>πηγῆς</strong></span> <span class='ocrx_word' id='word_1_55' title='bbox 915 1028 1014 1100; x_wconf 79' lang='grc' dir='ltr'><strong>τῆς</strong></span> <span class='ocrx_word' id='word_1_56' title='bbox 1058 1029 1468 1102; x_wconf 76' lang='grc' dir='ltr'><strong>καθαρωτάτης,</strong></span> <span class='ocrx_word' id='word_1_57' title='bbox 1520 1031 1569 1083; x_wconf 80' lang='grc' dir='ltr'><strong>οἱ</strong></span> <span class='ocrx_word' id='word_1_58' title='bbox 1596 1030 1740 1102; x_wconf 74' lang='grc' dir='ltr'>δίψει</span> 
     </span>
    </p>
   </div>
   <div class='ocr_carea' id='block_1_8' title="bbox 192 1119 1740 1193">
    <p class='ocr_par' dir='ltr' id='par_1_8' title="bbox 192 1119 1740 1193">
     <span class='ocr_line' id='line_1_8' title="bbox 192 1119 1740 1193; baseline 0.003 -20"><span class='ocrx_word' id='word_1_59' title='bbox 192 1119 488 1189; x_wconf 77' lang='grc' dir='ltr'><strong>κάμνοντες.</strong></span> <span class='ocrx_word' id='word_1_60' title='bbox 516 1121 593 1176; x_wconf 81' lang='lat' dir='ltr'><strong>Ac</strong></span> <span class='ocrx_word' id='word_1_61' title='bbox 627 1140 725 1178; x_wconf 87' lang='lat' dir='ltr'><strong>nos</strong></span> <span class='ocrx_word' id='word_1_62' title='bbox 761 1124 969 1193; x_wconf 85' lang='lat' dir='ltr'><strong>quidem</strong></span> <span class='ocrx_word' id='word_1_63' title='bbox 1011 1125 1080 1178; x_wconf 78' lang='lat' dir='ltr'><strong>ad</strong></span> <span class='ocrx_word' id='word_1_64' title='bbox 1103 1125 1240 1178; x_wconf 80' lang='lat' dir='ltr'><strong>hunc</strong></span> <span class='ocrx_word' id='word_1_65' title='bbox 1264 1124 1474 1178; x_wconf 83' lang='lat' dir='ltr'><strong>modum</strong></span> <span class='ocrx_word' id='word_1_66' title='bbox 1494 1122 1740 1178; x_wconf 85' lang='lat' dir='ltr'><strong>consola-</strong></span> 
     </span>
    </p>
   </div>
   <div class='ocr_carea' id='block_1_9' title="bbox 192 1210 1740 1285">
    <p class='ocr_par' dir='ltr' id='par_1_9' title="bbox 192 1210 1740 1285">
     <span class='ocr_line' id='line_1_9' title="bbox 192 1210 1740 1285; baseline 0.005 -25"><span class='ocrx_word' id='word_1_67' title='bbox 192 1210 350 1265; x_wconf 77' lang='lat' dir='ltr'><strong>beris:</strong></span> <span class='ocrx_word' id='word_1_68' title='bbox 390 1228 625 1282; x_wconf 82' lang='lat' dir='ltr'><strong>quonam</strong></span> <span class='ocrx_word' id='word_1_69' title='bbox 666 1222 843 1268; x_wconf 74' lang='lat' dir='ltr'><strong>autem</strong></span> <span class='ocrx_word' id='word_1_70' title='bbox 900 1222 1054 1282; x_wconf 90' lang='lat' dir='ltr'><strong>pacto</strong></span> <span class='ocrx_word' id='word_1_71' title='bbox 1108 1230 1311 1285; x_wconf 85' lang='lat' dir='ltr'><strong>gregem</strong></span> <span class='ocrx_word' id='word_1_72' title='bbox 1335 1216 1361 1270; x_wconf 76' lang='grc'><strong><em>7</em></strong></span> <span class='ocrx_word' id='word_1_73' title='bbox 1413 1213 1655 1268; x_wconf 88' lang='lat' dir='ltr'><strong>Primum</strong></span> <span class='ocrx_word' id='word_1_74' title='bbox 1694 1216 1740 1269; x_wconf 81' lang='lat' dir='ltr'><strong>si</strong></span> 
     </span>
    </p>
   </div>
   <div class='ocr_carea' id='block_1_10' title="bbox 190 1304 1738 1374">
    <p class='ocr_par' dir='ltr' id='par_1_10' title="bbox 190 1304 1738 1374">
     <span class='ocr_line' id='line_1_10' title="bbox 190 1304 1738 1374; baseline 0.005 -21"><span class='ocrx_word' id='word_1_75' title='bbox 190 1316 352 1355; x_wconf 80' lang='lat' dir='ltr'><strong>curam</strong></span> <span class='ocrx_word' id='word_1_76' title='bbox 388 1313 533 1356; x_wconf 84' lang='lat' dir='ltr'><strong>tuam</strong></span> <span class='ocrx_word' id='word_1_77' title='bbox 586 1313 637 1357; x_wconf 87' lang='lat' dir='ltr'><strong>et</strong></span> <span class='ocrx_word' id='word_1_78' title='bbox 680 1304 891 1356; x_wconf 83' lang='lat' dir='ltr'><strong>ductum</strong></span> <span class='ocrx_word' id='word_1_79' title='bbox 934 1306 1224 1373; x_wconf 69' lang='lat' dir='ltr'><strong>tuum‘thoc</strong></span> <span class='ocrx_word' id='word_1_80' title='bbox 1256 1314 1334 1359; x_wconf 85' lang='lat' dir='ltr'><strong>est</strong></span> <span class='ocrx_word' id='word_1_81' title='bbox 1359 1304 1471 1374; x_wconf 84' lang='lat' dir='ltr'><strong>ejus</strong></span> <span class='ocrx_word' id='word_1_82' title='bbox 1493 1306 1612 1373; x_wconf 77' lang='lat' dir='ltr'><strong>uiri,</strong></span> <span class='ocrx_word' id='word_1_83' title='bbox 1643 1306 1738 1360; x_wconf 80' lang='lat' dir='ltr'><strong>sub</strong></span> 
     </span>
    </p>
   </div>
   <div class='ocr_carea' id='block_1_11' title="bbox 190 1392 1740 1466">
    <p class='ocr_par' dir='ltr' id='par_1_11' title="bbox 190 1392 1740 1466">
     <span class='ocr_line' id='line_1_11' title="bbox 190 1392 1740 1466; baseline 0.006 -24"><span class='ocrx_word' id='word_1_84' title='bbox 190 1392 323 1457; x_wconf 76' lang='lat' dir='ltr'><strong>cujus</strong></span> <span class='ocrx_word' id='word_1_85' title='bbox 348 1394 527 1458; x_wconf 88' lang='lat' dir='ltr'><strong>pennis</strong></span> <span class='ocrx_word' id='word_1_86' title='bbox 561 1394 887 1463; x_wconf 72' lang='lat' dir='ltr'><strong>requiescere</strong></span> <span class='ocrx_word' id='word_1_87' title='bbox 926 1397 1160 1448; x_wconf 85' lang='lat' dir='ltr'><strong>omnibus</strong></span> <span class='ocrx_word' id='word_1_88' title='bbox 1194 1394 1471 1463; x_wconf 81' lang='lat' dir='ltr'><strong>pulchrum</strong></span> <span class='ocrx_word' id='word_1_89' title='bbox 1511 1412 1575 1449; x_wconf 85' lang='lat' dir='ltr'><strong>ac</strong></span> <span class='ocrx_word' id='word_1_90' title='bbox 1603 1413 1740 1466; x_wconf 70' lang='lat' dir='ltr'><strong>prat-</strong></span> 
     </span>
    </p>
   </div>
   <div class='ocr_carea' id='block_1_12' title="bbox 190 1483 1738 1559">
    <p class='ocr_par' dir='ltr' id='par_1_12' title="bbox 190 1483 1738 1559">
     <span class='ocr_line' id='line_1_12' title="bbox 190 1483 1738 1559; baseline 0.005 -24"><span class='ocrx_word' id='word_1_91' title='bbox 190 1483 371 1535; x_wconf 83' lang='lat' dir='ltr'><strong>clarum</strong></span> <span class='ocrx_word' id='word_1_92' title='bbox 403 1493 499 1546; x_wconf 85' lang='lat' dir='ltr'><strong>est,</strong></span> <span class='ocrx_word' id='word_1_93' title='bbox 530 1494 579 1537; x_wconf 83' lang='lat' dir='ltr'><strong>et</strong></span> <span class='ocrx_word' id='word_1_94' title='bbox 604 1486 762 1553; x_wconf 77' lang='lat' dir='ltr'><strong>cujus</strong></span> <span class='ocrx_word' id='word_1_95' title='bbox 796 1502 966 1541; x_wconf 77' lang='lat' dir='ltr'><strong>uocem</strong></span> <span class='ocrx_word' id='word_1_96' title='bbox 997 1490 1163 1556; x_wconf 82' lang='lat' dir='ltr'><strong>magis</strong></span> <span class='ocrx_word' id='word_1_97' title='bbox 1190 1488 1421 1558; x_wconf 75' lang='lat' dir='ltr'><strong>sitimus,</strong></span> <span class='ocrx_word' id='word_1_98' title='bbox 1460 1505 1617 1559; x_wconf 85' lang='lat' dir='ltr'><strong>quam</strong></span> <span class='ocrx_word' id='word_1_99' title='bbox 1639 1506 1738 1559; x_wconf 88' lang='lat' dir='ltr'><strong>pu-</strong></span> 
     </span>
    </p>
   </div>
   <div class='ocr_carea' id='block_1_13' title="bbox 192 1572 1739 1647">
    <p class='ocr_par' dir='ltr' id='par_1_13' title="bbox 192 1572 1739 1647">
     <span class='ocr_line' id='line_1_13' title="bbox 192 1572 1739 1647; baseline 0.005 -24"><span class='ocrx_word' id='word_1_100' title='bbox 192 1573 404 1625; x_wconf 83' lang='lat' dir='ltr'><strong>rissimos</strong></span> <span class='ocrx_word' id='word_1_101' title='bbox 443 1572 641 1642; x_wconf 71' lang='lat' dir='ltr'><strong>fontes,</strong></span> <span class='ocrx_word' id='word_1_102' title='bbox 663 1576 723 1639; x_wconf 87' lang='lat' dir='ltr'><strong>ii,</strong></span> <span class='ocrx_word' id='word_1_103' title='bbox 755 1577 845 1645; x_wconf 87' lang='lat' dir='ltr'><strong>qui</strong></span> <span class='ocrx_word' id='word_1_104' title='bbox 883 1577 971 1630; x_wconf 82' lang='lat' dir='ltr'><strong>siti</strong></span> <span class='ocrx_word' id='word_1_105' title='bbox 996 1574 1261 1646; x_wconf 84' lang='lat' dir='ltr'><strong>laborant)</strong></span> <span class='ocrx_word' id='word_1_106' title='bbox 1294 1593 1397 1630; x_wconf 83' lang='lat' dir='ltr'><strong>non</strong></span> <span class='ocrx_word' id='word_1_107' title='bbox 1435 1577 1739 1647; x_wconf 77' lang='lat' dir='ltr'><strong>defuturum</strong></span> 
     </span>
    </p>
   </div>
   <div class='ocr_carea' id='block_1_14' title="bbox 189 1662 1739 1735">
    <p class='ocr_par' dir='ltr' id='par_1_14' title="bbox 189 1662 1739 1735">
     <span class='ocr_line' id='line_1_14' title="bbox 189 1662 1739 1735; baseline 0.003 -19"><span class='ocrx_word' id='word_1_108' title='bbox 189 1662 486 1732; x_wconf 80' lang='lat' dir='ltr'><strong>pollicearis.</strong></span> <span class='ocrx_word' id='word_1_109' title='bbox 538 1663 807 1722; x_wconf 82' lang='lat' dir='ltr'><strong>Redeunti</strong></span> <span class='ocrx_word' id='word_1_110' title='bbox 847 1682 876 1721; x_wconf 91' lang='lat' dir='ltr'><strong><em>e</em></strong></span> <span class='ocrx_word' id='word_1_111' title='bbox 923 1666 1090 1721; x_wconf 82' lang='lat' dir='ltr'><strong>Ponto</strong></span> <span class='ocrx_word' id='word_1_112' title='bbox 1126 1682 1268 1721; x_wconf 88' lang='lat' dir='ltr'><strong>anno</strong></span> <span class='ocrx_word' id='word_1_113' title='bbox 1296 1667 1422 1735; x_wconf 77' lang='lat'><strong>375,</strong></span> <span class='ocrx_word' id='word_1_114' title='bbox 1452 1682 1573 1723; x_wconf 92' lang='lat' dir='ltr'><strong>cum</strong></span> <span class='ocrx_word' id='word_1_115' title='bbox 1602 1683 1739 1721; x_wconf 89' lang='lat' dir='ltr'><strong>nun-</strong></span> 
     </span>
    </p>
   </div>
   <div class='ocr_carea' id='block_1_15' title="bbox 190 1754 1736 1825">
    <p class='ocr_par' dir='ltr' id='par_1_15' title="bbox 190 1754 1736 1825">
     <span class='ocr_line' id='line_1_15' title="bbox 190 1754 1736 1825; baseline 0.004 -20"><span class='ocrx_word' id='word_1_116' title='bbox 190 1754 305 1805; x_wconf 81' lang='lat' dir='ltr'><strong>tiala</strong></span> <span class='ocrx_word' id='word_1_117' title='bbox 342 1762 484 1809; x_wconf 85' lang='lat' dir='ltr'><strong>esset</strong></span> <span class='ocrx_word' id='word_1_118' title='bbox 513 1757 799 1825; x_wconf 88' lang='lat' dir='ltr'><strong>repentina</strong></span> <span class='ocrx_word' id='word_1_119' title='bbox 824 1756 1068 1825; x_wconf 76' lang='lat' dir='ltr'><strong>Gregorii</strong></span> <span class='ocrx_word' id='word_1_120' title='bbox 1119 1757 1382 1813; x_wconf 80' lang='lat' dir='ltr'><strong>discessio</strong></span> <span class='ocrx_word' id='word_1_121' title='bbox 1403 1800 1418 1825; x_wconf 94' lang='lat'><strong>,</strong></span> <span class='ocrx_word' id='word_1_122' title='bbox 1445 1759 1657 1812; x_wconf 81' lang='lat' dir='ltr'><strong>videtur</strong></span> <span class='ocrx_word' id='word_1_123' title='bbox 1685 1758 1736 1812; x_wconf 90' lang='lat' dir='ltr'><strong>id</strong></span> 
     </span>
    </p>
   </div>
   <div class='ocr_carea' id='block_1_16' title="bbox 194 1844 1734 1919">
    <p class='ocr_par' dir='ltr' id='par_1_16' title="bbox 194 1844 1734 1919">
     <span class='ocr_line' id='line_1_16' title="bbox 194 1844 1734 1919; baseline 0.003 -22"><span class='ocrx_word' id='word_1_124' title='bbox 194 1844 398 1899; x_wconf 71' lang='lat' dir='ltr'><strong>moleste</strong></span> <span class='ocrx_word' id='word_1_125' title='bbox 426 1846 618 1903; x_wconf 86' lang='lat' dir='ltr'><strong>tulisse</strong></span> <span class='ocrx_word' id='word_1_126' title='bbox 641 1888 659 1913; x_wconf 89' lang='lat'><strong>,</strong></span> <span class='ocrx_word' id='word_1_127' title='bbox 686 1863 847 1916; x_wconf 88' lang='lat' dir='ltr'><strong><em>seque</em></strong></span> <span class='ocrx_word' id='word_1_128' title='bbox 868 1887 883 1911; x_wconf 91' lang='lat'><strong>,</strong></span> <span class='ocrx_word' id='word_1_129' title='bbox 910 1847 979 1901; x_wconf 93' lang='lat' dir='ltr'><strong>ob</strong></span> <span class='ocrx_word' id='word_1_130' title='bbox 1018 1847 1162 1902; x_wconf 91' lang='lat' dir='ltr'><strong>hunc</strong></span> <span class='ocrx_word' id='word_1_131' title='bbox 1211 1849 1542 1919; x_wconf 89' lang='lat' dir='ltr'><strong>inopinatum</strong></span> <span class='ocrx_word' id='word_1_132' title='bbox 1572 1862 1734 1903; x_wconf 85' lang='lat' dir='ltr'><strong>even-</strong></span> 
     </span>
    </p>
   </div>
   <div class='ocr_carea' id='block_1_17' title="bbox 1841 660 3401 737">
    <p class='ocr_par' dir='ltr' id='par_1_17' title="bbox 1841 660 3401 737">
     <span class='ocr_line' id='line_1_17' title="bbox 1841 660 3401 737; baseline 0.006 -21"><span class='ocrx_word' id='word_1_133' title='bbox 1841 662 2139 732; x_wconf 78' lang='lat' dir='ltr'><strong>episcopum</strong></span> <span class='ocrx_word' id='word_1_134' title='bbox 2188 660 2415 734; x_wconf 69' lang='lat' dir='ltr'><strong>Nysam,</strong></span> <span class='ocrx_word' id='word_1_135' title='bbox 2453 672 2503 720; x_wconf 84' lang='lat' dir='ltr'><strong>et</strong></span> <span class='ocrx_word' id='word_1_136' title='bbox 2547 663 2785 719; x_wconf 88' lang='lat' dir='ltr'><strong>Otreium</strong></span> <span class='ocrx_word' id='word_1_137' title='bbox 2812 668 3109 737; x_wconf 84' lang='lat' dir='ltr'><strong>episcopum</strong></span> <span class='ocrx_word' id='word_1_138' title='bbox 3149 667 3401 726; x_wconf 69' lang='lat' dir='ltr'><strong>Helitinc</strong></span> 
     </span>
    </p>
   </div>
   <div class='ocr_carea' id='block_1_18' title="bbox 1841 754 2335 821">
    <p class='ocr_par' dir='ltr' id='par_1_18' title="bbox 1841 754 2335 821">
     <span class='ocr_line' id='line_1_18' title="bbox 1841 754 2335 821; baseline 0.002 -13"><span class='ocrx_word' id='word_1_139' title='bbox 1841 755 1896 808; x_wconf 89' lang='lat' dir='ltr'><strong>in</strong></span> <span class='ocrx_word' id='word_1_140' title='bbox 1920 754 2191 821; x_wconf 80' lang='lat' dir='ltr'><strong>Armenia,</strong></span> <span class='ocrx_word' id='word_1_141' title='bbox 2228 766 2335 810; x_wconf 92' lang='lat' dir='ltr'><strong>etc.</strong></span> 
     </span>
    </p>
   </div>
   <div class='ocr_carea' id='block_1_19' title="bbox 1912 842 3401 915">
    <p class='ocr_par' dir='ltr' id='par_1_19' title="bbox 1912 842 3401 915">
     <span class='ocr_line' id='line_1_19' title="bbox 1912 842 3401 915; baseline 0.003 -15"><span class='ocrx_word' id='word_1_142' title='bbox 1912 842 2017 900; x_wconf 85' lang='lat' dir='ltr'><strong>Sed</strong></span> <span class='ocrx_word' id='word_1_143' title='bbox 2059 845 2175 900; x_wconf 79' lang='lat' dir='ltr'><strong>haec</strong></span> <span class='ocrx_word' id='word_1_144' title='bbox 2206 846 2338 901; x_wconf 92' lang='lat' dir='ltr'><strong>tanti</strong></span> <span class='ocrx_word' id='word_1_145' title='bbox 2372 860 2493 902; x_wconf 86' lang='lat' dir='ltr'><strong>esse</strong></span> <span class='ocrx_word' id='word_1_146' title='bbox 2534 860 2641 901; x_wconf 92' lang='lat' dir='ltr'><strong>non</strong></span> <span class='ocrx_word' id='word_1_147' title='bbox 2680 846 2911 915; x_wconf 88' lang='lat' dir='ltr'><strong>debent,</strong></span> <span class='ocrx_word' id='word_1_148' title='bbox 2946 856 3005 903; x_wconf 90' lang='lat' dir='ltr'><strong>ut</strong></span> <span class='ocrx_word' id='word_1_149' title='bbox 3036 846 3104 904; x_wconf 83' lang='lat' dir='ltr'><strong>de</strong></span> <span class='ocrx_word' id='word_1_150' title='bbox 3132 850 3401 905; x_wconf 75' lang='lat' dir='ltr'><strong>rationum</strong></span> 
     </span>
    </p>
   </div>
   <div class='ocr_carea' id='block_1_20' title="bbox 1845 934 3401 1006">
    <p class='ocr_par' dir='ltr' id='par_1_20' title="bbox 1845 934 3401 1006">
     <span class='ocr_line' id='line_1_20' title="bbox 1845 934 3401 1006; baseline 0.004 -17"><span class='ocrx_word' id='word_1_151' title='bbox 1845 934 2152 1000; x_wconf 87' lang='lat' dir='ltr'><strong>momentis,</strong></span> <span class='ocrx_word' id='word_1_152' title='bbox 2186 949 2321 1004; x_wconf 90' lang='lat' dir='ltr'><strong>quas</strong></span> <span class='ocrx_word' id='word_1_153' title='bbox 2351 937 2419 991; x_wconf 88' lang='lat' dir='ltr'><strong>ad</strong></span> <span class='ocrx_word' id='word_1_154' title='bbox 2457 935 2888 1006; x_wconf 86' lang='lat' dir='ltr'><strong>jurisdictionem</strong></span> <span class='ocrx_word' id='word_1_155' title='bbox 2922 937 3179 995; x_wconf 79' lang='lat' dir='ltr'><strong>Ecclesia:</strong></span> <span class='ocrx_word' id='word_1_156' title='bbox 3217 939 3401 995; x_wconf 68' lang='lat' dir='ltr'><strong>Casa-</strong></span> 
     </span>
    </p>
   </div>
   <div class='ocr_carea' id='block_1_21' title="bbox 1841 1025 3403 1096">
    <p class='ocr_par' dir='ltr' id='par_1_21' title="bbox 1841 1025 3403 1096">
     <span class='ocr_line' id='line_1_21' title="bbox 1841 1025 3403 1096; baseline 0.003 -16"><span class='ocrx_word' id='word_1_157' title='bbox 1841 1025 2035 1080; x_wconf 84' lang='lat' dir='ltr'><strong>riensis</strong></span> <span class='ocrx_word' id='word_1_158' title='bbox 2073 1025 2369 1091; x_wconf 91' lang='lat' dir='ltr'><strong>attulimus,</strong></span> <span class='ocrx_word' id='word_1_159' title='bbox 2418 1027 2710 1096; x_wconf 84' lang='lat' dir='ltr'><strong>quidquam</strong></span> <span class='ocrx_word' id='word_1_160' title='bbox 2752 1027 3053 1083; x_wconf 78' lang='lat' dir='ltr'><strong>detrahant.</strong></span> <span class='ocrx_word' id='word_1_161' title='bbox 3090 1028 3144 1082; x_wconf 76' lang='grc' dir='ltr'><strong>1ο</strong></span> <span class='ocrx_word' id='word_1_162' title='bbox 3186 1028 3403 1087; x_wconf 80' lang='lat' dir='ltr'><strong>Minime</strong></span> 
     </span>
    </p>
   </div>
   <div class='ocr_carea' id='block_1_22' title="bbox 1840 1117 3403 1190">
    <p class='ocr_par' dir='ltr' id='par_1_22' title="bbox 1840 1117 3403 1190">
     <span class='ocr_line' id='line_1_22' title="bbox 1840 1117 3403 1190; baseline 0.004 -19"><span class='ocrx_word' id='word_1_163' title='bbox 1840 1117 2058 1182; x_wconf 90' lang='lat' dir='ltr'><strong>mirum,</strong></span> <span class='ocrx_word' id='word_1_164' title='bbox 2116 1118 2161 1173; x_wconf 90' lang='lat' dir='ltr'><strong>si</strong></span> <span class='ocrx_word' id='word_1_165' title='bbox 2211 1119 2448 1187; x_wconf 83' lang='lat' dir='ltr'><strong>synodus</strong></span> <span class='ocrx_word' id='word_1_166' title='bbox 2492 1119 3088 1190; x_wconf 87' lang='lat' dir='ltr'><strong>Constantinopolitana</strong></span> <span class='ocrx_word' id='word_1_167' title='bbox 3136 1123 3307 1177; x_wconf 79' lang='lat' dir='ltr'><strong>sancit</strong></span> <span class='ocrx_word' id='word_1_168' title='bbox 3342 1131 3403 1177; x_wconf 88' lang='lat' dir='ltr'><strong>ut</strong></span> 
     </span>
    </p>
   </div>
   <div class='ocr_carea' id='block_1_23' title="bbox 1840 1208 3404 1284">
    <p class='ocr_par' dir='ltr' id='par_1_23' title="bbox 1840 1208 3404 1284">
     <span class='ocr_line' id='line_1_23' title="bbox 1840 1208 3404 1284; baseline 0.003 -20"><span class='ocrx_word' id='word_1_169' title='bbox 1840 1208 2129 1281; x_wconf 64' lang='lat' dir='ltr'><strong>Egyptum</strong></span> <span class='ocrx_word' id='word_1_170' title='bbox 2162 1215 2447 1279; x_wconf 89' lang='lat' dir='ltr'><strong>episcopus</strong></span> <span class='ocrx_word' id='word_1_171' title='bbox 2468 1211 2864 1266; x_wconf 78' lang='lat' dir='ltr'><strong>Alexandrinus</strong></span> <span class='ocrx_word' id='word_1_172' title='bbox 2892 1223 3063 1281; x_wconf 90' lang='lat' dir='ltr'><strong>regat,</strong></span> <span class='ocrx_word' id='word_1_173' title='bbox 3100 1214 3404 1284; x_wconf 57' lang='lat' dir='ltr'><strong>dexpisco-</strong></span> 
     </span>
    </p>
   </div>
   <div class='ocr_carea' id='block_1_24' title="bbox 1839 1301 3402 1372">
    <p class='ocr_par' dir='ltr' id='par_1_24' title="bbox 1839 1301 3402 1372">
     <span class='ocr_line' id='line_1_24' title="bbox 1839 1301 3402 1372; baseline 0.004 -17"><span class='ocrx_word' id='word_1_174' title='bbox 1839 1302 1922 1369; x_wconf 89' lang='lat' dir='ltr'><strong>pis</strong></span> <span class='ocrx_word' id='word_1_175' title='bbox 1952 1310 2129 1355; x_wconf 88' lang='lat' dir='ltr'><strong>autem</strong></span> <span class='ocrx_word' id='word_1_176' title='bbox 2182 1301 2466 1372; x_wconf 80' lang='lat' dir='ltr'><strong>Ephesinis</strong></span> <span class='ocrx_word' id='word_1_177' title='bbox 2506 1314 2561 1359; x_wconf 94' lang='lat' dir='ltr'><strong>et</strong></span> <span class='ocrx_word' id='word_1_178' title='bbox 2603 1303 3026 1360; x_wconf 60' lang='lat' dir='ltr'><strong>Casariensibus</strong></span> <span class='ocrx_word' id='word_1_179' title='bbox 3059 1306 3199 1361; x_wconf 89' lang='lat' dir='ltr'><strong>idem</strong></span> <span class='ocrx_word' id='word_1_180' title='bbox 3228 1308 3402 1362; x_wconf 83' lang='lat' dir='ltr'><strong>nomi-</strong></span> 
     </span>
    </p>
   </div>
   <div class='ocr_carea' id='block_1_25' title="bbox 1840 1391 3398 1466">
    <p class='ocr_par' dir='ltr' id='par_1_25' title="bbox 1840 1391 3398 1466">
     <span class='ocr_line' id='line_1_25' title="bbox 1840 1391 3398 1466; baseline 0.006 -24"><span class='ocrx_word' id='word_1_181' title='bbox 1840 1391 2011 1443; x_wconf 83' lang='lat' dir='ltr'><strong>natim</strong></span> <span class='ocrx_word' id='word_1_182' title='bbox 2054 1405 2159 1445; x_wconf 90' lang='lat' dir='ltr'><strong>non</strong></span> <span class='ocrx_word' id='word_1_183' title='bbox 2209 1394 2418 1447; x_wconf 82' lang='lat' dir='ltr'><strong>statuit.</strong></span> <span class='ocrx_word' id='word_1_184' title='bbox 2464 1393 2622 1448; x_wconf 76' lang='lat' dir='ltr'><strong>Ratio</strong></span> <span class='ocrx_word' id='word_1_185' title='bbox 2657 1394 2984 1449; x_wconf 88' lang='lat' dir='ltr'><strong>discriminis</strong></span> <span class='ocrx_word' id='word_1_186' title='bbox 3028 1394 3080 1449; x_wconf 92' lang='lat' dir='ltr'><strong>in</strong></span> <span class='ocrx_word' id='word_1_187' title='bbox 3129 1406 3398 1466; x_wconf 90' lang='lat' dir='ltr'><strong>promptu.</strong></span> 
     </span>
    </p>
   </div>
   <div class='ocr_carea' id='block_1_26' title="bbox 1840 1477 3399 1554">
    <p class='ocr_par' dir='ltr' id='par_1_26' title="bbox 1840 1477 3399 1554">
     <span class='ocr_line' id='line_1_26' title="bbox 1840 1477 3399 1554; baseline 0.005 -22"><span class='ocrx_word' id='word_1_188' title='bbox 1840 1477 2003 1532; x_wconf 75' lang='lat' dir='ltr'><strong>Hnlto</strong></span> <span class='ocrx_word' id='word_1_189' title='bbox 2053 1480 2225 1547; x_wconf 85' lang='lat' dir='ltr'><strong>major</strong></span> <span class='ocrx_word' id='word_1_190' title='bbox 2278 1490 2398 1535; x_wconf 88' lang='lat' dir='ltr'><strong>erat</strong></span> <span class='ocrx_word' id='word_1_191' title='bbox 2444 1484 2745 1538; x_wconf 82' lang='lat' dir='ltr'><strong>auctoritas</strong></span> <span class='ocrx_word' id='word_1_192' title='bbox 2786 1484 3021 1554; x_wconf 86' lang='lat' dir='ltr'><strong>episcopi</strong></span> <span class='ocrx_word' id='word_1_193' title='bbox 3054 1484 3399 1541; x_wconf 77' lang='lat' dir='ltr'><strong>Alexandrini</strong></span> 
     </span>
    </p>
   </div>
   <div class='ocr_carea' id='block_1_27' title="bbox 1841 1570 3402 1645">
    <p class='ocr_par' dir='ltr' id='par_1_27' title="bbox 1841 1570 3402 1645">
     <span class='ocr_line' id='line_1_27' title="bbox 1841 1570 3402 1645; baseline 0.006 -22"><span class='ocrx_word' id='word_1_194' title='bbox 1841 1571 1895 1624; x_wconf 92' lang='lat' dir='ltr'><strong>in</strong></span> <span class='ocrx_word' id='word_1_195' title='bbox 1939 1570 2195 1641; x_wconf 64' lang='lat' dir='ltr'><strong>Egypto,</strong></span> <span class='ocrx_word' id='word_1_196' title='bbox 2244 1588 2405 1643; x_wconf 90' lang='lat' dir='ltr'><strong>quam</strong></span> <span class='ocrx_word' id='word_1_197' title='bbox 2463 1575 2838 1642; x_wconf 85' lang='lat' dir='ltr'><strong>episcoporum</strong></span> <span class='ocrx_word' id='word_1_198' title='bbox 2900 1575 3285 1645; x_wconf 84' lang='lat' dir='ltr'><strong>Ephesinorum</strong></span> <span class='ocrx_word' id='word_1_199' title='bbox 3346 1588 3402 1633; x_wconf 89' lang='lat' dir='ltr'><strong>et</strong></span> 
     </span>
    </p>
   </div>
   <div class='ocr_carea' id='block_1_28' title="bbox 1838 1659 3398 1731">
    <p class='ocr_par' dir='ltr' id='par_1_28' title="bbox 1838 1659 3398 1731">
     <span class='ocr_line' id='line_1_28' title="bbox 1838 1659 3398 1731; baseline 0.004 -18"><span class='ocrx_word' id='word_1_200' title='bbox 1838 1659 2248 1716; x_wconf 73' lang='lat' dir='ltr'><strong>Caesariensium</strong></span> <span class='ocrx_word' id='word_1_201' title='bbox 2308 1664 2359 1716; x_wconf 91' lang='lat' dir='ltr'><strong>in</strong></span> <span class='ocrx_word' id='word_1_202' title='bbox 2417 1664 2743 1718; x_wconf 77' lang='lat' dir='ltr'><strong>dicecesiltns</strong></span> <span class='ocrx_word' id='word_1_203' title='bbox 2783 1665 2928 1719; x_wconf 71' lang='lat' dir='ltr'><strong>Asia:</strong></span> <span class='ocrx_word' id='word_1_204' title='bbox 2961 1676 3015 1719; x_wconf 91' lang='lat' dir='ltr'><strong>et</strong></span> <span class='ocrx_word' id='word_1_205' title='bbox 3062 1666 3311 1731; x_wconf 63' lang='lat' dir='ltr'><strong>Ponticae,</strong></span> <span class='ocrx_word' id='word_1_206' title='bbox 3346 1666 3398 1720; x_wconf 92' lang='lat' dir='ltr'><strong>in</strong></span> 
     </span>
    </p>
   </div>
   <div class='ocr_carea' id='block_1_29' title="bbox 1840 1751 3397 1823">
    <p class='ocr_par' dir='ltr' id='par_1_29' title="bbox 1840 1751 3397 1823">
     <span class='ocr_line' id='line_1_29' title="bbox 1840 1751 3397 1823; baseline 0.006 -22"><span class='ocrx_word' id='word_1_207' title='bbox 1840 1751 2032 1819; x_wconf 89' lang='lat' dir='ltr'><strong>quibus</strong></span> <span class='ocrx_word' id='word_1_208' title='bbox 2074 1754 2613 1823; x_wconf 74' lang='lat' dir='ltr'><strong>metropolitanorum</strong></span> <span class='ocrx_word' id='word_1_209' title='bbox 2650 1757 2941 1809; x_wconf 85' lang='lat' dir='ltr'><strong>auctoritas</strong></span> <span class='ocrx_word' id='word_1_210' title='bbox 2968 1755 3397 1822; x_wconf 76' lang='lat' dir='ltr'><strong>iurisdictionem</strong></span> 
     </span>
    </p>
   </div>
   <div class='ocr_carea' id='block_1_30' title="bbox 1838 1844 3397 1918">
    <p class='ocr_par' dir='ltr' id='par_1_30' title="bbox 1838 1844 3397 1918">
     <span class='ocr_line' id='line_1_30' title="bbox 1838 1844 3397 1918; baseline 0.004 -23"><span class='ocrx_word' id='word_1_211' title='bbox 1838 1844 2056 1897; x_wconf 81' lang='lat' dir='ltr'><strong>exarchi</strong></span> <span class='ocrx_word' id='word_1_212' title='bbox 2087 1845 2287 1899; x_wconf 83' lang='lat' dir='ltr'><strong>arctius</strong></span> <span class='ocrx_word' id='word_1_213' title='bbox 2314 1849 2597 1902; x_wconf 85' lang='lat' dir='ltr'><strong>coercebat</strong></span> <span class='ocrx_word' id='word_1_214' title='bbox 2641 1869 2653 1905; x_wconf 83' lang='lat'>:</span> <span class='ocrx_word' id='word_1_215' title='bbox 2685 1848 2827 1917; x_wconf 91' lang='lat' dir='ltr'><strong>quod</strong></span> <span class='ocrx_word' id='word_1_216' title='bbox 2857 1849 2909 1901; x_wconf 91' lang='lat' dir='ltr'><strong>in</strong></span> <span class='ocrx_word' id='word_1_217' title='bbox 2936 1846 3170 1918; x_wconf 66' lang='lat' dir='ltr'><strong>Egypto</strong></span> <span class='ocrx_word' id='word_1_218' title='bbox 3198 1849 3397 1905; x_wconf 77' lang='lat' dir='ltr'><strong>factum</strong></span> 
     </span>
    </p>
   </div>
   <div class='ocr_carea' id='block_1_31' title="bbox 191 1914 3402 2009">
    <p class='ocr_par' dir='ltr' id='par_1_31' title="bbox 191 1914 3402 2009">
     <span class='ocr_line' id='line_1_31' title="bbox 191 1914 3402 2009; baseline 0.001 -17"><span class='ocrx_word' id='word_1_219' title='bbox 191 1938 399 2008; x_wconf 85' lang='lat' dir='ltr'><strong>Ium(a),</strong></span> <span class='ocrx_word' id='word_1_220' title='bbox 424 1955 657 1995; x_wconf 88' lang='lat' dir='ltr'><strong>necesse</strong></span> <span class='ocrx_word' id='word_1_221' title='bbox 691 1914 993 1993; x_wconf 85' lang='lat' dir='ltr'><strong>habiturum</strong></span> <span class='ocrx_word' id='word_1_222' title='bbox 1021 1914 1581 2009; x_wconf 76' lang='lat' dir='ltr'><strong>putabatNazianznm</strong></span> <span class='ocrx_word' id='word_1_223' title='bbox 1606 1956 1732 2007; x_wconf 84' lang='lat' dir='ltr'><strong>pro-</strong></span> <span class='ocrx_word' id='word_1_224' title='bbox 1765 1914 1809 1973; x_wconf 75' lang='grc' dir='ltr'><strong>Β</strong></span> <span class='ocrx_word' id='word_1_225' title='bbox 1839 1931 2001 1987; x_wconf 78' lang='lat' dir='ltr'><strong>fuisse</strong></span> <span class='ocrx_word' id='word_1_226' title='bbox 2054 1948 2158 1988; x_wconf 90' lang='lat' dir='ltr'><strong>non</strong></span> <span class='ocrx_word' id='word_1_227' title='bbox 2195 1935 2428 1990; x_wconf 81' lang='lat' dir='ltr'><strong>videtur.</strong></span> <span class='ocrx_word' id='word_1_228' title='bbox 2464 1937 2539 1991; x_wconf 87' lang='lat' dir='ltr'><strong>lbi</strong></span> <span class='ocrx_word' id='word_1_229' title='bbox 2567 1914 2721 1991; x_wconf 45' lang='lat' dir='ltr'><strong>enim—</strong></span> <span class='ocrx_word' id='word_1_230' title='bbox 2746 1939 2835 1993; x_wconf 79' lang='lat' dir='ltr'><strong>vix</strong></span> <span class='ocrx_word' id='word_1_231' title='bbox 2875 1937 2967 1993; x_wconf 87' lang='lat' dir='ltr'><strong>ulli</strong></span> <span class='ocrx_word' id='word_1_232' title='bbox 3011 1914 3258 1994; x_wconf 52' lang='lat' dir='ltr'><strong>uidentur</strong></span> <span class='ocrx_word' id='word_1_233' title='bbox 3302 1954 3402 1995; x_wconf 78' lang='lat' dir='ltr'><strong>ex-</strong></span> 
     </span>
    </p>
   </div>
   <div class='ocr_carea' id='block_1_32' title="bbox 191 2027 1734 2099">
    <p class='ocr_par' dir='ltr' id='par_1_32' title="bbox 191 2027 1734 2099">
     <span class='ocr_line' id='line_1_32' title="bbox 191 2027 1734 2099; baseline 0.007 -22"><span class='ocrx_word' id='word_1_234' title='bbox 191 2027 363 2080; x_wconf 81' lang='lat' dir='ltr'><strong>ftcisci.</strong></span> <span class='ocrx_word' id='word_1_235' title='bbox 405 2027 577 2083; x_wconf 85' lang='lat' dir='ltr'><strong>Porro</strong></span> <span class='ocrx_word' id='word_1_236' title='bbox 621 2044 727 2082; x_wconf 91' lang='lat' dir='ltr'><strong>non</strong></span> <span class='ocrx_word' id='word_1_237' title='bbox 772 2027 874 2081; x_wconf 86' lang='lat' dir='ltr'><strong>alia</strong></span> <span class='ocrx_word' id='word_1_238' title='bbox 918 2043 1036 2083; x_wconf 87' lang='lat' dir='ltr'><strong>esse</strong></span> <span class='ocrx_word' id='word_1_239' title='bbox 1094 2034 1266 2099; x_wconf 89' lang='lat' dir='ltr'><strong>potuit</strong></span> <span class='ocrx_word' id='word_1_240' title='bbox 1314 2030 1472 2097; x_wconf 84' lang='lat' dir='ltr'><strong>hujus</strong></span> <span class='ocrx_word' id='word_1_241' title='bbox 1525 2031 1734 2088; x_wconf 83' lang='lat' dir='ltr'><strong>itineris</strong></span> 
     </span>
    </p>
   </div>
   <div class='ocr_carea' id='block_1_33' title="bbox 192 2117 1736 2186">
    <p class='ocr_par' dir='ltr' id='par_1_33' title="bbox 192 2117 1736 2186">
     <span class='ocr_line' id='line_1_33' title="bbox 192 2117 1736 2186; baseline 0.008 -19"><span class='ocrx_word' id='word_1_242' title='bbox 192 2117 501 2186; x_wconf 65' lang='lat' dir='ltr'><strong>suscipiendi</strong></span> <span class='ocrx_word' id='word_1_243' title='bbox 555 2132 764 2183; x_wconf 89' lang='lat' dir='ltr'><strong>causa,</strong></span> <span class='ocrx_word' id='word_1_244' title='bbox 818 2118 920 2172; x_wconf 89' lang='lat' dir='ltr'><strong>nisi</strong></span> <span class='ocrx_word' id='word_1_245' title='bbox 974 2126 1033 2173; x_wconf 86' lang='lat' dir='ltr'><strong>ut</strong></span> <span class='ocrx_word' id='word_1_246' title='bbox 1082 2118 1337 2176; x_wconf 70' lang='lat' dir='ltr'><strong>Ecclesia:</strong></span> <span class='ocrx_word' id='word_1_247' title='bbox 1387 2120 1736 2179; x_wconf 69' lang='lat' dir='ltr'><strong>Nazianzena:</strong></span> 
     </span>
    </p>
   </div>
   <div class='ocr_carea' id='block_1_34' title="bbox 193 2211 498 2276">
    <p class='ocr_par' dir='ltr' id='par_1_34' title="bbox 193 2211 498 2276">
     <span class='ocr_line' id='line_1_34' title="bbox 193 2211 498 2276; baseline 0.02 -19"><span class='ocrx_word' id='word_1_248' title='bbox 193 2211 498 2276; x_wconf 72' lang='lat' dir='ltr'><strong>provideret.</strong></span> 
     </span>
    </p>
   </div>
   <div class='ocr_carea' id='block_1_35' title="bbox 254 2296 1734 2376">
    <p class='ocr_par' dir='ltr' id='par_1_35' title="bbox 254 2296 1734 2376">
     <span class='ocr_line' id='line_1_35' title="bbox 254 2296 1734 2376; baseline 0.007 -25"><span class='ocrx_word' id='word_1_249' title='bbox 254 2296 333 2353; x_wconf 76' lang='lat' dir='ltr'><strong>IV.</strong></span> <span class='ocrx_word' id='word_1_250' title='bbox 373 2296 602 2352; x_wconf 83' lang='lat' dir='ltr'><strong>Frustra</strong></span> <span class='ocrx_word' id='word_1_251' title='bbox 661 2298 915 2368; x_wconf 85' lang='lat' dir='ltr'><strong>objicitur</strong></span> <span class='ocrx_word' id='word_1_252' title='bbox 972 2300 1369 2361; x_wconf 67' lang='lat' dir='ltr'><strong>Caesariensem</strong></span> <span class='ocrx_word' id='word_1_253' title='bbox 1428 2307 1734 2376; x_wconf 80' lang='lat' dir='ltr'><strong>episcopum</strong></span> 
     </span>
    </p>
   </div>
   <div class='ocr_carea' id='block_1_36' title="bbox 190 2385 1737 2459">
    <p class='ocr_par' dir='ltr' id='par_1_36' title="bbox 190 2385 1737 2459">
     <span class='ocr_line' id='line_1_36' title="bbox 190 2385 1737 2459; baseline 0.006 -20"><span class='ocrx_word' id='word_1_254' title='bbox 190 2388 288 2439; x_wconf 85' lang='lat' dir='ltr'><strong>sedi</strong></span> <span class='ocrx_word' id='word_1_255' title='bbox 335 2385 946 2459; x_wconf 69' lang='lat' dir='ltr'><strong>Constantinopolitanae</strong></span> <span class='ocrx_word' id='word_1_256' title='bbox 977 2393 1270 2459; x_wconf 86' lang='lat' dir='ltr'><strong>subjectum</strong></span> <span class='ocrx_word' id='word_1_257' title='bbox 1310 2394 1473 2450; x_wconf 77' lang='lat' dir='ltr'><strong>fuisse</strong></span> <span class='ocrx_word' id='word_1_258' title='bbox 1495 2411 1523 2448; x_wconf 90' lang='lat' dir='ltr'><strong>a</strong></span> <span class='ocrx_word' id='word_1_259' title='bbox 1558 2395 1737 2450; x_wconf 84' lang='lat' dir='ltr'><strong>conci-</strong></span> 
     </span>
    </p>
   </div>
   <div class='ocr_carea' id='block_1_37' title="bbox 194 2473 1734 2547">
    <p class='ocr_par' dir='ltr' id='par_1_37' title="bbox 194 2473 1734 2547">
     <span class='ocr_line' id='line_1_37' title="bbox 194 2473 1734 2547; baseline 0.008 -20"><span class='ocrx_word' id='word_1_260' title='bbox 194 2476 255 2529; x_wconf 74' lang='lat' dir='ltr'><strong>lio</strong></span> <span class='ocrx_word' id='word_1_261' title='bbox 295 2473 743 2533; x_wconf 74' lang='lat' dir='ltr'><strong>Cltalcedonensi.</strong></span> <span class='ocrx_word' id='word_1_262' title='bbox 789 2479 1089 2547; x_wconf 86' lang='lat' dir='ltr'><strong>Quinetiam</strong></span> <span class='ocrx_word' id='word_1_263' title='bbox 1135 2493 1259 2537; x_wconf 91' lang='lat' dir='ltr'><strong>ante</strong></span> <span class='ocrx_word' id='word_1_264' title='bbox 1308 2485 1410 2539; x_wconf 93' lang='lat' dir='ltr'><strong>hoc</strong></span> <span class='ocrx_word' id='word_1_265' title='bbox 1452 2484 1734 2539; x_wconf 79' lang='lat' dir='ltr'><strong>concilium</strong></span> 
     </span>
    </p>
   </div>
   <div class='ocr_carea' id='block_1_38' title="bbox 188 2565 1732 2641">
    <p class='ocr_par' dir='ltr' id='par_1_38' title="bbox 188 2565 1732 2641">
     <span class='ocr_line' id='line_1_38' title="bbox 188 2565 1732 2641; baseline 0.01 -27"><span class='ocrx_word' id='word_1_266' title='bbox 188 2565 405 2633; x_wconf 76' lang='lat' dir='ltr'><strong>episwpi</strong></span> <span class='ocrx_word' id='word_1_267' title='bbox 461 2568 1045 2639; x_wconf 87' lang='lat' dir='ltr'><strong>Constantinopolitani</strong></span> <span class='ocrx_word' id='word_1_268' title='bbox 1084 2573 1511 2641; x_wconf 88' lang='lat' dir='ltr'><strong>jurisdictionem</strong></span> <span class='ocrx_word' id='word_1_269' title='bbox 1579 2591 1732 2631; x_wconf 86' lang='lat' dir='ltr'><strong>suam</strong></span> 
     </span>
    </p>
   </div>
   <div class='ocr_carea' id='block_1_39' title="bbox 187 2655 1735 2735">
    <p class='ocr_par' dir='ltr' id='par_1_39' title="bbox 187 2655 1735 2735">
     <span class='ocr_line' id='line_1_39' title="bbox 187 2655 1735 2735; baseline 0.01 -28"><span class='ocrx_word' id='word_1_270' title='bbox 187 2655 231 2707; x_wconf 90' lang='lat' dir='ltr'><strong>in</strong></span> <span class='ocrx_word' id='word_1_271' title='bbox 265 2656 401 2712; x_wconf 79' lang='lat' dir='ltr'><strong>Asia:</strong></span> <span class='ocrx_word' id='word_1_272' title='bbox 430 2670 487 2713; x_wconf 85' lang='lat' dir='ltr'><strong>et</strong></span> <span class='ocrx_word' id='word_1_273' title='bbox 534 2658 777 2715; x_wconf 73' lang='lat' dir='ltr'><strong>Pontica:</strong></span> <span class='ocrx_word' id='word_1_274' title='bbox 829 2662 1090 2716; x_wconf 73' lang='lat' dir='ltr'><strong>diteceses</strong></span> <span class='ocrx_word' id='word_1_275' title='bbox 1128 2664 1486 2719; x_wconf 75' lang='lat' dir='ltr'><strong>extenderunt</strong></span> <span class='ocrx_word' id='word_1_276' title='bbox 1526 2684 1539 2719; x_wconf 89' lang='lat'><strong>:</strong></span> <span class='ocrx_word' id='word_1_277' title='bbox 1584 2666 1735 2735; x_wconf 83' lang='lat' dir='ltr'><strong>cujus</strong></span> 
     </span>
    </p>
   </div>
   <div class='ocr_carea' id='block_1_40' title="bbox 188 2748 1735 2827">
    <p class='ocr_par' dir='ltr' id='par_1_40' title="bbox 188 2748 1735 2827">
     <span class='ocr_line' id='line_1_40' title="bbox 188 2748 1735 2827; baseline 0.008 -26"><span class='ocrx_word' id='word_1_278' title='bbox 188 2748 385 2816; x_wconf 80' lang='lat' dir='ltr'><strong>quidem</strong></span> <span class='ocrx_word' id='word_1_279' title='bbox 415 2753 492 2805; x_wconf 90' lang='lat' dir='ltr'><strong>rci</strong></span> <span class='ocrx_word' id='word_1_280' title='bbox 524 2754 697 2805; x_wconf 86' lang='lat' dir='ltr'><strong>multa</strong></span> <span class='ocrx_word' id='word_1_281' title='bbox 731 2763 943 2806; x_wconf 75' lang='lat' dir='ltr'><strong>exstant</strong></span> <span class='ocrx_word' id='word_1_282' title='bbox 967 2756 1209 2823; x_wconf 81' lang='lat' dir='ltr'><strong>exempla</strong></span> <span class='ocrx_word' id='word_1_283' title='bbox 1234 2757 1445 2812; x_wconf 74' lang='lat' dir='ltr'><strong>inAsite</strong></span> <span class='ocrx_word' id='word_1_284' title='bbox 1479 2759 1735 2827; x_wconf 75' lang='lat' dir='ltr'><strong>dimcesi;</strong></span> 
     </span>
    </p>
   </div>
   <div class='ocr_carea' id='block_1_41' title="bbox 185 2840 1738 2919">
    <p class='ocr_par' dir='ltr' id='par_1_41' title="bbox 185 2840 1738 2919">
     <span class='ocr_line' id='line_1_41' title="bbox 185 2840 1738 2919; baseline 0.011 -28"><span class='ocrx_word' id='word_1_285' title='bbox 185 2840 293 2893; x_wconf 90' lang='lat' dir='ltr'><strong>illud</strong></span> <span class='ocrx_word' id='word_1_286' title='bbox 308 2851 482 2895; x_wconf 87' lang='lat' dir='ltr'><strong>autem</strong></span> <span class='ocrx_word' id='word_1_287' title='bbox 501 2844 561 2895; x_wconf 90' lang='lat' dir='ltr'><strong>in</strong></span> <span class='ocrx_word' id='word_1_288' title='bbox 581 2841 797 2897; x_wconf 81' lang='lat' dir='ltr'><strong>Pontica</strong></span> <span class='ocrx_word' id='word_1_289' title='bbox 816 2842 1040 2913; x_wconf 80' lang='lat' dir='ltr'><strong>insigne,</strong></span> <span class='ocrx_word' id='word_1_290' title='bbox 1056 2848 1192 2915; x_wconf 90' lang='lat' dir='ltr'><strong>quod</strong></span> <span class='ocrx_word' id='word_1_291' title='bbox 1209 2848 1306 2919; x_wconf 74' lang='grc' dir='ltr'><strong>(ι),</strong></span> <span class='ocrx_word' id='word_1_292' title='bbox 1326 2863 1535 2905; x_wconf 90' lang='lat' dir='ltr'><strong>mortuo</strong></span> <span class='ocrx_word' id='word_1_293' title='bbox 1555 2850 1738 2908; x_wconf 84' lang='lat' dir='ltr'><strong>Firmo</strong></span> 
     </span>
    </p>
   </div>
   <div class='ocr_carea' id='block_1_42' title="bbox 184 2932 1738 3004">
    <p class='ocr_par' dir='ltr' id='par_1_42' title="bbox 184 2932 1738 3004">
     <span class='ocr_line' id='line_1_42' title="bbox 184 2932 1738 3004; baseline 0.008 -19"><span class='ocrx_word' id='word_1_294' title='bbox 184 2932 481 2987; x_wconf 69' lang='lat' dir='ltr'><strong>Caesariensi</strong></span> <span class='ocrx_word' id='word_1_295' title='bbox 508 2935 803 3004; x_wconf 88' lang='lat' dir='ltr'><strong>episcopo,</strong></span> <span class='ocrx_word' id='word_1_296' title='bbox 834 2936 1197 2995; x_wconf 53' lang='lat' dir='ltr'><strong>Caisaricnses</strong></span> <span class='ocrx_word' id='word_1_297' title='bbox 1232 2958 1260 2994; x_wconf 82' lang='lat' dir='ltr'><strong>a</strong></span> <span class='ocrx_word' id='word_1_298' title='bbox 1293 2940 1351 2996; x_wconf 88' lang='lat' dir='ltr'><strong>S.</strong></span> <span class='ocrx_word' id='word_1_299' title='bbox 1383 2942 1571 2997; x_wconf 88' lang='lat' dir='ltr'><strong>Proclo</strong></span> <span class='ocrx_word' id='word_1_300' title='bbox 1598 2941 1738 2998; x_wconf 82' lang='lat' dir='ltr'><strong>Con-</strong></span> 
     </span>
    </p>
   </div>
   <div class='ocr_carea' id='block_1_43' title="bbox 181 3020 1735 3098">
    <p class='ocr_par' dir='ltr' id='par_1_43' title="bbox 181 3020 1735 3098">
     <span class='ocr_line' id='line_1_43' title="bbox 181 3020 1735 3098; baseline 0.008 -25"><span class='ocrx_word' id='word_1_301' title='bbox 181 3020 651 3091; x_wconf 85' lang='lat' dir='ltr'><strong>stantinopolitano</strong></span> <span class='ocrx_word' id='word_1_302' title='bbox 668 3024 976 3097; x_wconf 82' lang='lat' dir='ltr'><strong>episcOpum</strong></span> <span class='ocrx_word' id='word_1_303' title='bbox 1012 3028 1298 3098; x_wconf 89' lang='lat' dir='ltr'><strong>petierunt,</strong></span> <span class='ocrx_word' id='word_1_304' title='bbox 1337 3030 1486 3098; x_wconf 86' lang='lat' dir='ltr'><strong>isque</strong></span> <span class='ocrx_word' id='word_1_305' title='bbox 1510 3030 1735 3085; x_wconf 87' lang='lat' dir='ltr'><strong>Thalas-</strong></span> 
     </span>
    </p>
   </div>
   <div class='ocr_carea' id='block_1_44' title="bbox 184 3112 1736 3191">
    <p class='ocr_par' dir='ltr' id='par_1_44' title="bbox 184 3112 1736 3191">
     <span class='ocr_line' id='line_1_44' title="bbox 184 3112 1736 3191; baseline 0.01 -29"><span class='ocrx_word' id='word_1_306' title='bbox 184 3112 302 3165; x_wconf 84' lang='lat' dir='ltr'><strong>sinm</strong></span> <span class='ocrx_word' id='word_1_307' title='bbox 334 3114 495 3185; x_wconf 77' lang='lat' dir='ltr'><strong>elegit</strong></span> <span class='ocrx_word' id='word_1_308' title='bbox 517 3126 577 3173; x_wconf 84' lang='lat' dir='ltr'><strong>et</strong></span> <span class='ocrx_word' id='word_1_309' title='bbox 604 3118 893 3173; x_wconf 80' lang='lat' dir='ltr'><strong>ordinavit.</strong></span> <span class='ocrx_word' id='word_1_310' title='bbox 928 3118 1175 3185; x_wconf 83' lang='lat' dir='ltr'><strong>Frustra,</strong></span> <span class='ocrx_word' id='word_1_311' title='bbox 1211 3118 1451 3188; x_wconf 89' lang='lat' dir='ltr'><strong>inquam,</strong></span> <span class='ocrx_word' id='word_1_312' title='bbox 1475 3120 1588 3177; x_wconf 65' lang='lat' dir='ltr'><strong>haec</strong></span> <span class='ocrx_word' id='word_1_313' title='bbox 1602 3122 1736 3191; x_wconf 78' lang='lat' dir='ltr'><strong>obji-</strong></span> 
     </span>
    </p>
   </div>
   <div class='ocr_carea' id='block_1_45' title="bbox 183 3200 1729 3284">
    <p class='ocr_par' dir='ltr' id='par_1_45' title="bbox 183 3200 1729 3284">
     <span class='ocr_line' id='line_1_45' title="bbox 183 3200 1729 3284; baseline 0.012 -32"><span class='ocrx_word' id='word_1_314' title='bbox 183 3200 395 3258; x_wconf 80' lang='lat' dir='ltr'><strong>ciantur.</strong></span> <span class='ocrx_word' id='word_1_315' title='bbox 419 3205 560 3259; x_wconf 83' lang='lat' dir='ltr'><strong>Nam</strong></span> <span class='ocrx_word' id='word_1_316' title='bbox 593 3223 656 3261; x_wconf 80' lang='lat' dir='ltr'><strong>ex</strong></span> <span class='ocrx_word' id='word_1_317' title='bbox 678 3208 763 3262; x_wconf 90' lang='lat' dir='ltr'><strong>his</strong></span> <span class='ocrx_word' id='word_1_318' title='bbox 785 3210 1000 3277; x_wconf 87' lang='lat' dir='ltr'><strong>quidem</strong></span> <span class='ocrx_word' id='word_1_319' title='bbox 1035 3218 1178 3263; x_wconf 87' lang='lat' dir='ltr'><strong><em>recte</em></strong></span> <span class='ocrx_word' id='word_1_320' title='bbox 1213 3210 1482 3282; x_wconf 75' lang='lat' dir='ltr'><strong>colligitur</strong></span> <span class='ocrx_word' id='word_1_321' title='bbox 1520 3214 1729 3284; x_wconf 88' lang='lat' dir='ltr'><strong>episco—</strong></span> 
     </span>
    </p>
   </div>
   <div class='ocr_carea' id='block_1_46' title="bbox 182 3293 1732 3365">
    <p class='ocr_par' dir='ltr' id='par_1_46' title="bbox 182 3293 1732 3365">
     <span class='ocr_line' id='line_1_46' title="bbox 182 3293 1732 3365; baseline 0.013 -22"><span class='ocrx_word' id='word_1_322' title='bbox 182 3305 265 3357; x_wconf 77' lang='lat' dir='ltr'><strong>pos</strong></span> <span class='ocrx_word' id='word_1_323' title='bbox 310 3293 677 3351; x_wconf 76' lang='lat' dir='ltr'><strong>Caesarienscs</strong></span> <span class='ocrx_word' id='word_1_324' title='bbox 699 3311 753 3353; x_wconf 89' lang='lat' dir='ltr'><strong>et</strong></span> <span class='ocrx_word' id='word_1_325' title='bbox 778 3296 1069 3365; x_wconf 83' lang='lat' dir='ltr'><strong>Ephesinos</strong></span> <span class='ocrx_word' id='word_1_326' title='bbox 1092 3315 1195 3355; x_wconf 93' lang='lat' dir='ltr'><strong>non</strong></span> <span class='ocrx_word' id='word_1_327' title='bbox 1220 3312 1381 3358; x_wconf 73' lang='lat' dir='ltr'><strong>tanta:</strong></span> <span class='ocrx_word' id='word_1_328' title='bbox 1401 3308 1732 3363; x_wconf 87' lang='lat' dir='ltr'><strong>auctoritatis</strong></span> 
     </span>
    </p>
   </div>
   <div class='ocr_carea' id='block_1_47' title="bbox 186 3381 1735 3465">
    <p class='ocr_par' dir='ltr' id='par_1_47' title="bbox 186 3381 1735 3465">
     <span class='ocr_line' id='line_1_47' title="bbox 186 3381 1735 3465; baseline 0.012 -31"><span class='ocrx_word' id='word_1_329' title='bbox 186 3381 375 3451; x_wconf 73' lang='lat' dir='ltr'><strong>fuisse,</strong></span> <span class='ocrx_word' id='word_1_330' title='bbox 431 3398 653 3456; x_wconf 78' lang='lat' dir='ltr'><strong>quantae</strong></span> <span class='ocrx_word' id='word_1_331' title='bbox 689 3387 1053 3447; x_wconf 81' lang='lat' dir='ltr'><strong>Antiochenos</strong></span> <span class='ocrx_word' id='word_1_332' title='bbox 1107 3403 1162 3447; x_wconf 90' lang='lat' dir='ltr'><strong>et</strong></span> <span class='ocrx_word' id='word_1_333' title='bbox 1203 3394 1630 3465; x_wconf 82' lang='lat' dir='ltr'><strong>Alexandrinos,</strong></span> <span class='ocrx_word' id='word_1_334' title='bbox 1678 3409 1735 3453; x_wconf 91' lang='lat' dir='ltr'><strong>ut</strong></span> 
     </span>
    </p>
   </div>
   <div class='ocr_carea' id='block_1_48' title="bbox 182 3476 1729 3553">
    <p class='ocr_par' dir='ltr' id='par_1_48' title="bbox 182 3476 1729 3553">
     <span class='ocr_line' id='line_1_48' title="bbox 182 3476 1729 3553; baseline 0.01 -27"><span class='ocrx_word' id='word_1_335' title='bbox 182 3489 348 3531; x_wconf 86' lang='lat' dir='ltr'><strong>corum</strong></span> <span class='ocrx_word' id='word_1_336' title='bbox 378 3476 505 3547; x_wconf 84' lang='lat' dir='ltr'><strong>jura</strong></span> <span class='ocrx_word' id='word_1_337' title='bbox 573 3480 889 3537; x_wconf 87' lang='lat' dir='ltr'><strong>immensam</strong></span> <span class='ocrx_word' id='word_1_338' title='bbox 942 3484 1309 3553; x_wconf 81' lang='lat' dir='ltr'><strong>episcoporum</strong></span> <span class='ocrx_word' id='word_1_339' title='bbox 1354 3485 1729 3542; x_wconf 88' lang='lat' dir='ltr'><strong>Constantino-</strong></span> 
     </span>
    </p>
   </div>
   <div class='ocr_carea' id='block_1_49' title="bbox 188 3569 1731 3646">
    <p class='ocr_par' dir='ltr' id='par_1_49' title="bbox 188 3569 1731 3646">
     <span class='ocr_line' id='line_1_49' title="bbox 188 3569 1731 3646; baseline 0.007 -25"><span class='ocrx_word' id='word_1_340' title='bbox 188 3569 536 3634; x_wconf 82' lang='lat' dir='ltr'><strong>politanornm</strong></span> <span class='ocrx_word' id='word_1_341' title='bbox 592 3584 908 3643; x_wconf 87' lang='lat' dir='ltr'><strong>potestatem</strong></span> <span class='ocrx_word' id='word_1_342' title='bbox 971 3575 1285 3646; x_wconf 81' lang='lat' dir='ltr'><strong>eﬂ&#39;ngerent.</strong></span> <span class='ocrx_word' id='word_1_343' title='bbox 1348 3580 1419 3632; x_wconf 86' lang='lat' dir='ltr'><strong>At</strong></span> <span class='ocrx_word' id='word_1_344' title='bbox 1458 3578 1570 3634; x_wconf 69' lang='lat' dir='ltr'><strong>haec</strong></span> <span class='ocrx_word' id='word_1_345' title='bbox 1611 3578 1731 3644; x_wconf 88' lang='lat' dir='ltr'><strong>jura</strong></span> 
     </span>
    </p>
   </div>
   <div class='ocr_carea' id='block_1_50' title="bbox 183 3667 1734 3739">
    <p class='ocr_par' dir='ltr' id='par_1_50' title="bbox 183 3667 1734 3739">
     <span class='ocr_line' id='line_1_50' title="bbox 183 3667 1734 3739; baseline 0.008 -28"><span class='ocrx_word' id='word_1_346' title='bbox 183 3676 438 3732; x_wconf 87' lang='lat' dir='ltr'><strong>nunquam</strong></span> <span class='ocrx_word' id='word_1_347' title='bbox 499 3681 596 3721; x_wconf 86' lang='lat' dir='ltr'><strong>eos</strong></span> <span class='ocrx_word' id='word_1_348' title='bbox 635 3667 906 3732; x_wconf 89' lang='lat' dir='ltr'><strong>habuisse,</strong></span> <span class='ocrx_word' id='word_1_349' title='bbox 953 3670 1223 3723; x_wconf 87' lang='lat' dir='ltr'><strong>immerito</strong></span> <span class='ocrx_word' id='word_1_350' title='bbox 1251 3683 1479 3737; x_wconf 87' lang='lat' dir='ltr'><strong>prorsus</strong></span> <span class='ocrx_word' id='word_1_351' title='bbox 1520 3668 1734 3739; x_wconf 85' lang='lat' dir='ltr'><strong>colliga-</strong></span> 
     </span>
    </p>
   </div>
   <div class='ocr_carea' id='block_1_51' title="bbox 185 3761 279 3802">
    <p class='ocr_par' dir='ltr' id='par_1_51' title="bbox 185 3761 279 3802">
     <span class='ocr_line' id='line_1_51' title="bbox 185 3761 279 3802; baseline 0.043 -4"><span class='ocrx_word' id='word_1_352' title='bbox 185 3761 279 3802; x_wconf 89' lang='lat' dir='ltr'><strong>tur.</strong></span> 
     </span>
    </p>
   </div>
   <div class='ocr_carea' id='block_1_52' title="bbox 244 3838 1733 3921">
    <p class='ocr_par' dir='ltr' id='par_1_52' title="bbox 244 3838 1733 3921">
     <span class='ocr_line' id='line_1_52' title="bbox 244 3838 1733 3921; baseline 0.008 -27"><span class='ocrx_word' id='word_1_353' title='bbox 244 3838 341 3894; x_wconf 88' lang='lat' dir='ltr'><strong>Sed</strong></span> <span class='ocrx_word' id='word_1_354' title='bbox 395 3843 488 3913; x_wconf 86' lang='lat' dir='ltr'><strong>qui</strong></span> <span class='ocrx_word' id='word_1_355' title='bbox 544 3844 885 3898; x_wconf 80' lang='lat' dir='ltr'><strong>exarchicutn</strong></span> <span class='ocrx_word' id='word_1_356' title='bbox 952 3843 1039 3914; x_wconf 89' lang='lat' dir='ltr'><strong>jus</strong></span> <span class='ocrx_word' id='word_1_357' title='bbox 1105 3845 1425 3905; x_wconf 74' lang='lat' dir='ltr'><strong>Ctesariensi</strong></span> <span class='ocrx_word' id='word_1_358' title='bbox 1486 3852 1733 3921; x_wconf 78' lang='lat' dir='ltr'><strong>episcopo</strong></span> 
     </span>
    </p>
   </div>
   <div class='ocr_carea' id='block_1_53' title="bbox 184 3931 1735 4010">
    <p class='ocr_par' dir='ltr' id='par_1_53' title="bbox 184 3931 1735 4010">
     <span class='ocr_line' id='line_1_53' title="bbox 184 3931 1735 4010; baseline 0.009 -28"><span class='ocrx_word' id='word_1_359' title='bbox 184 3931 452 4002; x_wconf 82' lang='lat' dir='ltr'><strong>deuega’nt,</strong></span> <span class='ocrx_word' id='word_1_360' title='bbox 486 3935 704 3990; x_wconf 86' lang='lat' dir='ltr'><strong>decreto</strong></span> <span class='ocrx_word' id='word_1_361' title='bbox 752 3940 941 4010; x_wconf 86' lang='lat' dir='ltr'><strong>synodi</strong></span> <span class='ocrx_word' id='word_1_362' title='bbox 979 3943 1328 3996; x_wconf 65' lang='lat' dir='ltr'><strong>tecumenicm</strong></span> <span class='ocrx_word' id='word_1_363' title='bbox 1376 3946 1621 3995; x_wconf 74' lang='lat' dir='ltr'><strong>secunda:</strong></span> <span class='ocrx_word' id='word_1_364' title='bbox 1653 3946 1735 3997; x_wconf 85' lang='lat' dir='ltr'><strong>ni-</strong></span> 
     </span>
    </p>
   </div>
   <div class='ocr_carea' id='block_1_54' title="bbox 184 4028 1731 4096">
    <p class='ocr_par' dir='ltr' id='par_1_54' title="bbox 184 4028 1731 4096">
     <span class='ocr_line' id='line_1_54' title="bbox 184 4028 1731 4096; baseline 0.008 -22"><span class='ocrx_word' id='word_1_365' title='bbox 184 4030 372 4092; x_wconf 89' lang='lat' dir='ltr'><strong>tuntur,</strong></span> <span class='ocrx_word' id='word_1_366' title='bbox 404 4042 529 4096; x_wconf 72' lang='lat' dir='ltr'><strong>quae</strong></span> <span class='ocrx_word' id='word_1_367' title='bbox 565 4044 773 4084; x_wconf 87' lang='lat' dir='ltr'><strong>canone</strong></span> <span class='ocrx_word' id='word_1_368' title='bbox 806 4032 841 4082; x_wconf 63' lang='grc' dir='ltr'><strong>’ὲ</strong></span> <span class='ocrx_word' id='word_1_369' title='bbox 888 4028 1165 4087; x_wconf 77' lang='lat' dir='ltr'><strong>Ponticum</strong></span> <span class='ocrx_word' id='word_1_370' title='bbox 1193 4032 1466 4087; x_wconf 78' lang='lat' dir='ltr'><strong>dicecesitn</strong></span> <span class='ocrx_word' id='word_1_371' title='bbox 1502 4047 1605 4086; x_wconf 90' lang='lat' dir='ltr'><strong>non</strong></span> <span class='ocrx_word' id='word_1_372' title='bbox 1644 4036 1731 4087; x_wconf 92' lang='lat' dir='ltr'><strong>uni</strong></span> 
     </span>
    </p>
   </div>
   <div class='ocr_carea' id='block_1_55' title="bbox 187 4118 1733 4193">
    <p class='ocr_par' dir='ltr' id='par_1_55' title="bbox 187 4118 1733 4193">
     <span class='ocr_line' id='line_1_55' title="bbox 187 4118 1733 4193; baseline 0.008 -28"><span class='ocrx_word' id='word_1_373' title='bbox 187 4118 410 4175; x_wconf 79' lang='lat' dir='ltr'><strong>exarcho</strong></span> <span class='ocrx_word' id='word_1_374' title='bbox 456 4121 739 4183; x_wconf 89' lang='lat' dir='ltr'><strong>attribuit,</strong></span> <span class='ocrx_word' id='word_1_375' title='bbox 788 4131 844 4173; x_wconf 91' lang='lat' dir='ltr'><strong>ut</strong></span> <span class='ocrx_word' id='word_1_376' title='bbox 876 4120 1167 4191; x_wconf 68' lang='lat' dir='ltr'><strong>Egyptum</strong></span> <span class='ocrx_word' id='word_1_377' title='bbox 1212 4124 1464 4193; x_wconf 88' lang='lat' dir='ltr'><strong>episcopo</strong></span> <span class='ocrx_word' id='word_1_378' title='bbox 1502 4126 1733 4180; x_wconf 77' lang='lat' dir='ltr'><strong>Alexan-</strong></span> 
     </span>
    </p>
   </div>
   <div class='ocr_carea' id='block_1_56' title="bbox 183 4204 1735 4283">
    <p class='ocr_par' dir='ltr' id='par_1_56' title="bbox 183 4204 1735 4283">
     <span class='ocr_line' id='line_1_56' title="bbox 183 4204 1735 4283; baseline 0.009 -27"><span class='ocrx_word' id='word_1_379' title='bbox 183 4204 316 4270; x_wconf 65' lang='lat' dir='ltr'><strong>driae,</strong></span> <span class='ocrx_word' id='word_1_380' title='bbox 344 4210 437 4261; x_wconf 89' lang='lat' dir='ltr'><strong>sed</strong></span> <span class='ocrx_word' id='word_1_381' title='bbox 468 4212 647 4264; x_wconf 89' lang='lat' dir='ltr'><strong>sancit</strong></span> <span class='ocrx_word' id='word_1_382' title='bbox 684 4221 737 4262; x_wconf 87' lang='lat' dir='ltr'><strong>ut</strong></span> <span class='ocrx_word' id='word_1_383' title='bbox 764 4211 976 4264; x_wconf 81' lang='lat' dir='ltr'><strong>Asiana:</strong></span> <span class='ocrx_word' id='word_1_384' title='bbox 1018 4213 1291 4267; x_wconf 71' lang='lat' dir='ltr'><strong>diaceseos</strong></span> <span class='ocrx_word' id='word_1_385' title='bbox 1330 4214 1551 4283; x_wconf 80' lang='lat' dir='ltr'><strong>episcopi</strong></span> <span class='ocrx_word' id='word_1_386' title='bbox 1583 4217 1735 4270; x_wconf 80' lang='lat' dir='ltr'><strong>Asia-</strong></span> 
     </span>
    </p>
   </div>
   <div class='ocr_carea' id='block_1_57' title="bbox 185 4304 1734 4375">
    <p class='ocr_par' dir='ltr' id='par_1_57' title="bbox 185 4304 1734 4375">
     <span class='ocr_line' id='line_1_57' title="bbox 185 4304 1734 4375; baseline 0.007 -22"><span class='ocrx_word' id='word_1_387' title='bbox 185 4317 292 4353; x_wconf 69' lang='lat' dir='ltr'><strong>sam</strong></span> <span class='ocrx_word' id='word_1_388' title='bbox 318 4311 527 4356; x_wconf 80' lang='lat' dir='ltr'><strong>tantum</strong></span> <span class='ocrx_word' id='word_1_389' title='bbox 556 4306 861 4375; x_wconf 76' lang='lat' dir='ltr'><strong>gubernem,</strong></span> <span class='ocrx_word' id='word_1_390' title='bbox 894 4321 983 4359; x_wconf 88' lang='lat' dir='ltr'><strong>nec</strong></span> <span class='ocrx_word' id='word_1_391' title='bbox 1004 4321 1105 4359; x_wconf 85' lang='lat' dir='ltr'><strong>non</strong></span> <span class='ocrx_word' id='word_1_392' title='bbox 1135 4315 1183 4359; x_wconf 90' lang='lat' dir='ltr'><strong>et</strong></span> <span class='ocrx_word' id='word_1_393' title='bbox 1208 4304 1440 4362; x_wconf 73' lang='lat' dir='ltr'><strong>Pontica:</strong></span> <span class='ocrx_word' id='word_1_394' title='bbox 1461 4309 1734 4363; x_wconf 74' lang='lat' dir='ltr'><strong>diteceseos</strong></span> 
     </span>
    </p>
   </div>
   <div class='ocr_carea' id='block_1_58' title="bbox 184 4396 1733 4469">
    <p class='ocr_par' dir='ltr' id='par_1_58' title="bbox 184 4396 1733 4469">
     <span class='ocr_line' id='line_1_58' title="bbox 184 4396 1733 4469; baseline 0.006 -24"><span class='ocrx_word' id='word_1_395' title='bbox 184 4410 235 4445; x_wconf 85' lang='lat' dir='ltr'><strong>ea</strong></span> <span class='ocrx_word' id='word_1_396' title='bbox 264 4403 463 4447; x_wconf 87' lang='lat' dir='ltr'><strong>tantum</strong></span> <span class='ocrx_word' id='word_1_397' title='bbox 497 4412 615 4464; x_wconf 70' lang='lat' dir='ltr'><strong>qum</strong></span> <span class='ocrx_word' id='word_1_398' title='bbox 652 4400 720 4450; x_wconf 87' lang='lat' dir='ltr'><strong>ad</strong></span> <span class='ocrx_word' id='word_1_399' title='bbox 755 4396 1032 4451; x_wconf 86' lang='lat' dir='ltr'><strong>Ponticam</strong></span> <span class='ocrx_word' id='word_1_400' title='bbox 1065 4398 1331 4452; x_wconf 74' lang='lat' dir='ltr'><strong>diacesim</strong></span> <span class='ocrx_word' id='word_1_401' title='bbox 1364 4403 1657 4469; x_wconf 81' lang='lat' dir='ltr'><strong>pertinent:</strong></span> <span class='ocrx_word' id='word_1_402' title='bbox 1687 4411 1733 4454; x_wconf 84' lang='lat' dir='ltr'><strong>et</strong></span> 
     </span>
    </p>
   </div>
   <div class='ocr_carea' id='block_1_59' title="bbox 186 4482 1730 4557">
    <p class='ocr_par' dir='ltr' id='par_1_59' title="bbox 186 4482 1730 4557">
     <span class='ocr_line' id='line_1_59' title="bbox 186 4482 1730 4557; baseline 0.005 -21"><span class='ocrx_word' id='word_1_403' title='bbox 186 4482 410 4540; x_wconf 75' lang='lat' dir='ltr'><strong>Thracia:</strong></span> <span class='ocrx_word' id='word_1_404' title='bbox 439 4503 502 4539; x_wconf 87' lang='lat' dir='ltr'><strong>ea</strong></span> <span class='ocrx_word' id='word_1_405' title='bbox 544 4496 745 4538; x_wconf 85' lang='lat' dir='ltr'><strong>tantum</strong></span> <span class='ocrx_word' id='word_1_406' title='bbox 777 4505 894 4557; x_wconf 84' lang='lat' dir='ltr'><strong>qua:</strong></span> <span class='ocrx_word' id='word_1_407' title='bbox 918 4488 1155 4545; x_wconf 77' lang='lat' dir='ltr'><strong>Thracia:</strong></span> <span class='ocrx_word' id='word_1_408' title='bbox 1178 4498 1321 4550; x_wconf 83' lang='lat' dir='ltr'><strong>sunt,</strong></span> <span class='ocrx_word' id='word_1_409' title='bbox 1348 4494 1730 4547; x_wconf 82' lang='lat' dir='ltr'><strong>administrent.</strong></span> 
     </span>
    </p>
   </div>
   <div class='ocr_carea' id='block_1_60' title="bbox 184 4573 1730 4651">
    <p class='ocr_par' dir='ltr' id='par_1_60' title="bbox 184 4573 1730 4651">
     <span class='ocr_line' id='line_1_60' title="bbox 184 4573 1730 4651; baseline 0.008 -26"><span class='ocrx_word' id='word_1_410' title='bbox 184 4573 335 4631; x_wconf 80' lang='lat' dir='ltr'><strong>Favet</strong></span> <span class='ocrx_word' id='word_1_411' title='bbox 370 4579 496 4632; x_wconf 84' lang='lat' dir='ltr'><strong>huic</strong></span> <span class='ocrx_word' id='word_1_412' title='bbox 524 4580 804 4631; x_wconf 70' lang='lat' dir='ltr'><strong>sentcntiae</strong></span> <span class='ocrx_word' id='word_1_413' title='bbox 836 4579 1123 4645; x_wconf 88' lang='lat' dir='ltr'><strong>Socrates,</strong></span> <span class='ocrx_word' id='word_1_414' title='bbox 1157 4582 1246 4651; x_wconf 88' lang='lat' dir='ltr'><strong>qui</strong></span> <span class='ocrx_word' id='word_1_415' title='bbox 1295 4582 1568 4649; x_wconf 86' lang='lat' dir='ltr'><strong>Hclladio,</strong></span> <span class='ocrx_word' id='word_1_416' title='bbox 1596 4582 1730 4638; x_wconf 55' lang='lat' dir='ltr'><strong>Gres</strong></span> 
     </span>
    </p>
   </div>
   <div class='ocr_carea' id='block_1_61' title="bbox 184 4667 1729 4740">
    <p class='ocr_par' dir='ltr' id='par_1_61' title="bbox 184 4667 1729 4740">
     <span class='ocr_line' id='line_1_61' title="bbox 184 4667 1729 4740; baseline 0.007 -26"><span class='ocrx_word' id='word_1_417' title='bbox 184 4667 319 4730; x_wconf 84' lang='lat' dir='ltr'><strong>gorio</strong></span> <span class='ocrx_word' id='word_1_418' title='bbox 359 4668 604 4740; x_wconf 76' lang='lat' dir='ltr'><strong>Nysseno</strong></span> <span class='ocrx_word' id='word_1_419' title='bbox 642 4678 694 4729; x_wconf 86' lang='lat' dir='ltr'><strong>et</strong></span> <span class='ocrx_word' id='word_1_420' title='bbox 734 4667 913 4725; x_wconf 87' lang='lat' dir='ltr'><strong>Otreio</strong></span> <span class='ocrx_word' id='word_1_421' title='bbox 948 4687 1052 4725; x_wconf 93' lang='lat' dir='ltr'><strong>non</strong></span> <span class='ocrx_word' id='word_1_422' title='bbox 1089 4672 1577 4727; x_wconf 79' lang='lat' dir='ltr'><strong>extraordinarium</strong></span> <span class='ocrx_word' id='word_1_423' title='bbox 1629 4675 1729 4726; x_wconf 83' lang='lat' dir='ltr'><strong>ali-</strong></span> 
     </span>
    </p>
   </div>
   <div class='ocr_carea' id='block_1_62' title="bbox 184 4758 1730 4834">
    <p class='ocr_par' dir='ltr' id='par_1_62' title="bbox 184 4758 1730 4834">
     <span class='ocr_line' id='line_1_62' title="bbox 184 4758 1730 4834; baseline 0.007 -26"><span class='ocrx_word' id='word_1_424' title='bbox 184 4758 312 4829; x_wconf 78' lang='lat' dir='ltr'><strong>quod</strong></span> <span class='ocrx_word' id='word_1_425' title='bbox 342 4776 537 4815; x_wconf 88' lang='lat' dir='ltr'><strong>munus</strong></span> <span class='ocrx_word' id='word_1_426' title='bbox 571 4776 600 4813; x_wconf 92' lang='lat' dir='ltr'><strong>a</strong></span> <span class='ocrx_word' id='word_1_427' title='bbox 626 4758 830 4831; x_wconf 84' lang='lat' dir='ltr'><strong>synodo</strong></span> <span class='ocrx_word' id='word_1_428' title='bbox 857 4764 1203 4818; x_wconf 87' lang='lat' dir='ltr'><strong>commissum</strong></span> <span class='ocrx_word' id='word_1_429' title='bbox 1229 4764 1413 4825; x_wconf 81' lang='lat' dir='ltr'><strong>fuisse,</strong></span> <span class='ocrx_word' id='word_1_430' title='bbox 1445 4768 1538 4818; x_wconf 89' lang='lat' dir='ltr'><strong>sed</strong></span> <span class='ocrx_word' id='word_1_431' title='bbox 1566 4766 1730 4834; x_wconf 86' lang='lat' dir='ltr'><strong>juris-</strong></span> 
     </span>
    </p>
   </div>
   <div class='ocr_carea' id='block_1_63' title="bbox 186 4849 1726 4926">
    <p class='ocr_par' dir='ltr' id='par_1_63' title="bbox 186 4849 1726 4926">
     <span class='ocr_line' id='line_1_63' title="bbox 186 4849 1726 4926; baseline 0.008 -27"><span class='ocrx_word' id='word_1_432' title='bbox 186 4849 458 4905; x_wconf 82' lang='lat' dir='ltr'><strong>tlictlonem</strong></span> <span class='ocrx_word' id='word_1_433' title='bbox 488 4855 539 4906; x_wconf 93' lang='lat' dir='ltr'><strong>in</strong></span> <span class='ocrx_word' id='word_1_434' title='bbox 574 4850 791 4906; x_wconf 82' lang='lat' dir='ltr'><strong>Pontica</strong></span> <span class='ocrx_word' id='word_1_435' title='bbox 834 4853 1054 4909; x_wconf 67' lang='lat' dir='ltr'><strong>dioecesi</strong></span> <span class='ocrx_word' id='word_1_436' title='bbox 1085 4855 1433 4926; x_wconf 83' lang='lat' dir='ltr'><strong>gubernanda</strong></span> <span class='ocrx_word' id='word_1_437' title='bbox 1479 4858 1726 4912; x_wconf 81' lang='lat' dir='ltr'><strong>traditam</strong></span> 
     </span>
    </p>
   </div>
   <div class='ocr_carea' id='block_1_64' title="bbox 185 4941 1728 5017">
    <p class='ocr_par' dir='ltr' id='par_1_64' title="bbox 185 4941 1728 5017">
     <span class='ocr_line' id='line_1_64' title="bbox 185 4941 1728 5017; baseline 0.007 -24"><span class='ocrx_word' id='word_1_438' title='bbox 185 4941 466 4995; x_wconf 76' lang='lat' dir='ltr'><strong>existimat.</strong></span> <span class='ocrx_word' id='word_1_439' title='bbox 498 4945 593 4997; x_wconf 78' lang='lat' dir='ltr'><strong>Ait</strong></span> <span class='ocrx_word' id='word_1_440' title='bbox 624 4944 764 4999; x_wconf 89' lang='lat' dir='ltr'><strong>enim</strong></span> <span class='ocrx_word' id='word_1_441' title='bbox 806 4944 883 5014; x_wconf 91' lang='lat' dir='ltr'><strong>(c)</strong></span> <span class='ocrx_word' id='word_1_442' title='bbox 924 4946 1063 5001; x_wconf 90' lang='lat' dir='ltr'><strong>hanc</strong></span> <span class='ocrx_word' id='word_1_443' title='bbox 1112 4950 1375 5017; x_wconf 82' lang='lat' dir='ltr'><strong>synodum</strong></span> <span class='ocrx_word' id='word_1_444' title='bbox 1403 4948 1728 5013; x_wconf 80' lang='lat' dir='ltr'><strong>patriarchas</strong></span> 
     </span>
    </p>
   </div>
   <div class='ocr_carea' id='block_1_65' title="bbox 186 5036 1729 5104">
    <p class='ocr_par' dir='ltr' id='par_1_65' title="bbox 186 5036 1729 5104">
     <span class='ocr_line' id='line_1_65' title="bbox 186 5036 1729 5104; baseline 0.006 -19"><span class='ocrx_word' id='word_1_445' title='bbox 186 5036 500 5089; x_wconf 77' lang='lat' dir='ltr'><strong>constituisse</strong></span> <span class='ocrx_word' id='word_1_446' title='bbox 529 5038 912 5102; x_wconf 69' lang='lat' dir='ltr'><strong>provinciarum</strong></span> <span class='ocrx_word' id='word_1_447' title='bbox 943 5037 1082 5103; x_wconf 86' lang='lat' dir='ltr'><strong>[acta</strong></span> <span class='ocrx_word' id='word_1_448' title='bbox 1106 5039 1363 5093; x_wconf 82' lang='lat' dir='ltr'><strong>divisione</strong></span> <span class='ocrx_word' id='word_1_449' title='bbox 1382 5080 1396 5104; x_wconf 93' lang='lat'><strong>,</strong></span> <span class='ocrx_word' id='word_1_450' title='bbox 1424 5041 1497 5091; x_wconf 86' lang='lat' dir='ltr'><strong>ita</strong></span> <span class='ocrx_word' id='word_1_451' title='bbox 1526 5049 1583 5091; x_wconf 87' lang='lat' dir='ltr'><strong>ut</strong></span> <span class='ocrx_word' id='word_1_452' title='bbox 1611 5042 1729 5093; x_wconf 82' lang='lat' dir='ltr'><strong>nul-</strong></span> 
     </span>
    </p>
   </div>
   <div class='ocr_carea' id='block_1_66' title="bbox 186 5128 1738 5197">
    <p class='ocr_par' dir='ltr' id='par_1_66' title="bbox 186 5128 1738 5197">
     <span class='ocr_line' id='line_1_66' title="bbox 186 5128 1738 5197; baseline 0.008 -24"><span class='ocrx_word' id='word_1_453' title='bbox 186 5128 257 5178; x_wconf 81' lang='lat' dir='ltr'><strong>lus</strong></span> <span class='ocrx_word' id='word_1_454' title='bbox 282 5129 548 5193; x_wconf 81' lang='lat' dir='ltr'><strong>episcOpus</strong></span> <span class='ocrx_word' id='word_1_455' title='bbox 578 5128 724 5181; x_wconf 78' lang='lat' dir='ltr'><strong>ultra</strong></span> <span class='ocrx_word' id='word_1_456' title='bbox 748 5129 1015 5197; x_wconf 85' lang='lat' dir='ltr'><strong>prapriam</strong></span> <span class='ocrx_word' id='word_1_457' title='bbox 1044 5130 1303 5184; x_wconf 71' lang='lat' dir='ltr'><strong>diacesim</strong></span> <span class='ocrx_word' id='word_1_458' title='bbox 1334 5131 1529 5185; x_wconf 78' lang='lat' dir='ltr'><strong>alienas</strong></span> <span class='ocrx_word' id='word_1_459' title='bbox 1554 5130 1738 5187; x_wconf 85' lang='lat' dir='ltr'><strong>Eccle-</strong></span> 
     </span>
    </p>
   </div>
   <div class='ocr_carea' id='block_1_67' title="bbox 186 5213 1737 5289">
    <p class='ocr_par' dir='ltr' id='par_1_67' title="bbox 186 5213 1737 5289">
     <span class='ocr_line' id='line_1_67' title="bbox 186 5213 1737 5289; baseline 0.008 -24"><span class='ocrx_word' id='word_1_460' title='bbox 186 5216 280 5265; x_wconf 65' lang='lat' dir='ltr'><strong>sias</strong></span> <span class='ocrx_word' id='word_1_461' title='bbox 308 5215 595 5270; x_wconf 73' lang='lat' dir='ltr'><strong>invaderet.</strong></span> <span class='ocrx_word' id='word_1_462' title='bbox 631 5213 699 5266; x_wconf 81' lang='lat' dir='ltr'><strong>Id</strong></span> <span class='ocrx_word' id='word_1_463' title='bbox 728 5234 864 5269; x_wconf 76' lang='lat' dir='ltr'><strong>enim</strong></span> <span class='ocrx_word' id='word_1_464' title='bbox 903 5228 1055 5271; x_wconf 84' lang='lat' dir='ltr'><strong>antea</strong></span> <span class='ocrx_word' id='word_1_465' title='bbox 1085 5230 1285 5289; x_wconf 78' lang='lat' dir='ltr'><strong>propter</strong></span> <span class='ocrx_word' id='word_1_466' title='bbox 1332 5220 1737 5289; x_wconf 77' lang='lat' dir='ltr'><strong>persecutionem</strong></span> 
     </span>
    </p>
   </div>
   <div class='ocr_carea' id='block_1_68' title="bbox 186 5308 1735 5382">
    <p class='ocr_par' dir='ltr' id='par_1_68' title="bbox 186 5308 1735 5382">
     <span class='ocr_line' id='line_1_68' title="bbox 186 5308 1735 5382; baseline 0.007 -25"><span class='ocrx_word' id='word_1_467' title='bbox 186 5308 459 5370; x_wconf 84' lang='lat' dir='ltr'><strong>prorniscue</strong></span> <span class='ocrx_word' id='word_1_468' title='bbox 491 5308 691 5377; x_wconf 78' lang='lat' dir='ltr'><strong>factum</strong></span> <span class='ocrx_word' id='word_1_469' title='bbox 735 5308 1029 5375; x_wconf 79' lang='lat' dir='ltr'><strong>fuerat.‘Ac</strong></span> <span class='ocrx_word' id='word_1_470' title='bbox 1061 5308 1365 5364; x_wconf 80' lang='lat' dir='ltr'><strong>Necturiunt</strong></span> <span class='ocrx_word' id='word_1_471' title='bbox 1405 5315 1610 5382; x_wconf 80' lang='lat' dir='ltr'><strong>quidem</strong></span> <span class='ocrx_word' id='word_1_472' title='bbox 1652 5331 1735 5369; x_wconf 85' lang='lat' dir='ltr'><strong>re-</strong></span> 
     </span>
    </p>
   </div>
   <div class='ocr_carea' id='block_1_69' title="bbox 186 5395 1735 5468">
    <p class='ocr_par' dir='ltr' id='par_1_69' title="bbox 186 5395 1735 5468">
     <span class='ocr_line' id='line_1_69' title="bbox 186 5395 1735 5468; baseline 0.007 -20"><span class='ocrx_word' id='word_1_473' title='bbox 186 5398 309 5461; x_wconf 78' lang='lat' dir='ltr'><strong>gium</strong></span> <span class='ocrx_word' id='word_1_474' title='bbox 363 5400 541 5451; x_wconf 82' lang='lat' dir='ltr'><strong>urbem</strong></span> <span class='ocrx_word' id='word_1_475' title='bbox 587 5410 634 5452; x_wconf 87' lang='lat' dir='ltr'><strong>et</strong></span> <span class='ocrx_word' id='word_1_476' title='bbox 686 5395 924 5452; x_wconf 75' lang='lat' dir='ltr'><strong>Thraciw</strong></span> <span class='ocrx_word' id='word_1_477' title='bbox 977 5399 1266 5468; x_wconf 78' lang='lat' dir='ltr'><strong>provincias</strong></span> <span class='ocrx_word' id='word_1_478' title='bbox 1315 5404 1554 5453; x_wconf 84' lang='lat' dir='ltr'><strong>sortitum</strong></span> <span class='ocrx_word' id='word_1_479' title='bbox 1587 5419 1735 5459; x_wconf 75' lang='lat' dir='ltr'><strong>esse:</strong></span> 
     </span>
    </p>
   </div>
   <div class='ocr_carea' id='block_1_70' title="bbox 193 5478 1729 5554">
    <p class='ocr_par' dir='ltr' id='par_1_70' title="bbox 193 5478 1729 5554">
     <span class='ocr_line' id='line_1_70' title="bbox 193 5478 1729 5554; baseline 0.009 -27"><span class='ocrx_word' id='word_1_480' title='bbox 193 5478 484 5533; x_wconf 68' lang='lat' dir='ltr'><strong>llelladium</strong></span> <span class='ocrx_word' id='word_1_481' title='bbox 514 5498 655 5547; x_wconf 73' lang='lat' dir='ltr'><strong>vero,</strong></span> <span class='ocrx_word' id='word_1_482' title='bbox 682 5482 773 5549; x_wconf 85' lang='lat' dir='ltr'><strong>qui</strong></span> <span class='ocrx_word' id='word_1_483' title='bbox 805 5481 1054 5535; x_wconf 72' lang='lat' dir='ltr'><strong>Ca&#39;saretu</strong></span> <span class='ocrx_word' id='word_1_484' title='bbox 1076 5484 1421 5550; x_wconf 76' lang='lat' dir='ltr'><strong>Cappadocia:</strong></span> <span class='ocrx_word' id='word_1_485' title='bbox 1442 5498 1553 5554; x_wconf 85' lang='lat' dir='ltr'><strong>post</strong></span> <span class='ocrx_word' id='word_1_486' title='bbox 1581 5486 1729 5541; x_wconf 83' lang='lat' dir='ltr'><strong>Basi-</strong></span> 
     </span>
    </p>
   </div>
   <div class='ocr_carea' id='block_1_71' title="bbox 189 5566 1728 5643">
    <p class='ocr_par' dir='ltr' id='par_1_71' title="bbox 189 5566 1728 5643">
     <span class='ocr_line' id='line_1_71' title="bbox 189 5566 1728 5643; baseline 0.009 -27"><span class='ocrx_word' id='word_1_487' title='bbox 189 5566 302 5622; x_wconf 76' lang='lat' dir='ltr'><strong>lmnt</strong></span> <span class='ocrx_word' id='word_1_488' title='bbox 332 5582 439 5624; x_wconf 89' lang='lat' dir='ltr'><strong>erat</strong></span> <span class='ocrx_word' id='word_1_489' title='bbox 473 5572 773 5640; x_wconf 83' lang='lat' dir='ltr'><strong>episcopus,</strong></span> <span class='ocrx_word' id='word_1_490' title='bbox 804 5570 1037 5625; x_wconf 70' lang='lat' dir='ltr'><strong>Pontira:</strong></span> <span class='ocrx_word' id='word_1_491' title='bbox 1059 5572 1288 5628; x_wconf 51' lang='lat' dir='ltr'><strong>dioecesi:</strong></span> <span class='ocrx_word' id='word_1_492' title='bbox 1315 5575 1728 5643; x_wconf 82' lang='lat' dir='ltr'><strong>patriurchatum</strong></span> 
     </span>
    </p>
   </div>
   <div class='ocr_carea' id='block_1_72' title="bbox 253 5795 610 5865">
    <p class='ocr_par' dir='ltr' id='par_1_72' title="bbox 253 5795 610 5865">
     <span class='ocr_line' id='line_1_72' title="bbox 253 5795 610 5865; baseline 0.006 -19"><span class='ocrx_word' id='word_1_493' title='bbox 253 5795 321 5860; x_wconf 77' lang='grc' dir='ltr'><strong>(α)</strong></span> <span class='ocrx_word' id='word_1_494' title='bbox 363 5795 454 5865; x_wconf 83' lang='lat' dir='ltr'><strong>Ep.</strong></span> <span class='ocrx_word' id='word_1_495' title='bbox 484 5797 610 5850; x_wconf 70' lang='grc'><strong>⁸217.</strong></span> 
     </span>
    </p>
   </div>
   <div class='ocr_carea' id='block_1_73' title="bbox 252 5865 1012 5935">
    <p class='ocr_par' dir='ltr' id='par_1_73' title="bbox 252 5865 1012 5935">
     <span class='ocr_line' id='line_1_73' title="bbox 252 5865 1012 5935; baseline -0.013 -11"><span class='ocrx_word' id='word_1_496' title='bbox 252 5867 319 5935; x_wconf 61' lang='grc' dir='ltr'><strong>(ἢ)</strong></span> <span class='ocrx_word' id='word_1_497' title='bbox 356 5866 563 5927; x_wconf 83' lang='lat' dir='ltr'><strong>Socrat.</strong></span> <span class='ocrx_word' id='word_1_498' title='bbox 599 5867 692 5922; x_wconf 88' lang='lat' dir='ltr'><strong>lib.</strong></span> <span class='ocrx_word' id='word_1_499' title='bbox 730 5880 826 5931; x_wconf 69' lang='lat' dir='ltr'><strong>vn,</strong></span> <span class='ocrx_word' id='word_1_500' title='bbox 859 5882 903 5917; x_wconf 63' lang='grc' dir='ltr'><strong>(ι.</strong></span> <span class='ocrx_word' id='word_1_501' title='bbox 932 5865 1012 5919; x_wconf 58' lang='lat'><strong>$3.</strong></span> 
     </span>
    </p>
   </div>
   <div class='ocr_carea' id='block_1_74' title="bbox 1838 2024 3404 2098">
    <p class='ocr_par' dir='ltr' id='par_1_74' title="bbox 1838 2024 3404 2098">
     <span class='ocr_line' id='line_1_74' title="bbox 1838 2024 3404 2098; baseline 0.003 -20"><span class='ocrx_word' id='word_1_502' title='bbox 1838 2024 2046 2079; x_wconf 89' lang='lat' dir='ltr'><strong>stitisse</strong></span> <span class='ocrx_word' id='word_1_503' title='bbox 2081 2026 2500 2095; x_wconf 80' lang='lat' dir='ltr'><strong>metmpolitani.</strong></span> <span class='ocrx_word' id='word_1_504' title='bbox 2520 2025 2580 2079; x_wconf 76' lang='grc' dir='ltr'><strong>2ο</strong></span> <span class='ocrx_word' id='word_1_505' title='bbox 2599 2025 2935 2097; x_wconf 83' lang='lat' dir='ltr'><strong>Pr0positunt</strong></span> <span class='ocrx_word' id='word_1_506' title='bbox 2970 2043 3075 2083; x_wconf 92' lang='lat' dir='ltr'><strong>non</strong></span> <span class='ocrx_word' id='word_1_507' title='bbox 3099 2036 3218 2084; x_wconf 90' lang='lat' dir='ltr'><strong>erat</strong></span> <span class='ocrx_word' id='word_1_508' title='bbox 3245 2042 3404 2098; x_wconf 80' lang='lat' dir='ltr'><strong>syno-</strong></span> 
     </span>
    </p>
   </div>
   <div class='ocr_carea' id='block_1_75' title="bbox 1836 2115 3404 2190">
    <p class='ocr_par' dir='ltr' id='par_1_75' title="bbox 1836 2115 3404 2190">
     <span class='ocr_line' id='line_1_75' title="bbox 1836 2115 3404 2190; baseline 0.004 -21"><span class='ocrx_word' id='word_1_509' title='bbox 1836 2115 1905 2169; x_wconf 92' lang='lat' dir='ltr'><strong>do</strong></span> <span class='ocrx_word' id='word_1_510' title='bbox 1953 2116 2003 2169; x_wconf 93' lang='lat' dir='ltr'><strong>in</strong></span> <span class='ocrx_word' id='word_1_511' title='bbox 2057 2115 2157 2170; x_wconf 89' lang='lat' dir='ltr'><strong>hoc</strong></span> <span class='ocrx_word' id='word_1_512' title='bbox 2202 2118 2437 2171; x_wconf 89' lang='lat' dir='ltr'><strong>secundo</strong></span> <span class='ocrx_word' id='word_1_513' title='bbox 2475 2132 2681 2174; x_wconf 87' lang='lat' dir='ltr'><strong>canone</strong></span> <span class='ocrx_word' id='word_1_514' title='bbox 2732 2119 2799 2173; x_wconf 91' lang='lat' dir='ltr'><strong>de</strong></span> <span class='ocrx_word' id='word_1_515' title='bbox 2854 2120 3018 2174; x_wconf 79' lang='lat' dir='ltr'><strong>variis</strong></span> <span class='ocrx_word' id='word_1_516' title='bbox 3062 2121 3113 2175; x_wconf 92' lang='lat' dir='ltr'><strong>in</strong></span> <span class='ocrx_word' id='word_1_517' title='bbox 3162 2136 3404 2190; x_wconf 84' lang='lat' dir='ltr'><strong>unaqua-</strong></span> 
     </span>
    </p>
   </div>
   <div class='ocr_carea' id='block_1_76' title="bbox 1836 2209 3404 2284">
    <p class='ocr_par' dir='ltr' id='par_1_76' title="bbox 1836 2209 3404 2284">
     <span class='ocr_line' id='line_1_76' title="bbox 1836 2209 3404 2284; baseline 0.006 -26"><span class='ocrx_word' id='word_1_518' title='bbox 1836 2223 1943 2279; x_wconf 89' lang='lat' dir='ltr'><strong>quc</strong></span> <span class='ocrx_word' id='word_1_519' title='bbox 1984 2209 2203 2263; x_wconf 85' lang='lat' dir='ltr'><strong>dioecesi</strong></span> <span class='ocrx_word' id='word_1_520' title='bbox 2232 2210 2555 2279; x_wconf 74' lang='lat' dir='ltr'><strong>dignitatum</strong></span> <span class='ocrx_word' id='word_1_521' title='bbox 2585 2212 2836 2278; x_wconf 85' lang='lat' dir='ltr'><strong>gradibus</strong></span> <span class='ocrx_word' id='word_1_522' title='bbox 2863 2222 3131 2268; x_wconf 82' lang='lat' dir='ltr'><strong>statuere:</strong></span> <span class='ocrx_word' id='word_1_523' title='bbox 3160 2213 3253 2268; x_wconf 89' lang='lat' dir='ltr'><strong>sed</strong></span> <span class='ocrx_word' id='word_1_524' title='bbox 3281 2230 3404 2284; x_wconf 89' lang='lat' dir='ltr'><strong>pro-</strong></span> 
     </span>
    </p>
   </div>
   <div class='ocr_carea' id='block_1_77' title="bbox 1840 2298 3400 2372">
    <p class='ocr_par' dir='ltr' id='par_1_77' title="bbox 1840 2298 3400 2372">
     <span class='ocr_line' id='line_1_77' title="bbox 1840 2298 3400 2372; baseline 0.006 -21"><span class='ocrx_word' id='word_1_525' title='bbox 1840 2298 2022 2351; x_wconf 87' lang='lat' dir='ltr'><strong>hibere</strong></span> <span class='ocrx_word' id='word_1_526' title='bbox 2052 2312 2119 2353; x_wconf 87' lang='lat' dir='ltr'><strong>ne</strong></span> <span class='ocrx_word' id='word_1_527' title='bbox 2158 2298 2212 2351; x_wconf 93' lang='lat' dir='ltr'><strong>in</strong></span> <span class='ocrx_word' id='word_1_528' title='bbox 2267 2300 2471 2355; x_wconf 88' lang='lat' dir='ltr'><strong>alienas</strong></span> <span class='ocrx_word' id='word_1_529' title='bbox 2521 2300 2786 2357; x_wconf 80' lang='lat' dir='ltr'><strong>diteceses</strong></span> <span class='ocrx_word' id='word_1_530' title='bbox 2825 2302 3104 2372; x_wconf 86' lang='lat' dir='ltr'><strong>quisquam</strong></span> <span class='ocrx_word' id='word_1_531' title='bbox 3142 2319 3263 2359; x_wconf 87' lang='lat' dir='ltr'><strong>sese</strong></span> <span class='ocrx_word' id='word_1_532' title='bbox 3300 2306 3400 2359; x_wconf 89' lang='lat' dir='ltr'><strong>ob-</strong></span> 
     </span>
    </p>
   </div>
   <div class='ocr_carea' id='block_1_78' title="bbox 1840 2389 3399 2460">
    <p class='ocr_par' dir='ltr' id='par_1_78' title="bbox 1840 2389 3399 2460">
     <span class='ocr_line' id='line_1_78' title="bbox 1840 2389 3399 2460; baseline 0.006 -19"><span class='ocrx_word' id='word_1_533' title='bbox 1840 2391 2093 2443; x_wconf 90' lang='lat' dir='ltr'><strong>truderet.</strong></span> <span class='ocrx_word' id='word_1_534' title='bbox 2138 2389 2234 2445; x_wconf 89' lang='lat' dir='ltr'><strong>Cui</strong></span> <span class='ocrx_word' id='word_1_535' title='bbox 2265 2393 2481 2460; x_wconf 90' lang='lat' dir='ltr'><strong>quidem</strong></span> <span class='ocrx_word' id='word_1_536' title='bbox 2515 2396 2707 2447; x_wconf 90' lang='lat' dir='ltr'><strong>canonl</strong></span> <span class='ocrx_word' id='word_1_537' title='bbox 2747 2410 2851 2449; x_wconf 91' lang='lat' dir='ltr'><strong>non</strong></span> <span class='ocrx_word' id='word_1_538' title='bbox 2888 2396 3131 2449; x_wconf 78' lang='lat' dir='ltr'><strong>videntur</strong></span> <span class='ocrx_word' id='word_1_539' title='bbox 3154 2395 3399 2451; x_wconf 78' lang='lat' dir='ltr'><strong>occasio-</strong></span> 
     </span>
    </p>
   </div>
   <div class='ocr_carea' id='block_1_79' title="bbox 1838 2473 3399 2549">
    <p class='ocr_par' dir='ltr' id='par_1_79' title="bbox 1838 2473 3399 2549">
     <span class='ocr_line' id='line_1_79' title="bbox 1838 2473 3399 2549; baseline 0.006 -23"><span class='ocrx_word' id='word_1_540' title='bbox 1838 2489 1956 2527; x_wconf 87' lang='lat' dir='ltr'><strong>nem</strong></span> <span class='ocrx_word' id='word_1_541' title='bbox 1988 2473 2202 2529; x_wconf 86' lang='lat' dir='ltr'><strong>dedisse</strong></span> <span class='ocrx_word' id='word_1_542' title='bbox 2241 2476 2611 2533; x_wconf 84' lang='lat' dir='ltr'><strong>ordinationes</strong></span> <span class='ocrx_word' id='word_1_543' title='bbox 2656 2480 3047 2547; x_wconf 82' lang='lat' dir='ltr'><strong>persecutionis</strong></span> <span class='ocrx_word' id='word_1_544' title='bbox 3094 2489 3329 2549; x_wconf 86' lang='lat' dir='ltr'><strong>tempore</strong></span> <span class='ocrx_word' id='word_1_545' title='bbox 3367 2494 3399 2535; x_wconf 83' lang='lat' dir='ltr'><strong>a</strong></span> 
     </span>
    </p>
   </div>
   <div class='ocr_carea' id='block_1_80' title="bbox 1838 2564 3403 2639">
    <p class='ocr_par' dir='ltr' id='par_1_80' title="bbox 1838 2564 3403 2639">
     <span class='ocr_line' id='line_1_80' title="bbox 1838 2564 3403 2639; baseline 0.006 -22"><span class='ocrx_word' id='word_1_546' title='bbox 1838 2564 1895 2620; x_wconf 89' lang='lat' dir='ltr'><strong>S.</strong></span> <span class='ocrx_word' id='word_1_547' title='bbox 1949 2564 2177 2619; x_wconf 79' lang='lat' dir='ltr'><strong>Eusebio</strong></span> <span class='ocrx_word' id='word_1_548' title='bbox 2220 2575 2275 2620; x_wconf 89' lang='lat' dir='ltr'><strong><em>et</em></strong></span> <span class='ocrx_word' id='word_1_549' title='bbox 2322 2568 2441 2621; x_wconf 86' lang='lat' dir='ltr'><strong>aliis</strong></span> <span class='ocrx_word' id='word_1_550' title='bbox 2488 2570 2748 2637; x_wconf 87' lang='lat' dir='ltr'><strong>ejusmodi</strong></span> <span class='ocrx_word' id='word_1_551' title='bbox 2780 2572 3240 2639; x_wconf 67' lang='lat' dir='ltr'><strong>praestantissimis</strong></span> <span class='ocrx_word' id='word_1_552' title='bbox 3272 2573 3403 2627; x_wconf 82' lang='lat' dir='ltr'><strong>viris</strong></span> 
     </span>
    </p>
   </div>
   <div class='ocr_carea' id='block_1_81' title="bbox 1836 2655 3395 2734">
    <p class='ocr_par' dir='ltr' id='par_1_81' title="bbox 1836 2655 3395 2734">
     <span class='ocr_line' id='line_1_81' title="bbox 1836 2655 3395 2734; baseline 0.006 -25"><span class='ocrx_word' id='word_1_553' title='bbox 1836 2655 2026 2724; x_wconf 69' lang='lat' dir='ltr'><strong>facite;</strong></span> <span class='ocrx_word' id='word_1_554' title='bbox 2064 2658 2157 2712; x_wconf 92' lang='lat' dir='ltr'><strong>scd</strong></span> <span class='ocrx_word' id='word_1_555' title='bbox 2201 2660 2377 2727; x_wconf 88' lang='lat' dir='ltr'><strong>potius</strong></span> <span class='ocrx_word' id='word_1_556' title='bbox 2406 2658 2678 2729; x_wconf 87' lang='lat' dir='ltr'><strong>illegitima</strong></span> <span class='ocrx_word' id='word_1_557' title='bbox 2720 2659 2935 2715; x_wconf 78' lang='lat' dir='ltr'><strong>Maximi</strong></span> <span class='ocrx_word' id='word_1_558' title='bbox 2978 2678 3075 2732; x_wconf 89' lang='lat' dir='ltr'><strong>per</strong></span> <span class='ocrx_word' id='word_1_559' title='bbox 3114 2663 3395 2734; x_wconf 86' lang='lat' dir='ltr'><strong>episcopos</strong></span> 
     </span>
    </p>
   </div>
   <div class='ocr_carea' id='block_1_82' title="bbox 1840 2748 2991 2808">
    <p class='ocr_par' dir='ltr' id='par_1_82' title="bbox 1840 2748 2991 2808">
     <span class='ocr_line' id='line_1_82' title="bbox 1840 2748 2991 2808; baseline 0.004 -5"><span class='ocrx_word' id='word_1_560' title='bbox 1840 2765 1868 2803; x_wconf 92' lang='lat' dir='ltr'><strong>a</strong></span> <span class='ocrx_word' id='word_1_561' title='bbox 1903 2749 2060 2805; x_wconf 83' lang='lat' dir='ltr'><strong>Petro</strong></span> <span class='ocrx_word' id='word_1_562' title='bbox 2085 2748 2454 2805; x_wconf 80' lang='lat' dir='ltr'><strong>Alexandrino</strong></span> <span class='ocrx_word' id='word_1_563' title='bbox 2487 2751 2682 2807; x_wconf 90' lang='lat' dir='ltr'><strong>missos</strong></span> <span class='ocrx_word' id='word_1_564' title='bbox 2704 2752 2991 2808; x_wconf 90' lang='lat' dir='ltr'><strong>ordinatio.</strong></span> 
     </span>
    </p>
   </div>
   <div class='ocr_carea' id='block_1_83' title="bbox 1915 2839 3400 2911">
    <p class='ocr_par' dir='ltr' id='par_1_83' title="bbox 1915 2839 3400 2911">
     <span class='ocr_line' id='line_1_83' title="bbox 1915 2839 3400 2911; baseline 0.006 -20"><span class='ocrx_word' id='word_1_565' title='bbox 1915 2839 2064 2906; x_wconf 88' lang='lat' dir='ltr'><strong>Quod</strong></span> <span class='ocrx_word' id='word_1_566' title='bbox 2093 2847 2302 2908; x_wconf 84' lang='lat' dir='ltr'><strong>spectat</strong></span> <span class='ocrx_word' id='word_1_567' title='bbox 2332 2840 2396 2893; x_wconf 86' lang='lat' dir='ltr'><strong>ad</strong></span> <span class='ocrx_word' id='word_1_568' title='bbox 2426 2839 2738 2906; x_wconf 87' lang='lat' dir='ltr'><strong>Socratem;</strong></span> <span class='ocrx_word' id='word_1_569' title='bbox 2769 2852 2911 2897; x_wconf 90' lang='lat' dir='ltr'><strong>totus</strong></span> <span class='ocrx_word' id='word_1_570' title='bbox 2938 2852 3087 2897; x_wconf 88' lang='lat' dir='ltr'><strong>errat</strong></span> <span class='ocrx_word' id='word_1_571' title='bbox 3114 2844 3217 2900; x_wconf 89' lang='lat' dir='ltr'><strong>hoc</strong></span> <span class='ocrx_word' id='word_1_572' title='bbox 3247 2842 3364 2900; x_wconf 89' lang='lat' dir='ltr'><strong>loco</strong></span> <span class='ocrx_word' id='word_1_573' title='bbox 3384 2887 3400 2911; x_wconf 93' lang='lat'><strong>,</strong></span> 
     </span>
    </p>
   </div>
   <div class='ocr_carea' id='block_1_84' title="bbox 1837 2930 3401 3001">
    <p class='ocr_par' dir='ltr' id='par_1_84' title="bbox 1837 2930 3401 3001">
     <span class='ocr_line' id='line_1_84' title="bbox 1837 2930 3401 3001; baseline 0.002 -16"><span class='ocrx_word' id='word_1_574' title='bbox 1837 2937 1891 2985; x_wconf 91' lang='lat' dir='ltr'><strong><em>et</em></strong></span> <span class='ocrx_word' id='word_1_575' title='bbox 1918 2946 2036 2985; x_wconf 89' lang='lat' dir='ltr'><strong>cum</strong></span> <span class='ocrx_word' id='word_1_576' title='bbox 2084 2930 2319 2985; x_wconf 90' lang='lat' dir='ltr'><strong>secundo</strong></span> <span class='ocrx_word' id='word_1_577' title='bbox 2370 2946 2577 2986; x_wconf 90' lang='lat' dir='ltr'><strong>canone</strong></span> <span class='ocrx_word' id='word_1_578' title='bbox 2628 2932 2909 2987; x_wconf 80' lang='lat' dir='ltr'><strong>confundit</strong></span> <span class='ocrx_word' id='word_1_579' title='bbox 2963 2934 3108 2988; x_wconf 90' lang='lat' dir='ltr'><strong>aliud</strong></span> <span class='ocrx_word' id='word_1_580' title='bbox 3160 2934 3401 3001; x_wconf 90' lang='lat' dir='ltr'><strong>ejusdem</strong></span> 
     </span>
    </p>
   </div>
   <div class='ocr_carea' id='block_1_85' title="bbox 1837 3021 3401 3095">
    <p class='ocr_par' dir='ltr' id='par_1_85' title="bbox 1837 3021 3401 3095">
     <span class='ocr_line' id='line_1_85' title="bbox 1837 3021 3401 3095; baseline 0.002 -21"><span class='ocrx_word' id='word_1_581' title='bbox 1837 3021 2024 3093; x_wconf 81' lang='lat' dir='ltr'><strong>synodi</strong></span> <span class='ocrx_word' id='word_1_582' title='bbox 2065 3022 2366 3090; x_wconf 89' lang='lat' dir='ltr'><strong>decretum,</strong></span> <span class='ocrx_word' id='word_1_583' title='bbox 2396 3036 2546 3092; x_wconf 64' lang='lat' dir='ltr'><strong>quae,</strong></span> <span class='ocrx_word' id='word_1_584' title='bbox 2580 3033 2639 3077; x_wconf 92' lang='lat' dir='ltr'><strong>ut</strong></span> <span class='ocrx_word' id='word_1_585' title='bbox 2675 3024 2887 3079; x_wconf 88' lang='lat' dir='ltr'><strong>tandem</strong></span> <span class='ocrx_word' id='word_1_586' title='bbox 2914 3024 3205 3095; x_wconf 86' lang='lat' dir='ltr'><strong>aliquando</strong></span> <span class='ocrx_word' id='word_1_587' title='bbox 3230 3024 3401 3079; x_wconf 67' lang='lat' dir='ltr'><strong>haere-</strong></span> 
     </span>
    </p>
   </div>
   <div class='ocr_carea' id='block_1_86' title="bbox 1841 3114 3403 3190">
    <p class='ocr_par' dir='ltr' id='par_1_86' title="bbox 1841 3114 3403 3190">
     <span class='ocr_line' id='line_1_86' title="bbox 1841 3114 3403 3190; baseline 0 -23"><span class='ocrx_word' id='word_1_588' title='bbox 1841 3114 1928 3167; x_wconf 90' lang='lat' dir='ltr'><strong>tici</strong></span> <span class='ocrx_word' id='word_1_589' title='bbox 1956 3124 2369 3169; x_wconf 83' lang='lat' dir='ltr'><strong>secernerentur</strong></span> <span class='ocrx_word' id='word_1_590' title='bbox 2393 3130 2421 3167; x_wconf 89' lang='lat' dir='ltr'><strong>a</strong></span> <span class='ocrx_word' id='word_1_591' title='bbox 2457 3115 2757 3179; x_wconf 87' lang='lat' dir='ltr'><strong>catholicis,</strong></span> <span class='ocrx_word' id='word_1_592' title='bbox 2783 3125 2964 3170; x_wconf 84' lang='lat' dir='ltr'><strong>centra</strong></span> <span class='ocrx_word' id='word_1_593' title='bbox 2990 3116 3231 3190; x_wconf 70' lang='lat' dir='ltr'><strong>qumdam</strong></span> <span class='ocrx_word' id='word_1_594' title='bbox 3255 3130 3403 3169; x_wconf 83' lang='lat' dir='ltr'><strong>cont-</strong></span> 
     </span>
    </p>
   </div>
   <div class='ocr_carea' id='block_1_87' title="bbox 1840 3203 3404 3276">
    <p class='ocr_par' dir='ltr' id='par_1_87' title="bbox 1840 3203 3404 3276">
     <span class='ocr_line' id='line_1_87' title="bbox 1840 3203 3404 3276; baseline 0.001 -19"><span class='ocrx_word' id='word_1_595' title='bbox 1840 3203 2108 3257; x_wconf 88' lang='lat' dir='ltr'><strong>tnnnionis</strong></span> <span class='ocrx_word' id='word_1_596' title='bbox 2153 3203 2387 3258; x_wconf 87' lang='lat' dir='ltr'><strong>instituit</strong></span> <span class='ocrx_word' id='word_1_597' title='bbox 2413 3204 2464 3258; x_wconf 94' lang='lat' dir='ltr'><strong>in</strong></span> <span class='ocrx_word' id='word_1_598' title='bbox 2501 3204 2727 3276; x_wconf 84' lang='lat' dir='ltr'><strong>singulis</strong></span> <span class='ocrx_word' id='word_1_599' title='bbox 2777 3207 3140 3271; x_wconf 65' lang='lat' dir='ltr'><strong>dioecesibus,</strong></span> <span class='ocrx_word' id='word_1_600' title='bbox 3189 3214 3245 3259; x_wconf 93' lang='lat' dir='ltr'><strong>et</strong></span> <span class='ocrx_word' id='word_1_601' title='bbox 3280 3219 3404 3275; x_wconf 79' lang='lat' dir='ltr'><strong>spe—</strong></span> 
     </span>
    </p>
   </div>
   <div class='ocr_carea' id='block_1_88' title="bbox 1834 3296 3397 3369">
    <p class='ocr_par' dir='ltr' id='par_1_88' title="bbox 1834 3296 3397 3369">
     <span class='ocr_line' id='line_1_88' title="bbox 1834 3296 3397 3369; baseline 0.001 -20"><span class='ocrx_word' id='word_1_602' title='bbox 1834 3298 2163 3351; x_wconf 75' lang='lat' dir='ltr'><strong>cmtissimos</strong></span> <span class='ocrx_word' id='word_1_603' title='bbox 2187 3296 2464 3367; x_wconf 89' lang='lat' dir='ltr'><strong>episcopos</strong></span> <span class='ocrx_word' id='word_1_604' title='bbox 2489 3297 2668 3367; x_wconf 89' lang='lat' dir='ltr'><strong>elegit,</strong></span> <span class='ocrx_word' id='word_1_605' title='bbox 2698 3298 3013 3368; x_wconf 89' lang='lat' dir='ltr'><strong>quibuscum</strong></span> <span class='ocrx_word' id='word_1_606' title='bbox 3035 3302 3125 3369; x_wconf 90' lang='lat' dir='ltr'><strong>qui</strong></span> <span class='ocrx_word' id='word_1_607' title='bbox 3151 3312 3397 3353; x_wconf 89' lang='lat' dir='ltr'><strong>commu-</strong></span> 
     </span>
    </p>
   </div>
   <div class='ocr_carea' id='block_1_89' title="bbox 1835 3390 3403 3459">
    <p class='ocr_par' dir='ltr' id='par_1_89' title="bbox 1835 3390 3403 3459">
     <span class='ocr_line' id='line_1_89' title="bbox 1835 3390 3403 3459; baseline 0.002 -16"><span class='ocrx_word' id='word_1_608' title='bbox 1835 3391 2116 3457; x_wconf 67' lang='lat' dir='ltr'><strong>nicarent,</strong></span> <span class='ocrx_word' id='word_1_609' title='bbox 2162 3404 2256 3446; x_wconf 89' lang='lat' dir='ltr'><strong>eos</strong></span> <span class='ocrx_word' id='word_1_610' title='bbox 2295 3405 2391 3459; x_wconf 91' lang='lat' dir='ltr'><strong>pro</strong></span> <span class='ocrx_word' id='word_1_611' title='bbox 2444 3390 2724 3444; x_wconf 86' lang='lat' dir='ltr'><strong>catholicis</strong></span> <span class='ocrx_word' id='word_1_612' title='bbox 2768 3391 2955 3445; x_wconf 83' lang='lat' dir='ltr'><strong>haberi</strong></span> <span class='ocrx_word' id='word_1_613' title='bbox 3000 3391 3189 3455; x_wconf 76' lang='lat' dir='ltr'><strong>voluit,</strong></span> <span class='ocrx_word' id='word_1_614' title='bbox 3244 3404 3403 3447; x_wconf 81' lang='lat' dir='ltr'><strong>secus</strong></span> 
     </span>
    </p>
   </div>
   <div class='ocr_carea' id='block_1_90' title="bbox 1835 3480 3396 3545">
    <p class='ocr_par' dir='ltr' id='par_1_90' title="bbox 1835 3480 3396 3545">
     <span class='ocr_line' id='line_1_90' title="bbox 1835 3480 3396 3545; baseline 0.003 -14"><span class='ocrx_word' id='word_1_615' title='bbox 1835 3496 1982 3545; x_wconf 70' lang='lat' dir='ltr'><strong>vero,</strong></span> <span class='ocrx_word' id='word_1_616' title='bbox 2015 3481 2058 3533; x_wconf 87' lang='lat' dir='ltr'><strong>si</strong></span> <span class='ocrx_word' id='word_1_617' title='bbox 2094 3494 2279 3534; x_wconf 88' lang='lat' dir='ltr'><strong>eorum</strong></span> <span class='ocrx_word' id='word_1_618' title='bbox 2315 3490 2563 3535; x_wconf 86' lang='lat' dir='ltr'><strong>carerent</strong></span> <span class='ocrx_word' id='word_1_619' title='bbox 2586 3480 2985 3537; x_wconf 89' lang='lat' dir='ltr'><strong>communione.</strong></span> <span class='ocrx_word' id='word_1_620' title='bbox 3018 3482 3097 3536; x_wconf 78' lang='lat' dir='ltr'><strong>Ad</strong></span> <span class='ocrx_word' id='word_1_621' title='bbox 3123 3482 3396 3537; x_wconf 89' lang='lat' dir='ltr'><strong>decretum</strong></span> 
     </span>
    </p>
   </div>
   <div class='ocr_carea' id='block_1_91' title="bbox 1833 3568 3400 3639">
    <p class='ocr_par' dir='ltr' id='par_1_91' title="bbox 1833 3568 3400 3639">
     <span class='ocr_line' id='line_1_91' title="bbox 1833 3568 3400 3639; baseline 0.003 -18"><span class='ocrx_word' id='word_1_622' title='bbox 1833 3570 2023 3637; x_wconf 89' lang='lat' dir='ltr'><strong>synodi</strong></span> <span class='ocrx_word' id='word_1_623' title='bbox 2065 3569 2291 3625; x_wconf 76' lang='lat' dir='ltr'><strong>accessit</strong></span> <span class='ocrx_word' id='word_1_624' title='bbox 2332 3569 2415 3624; x_wconf 74' lang='lat' dir='ltr'><strong>lex</strong></span> <span class='ocrx_word' id='word_1_625' title='bbox 2450 3568 2754 3634; x_wconf 88' lang='lat' dir='ltr'><strong>Theodosii,</strong></span> <span class='ocrx_word' id='word_1_626' title='bbox 2788 3586 2905 3639; x_wconf 73' lang='lat' dir='ltr'><strong>qua:</strong></span> <span class='ocrx_word' id='word_1_627' title='bbox 2943 3577 3121 3625; x_wconf 82' lang='lat' dir='ltr'><strong>exstat</strong></span> <span class='ocrx_word' id='word_1_628' title='bbox 3155 3570 3247 3625; x_wconf 82' lang='lat' dir='ltr'><strong>lib.</strong></span> <span class='ocrx_word' id='word_1_629' title='bbox 3308 3585 3400 3627; x_wconf 79' lang='lat' dir='ltr'><strong>xvr</strong></span> 
     </span>
    </p>
   </div>
   <div class='ocr_carea' id='block_1_92' title="bbox 1835 3657 3405 3730">
    <p class='ocr_par' dir='ltr' id='par_1_92' title="bbox 1835 3657 3405 3730">
     <span class='ocr_line' id='line_1_92' title="bbox 1835 3657 3405 3730; baseline 0.003 -18"><span class='ocrx_word' id='word_1_630' title='bbox 1835 3658 1969 3712; x_wconf 81' lang='lat' dir='ltr'><strong>Cod.</strong></span> <span class='ocrx_word' id='word_1_631' title='bbox 2013 3657 2239 3723; x_wconf 84' lang='lat' dir='ltr'><strong>Theod.,</strong></span> <span class='ocrx_word' id='word_1_632' title='bbox 2290 3660 2369 3713; x_wconf 91' lang='lat' dir='ltr'><strong>tit.</strong></span> <span class='ocrx_word' id='word_1_633' title='bbox 2402 3660 2453 3713; x_wconf 82' lang='lat' dir='ltr'><strong>l.</strong></span> <span class='ocrx_word' id='word_1_634' title='bbox 2506 3659 2613 3713; x_wconf 91' lang='lat' dir='ltr'><strong>Sed</strong></span> <span class='ocrx_word' id='word_1_635' title='bbox 2662 3673 2834 3729; x_wconf 88' lang='lat' dir='ltr'><strong>neque</strong></span> <span class='ocrx_word' id='word_1_636' title='bbox 2887 3658 2988 3714; x_wconf 87' lang='lat' dir='ltr'><strong>hac</strong></span> <span class='ocrx_word' id='word_1_637' title='bbox 3036 3658 3195 3728; x_wconf 84' lang='lat' dir='ltr'><strong>lege,</strong></span> <span class='ocrx_word' id='word_1_638' title='bbox 3229 3673 3405 3730; x_wconf 87' lang='lat' dir='ltr'><strong>neque</strong></span> 
     </span>
    </p>
   </div>
   <div class='ocr_carea' id='block_1_93' title="bbox 1833 3748 3403 3820">
    <p class='ocr_par' dir='ltr' id='par_1_93' title="bbox 1833 3748 3403 3820">
     <span class='ocr_line' id='line_1_93' title="bbox 1833 3748 3403 3820; baseline 0.004 -22"><span class='ocrx_word' id='word_1_639' title='bbox 1833 3750 2021 3801; x_wconf 84' lang='lat' dir='ltr'><strong>svnodi</strong></span> <span class='ocrx_word' id='word_1_640' title='bbox 2054 3748 2276 3801; x_wconf 88' lang='lat' dir='ltr'><strong>decreto</strong></span> <span class='ocrx_word' id='word_1_641' title='bbox 2305 3748 2515 3803; x_wconf 80' lang='lat' dir='ltr'><strong>videtur</strong></span> <span class='ocrx_word' id='word_1_642' title='bbox 2541 3748 2648 3803; x_wconf 83' lang='lat' dir='ltr'><strong>ulla</strong></span> <span class='ocrx_word' id='word_1_643' title='bbox 2677 3751 2940 3820; x_wconf 88' lang='lat' dir='ltr'><strong>episcopis</strong></span> <span class='ocrx_word' id='word_1_644' title='bbox 2967 3751 3220 3805; x_wconf 84' lang='lat' dir='ltr'><strong>attributa</strong></span> <span class='ocrx_word' id='word_1_645' title='bbox 3241 3750 3403 3818; x_wconf 84' lang='lat' dir='ltr'><strong>juris-</strong></span> 
     </span>
    </p>
   </div>
   <div class='ocr_carea' id='block_1_94' title="bbox 1835 3836 3399 3912">
    <p class='ocr_par' dir='ltr' id='par_1_94' title="bbox 1835 3836 3399 3912">
     <span class='ocr_line' id='line_1_94' title="bbox 1835 3836 3399 3912; baseline 0.007 -22"><span class='ocrx_word' id='word_1_646' title='bbox 1835 3837 2018 3891; x_wconf 89' lang='lat' dir='ltr'><strong>dictio.</strong></span> <span class='ocrx_word' id='word_1_647' title='bbox 2056 3836 2189 3892; x_wconf 86' lang='lat' dir='ltr'><strong>Nam</strong></span> <span class='ocrx_word' id='word_1_648' title='bbox 2220 3839 2515 3910; x_wconf 78' lang='lat' dir='ltr'><strong>Gregorius</strong></span> <span class='ocrx_word' id='word_1_649' title='bbox 2550 3840 2844 3912; x_wconf 78' lang='lat' dir='ltr'><strong>Nysscnus,</strong></span> <span class='ocrx_word' id='word_1_650' title='bbox 2875 3842 2964 3911; x_wconf 84' lang='lat' dir='ltr'><strong>qni</strong></span> <span class='ocrx_word' id='word_1_651' title='bbox 2996 3855 3177 3908; x_wconf 85' lang='lat' dir='ltr'><strong>parem</strong></span> <span class='ocrx_word' id='word_1_652' title='bbox 3201 3842 3303 3897; x_wconf 85' lang='lat' dir='ltr'><strong>sibi</strong></span> <span class='ocrx_word' id='word_1_653' title='bbox 3334 3856 3399 3901; x_wconf 84' lang='lat' dir='ltr'><strong>ac</strong></span> 
     </span>
    </p>
   </div>
   <div class='ocr_carea' id='block_1_95' title="bbox 1835 3927 3401 4004">
    <p class='ocr_par' dir='ltr' id='par_1_95' title="bbox 1835 3927 3401 4004">
     <span class='ocr_line' id='line_1_95' title="bbox 1835 3927 3401 4004; baseline 0.004 -23"><span class='ocrx_word' id='word_1_654' title='bbox 1835 3927 2080 3983; x_wconf 83' lang='lat' dir='ltr'><strong>llclladio</strong></span> <span class='ocrx_word' id='word_1_655' title='bbox 2105 3928 2425 3985; x_wconf 71' lang='lat' dir='ltr'><strong>Cmsariensi</strong></span> <span class='ocrx_word' id='word_1_656' title='bbox 2452 3932 2676 3986; x_wconf 90' lang='lat' dir='ltr'><strong>honoris</strong></span> <span class='ocrx_word' id='word_1_657' title='bbox 2698 3931 3110 4002; x_wconf 66' lang='lat' dir='ltr'><strong>praerogativam</strong></span> <span class='ocrx_word' id='word_1_658' title='bbox 3140 3948 3169 3985; x_wconf 89' lang='lat' dir='ltr'><strong>a</strong></span> <span class='ocrx_word' id='word_1_659' title='bbox 3197 3935 3401 4004; x_wconf 80' lang='lat' dir='ltr'><strong>synodo</strong></span> 
     </span>
    </p>
   </div>
   <div class='ocr_carea' id='block_1_96' title="bbox 1835 4018 3402 4093">
    <p class='ocr_par' dir='ltr' id='par_1_96' title="bbox 1835 4018 3402 4093">
     <span class='ocr_line' id='line_1_96' title="bbox 1835 4018 3402 4093; baseline 0.004 -21"><span class='ocrx_word' id='word_1_660' title='bbox 1835 4018 2061 4073; x_wconf 87' lang='lat' dir='ltr'><strong>delatam</strong></span> <span class='ocrx_word' id='word_1_661' title='bbox 2108 4030 2358 4087; x_wconf 87' lang='lat' dir='ltr'><strong>testatur,</strong></span> <span class='ocrx_word' id='word_1_662' title='bbox 2410 4022 2462 4076; x_wconf 92' lang='lat' dir='ltr'><strong>in</strong></span> <span class='ocrx_word' id='word_1_663' title='bbox 2494 4038 2600 4093; x_wconf 88' lang='lat' dir='ltr'><strong>quo</strong></span> <span class='ocrx_word' id='word_1_664' title='bbox 2656 4025 2863 4093; x_wconf 89' lang='lat' dir='ltr'><strong>positus</strong></span> <span class='ocrx_word' id='word_1_665' title='bbox 2900 4023 3063 4080; x_wconf 82' lang='lat' dir='ltr'><strong>fuerit</strong></span> <span class='ocrx_word' id='word_1_666' title='bbox 3106 4024 3193 4078; x_wconf 87' lang='lat' dir='ltr'><strong>ille</strong></span> <span class='ocrx_word' id='word_1_667' title='bbox 3225 4025 3402 4079; x_wconf 90' lang='lat' dir='ltr'><strong>honor</strong></span> 
     </span>
    </p>
   </div>
   <div class='ocr_carea' id='block_1_97' title="bbox 1833 4110 3404 4189">
    <p class='ocr_par' dir='ltr' id='par_1_97' title="bbox 1833 4110 3404 4189">
     <span class='ocr_line' id='line_1_97' title="bbox 1833 4110 3404 4189; baseline 0.004 -25"><span class='ocrx_word' id='word_1_668' title='bbox 1833 4110 2013 4176; x_wconf 72' lang='lat' dir='ltr'><strong>statim</strong></span> <span class='ocrx_word' id='word_1_669' title='bbox 2057 4113 2306 4181; x_wconf 83' lang='lat' dir='ltr'><strong>exponit,</strong></span> <span class='ocrx_word' id='word_1_670' title='bbox 2338 4114 2462 4168; x_wconf 92' lang='lat' dir='ltr'><strong>dum</strong></span> <span class='ocrx_word' id='word_1_671' title='bbox 2500 4117 2575 4169; x_wconf 89' lang='lat' dir='ltr'><strong>ait</strong></span> <span class='ocrx_word' id='word_1_672' title='bbox 2618 4114 2696 4187; x_wconf 78' lang='grc' dir='ltr'><strong>(ά)</strong></span> <span class='ocrx_word' id='word_1_673' title='bbox 2736 4135 2749 4170; x_wconf 90' lang='lat'><strong>:</strong></span> <span class='ocrx_word' id='word_1_674' title='bbox 2794 4116 2991 4187; x_wconf 79' lang='grc' dir='ltr'><strong>μᾶλλον</strong></span> <span class='ocrx_word' id='word_1_675' title='bbox 3029 4114 3087 4169; x_wconf 80' lang='grc' dir='ltr'><strong>δὲ</strong></span> <span class='ocrx_word' id='word_1_676' title='bbox 3124 4117 3404 4189; x_wconf 75' lang='grc' dir='ltr'><strong>ὴφροντὶς</strong></span> 
     </span>
    </p>
   </div>
   <div class='ocr_carea' id='block_1_98' title="bbox 1832 4202 3401 4279">
    <p class='ocr_par' dir='ltr' id='par_1_98' title="bbox 1832 4202 3401 4279">
     <span class='ocr_line' id='line_1_98' title="bbox 1832 4202 3401 4279; baseline 0.005 -24"><span class='ocrx_word' id='word_1_677' title='bbox 1832 4202 1932 4273; x_wconf 83' lang='grc' dir='ltr'><strong>τῆς</strong></span> <span class='ocrx_word' id='word_1_678' title='bbox 1982 4203 2091 4257; x_wconf 82' lang='grc' dir='ltr'><strong>τῶν</strong></span> <span class='ocrx_word' id='word_1_679' title='bbox 2143 4206 2336 4259; x_wconf 79' lang='grc' dir='ltr'><strong>κοινῶν</strong></span> <span class='ocrx_word' id='word_1_680' title='bbox 2380 4206 2717 4278; x_wconf 81' lang='grc' dir='ltr'><strong>διορθώσεως</strong></span> <span class='ocrx_word' id='word_1_681' title='bbox 2772 4208 2829 4261; x_wconf 80' lang='grc' dir='ltr'><strong>ὲν</strong></span> <span class='ocrx_word' id='word_1_682' title='bbox 2872 4208 2949 4279; x_wconf 79' lang='grc' dir='ltr'><strong>τῷ</strong></span> <span class='ocrx_word' id='word_1_683' title='bbox 2982 4208 3042 4261; x_wconf 83' lang='grc' dir='ltr'><strong>τὸ</strong></span> <span class='ocrx_word' id='word_1_684' title='bbox 3091 4209 3203 4263; x_wconf 72' lang='grc' dir='ltr'><strong>ἴσον</strong></span> <span class='ocrx_word' id='word_1_685' title='bbox 3238 4208 3401 4279; x_wconf 77' lang='grc' dir='ltr'><strong>ἔχειν.</strong></span> 
     </span>
    </p>
   </div>
   <div class='ocr_carea' id='block_1_99' title="bbox 1846 4292 3399 4363">
    <p class='ocr_par' dir='ltr' id='par_1_99' title="bbox 1846 4292 3399 4363">
     <span class='ocr_line' id='line_1_99' title="bbox 1846 4292 3399 4363; baseline 0.006 -18"><span class='ocrx_word' id='word_1_686' title='bbox 1846 4292 1933 4349; x_wconf 76' lang='grc' dir='ltr'><strong>γει</strong></span> <span class='ocrx_word' id='word_1_687' title='bbox 1967 4298 2136 4363; x_wconf 88' lang='lat' dir='ltr'><strong>potius</strong></span> <span class='ocrx_word' id='word_1_688' title='bbox 2176 4300 2451 4352; x_wconf 79' lang='lat' dir='ltr'><strong>commissa</strong></span> <span class='ocrx_word' id='word_1_689' title='bbox 2487 4299 2630 4351; x_wconf 84' lang='lat' dir='ltr'><strong>nobis</strong></span> <span class='ocrx_word' id='word_1_690' title='bbox 2668 4316 2796 4353; x_wconf 88' lang='lat' dir='ltr'><strong>cura</strong></span> <span class='ocrx_word' id='word_1_691' title='bbox 2834 4301 3185 4354; x_wconf 87' lang='lat' dir='ltr'><strong>communium</strong></span> <span class='ocrx_word' id='word_1_692' title='bbox 3223 4317 3399 4355; x_wconf 86' lang='lat' dir='ltr'><strong>rerum</strong></span> 
     </span>
    </p>
   </div>
   <div class='ocr_carea' id='block_1_100' title="bbox 1834 4390 3399 4459">
    <p class='ocr_par' dir='ltr' id='par_1_100' title="bbox 1834 4390 3399 4459">
     <span class='ocr_line' id='line_1_100' title="bbox 1834 4390 3399 4459; baseline 0.008 -21"><span class='ocrx_word' id='word_1_693' title='bbox 1834 4390 2304 4456; x_wconf 83' lang='lat' dir='ltr'><strong>emendandarum,</strong></span> <span class='ocrx_word' id='word_1_694' title='bbox 2338 4394 2407 4444; x_wconf 84' lang='lat' dir='ltr'><strong>ita</strong></span> <span class='ocrx_word' id='word_1_695' title='bbox 2445 4402 2498 4444; x_wconf 85' lang='lat' dir='ltr'><strong>ut</strong></span> <span class='ocrx_word' id='word_1_696' title='bbox 2540 4392 2818 4459; x_wconf 69' lang='lat' dir='ltr'><strong>inferiores</strong></span> <span class='ocrx_word' id='word_1_697' title='bbox 2857 4393 3107 4447; x_wconf 83' lang='lat' dir='ltr'><strong>Heltudio</strong></span> <span class='ocrx_word' id='word_1_698' title='bbox 3132 4411 3234 4449; x_wconf 89' lang='lat' dir='ltr'><strong>non</strong></span> <span class='ocrx_word' id='word_1_699' title='bbox 3259 4412 3399 4450; x_wconf 81' lang='lat' dir='ltr'><strong>esse-</strong></span> 
     </span>
    </p>
   </div>
   <div class='ocr_carea' id='block_1_101' title="bbox 1835 4478 3404 4556">
    <p class='ocr_par' dir='ltr' id='par_1_101' title="bbox 1835 4478 3404 4556">
     <span class='ocr_line' id='line_1_101' title="bbox 1835 4478 3404 4556; baseline 0.007 -25"><span class='ocrx_word' id='word_1_700' title='bbox 1835 4495 1972 4532; x_wconf 86' lang='lat' dir='ltr'><strong>mus.</strong></span> <span class='ocrx_word' id='word_1_701' title='bbox 2044 4478 2189 4534; x_wconf 85' lang='lat' dir='ltr'><strong>Nihil</strong></span> <span class='ocrx_word' id='word_1_702' title='bbox 2234 4496 2361 4549; x_wconf 81' lang='lat' dir='ltr'><strong>ergo</strong></span> <span class='ocrx_word' id='word_1_703' title='bbox 2412 4484 2638 4537; x_wconf 72' lang='lat' dir='ltr'><strong>mutavit</strong></span> <span class='ocrx_word' id='word_1_704' title='bbox 2683 4486 2914 4556; x_wconf 76' lang='lat' dir='ltr'><strong>synodus</strong></span> <span class='ocrx_word' id='word_1_705' title='bbox 2950 4484 3004 4537; x_wconf 88' lang='lat' dir='ltr'><strong>in</strong></span> <span class='ocrx_word' id='word_1_706' title='bbox 3029 4485 3404 4553; x_wconf 76' lang='lat' dir='ltr'><strong>iurisdictione</strong></span> 
     </span>
    </p>
   </div>
   <div class='ocr_carea' id='block_1_102' title="bbox 1836 4571 3400 4635">
    <p class='ocr_par' dir='ltr' id='par_1_102' title="bbox 1836 4571 3400 4635">
     <span class='ocr_line' id='line_1_102' title="bbox 1836 4571 3400 4635; baseline 0.007 -11"><span class='ocrx_word' id='word_1_707' title='bbox 1836 4571 2156 4625; x_wconf 88' lang='lat' dir='ltr'><strong>ordinaria:</strong></span> <span class='ocrx_word' id='word_1_708' title='bbox 2222 4574 2311 4626; x_wconf 84' lang='lat' dir='ltr'><strong>sed</strong></span> <span class='ocrx_word' id='word_1_709' title='bbox 2367 4577 2745 4631; x_wconf 84' lang='lat' dir='ltr'><strong>auctoritatem</strong></span> <span class='ocrx_word' id='word_1_710' title='bbox 2796 4579 3281 4633; x_wconf 76' lang='lat' dir='ltr'><strong>extraordinariam</strong></span> <span class='ocrx_word' id='word_1_711' title='bbox 3334 4583 3400 4635; x_wconf 88' lang='lat' dir='ltr'><strong>ad</strong></span> 
     </span>
    </p>
   </div>
   <div class='ocr_carea' id='block_1_103' title="bbox 1843 4664 3404 4743">
    <p class='ocr_par' dir='ltr' id='par_1_103' title="bbox 1843 4664 3404 4743">
     <span class='ocr_line' id='line_1_103' title="bbox 1843 4664 3404 4743; baseline 0.008 -27"><span class='ocrx_word' id='word_1_712' title='bbox 1843 4664 2145 4717; x_wconf 84' lang='lat' dir='ltr'><strong>communia</strong></span> <span class='ocrx_word' id='word_1_713' title='bbox 2203 4664 2460 4723; x_wconf 77' lang='lat' dir='ltr'><strong>Ecclesia:</strong></span> <span class='ocrx_word' id='word_1_714' title='bbox 2524 4670 2735 4737; x_wconf 88' lang='lat' dir='ltr'><strong>negotia</strong></span> <span class='ocrx_word' id='word_1_715' title='bbox 2804 4672 3072 4726; x_wconf 89' lang='lat' dir='ltr'><strong>nonnullis</strong></span> <span class='ocrx_word' id='word_1_716' title='bbox 3137 4673 3404 4743; x_wconf 72' lang='lat' dir='ltr'><strong>episcopis</strong></span> 
     </span>
    </p>
   </div>
   <div class='ocr_carea' id='block_1_104' title="bbox 1836 4756 2100 4809">
    <p class='ocr_par' dir='ltr' id='par_1_104' title="bbox 1836 4756 2100 4809">
     <span class='ocr_line' id='line_1_104' title="bbox 1836 4756 2100 4809; baseline 0 0"><span class='ocrx_word' id='word_1_717' title='bbox 1836 4756 2100 4809; x_wconf 64' lang='lat' dir='ltr'><strong>attribuit.</strong></span> 
     </span>
    </p>
   </div>
   <div class='ocr_carea' id='block_1_105' title="bbox 2431 4867 2810 4926">
    <p class='ocr_par' dir='ltr' id='par_1_105' title="bbox 2431 4867 2810 4926">
     <span class='ocr_line' id='line_1_105' title="bbox 2431 4867 2810 4926; baseline 0.013 -5"><span class='ocrx_word' id='word_1_718' title='bbox 2431 4867 2655 4924; x_wconf 81' lang='lat' dir='ltr'><strong>CAPUT</strong></span> <span class='ocrx_word' id='word_1_719' title='bbox 2694 4870 2810 4926; x_wconf 81' lang='lat' dir='ltr'><strong>XV.</strong></span> 
     </span>
    </p>
   </div>
   <div class='ocr_carea' id='block_1_106' title="bbox 1842 4954 3393 5031">
    <p class='ocr_par' dir='ltr' id='par_1_106' title="bbox 1842 4954 3393 5031">
     <span class='ocr_line' id='line_1_106' title="bbox 1842 4954 3393 5031; baseline 0.005 -22"><span class='ocrx_word' id='word_1_720' title='bbox 1842 4956 1880 5009; x_wconf 95' lang='grc' dir='ltr'><strong>Ι.</strong></span> <span class='ocrx_word' id='word_1_721' title='bbox 1912 4954 2109 5031; x_wconf 69' lang='lat' dir='ltr'><strong>_l_3asi_iii</strong></span> <span class='ocrx_word' id='word_1_722' title='bbox 2137 4977 2265 5013; x_wconf 88' lang='lat' dir='ltr'><strong>cura</strong></span> <span class='ocrx_word' id='word_1_723' title='bbox 2306 4971 2351 5012; x_wconf 90' lang='lat' dir='ltr'><strong>et</strong></span> <span class='ocrx_word' id='word_1_724' title='bbox 2396 4961 2696 5031; x_wconf 80' lang='lat' dir='ltr'><strong>sollicitudo</strong></span> <span class='ocrx_word' id='word_1_725' title='bbox 2743 4965 2796 5016; x_wconf 91' lang='lat' dir='ltr'><strong>in</strong></span> <span class='ocrx_word' id='word_1_726' title='bbox 2851 4965 3088 5018; x_wconf 80' lang='lat' dir='ltr'><strong>Ecclesia</strong></span> <span class='ocrx_word' id='word_1_727' title='bbox 3144 4964 3393 5031; x_wconf 82' lang='lat' dir='ltr'><strong>regenda.</strong></span> 
     </span>
    </p>
   </div>
   <div class='ocr_carea' id='block_1_107' title="bbox 1912 5026 3395 5101">
    <p class='ocr_par' dir='ltr' id='par_1_107' title="bbox 1912 5026 3395 5101">
     <span class='ocr_line' id='line_1_107' title="bbox 1912 5026 3395 5101; baseline 0.006 -22"><span class='ocrx_word' id='word_1_728' title='bbox 2022 5026 2112 5101; x_wconf 81' lang='lat' dir='ltr'><strong>Ei_</strong></span> <span class='ocrx_word' id='word_1_729' title='bbox 2141 5047 2285 5082; x_wconf 86' lang='lat' dir='ltr'><strong>eceus</strong></span> <span class='ocrx_word' id='word_1_730' title='bbox 2311 5030 2555 5101; x_wconf 62' lang='lat' dir='ltr'><strong>ordinato</strong></span> <span class='ocrx_word' id='word_1_731' title='bbox 2579 5032 2862 5101; x_wconf 73' lang='lat' dir='ltr'><strong>Gregorius</strong></span> <span class='ocrx_word' id='word_1_732' title='bbox 2886 5037 3064 5088; x_wconf 84' lang='lat' dir='ltr'><strong>adesse</strong></span> <span class='ocrx_word' id='word_1_733' title='bbox 3087 5050 3188 5101; x_wconf 80' lang='lat' dir='ltr'><strong>non</strong></span> <span class='ocrx_word' id='word_1_734' title='bbox 3200 5026 3395 5101; x_wconf 77' lang='lat' dir='ltr'><strong>potest.</strong></span> 
     </span>
    </p>
   </div>
   <div class='ocr_carea' id='block_1_108' title="bbox 1912 5096 3395 5157">
    <p class='ocr_par' dir='ltr' id='par_1_108' title="bbox 1912 5096 3395 5157">
     <span class='ocr_line' id='line_1_108' title="bbox 1912 5096 3395 5157; baseline 0.007 -10"><span class='ocrx_word' id='word_1_735' title='bbox 1912 5096 1995 5152; x_wconf 91' lang='lat' dir='ltr'><strong>Ill.</strong></span> <span class='ocrx_word' id='word_1_736' title='bbox 2078 5098 2265 5153; x_wconf 83' lang='lat' dir='ltr'><strong>Scribit</strong></span> <span class='ocrx_word' id='word_1_737' title='bbox 2338 5098 2565 5153; x_wconf 83' lang='lat' dir='ltr'><strong>Basilius</strong></span> <span class='ocrx_word' id='word_1_738' title='bbox 2634 5096 2705 5154; x_wconf 69' lang='lat' dir='ltr'><strong>nti</strong></span> <span class='ocrx_word' id='word_1_739' title='bbox 2768 5116 3009 5155; x_wconf 83' lang='lat' dir='ltr'><strong>sanctum</strong></span> <span class='ocrx_word' id='word_1_740' title='bbox 3087 5096 3395 5157; x_wconf 79' lang='lat' dir='ltr'><strong>Eusebium.</strong></span> 
     </span>
    </p>
   </div>
   <div class='ocr_carea' id='block_1_109' title="bbox 1913 5166 3398 5251">
    <p class='ocr_par' dir='ltr' id='par_1_109' title="bbox 1913 5166 3398 5251">
     <span class='ocr_line' id='line_1_109' title="bbox 1913 5166 3398 5251; baseline 0.006 -33"><span class='ocrx_word' id='word_1_741' title='bbox 1913 5166 2009 5250; x_wconf 75' lang='lat' dir='ltr'><strong>lV._</strong></span> <span class='ocrx_word' id='word_1_742' title='bbox 2048 5169 2511 5251; x_wconf 40' lang='lat' dir='ltr'><strong>Ejusdmtlittgrc</strong></span> <span class='ocrx_word' id='word_1_743' title='bbox 2538 5173 2605 5225; x_wconf 82' lang='lat' dir='ltr'><strong>ad</strong></span> <span class='ocrx_word' id='word_1_744' title='bbox 2643 5187 2736 5251; x_wconf 76' lang='lat' dir='ltr'><strong>eos</strong></span> <span class='ocrx_word' id='word_1_745' title='bbox 2776 5175 2864 5251; x_wconf 78' lang='lat' dir='ltr'><strong>qui</strong></span> <span class='ocrx_word' id='word_1_746' title='bbox 2895 5172 3200 5251; x_wconf 73' lang='lat' dir='ltr'><strong>gratulandi</strong></span> <span class='ocrx_word' id='word_1_747' title='bbox 3239 5189 3398 5227; x_wconf 82' lang='lat' dir='ltr'><strong>causa</strong></span> 
     </span>
    </p>
   </div>
   <div class='ocr_carea' id='block_1_110' title="bbox 1909 5238 3398 5305">
    <p class='ocr_par' dir='ltr' id='par_1_110' title="bbox 1909 5238 3398 5305">
     <span class='ocr_line' id='line_1_110' title="bbox 1909 5238 3398 5305; baseline 0.005 -16"><span class='ocrx_word' id='word_1_748' title='bbox 1909 5243 2241 5305; x_wconf 81' lang='lat' dir='ltr'><strong>scripserunt.</strong></span> <span class='ocrx_word' id='word_1_749' title='bbox 2298 5242 2358 5294; x_wconf 86' lang='lat' dir='ltr'><strong>V.</strong></span> <span class='ocrx_word' id='word_1_750' title='bbox 2408 5238 2699 5293; x_wconf 78' lang='lat' dir='ltr'><strong>Culumuiw</strong></span> <span class='ocrx_word' id='word_1_751' title='bbox 2752 5238 2797 5292; x_wconf 76' lang='lat' dir='ltr'><strong>ei</strong></span> <span class='ocrx_word' id='word_1_752' title='bbox 2850 5238 2911 5293; x_wconf 74' lang='lat' dir='ltr'><strong>ut</strong></span> <span class='ocrx_word' id='word_1_753' title='bbox 2954 5243 3169 5296; x_wconf 77' lang='lat' dir='ltr'><strong>nimium</strong></span> <span class='ocrx_word' id='word_1_754' title='bbox 3223 5260 3398 5296; x_wconf 79' lang='lat' dir='ltr'><strong>severo</strong></span> 
     </span>
    </p>
   </div>
   <div class='ocr_carea' id='block_1_111' title="bbox 1908 5310 3399 5381">
    <p class='ocr_par' dir='ltr' id='par_1_111' title="bbox 1908 5310 3399 5381">
     <span class='ocr_line' id='line_1_111' title="bbox 1908 5310 3399 5381; baseline 0.006 -23"><span class='ocrx_word' id='word_1_755' title='bbox 1908 5320 2118 5381; x_wconf 66' lang='lat' dir='ltr'><strong>structu;</strong></span> <span class='ocrx_word' id='word_1_756' title='bbox 2145 5310 2457 5377; x_wconf 76' lang='lat' dir='ltr'><strong>refelluntur</strong></span> <span class='ocrx_word' id='word_1_757' title='bbox 2500 5311 2550 5381; x_wconf 84' lang='lat' dir='ltr'><strong>in</strong></span> <span class='ocrx_word' id='word_1_758' title='bbox 2587 5312 2814 5381; x_wconf 78' lang='lat' dir='ltr'><strong>epistolis</strong></span> <span class='ocrx_word' id='word_1_759' title='bbox 2844 5311 2945 5378; x_wconf 81' lang='lat'><strong>51,</strong></span> <span class='ocrx_word' id='word_1_760' title='bbox 2988 5312 3075 5368; x_wconf 66' lang='lat'><strong>5&#39;2.</strong></span> <span class='ocrx_word' id='word_1_761' title='bbox 3118 5312 3200 5367; x_wconf 83' lang='lat' dir='ltr'><strong>Vl.</strong></span> <span class='ocrx_word' id='word_1_762' title='bbox 3237 5311 3399 5381; x_wconf 79' lang='lat' dir='ltr'><strong>Leges</strong></span> 
     </span>
    </p>
   </div>
   <div class='ocr_carea' id='block_1_112' title="bbox 1906 5378 2835 5445">
    <p class='ocr_par' dir='ltr' id='par_1_112' title="bbox 1906 5378 2835 5445">
     <span class='ocr_line' id='line_1_112' title="bbox 1906 5378 2835 5445; baseline 0.005 -16"><span class='ocrx_word' id='word_1_763' title='bbox 1906 5380 1968 5429; x_wconf 80' lang='lat' dir='ltr'><strong>ab</strong></span> <span class='ocrx_word' id='word_1_764' title='bbox 1997 5396 2056 5430; x_wconf 88' lang='lat' dir='ltr'><strong>eo</strong></span> <span class='ocrx_word' id='word_1_765' title='bbox 2090 5378 2211 5431; x_wconf 76' lang='lat' dir='ltr'><strong>tam:</strong></span> <span class='ocrx_word' id='word_1_766' title='bbox 2249 5381 2301 5431; x_wconf 87' lang='lat' dir='ltr'><strong>in</strong></span> <span class='ocrx_word' id='word_1_767' title='bbox 2330 5382 2480 5445; x_wconf 81' lang='lat' dir='ltr'><strong>epist.</strong></span> <span class='ocrx_word' id='word_1_768' title='bbox 2512 5380 2597 5444; x_wconf 76' lang='grc'><strong>55,</strong></span> <span class='ocrx_word' id='word_1_769' title='bbox 2622 5380 2712 5443; x_wconf 59' lang='lat' dir='ltr'><strong>Si,</strong></span> <span class='ocrx_word' id='word_1_770' title='bbox 2747 5382 2835 5435; x_wconf 73' lang='grc'><strong>55.</strong></span> 
     </span>
    </p>
   </div>
   <div class='ocr_carea' id='block_1_113' title="bbox 1907 5486 3394 5560">
    <p class='ocr_par' dir='ltr' id='par_1_113' title="bbox 1907 5486 3394 5560">
     <span class='ocr_line' id='line_1_113' title="bbox 1907 5486 3394 5560; baseline 0.003 -19"><span class='ocrx_word' id='word_1_771' title='bbox 1907 5486 1945 5541; x_wconf 86' lang='grc' dir='ltr'><strong>Ι.</strong></span> <span class='ocrx_word' id='word_1_772' title='bbox 1991 5489 2219 5543; x_wconf 76' lang='lat' dir='ltr'><strong>Evectus</strong></span> <span class='ocrx_word' id='word_1_773' title='bbox 2256 5492 2322 5543; x_wconf 86' lang='lat' dir='ltr'><strong>ad</strong></span> <span class='ocrx_word' id='word_1_774' title='bbox 2352 5501 2553 5544; x_wconf 72' lang='lat' dir='ltr'><strong>tantum</strong></span> <span class='ocrx_word' id='word_1_775' title='bbox 2592 5492 2772 5544; x_wconf 83' lang='lat' dir='ltr'><strong>sedent</strong></span> <span class='ocrx_word' id='word_1_776' title='bbox 2806 5491 3038 5548; x_wconf 79' lang='lat' dir='ltr'><strong>Basilius</strong></span> <span class='ocrx_word' id='word_1_777' title='bbox 3061 5529 3078 5558; x_wconf 83' lang='lat'><strong>,</strong></span> <span class='ocrx_word' id='word_1_778' title='bbox 3107 5504 3394 5560; x_wconf 85' lang='lat' dir='ltr'><strong>antequam</strong></span> 
     </span>
    </p>
   </div>
   <div class='ocr_carea' id='block_1_114' title="bbox 1833 5580 3393 5654">
    <p class='ocr_par' dir='ltr' id='par_1_114' title="bbox 1833 5580 3393 5654">
     <span class='ocr_line' id='line_1_114' title="bbox 1833 5580 3393 5654; baseline 0.005 -22"><span class='ocrx_word' id='word_1_779' title='bbox 1833 5580 1968 5632; x_wconf 89' lang='lat' dir='ltr'><strong>scin</strong></span> <span class='ocrx_word' id='word_1_780' title='bbox 2007 5582 2435 5649; x_wconf 74' lang='lat' dir='ltr'><strong>paciﬁcationem</strong></span> <span class='ocrx_word' id='word_1_781' title='bbox 2473 5582 2835 5639; x_wconf 81' lang='lat' dir='ltr'><strong>Ecclesiarutn</strong></span> <span class='ocrx_word' id='word_1_782' title='bbox 2876 5586 3259 5654; x_wconf 83' lang='lat' dir='ltr'><strong>interponeret,</strong></span> <span class='ocrx_word' id='word_1_783' title='bbox 3295 5588 3393 5640; x_wconf 89' lang='lat' dir='ltr'><strong>do-</strong></span> 
     </span>
    </p>
   </div>
   <div class='ocr_carea' id='block_1_115' title="bbox 1920 5802 2391 5868">
    <p class='ocr_par' dir='ltr' id='par_1_115' title="bbox 1920 5802 2391 5868">
     <span class='ocr_line' id='line_1_115' title="bbox 1920 5802 2391 5868; baseline 0.011 -16"><span class='ocrx_word' id='word_1_784' title='bbox 1920 5807 1990 5868; x_wconf 63' lang='grc' dir='ltr'><strong>μ’)</strong></span> <span class='ocrx_word' id='word_1_785' title='bbox 2032 5802 2127 5854; x_wconf 85' lang='lat' dir='ltr'><strong>Lib</strong></span> <span class='ocrx_word' id='word_1_786' title='bbox 2184 5819 2234 5861; x_wconf 83' lang='lat' dir='ltr'><strong>V,</strong></span> <span class='ocrx_word' id='word_1_787' title='bbox 2262 5821 2309 5856; x_wconf 75' lang='grc' dir='ltr'><strong>ι’.</strong></span> <span class='ocrx_word' id='word_1_788' title='bbox 2340 5805 2391 5857; x_wconf 87' lang='grc'><strong>8.</strong></span> 
     </span>
    </p>
   </div>
   <div class='ocr_carea' id='block_1_116' title="bbox 1916 5874 2415 5942">
    <p class='ocr_par' dir='ltr' id='par_1_116' title="bbox 1916 5874 2415 5942">
     <span class='ocr_line' id='line_1_116' title="bbox 1916 5874 2415 5942; baseline 0.006 -20"><span class='ocrx_word' id='word_1_789' title='bbox 1916 5874 1993 5939; x_wconf 68' lang='grc' dir='ltr'><strong>(ςέ)</strong></span> <span class='ocrx_word' id='word_1_790' title='bbox 2040 5874 2111 5942; x_wconf 70' lang='lat' dir='ltr'><strong>Ep</strong></span> <span class='ocrx_word' id='word_1_791' title='bbox 2168 5877 2231 5927; x_wconf 65' lang='grc' dir='ltr'><strong>,ιδ</strong></span> <span class='ocrx_word' id='word_1_792' title='bbox 2267 5874 2415 5935; x_wconf 53' lang='grc' dir='ltr'><strong>ι-ἸΑγ.</strong></span> 
     </span>
    </p>
   </div>
  </div>
