4206 6492
737 469 847 509 ιιιι

2082 448 2451 506 Ρηοιεοοδι
2463 448 2614 503 ENA.

741 567 979 623 inesticis
1002 581 1060 622 se
1087 566 1286 623 ﬁnibus
1317 568 1609 633 contraxit,
1642 582 1705 624 ac
1739 568 1944 638 primas
1972 568 2310 638 episcopatus
2341 575 2381 627 Α
2412 568 2501 635 qui
2527 568 2579 619 in
2597 566 2790 618 clerum
2810 562 3086 617 sacerdotii
3109 562 3522 631 presbyterorum
3545 562 3764 631 fratrem
3784 564 3978 631 evehit,

739 660 821 715 sui
848 674 1009 715 curas
1038 660 1089 713 in
1123 660 1509 730 componendis
1539 659 1797 715 Ecclesia:
1831 674 1941 715 suae
1976 663 2214 716 moribus
2246 676 2311 715 ac

742 750 1100 819 recolligenda
1125 751 1499 821 episcoporum
1538 751 1890 820 Cappadocia:
1912 764 2082 821 gratia
2116 754 2315 807 insum-

741 844 867 913 psit.
910 842 1157 898 Testatur
1182 842 1477 914 Gregorius
1503 846 1580 913 (α)
1618 846 1983 914 episcopatum
2019 846 2072 899 in
2110 845 2310 899 Basilio

742 952 844 989 non
897 936 1155 990 habuisse
1206 936 1537 991 incrementa
1589 938 1991 997 virtutum.sed
2040 942 2312 1004 operatio-

739 1042 861 1083 nem
894 1028 1055 1081 latius
1087 1038 1395 1097 patentem;
1429 1029 1625 1098 quippe
1660 1045 1778 1083 cum
1815 1030 2116 1084 uberiorem
2145 1040 2311 1084 mate-

741 1120 875 1171 riam
909 1129 1147 1186 p0testas
1182 1119 1571 1187 suppeditaret.
1608 1119 1783 1186 Quare
1816 1135 1880 1175 ex
1917 1122 1981 1174 iis
2010 1136 2127 1189 quin
2155 1122 2223 1175 ab
2246 1138 2310 1176 eo

739 1211 1061 1277 presbytero
1091 1220 1240 1273 gesta
1272 1211 1645 1275 narravimus,
1695 1211 1923 1279 spectari
1972 1221 2143 1278 pmest
2182 1213 2308 1277 quid

738 1302 1028 1369 episcOpus
1061 1302 1314 1371 gesserit.
1345 1302 1634 1356 Enumerat
1671 1303 1963 1373 Gregorius
1999 1303 2070 1373 (li)
2100 1320 2309 1372 precum

739 1393 1114 1462 descriptiones
1197 1395 1336 1447 inter
1424 1391 1695 1463 praeclara
1742 1394 1919 1448 Basilii
2009 1397 2308 1464 presbyteri

742 1486 1013 1548 instituta,
1074 1487 1273 1557 quibus
1311 1486 1491 1540 verbis
1519 1489 1770 1541 videntur
1818 1486 2082 1554 designari
2127 1502 2310 1555 preces

741 1578 793 1629 in
832 1578 1104 1631 sacrilicio
1157 1579 1268 1633 ﬁeri
1298 1580 1491 1634 solitae.
1534 1581 1637 1635 Sed
1674 1590 1933 1647 praeterea
1969 1582 2129 1632 ritum
2166 1578 2309 1645 psal—

741 1666 880 1718 lendi
910 1670 959 1719 io
991 1667 1291 1722 Ecclesium
1335 1668 1726 1722 Ca~‘saricnseni
1754 1668 1999 1730 induxit,
2040 1684 2195 1737 quem
2235 1669 2311 1723 sic

741 1758 854 1826 ipse
886 1760 1145 1815 describit
1176 1760 1245 1831 (c)
1285 1778 1299 1815 :
1335 1761 1409 1814 De
1445 1772 1593 1815 nocte
1618 1762 1907 1829 siquidem,
1940 1762 2135 1829 inquit,
2184 1778 2310 1816 con-

738 1848 903 1916 surgit
934 1850 1072 1911 apud
1111 1868 1203 1903 nos
1226 1852 1449 1918 populus
1478 1854 1547 1904 ad
1578 1856 1787 1906 domum
1815 1855 2131 1922 precationis
2151 1896 2164 1915 ,
2190 1864 2238 1907 et
2258 1856 2312 1906 in

735 1937 940 2004 labore,
968 1941 1022 1992 in
1043 1942 1376 2010 aﬂlictatione
1407 1961 1468 1995 ac
1489 1946 1707 2015 jugibus
1735 1944 1983 2012 lacrymis
2005 1956 2311 2015 comitantes

737 2028 872 2097 Deo,
907 2033 1115 2087 tandem
1140 2052 1170 2086 a
1209 2038 1505 2103 precatione
1540 2049 1828 2107 surgentes,
1864 2040 1932 2091 ad
1965 2040 2310 2106 psalmodiam

738 2131 1027 2176 transeunt.
1060 2127 1126 2177 Et
1153 2140 1288 2177 nunc
1314 2127 1521 2195 quidem
1550 2128 1603 2181 in
1632 2130 1765 2181 duas
1801 2139 1974 2195 partes
2006 2127 2197 2193 divisi,
2233 2127 2312 2180 al-

737 2214 898 2265 ternis
929 2216 1249 2270 succinentes
1284 2219 1537 2284 psallunt,
1570 2237 1631 2272 ac
1654 2220 1811 2272 simul
1844 2229 1891 2272 et
1922 2220 2311 2272 meditationem

739 2304 1139 2373 Scripturarum
1166 2310 1283 2362 inde
1312 2313 1687 2375 corroborant,
1716 2323 1761 2364 et
1798 2312 2030 2364 animum
2058 2322 2309 2365 attentum

737 2408 784 2450 et
819 2416 910 2451 cor
932 2403 1255 2469 evagatiouis
1290 2420 1474 2471 expers
1507 2406 1605 2457 sibi
1632 2406 1729 2473 ipsi
1758 2416 2083 2470 comparant.
2123 2405 2312 2458 Postea

739 2507 923 2545 rursus
960 2496 1051 2545 uni
1080 2496 1478 2561 committentes,
1522 2509 1577 2551 ut
1603 2499 1749 2567 prior
1777 2511 1952 2562 canat,
1988 2499 2171 2567 reliqui
2198 2515 2313 2552 suc«

736 2582 939 2637 cinunt.
1001 2582 1067 2638 Et
1116 2587 1193 2639 sic
1226 2592 1561 2658 posteaquani
1619 2592 1671 2642 iu
1721 2591 2029 2657 psit/modia!
2067 2592 2312 2643 varietate

736 2687 937 2730 noctem
980 2679 1259 2732 traduxere
1298 2682 1603 2733 intermistis
1632 2683 1870 2743 precibus
1894 2723 1906 2745 ,
1935 2682 2018 2734 die
2039 2682 2151 2751 jam
2188 2684 2304 2735 illii-

735 2778 983 2830 cescente,
1020 2786 1195 2822 omnes
1231 2770 1388 2822 simul
1416 2771 1550 2823 velut
1576 2786 1642 2824 ex
1673 2789 1775 2825 uno
1802 2788 1888 2825 ore
1928 2784 1973 2826 et
2016 2788 2116 2826 uno
2159 2775 2314 2826 corde

734 2857 996 2924 psalmum
1042 2860 1393 2928 confessionis
1441 2862 1661 2916 Domino
1705 2865 1988 2917 concinnat
2015 2906 2029 2925 ,
2094 2866 2311 2933 propria

734 2948 833 3001 sibi
869 2951 1221 3020 unusquisque
1262 2952 1411 3005 rerba
1463 2955 1778 3021 paenitentia:
1813 2956 2084 3021 facientes.
2120 2955 2309 3011 Utrum

738 3039 853 3091 lucc
892 3037 1176 3106 presbyter
1220 3041 1513 3093 instituerit
1557 3058 1622 3093 an
1655 3044 1955 3111 episcopus.
2000 3060 2103 3097 non
2158 3044 2313 3098 facile

738 3130 1023 3183 statuerim
1064 3148 1076 3184 :
1110 3130 1204 3184 sed
1237 3141 1383 3185 certe
1430 3134 1495 3185 ab
1537 3147 1601 3187 eo
1648 3133 1892 3186 instituta
1926 3150 2044 3188 esse
2088 3138 2313 3202 probant

740 3220 996 3275 exhibita:
1048 3221 1096 3275 ei
1151 3236 1182 3274 a
1217 3220 1743 3277 Neocaesariensibus
1795 3223 2051 3277 molestia:
2095 3235 2311 3294 propter
2339 3245 2379 3300 ο

738 3311 906 3377 illam,
945 3325 1002 3366 ut
1028 3314 1125 3382 ipsi
1163 3314 1573 3380 existimabant,
1604 3317 1898 3370 novitatem
1921 3356 1936 3380 ,
1970 3332 2127 3386 quain
2160 3316 2309 3371 Basi-

738 3402 840 3457 lius
872 3407 1109 3459 omniutn
1144 3408 1509 3461 Ecclesiarum
1554 3410 1814 3463 institutis
1864 3425 2154 3463 consonam
2190 3425 2310 3465 esse

735 3497 1087 3552 demonstrat.
1123 3498 1253 3553 Illud
1279 3500 1442 3553 etiam
1482 3499 1667 3551 sedulo
1693 3502 1922 3567 providit
1953 3502 2180 3555 Basilius
2205 3502 2308 3569 (tl),

736 3599 797 3642 ut
825 3588 965 3643 Deus
991 3606 1093 3641 non
1140 3592 1384 3644 humanis
1428 3591 1594 3643 verbis
1622 3632 1637 3653 ,
1685 3591 1775 3644 sed
1807 3593 2033 3645 oraculis
2080 3593 2308 3661 Spiritus

735 3682 909 3736 sancti
944 3682 995 3735 in
1032 3682 1269 3736 Ecclesia
1298 3682 1614 3738 Ctesariensi
1639 3684 1962 3752 placaretur.

808 3774 876 3846 (θ)
909 3774 1205 3828 Primordia
1247 3774 1391 3829 illius
1423 3775 1767 3844 episcopatus
1794 3773 2014 3843 optimis
2042 3775 2107 3826 ad
2144 3775 2307 3830 disci-

736 3864 939 3934 plinain
976 3864 1187 3935 legibus
1229 3866 1465 3934 insignia
1504 3866 1747 3921 fuerunt.
1781 3865 1994 3933 Quanta
2030 3865 2175 3919 illius
2207 3868 2311 3920 sol-

737 3956 958 4013 licitudo
984 3955 1149 4013 fuerit
1186 3957 1237 4012 in
1281 3957 1546 4028 eligendis
1572 3957 1826 4013 altarium
1861 3962 2149 4027 ministris,
2190 3976 2308 4013 cum

738 4064 804 4101 ex
842 4048 1035 4102 litteris
1065 4051 1130 4101 ad
1165 4050 1458 4116 provincia:
1480 4064 1588 4102 sure
1615 4049 1924 4117 episcopos,
1958 4050 2023 4103 ad
2063 4048 2313 4119 chorepi-

739 4154 933 4207 scopos
959 4150 1014 4191 et
1044 4141 1107 4191 ad
1136 4140 1446 4195 Nectarinm
1476 4144 1706 4209 perspici
1738 4152 1935 4210 potest,
1964 4154 2074 4197 tum
2102 4157 2168 4197 ex
2198 4142 2314 4212 epi-

738 4230 915 4297 scopis
960 4244 1096 4290 auos
1145 4245 1176 4284 e
1225 4229 1371 4285 clero
1417 4247 1515 4286 suo
1560 4231 1679 4286 aliis
1723 4232 1979 4287 Ecclesiis
2019 4234 2307 4287 concessit.

737 4321 891 4375 Nulla
924 4323 1068 4377 illum
1106 4324 1189 4379 liis
1221 4324 1273 4378 in
1308 4324 1467 4380 rebus
1494 4324 1726 4378 humana
1754 4325 2009 4395 cogitatio
2041 4327 2307 4379 movebat.

739 4415 835 4470 Vir
861 4426 1054 4470 ett-tera
1087 4418 1139 4471 in
1172 4417 1368 4471 fratres
1396 4428 1449 4472 et
1470 4420 1675 4474 amicos
1702 4419 2031 4485 lenissimus,
2058 4418 2311 4472 inexora-

739 4504 861 4559 bilis
896 4516 1033 4569 erat,
1070 4507 1113 4561 si
1150 4508 1276 4576 quid
1308 4508 1389 4563 eis
1414 4508 1599 4562 oneris
1630 4508 1696 4563 ad
1728 4508 1986 4564 Ecclesia:
2026 4508 2310 4562 utilitatem

2414 662 2522 712 suis
2556 676 2672 711 eum
2702 656 2935 725 mysticis
2958 653 3295 709 sacramentis
3329 668 3657 706 consecratis.
3696 650 3856 707 Parvi
3886 670 3975 709 re-

2414 751 2537 817 fert,
2589 752 2733 820 quod
2763 748 2990 803 Basilius
3038 748 3090 801 in
3138 748 3379 817 epistolis
3404 745 3473 802 79
3520 756 3575 801 et
3605 746 3711 800 216
3741 761 3974 815 quarum

2416 845 2582 913 prima
2617 842 2682 896 ad
2729 840 3068 895 Eustathium
3101 854 3242 893 anno
3292 838 3391 893 571
3428 848 3676 902 exeunte,
3713 838 3880 891 altera
3912 840 3980 892 ad

2416 936 2473 990 S.
2516 934 2788 990 Meletium
2824 948 2966 988 anno
2989 932 3096 987 375
3126 933 3323 996 scripta
3368 940 3474 996 est,
3502 928 3717 984 Petrum
3754 928 3981 982 fratrem

2417 1042 2517 1079 non
2564 1030 2799 1095 appellat
2840 1026 3236 1096 presbyterum.
3269 1023 3398 1078 Inde
3449 1022 3621 1092 colligi
3663 1038 3766 1078 non
3802 1030 3984 1092 potest

2416 1116 2649 1168 nonduin
2705 1126 2833 1170 tunc
2880 1114 3097 1168 Petrum
3145 1115 3196 1167 in
3249 1113 3547 1184 presbyteri
3596 1113 3764 1179 gradu
3815 1111 3985 1165 mini--

2414 1216 2632 1257 strasse.
2676 1205 2787 1258 Etsi
2838 1206 2983 1259 enim
3011 1213 3292 1256 accuratus
3336 1212 3454 1258 erat
3491 1202 3718 1257 Basilius
3755 1202 3805 1255 in
3833 1203 3985 1270 ejus-

2417 1297 2558 1349 modi
2597 1296 2765 1349 titulis
2809 1311 2908 1366 pro
2954 1295 3217 1363 cuiusque
3256 1296 3516 1365 dignitate
3545 1294 3872 1361 deferendis,
3929 1294 3983 1349 id

2417 1399 2596 1441 tamen
2629 1387 2761 1458 legis
2792 1390 2963 1442 instar
2988 1389 3310 1442 servandum
3354 1403 3474 1442 esse
3504 1403 3612 1441 non
3651 1388 3879 1441 ducebat
3929 1388 3983 1440 in

2412 1481 2625 1539 litteris.
2650 1495 2786 1549 quas
2806 1480 3060 1549 privatim
3092 1480 3157 1532 ad
3197 1479 3419 1533 intimos
3443 1482 3644 1534 amicos
3680 1480 3983 1535 scribebat.

2412 1568 2548 1622 Hinc
2576 1568 2838 1636 Gregorio
2865 1568 3107 1639 Nysseno
3148 1582 3250 1620 non
3281 1567 3444 1620 alium
3476 1583 3634 1635 quam
3663 1569 3847 1627 fratris
3878 1570 3985 1623 ad-

2413 1668 2627 1713 modum
2669 1659 2949 1713 reverendi
2976 1658 3191 1713 titulum
3233 1659 3422 1711 tribuit
3458 1658 3510 1709 in
3551 1660 3774 1726 epistola
3812 1661 3881 1714 60
3914 1660 3987 1714 ad

2414 1763 2751 1803 communem
2785 1760 3057 1818 patruum.
3096 1749 3413 1802 Antliimnm
3456 1747 3987 1821 Tyanensemreve-

2414 1842 2791 1895 rendissimum
2815 1840 3037 1894 fratrem
3071 1840 3301 1909 appellat
3326 1841 3376 1894 in
3396 1841 3552 1909 epist.
3580 1838 3647 1894 58
3668 1842 3732 1894 ail
3760 1841 3985 1897 fratrem

2345 1910 2384 1963 Β
2412 1932 2752 2001 Gregorium,
2796 1949 2901 1987 non
2935 1932 3116 1986 addito
3164 1932 3402 2000 episc0pi
3452 1931 3635 1997 titulo;
3687 1947 3783 1984 nec
3824 1934 3986 1988 aliter

2412 2026 2479 2077 de
2500 2023 2760 2092 Gregorio
2794 2024 3136 2077 Nazianzeno
3167 2023 3405 2089 loquitur
3442 2023 3494 2075 in
3530 2023 3688 2090 epist.
3726 2025 3792 2077 98
3818 2026 3884 2077 ad
3921 2024 3982 2078 S.

2416 2114 2723 2170 Eusebium.
2754 2115 2881 2181 Sed,
2908 2133 3030 2171 cum
3064 2116 3278 2169 Petrum
3316 2115 3543 2169 Basilius
3567 2118 3637 2185 (g)
3680 2117 3885 2186 magnis
3918 2117 3988 2172 de

2415 2208 2578 2261 rebus
2610 2222 2707 2261 suo
2735 2217 2786 2261 et
2820 2209 3046 2261 aliorum
3078 2208 3428 2277 Cappadocia:
3459 2209 3833 2279 episcoporum
3878 2224 3985 2262 no-

2414 2301 2557 2354 mine
2591 2300 2656 2352 atl
2687 2300 2964 2367 episcopos
2993 2299 3142 2351 Ponti
3176 2299 3427 2363 mitteret,
3447 2311 3573 2354 tunc
3606 2316 3726 2356 enin
3762 2300 3865 2367 (li),
3925 2309 3987 2354 ut

2412 2394 2658 2457 decebat,
2689 2394 3188 2461 conipresbyteruin
3222 2392 3475 2459 appellat.
3519 2392 3634 2448 Non
3672 2395 3874 2447 ascitus
3901 2402 3991 2446 est

2415 2486 2467 2539 in
2508 2484 2801 2538 Ecclesiam
2836 2482 3225 2537 Caesariensem
3273 2482 3481 2550 Petrus,
3527 2488 3619 2537 sed
3655 2489 3990 2541 monasterio

2415 2576 2649 2645 prmiuit,
2698 2576 2840 2645 quod
2895 2573 3133 2629 Basilius
3188 2573 3254 2627 ad
3300 2571 3495 2626 Iridem
3536 2572 3754 2629 ﬂuvium
3792 2575 3991 2632 funda-

2414 2677 2586 2721 verat.

2483 2757 2750 2811 Narratur
2780 2756 2842 2827 (i)
2868 2757 3030 2810 etiam
3082 2756 3343 2828 Evagrius
3390 2755 3645 2811 Ponticus
3683 2771 3711 2809 a
3750 2756 3807 2811 S.
3833 2755 3993 2812 Basi-

2415 2851 2485 2906 lio
2515 2850 2683 2905 lector
2709 2850 2991 2905 ordinatus
3018 2848 3201 2905 fuisse.
3245 2850 3350 2905 Sed
3382 2865 3543 2920 quam
3573 2848 3801 2904 libenter
3830 2847 3992 2902 Basi-

2415 2941 2517 2996 lius
2556 2954 2747 3011 magna
2815 2939 3073 2993 virtutum
3133 2940 3332 2995 lumina
3385 2942 3637 2995 altarium
3687 2940 3995 2995 ministerio

2415 3037 2749 3101 admoveret,
2794 3034 3133 3089 demonstrat
3183 3034 3425 3103 inprimis
3472 3036 3742 3089 ordinatio
3773 3036 3825 3089 in
3872 3049 3995 3088 mo-

2417 3128 2652 3181 nasterio
2684 3136 2925 3195 peracta,
2966 3140 3085 3193 qua:
3118 3127 3256 3194 apud
3286 3134 3534 3178 sanctum
3561 3127 3887 3181 Dorotlieum
3925 3126 3996 3195 (j)

2416 3221 2491 3272 sic
2535 3218 2765 3272 refertur
2820 3236 2835 3272 :
2910 3216 3104 3287 Ἔλεγέ
3156 3236 3241 3281 τις
3298 3217 3405 3272 τῶν
3462 3218 3754 3289 γερόντων.
3817 3220 3898 3273 ὅτι
3966 3219 3996 3270 ὁ

2417 3309 2568 3377 ἆγιος
2623 3306 2901 3371 Βασίλειος
2930 3310 2986 3361 ὲν
3010 3308 3259 3379 κοινοϐίῳ
3291 3308 3644 3380 παραϐαλὼν,
3708 3309 3847 3379 μετὰ
3891 3308 3997 3382 τὴν

2413 3403 2727 3475 πρέπουσαν
2764 3400 3111 3452 διδασκαλίαν
3150 3400 3400 3469 λέγειτῷ
3444 3400 3748 3470 ἡγουμένῳ·
3807 3402 3997 3471 Ἔχεις

2411 3494 2635 3564 ἀδελφὸν
2666 3486 2768 3545 ὧδε
2791 3491 2981 3562 ἔχοντα
3004 3491 3245 3560 ὑπακοήν
3269 3508 3282 3555 ;
3308 3491 3365 3542 Ὀ
3390 3490 3445 3542 δὲ
3474 3491 3620 3558 λέγει
3650 3492 3796 3561 αὐτῷ
3815 3510 3827 3523 ·
3850 3493 3997 3546 Πάν-

2411 3606 2501 3651 τες
2526 3586 2699 3641 δοῦλοί
2752 3602 2844 3638 σου
2885 3584 3015 3648 εἰσὶ,
3057 3583 3153 3636 καὶ
3193 3582 3551 3645 σπουδάζουσι
3601 3582 3858 3653 σωθῆναι,
3903 3584 3998 3639 δέ-

2415 3694 2605 3732 σποτα.
2639 3677 2807 3730 Πάλιν
2847 3674 2995 3743 λέγει
3048 3672 3216 3745 αὐτῷ’
3264 3675 3449 3745 Ἔχεις
3494 3676 3551 3727 ὲν
3597 3674 3823 3747 ἀληθείᾳ
3866 3674 3996 3731 τινὰ

2414 3770 2600 3839 ἔχοντα
2628 3770 2907 3839 ὑπακοήν;
2954 3770 3011 3822 '0
3045 3770 3101 3823 δὲ
3144 3772 3373 3841 ἤνεγκεν
3406 3767 3553 3839 αὑτῷ
3596 3770 3690 3822 ἕνα
3738 3768 3993 3839 ἀδελφόν·

2413 3862 2506 3916 καὶ
2540 3862 2814 3933 ἐχρήσατο
2844 3860 3003 3912 αὐτὸν
3028 3862 3108 3922 εἰς
3133 3862 3192 3912 τὸ
3222 3864 3441 3931 ἄριστον
3469 3862 3747 3934 ὑπηρέτην
3781 3866 3809 3917 ὁ
3837 3863 3995 3931 ἅγιος

2415 3955 2719 4019 Βασίλειος.
2752 3950 2906 4007 Μετὰ
2946 3950 3003 4003 δὲ
3036 3951 3097 4003 τὸ
3126 3949 3445 4018 γεύσασθαι,
3490 3952 3688 4004 ἔδωκεν
3733 3953 3882 4024 αὑτῴ
3907 3954 3994 4007 νε-

2411 4047 2634 4115 ψασθαι·
2686 4046 2779 4100 καὶ
2818 4045 2969 4113 λέγει
3015 4042 3162 4115 αὐτῷ
3200 4045 3229 4096 ὀ
3276 4043 3430 4110 ἅγιος
3465 4042 3763 4106 Βασίλειος·
3798 4045 3994 4117 Δεῦρο,

2414 4137 2568 4207 κάγὼ
2610 4138 2766 4193 δώσω
2822 4156 2902 4191 σοι
2942 4137 3219 4209 νίψασθαι.
3267 4139 3323 4191 Ὀ
3358 4137 3413 4191 δὲ
3454 4135 3779 4200 κατεδέξατο
3826 4138 3997 4193 αὐτοῦ

2412 4230 2717 4301 ὲλπιχέοντος
2740 4232 2801 4283 τὸ
2818 4231 2981 4304 ὕδωρ.
3010 4235 3119 4286 Καὶ
3140 4232 3287 4301 λέγει
3324 4229 3473 4299 αὐτῷ
3498 4231 3601 4293 ὅτι,
3627 4230 3794 4286 Ὅταν
3823 4232 3999 4305 εἰσέρ-

2412 4341 2590 4401 χωμαι
2629 4326 2709 4388 εἰς
2753 4325 2814 4377 τὸ
2870 4324 3153 4396 ἱερατεῖον,
3183 4324 3340 4395 δεῦρο
3390 4323 3474 4375 ἵνα
3519 4325 3727 4396 ποιήσω
3768 4343 3826 4379 σε
3870 4325 3993 4379 διά-

2413 4435 2587 4472 κονον.
2616 4417 2727 4469 Καὶ
2758 4419 2946 4470 τούτου
2977 4417 3293 4487 γενομένου,
3338 4416 3593 4487 ἐποίησεν
3639 4418 3802 4471 αὐτὸν
3852 4433 3991 4489 πρε-

2415 4511 2691 4582 σόύτερον·
2743 4512 2838 4565 καὶ
2872 4512 3060 4565 ἐλαϐεν
3096 4508 3258 4562 αὑτὸν
3301 4509 3418 4580 μεθ’
3446 4511 3636 4565 ἑαυτοῦ
3685 4512 3763 4573 εἰς
3789 4510 3850 4562 τὺ
3874 4512 3995 4565 ἐπι-

741 4596 1121 4665 impnncndum
1152 4608 1313 4652 esset.
1348 4598 1485 4652 Hinc
1518 4607 1746 4667 uterque
1767 4598 2058 4668 Gregorius
2075 4600 2309 4669 episcopi

2418 4605 2688 4667 oxoneiov,
2714 4604 2802 4657 διὰ
2828 4602 2925 4673 τὴν
2958 4600 3205 4672 ὑπακοὴν
3233 4601 3417 4657 αὐτοῦ.
3450 4600 3885 4655 Commemoravit
3913 4620 3995 4658 se-

739 4686 809 4739 al)
839 4703 903 4741 co
945 4688 1090 4740 inviti
1121 4701 1176 4740 et
1217 4689 1541 4742 reluctantes
1557 4690 1813 4743 ordinati.
1849 4690 1960 4756 Qua
1992 4700 2111 4745 erat
2137 4691 2317 4745 humi-

740 4777 891 4834 litate
925 4791 1145 4835 sanctus
1204 4779 1395 4836 Petrus
1430 4781 1611 4837 Basilii
1662 4782 1855 4845 frater,
1902 4782 1947 4835 is
1993 4784 2083 4850 qui
2128 4794 2313 4852 postea

739 4873 1022 4941 cpiscopus
1074 4873 1174 4926 fuit
1227 4874 1578 4941 Sebastenns,
1617 4891 1721 4930 non
1771 4874 1992 4928 dubium
2046 4885 2128 4928 est
2184 4875 2312 4941 quin

738 4964 927 5017 eadem
958 4964 1029 5019 illi
1062 4967 1141 5019 vis
1184 4965 1325 5020 facta
1374 4966 1557 5028 fuerit,
1612 4982 1731 5021 cum
1784 4984 1906 5023 eum
1935 4968 2310 5036 presbyterum

739 5055 967 5109 Basilius
990 5057 1255 5111 ordinavit
1284 5073 1297 5109 :
1328 5059 1471 5127 quod
1497 5057 1805 5127 quidemin
1849 5060 2167 5126 primordiis
2193 5061 2311 5129 epi-

737 5154 991 5214 sc0patus
1040 5149 1239 5203 factum
1287 5150 1452 5208 fuisse
1510 5149 1802 5219 conjicitur
1839 5168 1903 5207 ex
1951 5152 2035 5205 bis
2084 5149 2309 5214 Nysseni

739 5240 919 5293 verbis
954 5237 1022 5307 (Γ)
1052 5260 1064 5293 :
1096 5239 1227 5293 Tum
1258 5242 1479 5310 insignis
1514 5243 1649 5297 inter
1672 5231 1881 5295 iunctos
1910 5242 2148 5295 Basilius
2192 5259 2307 5295 ma-

739 5345 854 5400 gna
885 5328 1289 5386 Cesarieusium
1343 5331 1592 5388 Ecclesite
1631 5331 1929 5387 declaratus
1954 5345 2028 5389 est
2071 5334 2307 5399 antistes,

813 5569 889 5638 (η)
932 5570 1080 5624 om.
1111 5571 1202 5624 20.

809 5640 882 5708 (ιι)
923 5642 1054 5695 una.

811 5717 882 5778 (c)
927 5712 1021 5780 Ιῧιι.
1049 5712 1177 5774 907,
1214 5731 1263 5766 tt.
1294 5714 1346 5765 5.

811 5783 885 5847 (τι)
931 5783 1087 5848 niui,
1123 5801 1153 5833 ιι
1204 5783 1269 5836 t.‘

810 5850 880 5919 (ρ)
910 5852 1075 5918 Epist.
1108 5853 1230 5916 160,
1266 5871 1316 5908 u.
1348 5856 1395 5909 l.

914 5920 1023 5976 Vit.
1059 5923 1226 5977 lacr.

2419 4710 2541 4747 nunt
2571 4694 2874 4755 nonnullus,
2904 4692 3042 4761 quod
3081 4702 3292 4745 sanctus
3321 4690 3555 4745 Basilius
3583 4706 3699 4744 cum
3724 4689 3790 4742 ad
3817 4706 3991 4746 cano-

2417 4786 2557 4838 bium
2585 4785 2827 4845 venisset,
2869 4795 2981 4851 post
3022 4784 3405 4837 convenientem
3454 4783 3767 4848 doctrinam,
3801 4783 3993 4837 dixerit

2417 4878 2696 4946 preposito
2724 4894 2741 4932 :
2783 4874 3022 4930 Habesne
3054 4876 3140 4929 hic
3186 4876 3404 4945 fratrem
3433 4876 3520 4944 qui
3550 4873 3855 4930 obedientia:
3888 4876 3994 4930 vir-

2417 4980 2525 5023 tute
2557 4980 2773 5023 ornatus
2819 4970 2931 5026 sit?
2976 4968 3261 5035 Respondit
3305 4966 3617 5035 hegumenus
3677 4986 3695 5025 :
3744 4968 3991 5030 Domine,

2416 5077 2589 5115 omnes
2627 5062 2762 5115 servi
2809 5060 2886 5112 tui
2916 5072 3057 5124 sunt,
3107 5072 3152 5114 et
3200 5061 3267 5113 ad
3309 5059 3529 5114 salutem
3575 5061 3992 5132 consequendam

2412 5156 2671 5221 aspirarit.
2712 5151 2915 5206 lterum
2955 5154 3090 5207 dixit
3146 5155 3237 5208 ei:
3296 5151 3361 5205 In
3416 5155 3655 5216 veritate,
3700 5164 3844 5206 estne
3897 5150 3991 5203 tibi

2411 5246 2603 5314 aliquis
2634 5245 2923 5298 obedientia
2953 5246 3248 5310 prwditus.’
3276 5244 3455 5299 Atille
3479 5245 3701 5298 adduxit
3740 5243 3788 5296 ei
3828 5257 3990 5297 unum

2409 5351 2473 5389 ea:
2501 5335 2792 5406 fratribus;
2830 5352 3055 5400 ususque
3083 5348 3154 5391 est
3186 5354 3245 5391 eo
3269 5348 3477 5390 sanctus
3495 5334 3728 5390 Basilius
3750 5336 3991 5387 ministro

2490 5582 2565 5645 (ιι)
2595 5581 2690 5643 Ep.
2724 5581 2849 5636 205,
2878 5596 2928 5631 n.
2949 5579 3004 5631 4.

2494 5655 2568 5719 (li)
2607 5653 2758 5719 Nysa.
2802 5649 2908 5702 Vit.
2944 5649 3111 5702 Macr.

2494 5724 2551 5785 (i)
2591 5721 2728 5773 "ist.
2775 5720 2936 5773 Laus.
2970 5735 3018 5774 c.
3048 5720 3135 5774 86.

2494 5782 2557 5860 ljl
2609 5792 2827 5844 lini-olli.
2879 5807 2926 5843 c.
2974 5791 3023 5855 l,
3070 5787 3241 5843 (lutei.
3301 5786 3537 5841 Monum.
3570 5786 3770 5841 Eccles.
3811 5782 3986 5842 Grec.

2425 5876 2554 5916 lout.
2591 5862 2629 5925 ί,
2663 5878 2713 5930 ρ.
2747 5860 2867 5915 Mli.
