4206 6482
1519 443 1679 501 νιτΑ
1723 445 1781 500 S.
1822 443 2084 501 BASllJl.

3263 462 3396 501 IX!"

198 562 313 615 inter
334 554 719 627 prandendum.
752 556 1033 626 Postquam
1061 569 1230 614 autem
1249 557 1571 626 comedisset,
1595 560 1733 613 dedit
1764 564 1809 621 Α
1841 562 1883 614 si
1912 559 2229 630 Gregorium
2262 572 2413 613 suum
2450 576 2515 615 ao
2544 574 2603 616 sc
2631 565 2889 629 polutssel
2922 558 3135 612 allicere
3169 557 3259 627 (ε).
3291 557 3398 613 Nc-

195 654 233 705 ri
271 650 422 717 frater
462 663 656 714 nquam
724 652 800 703 ad
847 650 1143 704 lavandum.
1183 650 1314 705 Tum
1351 652 1482 707 dixit
1521 664 1730 708 sanctus

196 737 441 794 Basilius:
480 734 631 801 Veni,
666 752 765 805 ego
808 752 1004 806 quoque
1028 738 1162 792 dabo
1202 740 1295 791 tibi
1320 740 1731 806 aquamablurn-

194 830 261 880 dit
286 830 530 886 inanibus.
590 831 649 884 Is
682 846 804 883 vero
826 845 1008 898 passus
1044 845 1116 888 est
1155 831 1260 888 sibi
1290 832 1353 885 ab
1383 833 1493 901 ipso
1522 832 1731 901 infundi

192 937 374 987 aqum.
410 924 492 978 Ait
522 923 602 974 illi
632 938 651 975 .'
678 921 815 977 Cum
853 927 1113 994 ingressus
1137 926 1284 993 fuero
1322 925 1376 977 in
1416 926 1727 986 sacrarium,

192 1014 368 1081 accede,
391 1026 442 1068 ut
466 1027 512 1066 te
547 1013 753 1080 facium
784 1017 1079 1072 diaconum.
1122 1017 1236 1081 Quo
1262 1026 1495 1084 peracta,
1518 1020 1570 1070 in
1608 1031 1699 1084 pro

191 1104 421 1174 tbytermn
476 1106 637 1158 etiam
690 1112 988 1172 ordinavit;
1020 1101 1401 1179 assumpsitqtte
1448 1125 1621 1163 secum
1672 1109 1727 1162 in

190 1200 439 1266 episcopio,
462 1213 680 1266 propter
706 1203 1019 1269 singularem
1042 1201 1200 1267 ipsius
1224 1203 1586 1256 obedientiam.

246 1287 349 1342 Non
386 1288 598 1353 modici,
627 1303 687 1344 nt
726 1293 826 1344 illis
858 1292 1203 1359 temporibus,
1241 1304 1393 1347 erant
1433 1292 1729 1346 Caesarien-

190 1379 253 1430 sic.
276 1376 515 1435 Ecclesia:
564 1382 797 1435 reditus.
858 1380 960 1434 Sed
995 1382 1225 1439 Basilius
1274 1384 1414 1436 inter
1462 1382 1557 1435 has
1598 1398 1728 1450 opes

190 1471 553 1537 pauperrimus.
590 1488 692 1526 sua
747 1473 924 1529 omnia
980 1492 1274 1546 pauperum
1317 1489 1436 1528 esse
1475 1474 1721 1529 ducebat.

188 1559 265 1614 Sic
294 1562 425 1619 illius
454 1572 835 1635 paupertatem
863 1576 917 1621 et
966 1577 1239 1621 austerum
1296 1565 1507 1618 vivendi
1562 1581 1726 1635 genus

186 1655 414 1719 pnedicat
451 1656 755 1722 Gregorius
784 1656 885 1729 (η),
932 1674 1121 1727 nempe
1146 1658 1376 1712 tunicam
1409 1674 1588 1725 unazr,
1615 1660 1726 1728 pal-

185 1743 294 1796 lium
320 1762 497 1810 unum,
532 1748 773 1817 vigilias,
802 1752 1102 1816 obsonium,
1140 1766 1327 1819 panem
1370 1761 1423 1805 et
1452 1753 1636 1815 salem,
1670 1764 1726 1805 ut

185 1836 278 1893 haec
297 1839 345 1891 iu
363 1838 673 1907 episcopatu
693 1859 797 1896 non
816 1844 1139 1905 intermissa,
1162 1841 1239 1895 vel
1263 1841 1445 1897 saltem
1466 1861 1571 1899 non
1592 1844 1727 1898 mul-

1839 667 1925 706 mo
1953 667 2081 707 sane
2108 650 2405 714 dubitabat,
2442 655 2567 720 quin
2604 650 2788 707 statim
2829 648 3122 719 Gregorius
3155 649 3217 702 ad
3257 651 3397 703 ami-

1836 757 1955 795 cum
1990 742 2141 798 laetus
2174 751 2502 803 accurreret.
2538 754 2589 796 et
2623 756 2745 797 cum
2782 755 2847 795 eo
2869 740 3120 795 honorem
3150 756 3213 794 ac
3245 749 3396 808 pote-

1837 841 2030 885 statem
2065 832 2375 901 partiretur.
2426 830 2530 884 Sed
2572 832 2860 904 Gregorius
2906 837 3148 900 protinus
3179 831 3396 900 quidem

1836 926 1901 976 ad
1937 923 2184 979 Basilium
2213 924 2448 991 scripsit,
2501 932 2559 975 ut
2610 940 2760 979 suum
2789 943 2853 981 es
2900 924 3015 993 ejus
3061 925 3398 978 ordinatione

1836 1015 2084 1086 gaudium
2128 1017 2460 1085 signiﬁcaret
2494 1032 2506 1067 :
2550 1023 2603 1068 at
2649 1016 2967 1070 desiderium
3000 1012 3143 1068 illius
3184 1013 3395 1068 videndi

1834 1106 2089 1165 cohibuit.
2135 1115 2244 1157 tum
2280 1118 2330 1159 ut
2356 1108 2512 1159 amici
2564 1106 2719 1159 fatna‘.
2762 1107 3081 1171 consuleret,
3121 1117 3217 1156 nec
3248 1106 3397 1170 quis-

1833 1212 1992 1267 quam
2025 1196 2350 1252 obtrectator
2387 1216 2505 1254 eum
2543 1200 2812 1253 studiosos
2844 1199 2924 1251 sui
2960 1199 3212 1268 colligere
3236 1195 3395 1247 dicti-

1834 1297 1971 1341 taret
2017 1287 2192 1356 (erant
2224 1289 2366 1342 enim
2413 1291 2702 1345 multorum
2755 1288 2920 1341 animi
2966 1290 3136 1343 adhuc
3179 1285 3395 1341 exulce-

1833 1377 1978 1447 rati),
2001 1385 2109 1430 tum
2128 1379 2287 1432 etiam
2317 1394 2381 1433 ne
2411 1394 2466 1433 se
2493 1381 2604 1450 ipse
2633 1382 2684 1434 in
2719 1380 2968 1432 invidiam
2998 1388 3051 1430 et
3074 1376 3397 1449 arrogantia:

1831 1469 2164 1537 suspiciones
2214 1472 2508 1540 conjiceret
2544 1472 2637 1542 (f).
2682 1473 2780 1525 His
2828 1470 3125 1523 rationibus
3172 1483 3395 1539 persua-

1832 1560 1959 1613 dere
1993 1556 2186 1613 Basilio
2214 1572 2441 1614 couatur
2485 1576 2553 1615 ne
2585 1577 2641 1616 se
2668 1563 2848 1616 statim
2880 1569 3124 1615 accersat
3160 1578 3173 1612 :
3223 1575 3395 1631 neque

1830 1652 1970 1708 enim
1996 1666 2055 1706 se
2097 1666 2317 1719 prorsus
2360 1662 2664 1715 venturum,
2701 1654 2799 1707 nisi
2832 1667 2953 1707 cum
2985 1653 3122 1704 Deus
3149 1648 3391 1718 jusserit,

1830 1752 1883 1796 et
1927 1757 2138 1807 eorum,
2186 1744 2277 1810 qui
2310 1742 2508 1798 Basilio
2562 1743 2950 1798 insidiabantur
2977 1751 3030 1796 et
3058 1741 3386 1807 invidebant,

1832 1836 2034 1889 umbra!
2066 1835 2421 1905 prmterierint

185 1939 277 1980 tum
308 1929 612 1999 demitigata
636 1932 806 1986 fuisse
834 1932 1137 1986 videantur.
1175 1932 1332 1988 Certe
1368 1933 1597 1989 Basilius
1629 1950 1717 1987 co-
1758 1920 1799 1975 Β
1897 1925 2142 1980 Nondum
2188 1928 2365 1981 ViCIUS
2392 1927 2475 1979 Ιιῖδ
2506 1924 2803 1979 "Nimim"!
2842 1922 3090 1990 333mm.
3118 1921 3389 1979 οοηιθωηί

184 2035 277 2071 ram
309 2020 560 2086 prarl'ecto
589 2022 808 2076 dicebat
835 2024 964 2077 nihil
992 2027 1333 2091 prorsus‘sibi
1359 2042 1496 2088 esse,
1533 2034 1725 2092 praeter

181 2110 362 2165 laceros
390 2124 439 2166 et
467 2114 704 2169 detritos
736 2132 961 2185 pannos,
996 2128 1048 2171 et
1090 2134 1288 2187 paucos
1312 2116 1473 2171 libros
1505 2118 1599 2186 (ὁ).
1633 2116 1725 2171 Sic

180 2204 349 2257 viventi
383 2206 647 2271 perfacile
677 2219 797 2263 erat
827 2210 879 2263 in
923 2225 1183 2279 pauperes
1212 2210 1477 2276 prolixum
1506 2226 1625 2264 esse
1660 2226 1723 2266 ac

181 2294 445 2350 liberalem.
481 2297 601 2366 Quo
636 2300 688 2353 in
740 2318 938 2369 genere
969 2302 1046 2354 sic
1076 2302 1468 2371 magniﬁcentia
1495 2314 1547 2356 et
1577 2319 1724 2357 sum-

182 2388 455 2453 ptuprodiil
484 2391 742 2453 Basilius,
772 2400 829 2444 ut
865 2393 1329 2462 ptochotrophium
1368 2397 1435 2451 ab
1460 2412 1523 2449 eo
1552 2396 1719 2449 τιξδὶῐὶ-

180 2488 333 2532 ralunt
350 2498 527 2535 norant
541 2484 811 2536 civitatem
829 2486 1055 2553 appellet
1069 2485 1328 2556 Gregoriu
1342 2506 1359 2541 ς
1374 2489 1449 2556 (p.
1470 2487 1614 2555 560').
1632 2488 1719 2555 qui

179 2569 526 2627 Basiliumnon
561 2577 619 2627 in
652 2577 763 2630 sola
783 2578 996 2632 civitate
1016 2580 1329 2632 charitatem
1358 2595 1505 2632 suam
1527 2579 1721 2632 nobili-

182 2670 301 2715 uisse
322 2672 563 2730 testatur,
600 2669 694 2722 sul
723 2669 885 2721 etiam
923 2685 1045 2722 rure
1080 2682 1129 2721 et
1164 2670 1215 2722 in
1253 2671 1397 2737 agris
1425 2672 1721 2724 humanita-

182 2757 267 2801 tem
290 2766 347 2805 ac
379 2756 807 2811 inuuiticentiam
838 2759 889 2814 in
931 2774 1190 2829 pauperes
1242 2760 1306 2813 iis
1335 2761 1603 2824 omnibus,
1631 2759 1720 2828 qui

179 2843 348 2911 papula
379 2860 675 2915 praeerant,
702 2861 760 2905 ut
793 2868 1077 2907 commune
1107 2863 1380 2907 certamen
1412 2854 1720 2922 proposuis-

178 2948 244 2987 se.
268 2936 460 2993 Revera
496 2944 698 3012 singuli
740 2944 1108 3013 chorepiscopi
1139 2948 1389 2999 videntur
1434 2961 1595 2999 unum
1621 2946 1719 2999 ali-

178 3024 296 3087 quod
348 3030 823 3099 ptocbotrophinzn
872 3034 974 3085 sibi
1031 3035 1377 3086 conuuissum
1442 3035 1716 3089 habuisse.

178 3113 349 3167 Omnes
372 3118 511 3169 enim
546 3119 960 3189 chorepiscopos
1004 3122 1233 3176 Basilius
1283 3122 1352 3193 (c)
1408 3125 1472 3176 ad
1521 3125 1718 3178 festum

179 3202 225 3257 ὃ.
246 3203 519 3305 Eupsychii
547 3218 1022 3269 ceuvocavitanuo
1047 3216 1171 3305 375J
1206 3225 1263 3269 ut
1292 3231 1474 3270 eorum
1503 3217 1719 3285 ptocho-

178 3300 360 3367 trapbia
393 3306 709 3359 numerario
746 3300 1165 3364 commendaret.
1208 3310 1429 3364 Summa
1475 3312 1560 3363 illa
1590 3312 1720 3365 cha-

176 3387 303 3457 ritas,
343 3408 456 3462 qua:
516 3395 773 3450 Basiliam
825 3400 1151 3467 pauperibus
1192 3410 1361 3455 totum
1413 3402 1717 3465 addicebat,

176 3480 347 3536 aditum
376 3487 633 3539 omnibus
666 3490 733 3541 ad
770 3489 912 3541 illius
957 3491 1311 3558 patrocinium
1346 3500 1399 3543 et
1447 3508 1721 3546 commen-

177 3573 420 3631 datioucm
463 3579 652 3645 dabat,
705 3590 763 3635 ut
802 3596 869 3637 ex
914 3583 1157 3652 plurimis
1207 3583 1451 3654 epistolis
1512 3586 1720 3655 perspi-

174 3665 310 3723 citur.

233 3761 477 3826 Quamvis
528 3762 797 3832 pleraeque
836 3768 1106 3822 orationes
1137 3767 1343 3832 Basilii,
1373 3785 1488 3837 qua?
1524 3770 1590 3823 ad
1624 3786 1720 3825 nos

175 3860 535 3917 pervenerunt,
568 3863 693 3907 ante
715 3855 1083 3923 episcopatum
1121 3861 1474 3922 pronuntiata:
1504 3859 1718 3913 videan-

164 3948 266 4003 ‘tur,
294 3959 391 3997 non
417 3955 607 3997 tamen
631 3945 889 3999 credibile
911 3957 991 4000 est
1017 3946 1274 4002 Basiliam
1299 3950 1363 4003 de
1396 3951 1717 4019 prmdicandi

174 4034 302 4087 verbi
331 4036 515 4090 studio
547 4037 838 4106 quidquam
866 4038 917 4091 in
948 4041 1255 4109 episcOpatu
1283 4044 1569 4106 remisisse,
1596 4057 1714 4095 cum

176 4129 452 4192 prasertim
488 4129 794 4196 graviorem
836 4128 994 4197 hujus
1028 4131 1103 4185 rei
1138 4136 1511 4187 necessitatem
1546 4136 1715 4203 impo-

176 4230 337 4273 nerent
366 4231 423 4275 et
464 4221 744 4290 dignitatis
774 4224 1015 4277 accessio
1037 4233 1092 4276 et
1122 4224 1496 4277 hmreticorum
1527 4225 1717 4294 impro-

174 4307 291 4363 bitas
331 4324 381 4367 et
430 4314 828 4383 persecutionis
879 4313 1150 4368 violentia.
1178 4314 1294 4368 Non
1330 4315 1441 4369 sola
1472 4316 1714 4371 Caesarea

173 4400 355 4469 eloquio
386 4404 578 4458 Basilii
622 4404 997 4474 perfruebatur
1054 4406 1173 4477 (tt):
1214 4408 1461 4461 assiduus
1493 4418 1611 4461 erat
1662 4408 1712 4460 in

174 4494 299 4561 pagis
326 4498 630 4563 visitanalis,
663 4513 761 4551 nec
787 4512 905 4550 eum
929 4500 1171 4563 morbus,
1200 4500 1300 4553 nisi
1332 4514 1553 4567 prorsus
1576 4501 1711 4554 lecto

1823 2028 1937 2069 Sea
1983 2013 2243 2081 Gregorio
2290 2024 2516 2086 questus
2569 2024 2671 2066 est.
2725 2012 2969 2079 Querelis
3007 2021 3260 2079 peracute
3306 2024 3394 2065 re-

1822 2106 2037 2173 spondit
2061 2104 2136 2175 (g)
2160 2105 2472 2177 Gregorius.
2508 2103 2735 2158 Fatetur
2772 2104 2872 2158 sibi
2911 2104 3039 2157 vitio
3063 2103 3177 2157 dari
3210 2115 3388 2170 posse,

1823 2196 1963 2265 quod
2015 2195 2269 2249 Basilium
2320 2215 2421 2252 non
2472 2198 2605 2250 satis
2660 2206 2756 2265 pro
2809 2194 3015 2247 meritis
3070 2191 3388 2253 admiretur,

1821 2290 2017 2361 quippe
2051 2304 2171 2342 cum
2200 2287 2381 2341 Basilii
2410 2290 2712 2354 eloquentia
2734 2287 2799 2340 ad
2823 2301 2943 2341 eum
2979 2284 3138 2353 digne
3169 2282 3391 2334 laudan-

1822 2386 1943 2437 dum
1978 2398 2113 2452 opus
2145 2382 2246 2444 sit;
2289 2389 2343 2433 at
2377 2380 2636 2433 insaniam
2670 2381 2845 2448 potius
2890 2393 3049 2446 quam
3079 2375 3222 2429 illius
3250 2384 3383 2428 eon-

1825 2484 2078 2544 tcmptum
2122 2473 2279 2542 objici
2335 2472 2548 2528 debere.
2582 2474 2866 2531 Caeterum,
2905 2471 2947 2523 si
3003 2468 3200 2520 idcirco
3240 2464 3391 2517 incu-

1823 2576 1989 2631 setur,
2040 2567 2179 2634 quod
2232 2563 2595 2633 pbil050pbari
2627 2561 2772 2624 velit,
2823 2560 2957 2627 petit
3001 2566 3058 2609 ut
3104 2558 3205 2609 sibi
3250 2557 3389 2609 hanc

1825 2672 1983 2709 unam
2019 2671 2130 2708 rem
2156 2655 2664 2723 Basiliieloqut-ntia:
2686 2650 2940 2721 praeferre
2968 2649 3123 2703 liceat
3146 2647 3245 2716 (It).
3269 2646 3393 2699 Ces-

1822 2752 1887 2803 sit
1916 2748 2128 2801 tandem
2164 2747 2392 2800 Basilius
2418 2756 2470 2801 et
2503 2748 2657 2801 amici
2708 2743 3042 2814 prudentiam
3066 2739 3271 2809 judicio
3292 2752 3390 2793 suo

1821 2839 2207 2907 comprobavit.

1888 2948 2137 3019 Gregorii
2160 2948 2458 3003 absentiam
2491 2946 2755 3000 lenierunt
2798 2944 3062 2999 simulatis
3090 2942 3292 2995 amoris
3313 2940 3389 2995 si-

1820 3040 2250 3109 gnillcatiouibus
2284 3039 2545 3092 Eustatbii
2588 3036 2856 3107 discipuli,
2910 3052 3041 3105 quos
3069 3035 3292 3090 Basilius
3321 3034 3389 3087 ad

1820 3132 2181 3200 episc0patum
2216 3140 2453 3192 evectus,
2499 3147 2594 3199 per
2642 3146 2860 3183 causam
2894 3130 3076 3182 auxilii
3105 3139 3159 3182 et
3203 3128 3391 3181 amica

1823 3221 2212 3276 communionis
2250 3221 2482 3291 perlidos
2513 3221 2874 3289 speculatores
2900 3221 2966 3273 ab
2998 3217 3276 3273 Eustatbio
3298 3232 3391 3272 ac-

1822 3314 1981 3383 cepit,
2011 3323 2068 3366 ut
2094 3312 2351 3365 discimus
2387 3327 2452 3365 ex
2505 3314 2661 3382 epist.
2690 3312 2815 3377 223,
2850 3328 2901 3364 n.
2944 3311 2978 3365 ὅ
3009 3320 3063 3363 et
3099 3310 3152 3364 5.
3188 3309 3387 3361 llorum

1819 3407 1921 3461 duo
1939 3404 2283 3460 nominantur
2308 3405 2359 3458 in
2390 3406 2616 3474 epistola
2648 3403 2778 3469 109,
2804 3403 3030 3455 Basilius
3056 3410 3111 3453 et
3145 3400 3387 3466 Sophro-

1819 3498 1957 3551 nius.
1992 3497 2154 3551 Primi
2186 3496 2399 3565 opinata
2449 3494 2707 3547 sanctitas
2742 3493 2812 3546 ita
2842 3490 3097 3545 Basiliam
3146 3497 3383 3557 ceperat,

1820 3600 1875 3643 ut
1906 3604 2027 3642 eum
2080 3589 2204 3640 vita:
2238 3602 2346 3638 sua:
2377 3585 2682 3653 prmsidium
2717 3597 2838 3638 esse
2880 3584 3128 3646 duceret;
3156 3579 3385 3633 alterum

1818 3681 1872 3733 in
1916 3679 2139 3748 epistola
2198 3678 2302 3732 105
2332 3678 2497 3731 ﬁlium
2542 3692 2696 3729 suum
2742 3674 2994 3743 appellat.
3038 3672 3274 3738 Uterque
3329 3668 3383 3721 in

1818 3770 2207 3825 dissimulando
2248 3773 2320 3822 ita
2373 3770 2577 3836 peritus
2610 3767 2826 3828 artifex,
2872 3774 2929 3818 ut
2960 3780 3080 3818 cum
3120 3777 3215 3818 eos
3238 3761 3381 3815 domi

1818 3877 1928 3917 sua:
1985 3861 2207 3917 haberet
2241 3860 2496 3923 Basilius,
2540 3859 2743 3914 nefaria
2801 3872 2983 3911 eorum
3043 3855 3267 3911 consilia
3317 3866 3384 3907 no

1817 3953 2170 4007 subodoratus
2198 3950 2415 4021 quidem
2455 3952 2546 4016 sit,
2591 3960 2877 4018 antequam
2916 3947 2981 4001 ad
3006 3944 3379 4014 gravissimam

1818 4042 1980 4113 ipsius
2002 4041 2377 4096 contumeliam
2402 4050 2744 4109 erumperent
2768 4042 2855 4109 (ἑ).

1886 4154 1968 4209 Ill.
2005 4153 2102 4208 Vix
2138 4154 2392 4207 Basilium
2421 4153 2666 4208 Cmsarea
2699 4153 3011 4221 episcopum
3042 4149 3232 4218 adepta
3262 4146 3380 4201 l’ue~

1817 4254 1920 4307 rat,
1948 4259 2069 4296 cum
2095 4242 2149 4295 S.
2181 4242 2376 4296 Melctii
2421 4242 2635 4295 tertium
2662 4240 2914 4295 exsilium
2950 4238 3235 4293 Antiochia
3261 4237 3377 4305 plo-

1818 4334 1975 4397 ravit,
2010 4344 2067 4387 ιιι
2095 4335 2252 4387 docet
2301 4332 2672 4387 Tillemontius
2714 4333 2801 4404 (ἰ).
2848 4332 3083 4387 Litteras
3112 4344 3175 4384 ea
3219 4330 3285 4381 de
3319 4341 3381 4381 re

1816 4426 1982 4480 lector
2009 4428 2188 4479 attulit
2211 4425 2427 4489 Basilio,
2459 4441 2593 4495 quas
2632 4427 2720 4479 ille
2748 4440 2850 4479 non
2878 4423 3044 4478 multo
3084 4428 3204 4492 post
3233 4422 3381 4475 misit

1815 4517 1881 4569 ad
1930 4515 2217 4570 Eusebium
2271 4514 2727 4578 Samosatensem,
2760 4516 3008 4585 quamvis
3033 4529 3155 4568 eum
3184 4516 3249 4568 de
3290 4513 3377 4572 iis,

173 4585 422 4654 aﬂxisset,
466 4593 535 4647 ab
574 4594 675 4647 hoc
719 4592 893 4646 ollicio
922 4593 1243 4648 deterrebat.
1290 4593 1521 4648 Nimium
1551 4596 1711 4648 multa
1747 4610 1789 4666 ο
1819 4622 1834 4658 ε

1747 4610 1789 4666 D
1819 4622 1933 4674 qua
1960 4607 2260 4661 Antiochia.-
2296 4609 2670 4677 contigerant,
2712 4607 2996 4660 certiorem
3028 4606 3227 4659 factum
3257 4618 3378 4659 esse

173 4681 443 4752 colligenda
485 4693 686 4749 essent,
724 4686 768 4739 si
820 4686 1160 4755 episcopatus
1194 4684 1374 4740 Basilii
1406 4697 1710 4741 accuratam

176 4769 441 4843 imaginem
478 4776 761 4844 depingere
790 4777 1127 4846 aggrederer.
1165 4776 1267 4832 Sed
1289 4780 1412 4847 quid
1436 4781 1502 4832 de
1532 4779 1714 4833 Eccle-

174 4864 239 4917 sia
267 4866 611 4931 Caesariensi,
639 4867 764 4935 quid
797 4869 860 4920 de
891 4868 1012 4923 aliis
1050 4868 1307 4924 Ecclesiis
1342 4872 1389 4923 ei
1422 4881 1477 4923 ut
1515 4881 1713 4925 metro-

172 4957 405 5023 pulitano,
435 4958 519 5013 vel
566 4969 623 5010 ιιι
645 4959 882 5011 exarcbo
920 4958 1196 5026 subjectis,
1228 4962 1355 5029 quid
1379 4964 1603 5031 denique
1649 4963 1715 5016 de

172 5050 397 5104 universa
449 5049 689 5104 Ecclesia
735 5051 957 5103 meritus
989 5051 1079 5116 sit,
1110 5053 1242 5106 satis
1268 5054 1502 5106 exsxabit
1527 5068 1588 5108 es
1643 5053 1709 5109 iis

169 5153 269 5208 quae
304 5140 561 5208 deinceps
590 5140 949 5194 narrabimus.

228 5230 281 5286 ll.
312 5232 563 5303 Magnum
612 5230 840 5287 Basilius
877 5232 1173 5302 adjutorem
1223 5234 1519 5300 habuisset,
1548 5247 1603 5290 et
1640 5236 1706 5290 ad

170 5326 407 5379 secundas
441 5323 496 5377 in
529 5322 674 5378 omni
722 5323 1021 5379 utinisterio
1065 5323 1315 5381 ferendas
1347 5326 1706 5393 aptissimum,

227 5496 293 5562 (α)
320 5497 412 5551 Or.
435 5497 524 5551 90.

229 5567 291 5635 (ο)
320 5568 471 5622 una.
495 5587 524 5622 ιι
567 5568 692 5622 διε).

227 5638 287 5703 (ε)
313 5638 406 5702 Ep.
442 5639 561 5691 14:2.

226 5707 293 5782 (ά)
317 5706 415 5782 βυ.
438 5708 563 5760 seu.

224 5779 282 5841 (ε)
306 5779 394 5831 Or.
426 5782 514 5831 20.

222 5848 277 5922 (ί)
302 5849 465 5921 Epist.
489 5849 579 5907 '25.

1818 4713 1919 4752 non
1968 4699 2254 4755 dubitaret.
2311 4702 2563 4756 Scribere
2606 4699 2838 4753 Eusebio
2882 4698 3132 4768 cupiebat
3192 4698 3375 4751 statim

1816 4798 1933 4857 post
1951 4788 2066 4857 ejus
2095 4792 2344 4853 reditum.
2377 4793 2469 4846 sed
2498 4806 2703 4847 moram
2734 4790 2911 4843 attulit
2935 4788 3094 4866 bajuli
3122 4790 3371 4857 penuria,

1815 4893 1880 4933 eo
1897 4881 2038 4947 quod
2068 4880 2414 4951 Cappadoces
2455 4883 2529 4935 ita
2554 4881 2786 4936 hiemem
2814 4882 3282 4943 exborrescerent,
3311 4890 3371 4934 ut

1819 4985 1883 5022 ne
1907 4970 2213 5039 prospicere
2236 4972 2448 5038 quidem
2474 4985 2537 5024 ex
2568 4973 2769 5026 aedibus
2790 4972 3063 5025 auderent.
3090 4970 3207 5026 Jam
3237 4971 3375 5025 duos

1817 5071 2030 5111 incuses
2086 5058 2301 5112 nivibus
2336 5061 2572 5128 cooperti
2634 5058 2931 5125 latitabant,
2981 5076 3102 5113 cum
3157 5059 3373 5115 tandem

1820 5158 2011 5201 nactus
2038 5158 2121 5202 est
2154 5149 2401 5214 Basilius,
2443 5152 2532 5220 qui
2570 5151 2847 5206 Samosata
2900 5150 3169 5221 proﬁcisci
3212 5151 3374 5203 aude-

1817 5249 1899 5293 ret
1930 5240 2023 5311 (lt).
2076 5240 2257 5308 Mittit,
2307 5244 2496 5312 utjam
2530 5244 2658 5305 dixi,
2695 5242 2923 5297 Eusebio
2957 5241 3145 5295 allatas
3186 5242 3371 5293 Antio.

1818 5331 1937 5382 chia
1960 5330 2196 5395 litteras;
2233 5332 2443 5385 nuntiat
2477 5331 2846 5402 DeiImphilum
2871 5329 3187 5398 jamdudum
3209 5343 3367 5385 occu-

1882 5506 1954 5572 (g)
1992 5507 2160 5575 Epist.
2197 5508 2282 5561 10.

1876 5579 1950 5640 (It)
1983 5576 2107 5629 Naz.
2142 5594 2221 5631 or.
2255 5577 2323 5633 ΞΟ

1881 5648 1943 5711 (i)
1976 5646 2069 5713 Ep.
2104 5648 2221 5700 ιω).

1881 5719 1943 5786 (1)
1979 5713 2140 5786 Tum.
2165 5717 2272 5784 Vll,
2300 5734 2419 5786 pag.
2450 5716 2573 5775 360.

1885 5783 1961 5853 (Β)
1996 5784 2088 5852 Ep.
2120 5785 2188 5841 48
