4206 6492
736 447 863 493 LXIV

2084 431 2452 490 PROLECOM
2465 433 2589 488 ENA
2602 474 2615 489 .

739 567 869 622 pare
890 553 1073 610 sedem
1094 553 1847 625 Constantinopolitanam,ac
1876 553 2166 611 simulacro
2184 571 2307 625 qno-
2337 561 2383 615 Α
2414 555 2575 610 invidi
2604 570 2665 607 .m
2692 554 2910 616 Basilio,
2934 568 2993 608 ut
3026 554 3230 609 homini
3260 553 3634 621 immoderato,
3656 554 3973 615 creandam.

742 647 865 699 dam
897 647 1111 716 pietatis
1134 658 1190 703 et
1215 657 1376 703 recta:
1406 647 1527 703 fidei
1552 646 1863 718 perfecisse,
1882 654 1941 701 ut
1968 655 2022 699 et
2044 647 2310 703 dissiden-

744 745 827 790 ωε
864 736 1098 792 civitatis
1118 747 1297 808 partes
1324 737 1374 790 in
1399 752 1564 790 unum
1588 738 1975 795 coalescerent.
2003 744 2058 790 et
2078 753 2141 790 ex
2176 736 2307 791 vici—

747 830 831 885 nis
860 830 1125 901 episcopis
1161 828 1395 885 nonnulli
1442 830 1685 884 eamdem
1739 828 2167 897 coniunctionem
2199 843 2311 882 ama

746 920 1131 991 plecterentur.
1150 919 1341 974 Narrat
1370 921 1435 973 de
1457 920 1751 976 schismate
1779 922 2155 989 episcoporum
2184 921 2313 987 Cap—

748 1013 1010 1079 padociae,
1056 1022 1113 1067 ut
1147 1026 1307 1081 supra
1358 1012 1617 1078 vidimus;
1668 1014 1859 1067 invitat
1898 1011 2213 1073 Eusebium,
2257 1020 2315 1062 ιιι

750 1116 877 1158 vere
910 1104 1294 1159 Caesariensem
1337 1103 1889 1169 Ecclesiamiuvisat;
1922 1095 1998 1157 'ait
2033 1119 2091 1159 se
2127 1100 2315 1156 melius

751 1195 913 1252 solito
948 1214 1049 1250 non
1079 1196 1270 1250 valere.

824 1285 1034 1355 Scripta
1072 1298 1152 1341 est
1199 1288 1312 1342 iure
1348 1288 1578 1357 epistola
1624 1301 1766 1340 anno
1813 1286 1919 1342 570
1943 1293 2190 1347 exeunte,
2236 1284 2316 1337 vel

757 1380 973 1433 ineunte
1020 1376 1144 1430 371.
1195 1376 1431 1433 Credere
1482 1378 1663 1431 malim
1710 1392 1853 1434 anno
1910 1378 2014 1433 570
2064 1376 2317 1444 scriptam

755 1469 941 1522 fuisse.
971 1468 1122 1533 Quod
1151 1483 1295 1522 enim
1324 1471 1457 1522 duos
1476 1465 1586 1534 jam
1614 1481 1827 1523 menses
1844 1466 2053 1521 nivibus
2082 1462 2321 1532 coeperti

754 1557 1097 1627 Cappadoces
1126 1556 1396 1621 dicuntur,
1428 1557 1477 1608 id
1502 1556 1568 1611 de
1602 1557 1874 1611 mensibus
1906 1570 2012 1607 non
2074 1553 2245 1621 plenis
2270 1560 2324 1604 ct

753 1650 963 1705 exactis
992 1650 1162 1719 accipi
1194 1657 1388 1720 potest.
1422 1646 1689 1703 Praeterea
1719 1648 1890 1700 hiems
1910 1648 2019 1700 cito
2037 1645 2322 1699 admodmu

757 1741 812 1795 in
842 1741 1179 1810 Cappadocia
1224 1740 1539 1807 incipiebat.
1582 1739 1695 1792 Non
1734 1737 1956 1792 dubium
1990 1748 2167 1792 autem
2193 1738 2321 1805 quin

757 1832 1083 1887 clericorum
1120 1830 1317 1900 aliquis
1378 1833 1515 1886 hanc
1573 1829 1857 1899 epistolam
1910 1830 2183 1885 detulerit.
2234 1828 2324 1881 Sic

2416 650 2487 701 lie
2536 647 2618 701 his
2661 649 3168 715 runioribus,:quos
3194 646 3438 702 malevoli
3482 648 3727 706 homines
3756 664 3978 719 sparge-

2413 738 2561 804 bant,
2591 740 2879 794 certiorem
2926 738 3180 794 Basiliam
3201 740 3332 795 fecit
3354 738 3640 809 Bosporius
3674 742 3897 799 coleniat
3921 742 3978 797 in

2412 830 2747 897 Cappadocia
2776 832 3080 901 episcopus.

2490 921 2775 976 Perculsus
2806 924 2905 977 hoc
2931 920 3119 976 nuntio
3153 919 3383 977 Basilius
3413 931 3575 977 totam
3602 930 3816 976 noctem
3852 936 3969 978 tra-

2415 1014 2572 1077 duxit
2604 1014 2906 1068 insomnem
2946 1013 3397 1084 quemadmodum
3425 1016 3539 1084 ipse
3561 1021 3746 1068 narrat
3772 1014 3826 1066 in
3863 1016 3981 1084 epi-

2418 1096 2682 1167 stola‘5l,
2714 1101 2764 1156 in
2810 1118 2914 1171 qua
2946 1102 3164 1173 exponit
3208 1102 3335 1170 quid
3363 1103 3427 1157 de
3475 1104 3665 1157 Dianio
3698 1113 3727 1156 a
3774 1104 3985 1158 teneris

2421 1196 2675 1259 senserit,
2708 1210 2770 1249 ac
2814 1195 3047 1261 ingenue
3089 1196 3288 1251 fatetur
3312 1209 3370 1248 se
3397 1209 3520 1247 cum
3556 1195 3736 1249 multis
3774 1193 3896 1247 aliis
3929 1196 3983 1247 in

2410 1285 2591 1351 patria
2629 1285 2792 1337 Deum
2826 1283 3142 1340 timentibus
3178 1282 3534 1339 insolabiliter
3558 1285 3810 1346 doluisse,
3838 1285 3983 1351 quod

2423 1374 2649 1429 Dianius
2702 1376 2946 1430 formula:
2976 1375 3437 1447 Constantinopoli
3468 1392 3497 1428 a
3524 1377 3759 1444 Georgio
3808 1374 3988 1429 allata:

2420 1462 2844 1532 subscripsisset,
2892 1464 2983 1518 sed
3042 1476 3215 1519 tamen
3262 1469 3327 1519 ad
3371 1465 3486 1534 ejus
3533 1467 3975 1520 communionem

2422 1557 2734 1621 accessisse,
2786 1566 3068 1627 postquam
3112 1557 3330 1611 Dianius
3376 1560 3428 1612 in
3471 1558 3735 1620 morbum,
3776 1574 3842 1612 ex
3880 1571 3996 1627 quo

2424 1657 2675 1702 mortuus
2708 1658 2810 1710 est,
2845 1649 3049 1717 lapsus.
3081 1648 3281 1702 Basilio
3320 1652 3585 1706 accersito
3619 1650 3825 1722 juravit
3856 1652 3994 1704 nihil

2425 1741 2525 1795 sibi
2550 1752 2742 1796 contra
2770 1743 3041 1797 Nicmnam
3064 1742 3220 1798 fidem
3249 1744 3581 1812 propositum
3615 1743 3803 1805 fuisse,
3827 1755 3997 1809 seque

2428 1831 2563 1885 nihil
2593 1832 2737 1887 aliud
2771 1835 2993 1899 sentire,
3025 1849 3183 1902 quam
3217 1835 3359 1904 quod
3387 1835 3454 1888 ab
3490 1835 3645 1889 initio
3679 1841 3992 1903 acceperat,

758 1924 902 1979 enim
932 1922 1146 1980 solitum
1168 1924 1402 1978 scribere
1426 1920 1703 1985 Basilium,
1735 1922 1924 1977 saltem
1941 1935 2061 1975 cum
2092 1919 2324 1989 aliquem
2358 1915 2403 1974 B
2434 1938 2495 1978 ac
2526 1923 2758 1993 precari,
2799 1934 2856 1978 ut
2882 1941 2909 1977 a
2935 1935 3297 1981 trecentorum
3329 1927 3511 1981 decem
3541 1936 3595 1982 et
3623 1936 3746 1983 octo
3772 1926 3998 1983 Patrum

759 2017 887 2070 dats
908 2029 1071 2085 opera
1111 2014 1379 2075 mittebat,
1412 2026 1478 2066 ex
1499 2026 1587 2081 ep.
1623 2012 1723 2067 198
1751 2010 2123 2081 perspicimus.
2139 2009 2330 2078 Quam-

759 2110 845 2163 vis
899 2119 1075 2162 autem
1127 2120 1263 2160 unus
1307 2113 1515 2158 tantum
1549 2104 1703 2158 initio
1747 2102 1989 2171 epistolae
2023 2103 2331 2173 designetur

761 2197 998 2268 baiulus,
1030 2196 1235 2255 socium
1275 2206 1450 2249 tamen
1503 2194 1552 2248 ei
1591 2193 1828 2247 additum
1881 2192 2049 2249 fuisse
2088 2204 2233 2262 patet
2265 2210 2329 2247 ex

764 2291 851 2349 his
886 2291 1082 2355 verbis,
1112 2302 1163 2342 ut
1194 2290 1291 2355 ipsi
1323 2288 1399 2340 illi
1437 2286 1749 2340 narrabant.
1795 2285 1948 2353 Sazpe
1985 2287 2035 2337 in
2067 2286 2329 2354 ejusmodi

765 2384 978 2445 litteris,
999 2382 1098 2435 etsi
1140 2382 1243 2434 duo
1265 2380 1636 2443 mittebantur,
1662 2394 1800 2432 unus
1843 2378 2240 2437 nominabatur,
2273 2388 2331 2430 ut

765 2473 1047 2530 observavi
1079 2473 1144 2526 ad
1175 2473 1335 2542 epist.
1372 2471 1498 2525 245.

838 2562 929 2620 ιν.
961 2564 1037 2619 Es
1071 2565 1136 2619 iis
1186 2564 1275 2633 qui
1307 2564 1505 2619 Basilio
1535 2563 1587 2615 in
1646 2562 1955 2629 primordiis
1992 2573 2333 2630 episcopatus

767 2657 1069 2726 gratulandi
1103 2665 1157 2711 et
1189 2654 1508 2709 adhortandi
1538 2668 1699 2707 causa
1731 2654 2083 2723 scripserunt,
2108 2655 2333 2708 duorum

769 2751 838 2809 ad
876 2765 975 2805 nos
1000 2750 1377 2819 episcoporum
1415 2750 1631 2805 nomina
1680 2763 1995 2818 pervenere,
2036 2749 2248 2803 Arcadii
2282 2759 2334 2802 et

770 2842 1088 2899 Innocentii.
1117 2842 1333 2897 Primus
1368 2858 1516 2911 spem
1549 2858 1576 2895 a
1612 2857 1670 2896 se
1699 2843 1765 2895 de
1799 2840 1997 2895 Basilio
2023 2852 2336 2911 conceptam

770 2937 1168 3007 signiﬁcaverat
1192 2935 1290 3006 (α),
1307 2946 1358 2989 et
1383 2935 1636 3002 reliquias
1657 2942 1948 2999 martyrum
1982 2933 2044 2983 ad
2061 2934 2337 2985 ecclesiam

772 3043 963 3085 recens
1017 3043 1046 3081 a
1096 3040 1156 3080 se
1211 3035 1577 3080 constructam
1628 3023 1878 3093 petierat.
1945 3024 2339 3076 l’erhonorilice

772 3119 1061 3193 respondet
1091 3114 1321 3175 Basilius
1349 3118 1447 3191 (ὁ),
1478 3131 1644 3188 seque
1677 3117 1817 3171 illius
1845 3116 2004 3170 studii
2044 3116 2336 3186 adjutorem

776 3215 1016 3271 futurum
1036 3216 1325 3284 promittit,
1346 3216 1389 3269 si
1413 3214 1668 3285 reliquias
1701 3222 1997 3283 martyrum
2023 3211 2341 3280 investigare

772 3308 964 3377 possit.
993 3307 1360 3369 Innocentius,
1386 3322 1542 3373 quem
1570 3306 1896 3372 perabsurde
1927 3304 2132 3357 librarii
2164 3304 2346 3359 Romae

775 3402 1084 3469 episcopum
1123 3397 1389 3459 fecerunt,
1430 3412 1635 3463 magum
1666 3397 1815 3447 urbis
1846 3408 1900 3449 et
1933 3397 2177 3449 Caesarea
2241 3413 2343 3451 non

750 3494 968 3556 parum
1009 3487 1262 3543 distantis
1314 3486 1599 3554 episcopus
1649 3495 1763 3538 erat
1814 3495 1869 3538 et
1915 3483 2144 3552 Spiritus
2177 3487 2345 3538 sancti

781 3577 1133 3650 gloriﬁcatur,
1169 3576 1221 3631 id
1252 3584 1356 3637 est.
1392 3575 1691 3630 divinitatis
1731 3573 1849 3643 ejus
1892 3572 2159 3627 defensor.
2192 3571 2346 3626 Basi-

782 3672 889 3731 lius
923 3668 990 3742 (c)
1025 3669 1223 3741 gratias
1251 3670 1298 3723 ei
1342 3667 1473 3739 agit,
1500 3667 1640 3736 quod
1670 3681 1729 3721 se
1768 3666 2062 3729 adhortari,
2099 3680 2162 3720 ac
2208 3666 2348 3718 litte-

784 3762 860 3813 ris
892 3775 1136 3814 recreare
1170 3759 1419 3828 dignatus
1445 3768 1609 3822 esset,
1630 3767 1678 3812 et
1706 3758 1838 3811 velut
1864 3773 2141 3825 puerorum
2175 3756 2349 3826 infan-

783 3854 910 3911 tiam
932 3852 1067 3903 ulnis
1094 3867 1203 3904 sua:
1243 3851 1621 3919 magnitudinis
1649 3850 1906 3917 amplecti.

856 3940 1172 4011 Pergamius
1210 3942 1425 4009 quidam
1453 3940 1651 3993 Basilio
1692 3940 1756 3991 ad
1778 3940 2139 4011 episcOpatum
2168 3950 2353 3993 evecto

787 4034 1086 4101 gratulatus
1124 4032 1319 4097 fuerat,
1350 4032 1440 4086 sed
1477 4046 1596 4084 cum
1630 4043 1942 4098 responsum
1977 4042 2082 4080 non
2118 4028 2355 4094 accepis-

790 4135 894 4190 set,
922 4124 1118 4179 iterum
1150 4126 1387 4194 scripsit,
1416 4139 1521 4178 non
1543 4123 1657 4177 sine
1682 4121 1934 4191 gravibus
1957 4120 2188 4189 querelis
2214 4120 2353 4191 quod

790 4231 927 4270 nova
980 4217 1217 4286 dignitas
1274 4217 1470 4272 Basilio
1522 4216 1846 4270 oblivionem
1897 4224 1951 4268 et
1994 4223 2352 4287 contemptum

791 4307 1086 4377 amicorum
1138 4307 1366 4362 amaret.
1397 4306 1600 4361 Scribit
1634 4308 1815 4374 itaque
1852 4304 1926 4357 illi
1953 4303 2184 4357 Basilius
2240 4304 2351 4369 epi-

792 4397 986 4454 stolam
1018 4396 1107 4464 56,
1132 4397 1186 4452 in
1215 4412 1316 4466 qua
1351 4412 1409 4451 se
1436 4408 1629 4449 natura
1662 4396 1953 4465 proclivem
1986 4409 2103 4447 esse
2131 4394 2195 4446 ad
2225 4392 2358 4448 obli-

792 4492 1108 4547 viscendum
1138 4490 1355 4553 fatetur,
1383 4490 1477 4545 sed
1509 4504 1651 4542 nunc
1680 4488 1909 4556 negotiis
1932 4486 2231 4540 districtum
2282 4482 2359 4537 fa-

2434 2026 2581 2069 sorte
2613 2029 2716 2069 non
2746 2026 3048 2084 separetur.

2503 2107 2675 2178 Iniqui
2706 2110 2771 2163 de
2802 2107 3002 2163 Basilio
3036 2126 3279 2166 rumores
3306 2113 3371 2166 ad
3400 2116 3687 2170 canonicas
3710 2120 3995 2185 quasdam,

2434 2198 2552 2252 sive
2571 2216 2756 2255 sacras
2787 2200 3025 2272 virgines
3055 2201 3243 2271 perlati
3284 2203 3513 2258 fuerant.
3552 2206 3668 2276 Ipse
3703 2208 3866 2261 etiam
3890 2205 4001 2261 Ba-

2434 2286 2586 2340 silius
2621 2287 2766 2344 falsis
2815 2291 3122 2345 rumoribus
3149 2291 3437 2361 deceptus,
3473 2295 3649 2349 minus
3695 2312 3903 2367 aequam
3936 2295 4005 2350 de

2434 2377 2713 2433 canonicis
2762 2382 3071 2449 opinionem
3117 2394 3420 2452 acceperat.
3466 2384 3723 2438 Dedocuit
3766 2387 4008 2454 virgines

2435 2467 2748 2535 Bosporius,
2785 2479 2839 2522 et
2872 2471 2941 2524 ad
2995 2474 3285 2540 aequiorem
3313 2476 3379 2528 de
3430 2473 3631 2529 Basilio
3671 2475 4004 2529 sententiam

2437 2560 2677 2623 adduxit,
2706 2576 2767 2616 ac
2801 2577 2987 2616 rursus
3030 2562 3286 2618 Basiliam
3318 2567 3383 2619 de
3424 2567 3584 2622 rebus
3612 2567 4008 2622 canonicarum

2438 2654 2744 2707 accuratius
2766 2654 3021 2708 erudivit.
3046 2650 3347 2722 Utrumque
3370 2656 3567 2711 Basilio
3586 2665 3887 2730 pergratum
3918 2671 4010 2711 ac-

2439 2743 2592 2809 cidit,
2618 2760 2682 2801 ac
2709 2745 2977 2814 duplicem
3004 2761 3156 2801 suam
3177 2744 3416 2800 laetitiam
3431 2733 3706 2802 canonicis
3735 2746 4014 2816 significat

2440 2836 2493 2889 in
2528 2836 2749 2904 epistula
2782 2837 2878 2901 52,
2900 2849 2955 2892 et
3002 2837 3257 2893 nonnulla
3282 2837 3349 2893 de
3377 2836 3633 2909 dogmate
3673 2841 3913 2906 disserit,
3949 2850 4013 2893 ut

2444 2928 2600 2981 modo
2630 2929 2947 2984 videbimus.

2512 3018 2621 3073 Nec
2655 3019 2813 3075 rebus
2839 3036 2939 3076 nec
2971 3031 3223 3093 tempore
3264 3024 3363 3079 has
3406 3024 3662 3095 epistolas
3697 3025 3771 3096 (e)
3802 3024 4014 3093 disjun-

2441 3112 2641 3181 gendas
2677 3112 2944 3168 duximus.
2978 3114 3034 3167 In
3083 3125 3312 3186 utraque
3341 3117 3387 3171 is
3421 3118 3510 3187 qui
3535 3117 3791 3171 Basiliam
3827 3122 4016 3169 monet

2445 3205 2571 3275 quid
2595 3205 2659 3259 de
2692 3205 2783 3260 illo
2816 3206 3047 3268 dicatur,
3070 3206 3361 3275 Bosporius
3381 3222 3483 3263 est.
3515 3208 3747 3263 Basilius
3780 3206 3835 3261 in
3863 3216 4017 3261 utra-

2453 3313 2557 3367 que
2590 3306 2823 3353 structas
2846 3298 2946 3353 sibi
2980 3298 3279 3354 calumnias
3307 3300 3573 3369 ejusmodi
3609 3314 3731 3355 esse
3748 3300 4017 3365 declarat,

2451 3405 2508 3447 ut
2544 3409 2729 3448 earum
2790 3406 3042 3449 auctores
3097 3394 3321 3450 credere
3355 3410 3459 3448 non
3506 3394 3793 3449 videantur
3834 3409 3893 3449 se
3932 3394 4020 3447 vel

2449 3487 2605 3539 otiosi
2633 3487 2778 3541 verbi
2826 3488 3087 3542 rationem
3116 3490 3167 3542 in
3224 3488 3311 3543 die
3345 3488 3532 3559 judicii
3593 3488 3925 3543 reddituros.
3962 3486 4021 3538 In

2450 3586 2681 3643 utraque
2725 3578 2988 3632 refellitur
3028 3578 3302 3633 calidioris
3354 3595 3417 3633 ac
3458 3578 3800 3633 immoderati
3852 3574 4021 3630 animi

2453 3667 2788 3721 criminatio.
2831 3667 2965 3721 Nam
3010 3671 3061 3722 in
3099 3670 3323 3737 epistola
3358 3672 3423 3723 ad
3452 3670 3767 3738 Bosporium
3790 3668 4025 3737 legimus

2457 3768 2766 3812 accusatum
2819 3756 2987 3813 fuisse
3018 3758 3272 3811 Basilium
3296 3799 3309 3822 ,
3335 3760 3474 3827 quod
3508 3759 3756 3812 Dianium
3788 3758 4019 3811 anathe-

2457 3850 2791 3914 matizasset,
2828 3850 3021 3921 synodi
3069 3850 3296 3905 Nicaeum
3326 3848 3695 3904 defensionem
3726 3850 3868 3903 ultra
3900 3864 4019 3903 mo-

2457 3941 2581 3996 dum
2612 3954 2665 3995 et
2714 3943 2887 4011 legem
2920 3945 3238 4013 perducens.
3272 3944 3325 3997 ln
3375 3942 3595 4011 epistola
3629 3941 3694 3994 ad
3714 3940 4012 3995 canonicas

2458 4049 2561 4085 non
2614 4032 2807 4087 refellit
2839 4036 3155 4089 nominatim
3208 4038 3310 4091 hoc
3359 4036 3533 4089 Dianii
3574 4033 4025 4089 anathematizati

2457 4133 2820 4174 commentum
2848 4138 2862 4186 ;
2893 4125 2983 4176 sed
3005 4127 3247 4179 eamdem
3280 4126 3513 4180 hominis
3545 4123 3887 4179 irnmoderati
3908 4123 4027 4193 opi-

2460 4216 2671 4265 nionem
2702 4227 2730 4264 a
2762 4228 2821 4266 se
2868 4225 3129 4277 removet,
3166 4218 3291 4269 dum
3333 4233 3518 4269 earum
3570 4226 3762 4286 rogatu
3796 4217 4027 4286 exponit

2459 4306 2588 4375 quid
2618 4310 2682 4359 de
2714 4307 3160 4361 consubstantiali
3189 4308 3405 4370 sentiat,
3437 4323 3498 4361 ac
3524 4324 3636 4369 eos,
3666 4310 3755 4377 qui
3787 4308 4023 4363 nondum

2461 4399 2602 4461 hanc
2661 4413 2846 4453 vocem
2906 4411 3240 4467 receperant,
3276 4399 3504 4467 benigne
3550 4408 3795 4462 excusat,
3835 4400 3961 4469 quia
3994 4414 4024 4452 a

2466 4489 2720 4545 l’atribus
2756 4491 3138 4552 Antiocheuis,
3177 4500 3232 4543 ut
3291 4490 3405 4559 ipse
3438 4489 3786 4558 Opinabatur,
3824 4491 4023 4559 rejecta

789 4585 949 4638 cilius
976 4584 1243 4639 oblivisci.
1272 4584 1329 4639 Id
1354 4597 1529 4638 causa:
1556 4595 1674 4636 esse
1703 4594 1801 4634 cur
1830 4589 2063 4646 acceptae
2098 4593 2127 4630 a
2162 4576 2357 4645 Perga—
2390 4621 2433 4675 Β
2464 4581 2660 4635 fuerat.
2687 4581 2820 4637 illud
2848 4582 3010 4635 etiam
3035 4586 3292 4651 optabant
3325 4582 3618 4645 canonica',
3656 4592 3713 4635 ut
3739 4596 3893 4635 suam
3927 4581 4027 4633 Ba-

792 4675 902 4729 mio
953 4676 1195 4745 epistolae
1251 4694 1355 4731 non
1412 4676 1733 4730 meminerit.
1792 4670 2057 4728 Caeterum
2111 4671 2358 4724 hortatur

793 4765 1137 4835 Pergamium
1171 4777 1229 4822 ut
1250 4767 1438 4837 paucis
1462 4766 1636 4819 verbis
1667 4778 1855 4833 magna
1882 4761 2110 4817 crimina
2155 4759 2355 4813 inferre

793 4856 1007 4911 desinat
1034 4872 1048 4910 :
1081 4857 1279 4927 quippe
1314 4872 1434 4911 cum
1480 4857 1776 4911 amicorum
1810 4854 2007 4909 oblivio
2032 4863 2085 4907 et
2115 4859 2354 4905 contem-

791 4954 916 5015 ptus
940 4962 1006 5001 ex
1037 4957 1300 5017 potestate
1320 4960 1471 5006 ortus
1504 4949 1632 5003 nihil
1660 4948 1784 5003 mali
1819 4962 1923 5002 non
1950 4933 2354 5015 cumplectatur.

793 5039 1065 5097 Promittit
1100 5056 1161 5096 se
1208 5057 1316 5097 non
1374 5043 1525 5112 prius
1558 5040 1841 5111 Pergamii,
1886 5054 2049 5109 quam
2074 5039 2155 5093 sui
2190 5036 2355 5105 ipsius

791 5129 1101 5186 obliturum.

866 5218 934 5276 ν.
962 5220 1092 5289 Qua
1116 5237 1276 5292 supra
1305 5224 1539 5280 diximus
1561 5225 1815 5280 Basiliam
1855 5224 1996 5278 inter
2022 5230 2076 5275 et
2108 5220 2355 5274 Dianium

794 5312 1194 5383 intercessisse,
1212 5330 1275 5372 ea
1307 5317 1409 5373 hoc
1440 5327 1683 5386 tempore
1712 5315 1911 5370 inimici
1942 5314 2084 5366 illius
2106 5327 2172 5367 ex
2199 5311 2356 5365 silen-

799 5410 874 5461 tio
904 5418 960 5462 et
984 5410 1253 5465 oblivione
1284 5414 1708 5477 exsuscitarunt,
1746 5427 1809 5466 ac
1844 5413 1984 5465 malo
2011 5409 2191 5462 animo
2247 5422 2362 5458 am-

796 5498 1101 5571 pliaverunt
1118 5500 1217 5572 (d).
1237 5503 1493 5558 Dixerunt
1507 5504 1648 5558 enim
1666 5501 2177 5556 anathematizatqu
2200 5498 2363 5551 fuisse

800 5594 870 5647 ab
897 5608 963 5648 eo
995 5593 1243 5651 Dianium
1275 5614 1290 5651 :
1320 5612 1424 5672 qua
1457 5597 1720 5655 calumnia
1748 5594 1881 5651 nihil
1917 5594 2095 5665 aptius
2132 5600 2247 5646 erat
2297 5590 2359 5642 ad

872 5735 947 5872 iiii
1094 5736 1197 5860 51?:

870 5877 940 5949 (ε)
969 5879 1064 5949 Ep.
1094 5879 1181 5934 St.

2467 4674 2624 4727 silius
2656 4675 2980 4729 sententiam
3013 4676 3248 4745 aperiret
3271 4676 3336 4729 de
3364 4674 3428 4727 iis
3457 4674 3547 4744 qui
3584 4674 3845 4742 Spiritum
3885 4672 4027 4727 Filio

2466 4775 2829 4834 praeponunt,
2858 4777 2948 4818 aut
2982 4765 3141 4824 Patre
3179 4767 3534 4835 antiquiorem
3574 4776 3782 4831 pulsnt.
3820 4764 4023 4819 Morem

2462 4856 2543 4909 eis
2595 4855 2831 4910 libenter
2865 4858 3053 4924 gessit.
3085 4856 3189 4911 Sed
3220 4872 3317 4909 cur
3346 4858 3446 4909 hoc
3486 4856 3552 4910 ab
3596 4872 3658 4909 eo
3694 4853 4023 4923 postulatum

2466 4956 2569 5009 est,
2605 4948 2705 5001 nisi
2744 4946 2871 5017 quia
2900 4948 3087 5016 ipsein
3124 4948 3277 5013 hujus
3302 4949 3507 5002 erroris
3536 4945 3894 5014 suspicionem
3926 4960 4023 4998 vo-

2464 5038 2718 5105 cabatur,
2774 5044 2997 5108 cjusque
3042 5040 3204 5093 animi
3256 5039 3551 5093 moderatio
3585 5038 3635 5090 in
3687 5034 4022 5091 defendenda

2465 5133 2637 5186 sancti
2674 5130 2911 5200 Spiritus
2934 5132 3218 5185 divinitate
3255 5130 3323 5183 ab
3354 5129 3587 5185 inimicis
3609 5127 4027 5197 requirebatur?

2468 5224 2619 5279 Hunc
2641 5222 2785 5277 enim
2812 5235 3051 5276 errorem
3083 5222 3384 5275 acrioribus
3412 5218 3737 5274 adversariis
3762 5231 4023 5287 pneuma-

2464 5316 2699 5369 tomacbi
2741 5329 2803 5369 ac
2857 5313 3181 5367 nominatim
3212 5312 3312 5382 ipsi
3354 5310 3552 5365 Basilio
3583 5307 3922 5371 affinxerunt,
3966 5319 4025 5360 ut

2466 5406 2821 5476 perspicimus
2845 5419 2909 5457 ex
2937 5404 3162 5473 epistola
3188 5404 3314 5459 251.
3356 5402 3577 5455 Videtur
3597 5415 3724 5469 ergo
3764 5401 3879 5452 ha-c
3913 5402 4025 5465 υνξ-

2467 5494 2602 5550 Stola
2633 5510 2753 5547 cum
2798 5494 3117 5561 praecedenti
3148 5502 3203 5546 et
3240 5496 3400 5547 rebus
3441 5502 3495 5545 et
3530 5500 3769 5557 tempere
3797 5488 4023 5558 conjun-

2471 5585 2661 5656 genda.
2701 5583 2885 5653 Neque
2915 5586 3145 5639 obscura
3173 5593 3256 5639 est
3298 5583 3456 5648 ratio,
3490 5596 3587 5636 cur
3615 5577 3748 5635 nihil
3792 5576 4025 5632 Basilius

2540 5724 2614 5793 (ά)
2651 5724 2817 5791 Epist.
2840 5722 2923 5789 51,
2944 5722 3029 5777 5i.

2541 5802 2608 5864 (e)
2641 5792 2772 5849 Ibid.
