4206 6546
1572 466 1734 521 “TA
1775 468 1832 525 S.
1874 467 2137 524 BASlLll.

3372 495 3476 536 ιιν

190 578 251 633 de
271 592 365 632 sua
399 576 511 633 fide
545 594 816 651 exponat
854 584 1137 659 Bosporio,
1176 586 1309 640 nihil
1347 585 1414 638 de
1450 586 1643 640 Dianio
1665 586 1809 641 dicat
1839 595 1885 648 Λ
1916 605 2038 644 eum
2071 594 2137 646 ab
2172 592 2435 649 altaribus
2482 609 2853 659 secessurum,
2899 606 2952 652 et
2983 596 3329 669 quaesiturum
3384 598 3476 655 ubi

197 670 473 723 canonicis
493 670 602 740 (α).
640 672 791 725 Nota
843 677 985 728 enim
1044 685 1160 729 erat
1202 676 1331 729 fides
1382 674 1560 729 Basilii
1597 675 1803 743 Bospo-

206 762 284 816 rio
307 762 402 831 (b).
430 762 765 819 Canonicas
798 767 867 820 de
896 767 961 821 iis
984 782 1101 835 qua:
1142 776 1390 833 spectant
1437 770 1503 821 ad
1549 766 1799 821 Dianium

218 855 477 911 erudierat
529 854 871 925 Bosporius,
916 872 973 911 re
1003 858 1159 922 paulo
1208 851 1327 912 ante
1354 873 1419 913 ex
1461 859 1572 926 ipso
1607 859 1802 915 Basilio

228 948 450 1017 cegnita.

296 1040 443 1107 Quod
474 1049 657 1094 autem
700 1051 921 1112 spectat
947 1042 1010 1095 ad
1052 1058 1268 1112 Sparsos
1297 1046 1365 1099 de
1400 1046 1677 1100 canonicis
1708 1062 1800 1100 ru-

227 1148 425 1199 mores,
457 1134 712 1203 equidem
776 1150 838 1188 ea
889 1135 955 1189 de
1012 1151 1069 1188 re
1117 1152 1221 1190 non
1288 1136 1441 1191 facile
1494 1139 1795 1193 statuerim.

223 1223 385 1279 Forte
424 1239 614 1278 eorum
649 1240 830 1279 mores
864 1224 914 1280 in
943 1226 1300 1296 suspieioaem
1332 1229 1543 1292 vocati;
1594 1230 1687 1284 sed
1719 1232 1800 1285 vi-

221 1316 385 1370 detur
422 1316 539 1386 ipsa
585 1316 768 1385 potius
811 1315 940 1371 ﬁdes
993 1317 1130 1371 malo
1168 1333 1380 1373 rumore
1412 1318 1687 1389 flagrasse.
1713 1322 1798 1376 ln-

219 1417 442 1478 sumpta
473 1409 620 1462 enim
651 1423 679 1461 a
704 1409 901 1463 Basilio
930 1424 1110 1479 Opera,
1141 1420 1196 1463 ut
1226 1426 1415 1480 pravas
1439 1416 1795 1470 consubstan-

217 1500 368 1556 tialis
410 1502 896 1568 interpretationes
935 1502 1147 1557 refellat
1176 1510 1229 1556 et
1254 1517 1282 1555 a
1320 1504 1497 1572 seipso
1524 1507 1674 1574 pravi
1706 1523 1795 1561 er-

218 1592 363 1647 roris
399 1588 743 1658 suspiciones
792 1600 1083 1656 removeat,
1119 1602 1431 1662 argumento
1468 1605 1542 1649 est
1572 1598 1795 1651 canoni-

211 1696 405 1738 carum
435 1681 662 1735 auribus
685 1681 888 1750 aliquid
914 1684 981 1737 ab
1003 1682 1219 1736 Arianis
1243 1683 1573 1739 inculcatum
1603 1686 1791 1751 fuisse,

208 1786 421 1841 easque
447 1786 555 1826 non
593 1774 728 1826 satis
756 1773 858 1827 sibi
909 1772 1114 1827 cavisse
1146 1773 1212 1827 ab
1253 1773 1515 1842 ejusmodi
1558 1777 1791 1831 homini-

208 1866 335 1931 bus,
370 1880 437 1919 ac
466 1864 609 1921 forte
642 1866 841 1921 idcirco
870 1864 1010 1919 male
1041 1866 1332 1922 audlvisse.

1912 681 2108 734 donum
2175 683 2268 738 Dei
2332 700 2537 748 emens.
2572 688 2749 743 denuo
2798 688 3069 743 divendat.
3101 687 3252 743 Multi
3294 702 3359 743 ex
3392 688 3474 743 bis

1909 772 2173 841 episcopis
2202 774 2436 829 nondum
2458 777 2692 846 iniquam
2728 783 2793 833 de
2825 778 3018 834 Basilio
3039 780 3363 835 sententiam
3384 780 3473 831 de-

1908 872 2195 929 posuerant
2230 882 2241 917 :
2273 865 2364 919 sed
2399 880 2492 920 eos
2527 866 2775 929 Basilius,
2811 878 2945 923 teste
2971 868 3227 938 Gregorio
3258 868 3361 936 (It),
3398 868 3475 921 sic

1908 952 2121 1007 lenitate
2169 951 2381 1008 ﬂectere
2424 956 2742 1019 conabatur,
2776 966 2833 1009 ut
2886 956 3183 1010 constantia
3215 962 3268 1009 et
3308 953 3473 1008 animi

1909 1042 2164 1099 fortitudo
2199 1060 2302 1098 non
2335 1047 2604 1101 deessent.
2640 1047 2812 1115 Atque
2847 1045 2900 1102 id
2932 1048 3367 1103 animadvertere
3392 1056 3477 1103 est

1904 1134 1958 1188 in
1997 1136 2096 1189 hac
2122 1136 2366 1204 epistola,
2393 1152 2512 1206 qua:
2535 1137 2860 1194 lenissimam
2880 1153 2941 1192 ac
2960 1138 3241 1193 charitatis
3262 1138 3470 1209 plenam

1904 1228 2121 1282 adhibet
2149 1228 2540 1298 prrcfationem,
2569 1246 2668 1286 nec
2706 1240 2881 1284 tamen
2917 1246 2944 1285 a
2976 1233 3265 1286 severitate
3290 1232 3463 1287 disce-

1903 1316 2000 1379 dit,
2023 1333 2181 1387 quam
2212 1328 2412 1373 tantum
2449 1320 2599 1376 nefas
2628 1322 2949 1391 postulabat.

1974 1405 2035 1459 lli
2072 1408 2326 1476 episcopi,
2351 1408 2416 1462 de
2449 1410 2645 1477 quibus
2679 1413 2832 1465 modo
2860 1414 3086 1483 egimus,
3116 1422 3380 1468 vocantur
3405 1413 3461 1468 iu

1902 1497 2291 1568 antiquissimis
2361 1500 2637 1555 codicibus
2731 1518 2864 1559 mes.
2931 1505 3319 1575 chorepiscopi.
3383 1504 3475 1561 Sic

1900 1589 2063 1644 etiam
2114 1598 2373 1643 vocantur
2428 1594 2565 1659 apud
2612 1590 2931 1659 Gregorium
2974 1594 3375 1651 Nazianzenum
3416 1598 3469 1651 in

1900 1682 2142 1735 carmine
2181 1681 2244 1735 de
2274 1682 2379 1734 vita
2413 1699 2505 1734 sua
2540 1685 2613 1752 (p.
2635 1683 2711 1753 8).
2732 1685 2835 1738 Sed
2864 1687 2964 1739 hoc
2993 1702 3183 1740 nomen
3216 1703 3344 1743 usus
3373 1688 3439 1741 ad
3459 1715 3474 1727 -

1901 1772 2034 1826 dixit
2082 1774 2439 1842 presbyteris,
2472 1775 2563 1841 qui
2626 1784 2829 1829 certum
2882 1778 3167 1843 quemdam
3206 1793 3462 1848 pagorum

1900 1876 2188 1915 numerum
2242 1862 2342 1915 sub
2402 1864 2637 1932 episcopi
2695 1864 3025 1918 auctoritate
3074 1864 3469 1933 gubernabant.

280 1957 363 2012 De
397 1968 644 2027 tempore
675 1958 955 2026 utriusque
994 1956 1253 2027 epistolae,
1290 1974 1392 2013 non
1428 1960 1582 2015 valde
1604 1961 1792 2017 dimci-
1821 1954 1864 2011 B
1896 1953 2032 2009 Olim
2066 1955 2127 2026 (i)
2176 1970 2292 2009 mos
2323 1964 2461 2017 erat,
2495 1966 2553 2009 ιιι
2586 1957 2842 2020 ministri,
2896 1957 2949 2011 id
2992 1967 3094 2025 est,
3132 1957 3466 2021 subdiaconi,

206 2051 278 2106 lis
327 2050 674 2119 conjectura.
712 2049 826 2104 Jam
878 2059 988 2102 tum
1032 2050 1321 2119 episcopus
1365 2060 1484 2105 erat
1542 2052 1793 2123 Basilius,

206 2145 488 2214 siquidem
532 2154 586 2200 et
628 2159 685 2198 se
732 2152 786 2196 et
841 2142 1154 2212 Bosporinm
1199 2143 1535 2199 Niczenorum
1577 2146 1794 2202 Patrum

208 2238 462 2294 haeredes
515 2252 635 2293 esse
671 2236 899 2306 dicit(c)
939 2245 1038 2291 εει
1087 2236 1404 2306 Bosporium
1467 2240 1676 2293 duolms
1723 2239 1795 2293 lo-

205 2332 287 2386 cis
334 2330 567 2385 fratrem
602 2327 854 2397 appellat.
893 2328 1119 2382 V'idctur
1170 2339 1347 2382 autem
1401 2346 1585 2383 recens
1632 2331 1796 2386 fuisse

206 2422 278 2477 ab
308 2420 666 2477 ordinatione
688 2419 791 2487 (ά).
823 2419 954 2473 Nam
994 2421 1159 2474 multo
1206 2421 1480 2489 graviores
1516 2421 1794 2476 calumnia:

206 2523 260 2568 et
295 2512 543 2581 querelae
579 2516 910 2568 exstiterunt
944 2529 1086 2566 anno
1139 2513 1267 2578 575,
1303 2524 1353 2567 ει
1388 2513 1676 2580 Bosporius
1716 2513 1792 2567 si-

206 2604 469 2659 multates
492 2602 688 2657 habuit
712 2617 833 2658 cum
884 2602 1083 2656 Basilio
1116 2617 1258 2656 anno
1287 2602 1391 2655 572
1422 2603 1661 2667 ineunte,
1694 2617 1794 2659 nec

206 2694 489 2749 unanimis
507 2694 556 2748 ei
582 2692 757 2748 factus
785 2702 867 2747 est
892 2694 990 2746 nisi
1019 2707 1160 2747 anno
1180 2691 1303 2747 575.
1324 2690 1616 2748 (ΖειΙιιιιιιιῑίε
1642 2695 1790 2763 ipsae,

206 2803 329 2858 qua
382 2785 593 2841 Basilio
647 2785 1056 2839 immoderatum
1130 2782 1365 2838 animum
1424 2784 1789 2856 aliingebant,

207 2880 382 2933 initiis
420 2878 773 2947 episcopatus
819 2875 1021 2943 optime
1068 2884 1394 2946 congruunt.
1438 2876 1588 2931 Tunc
1648 2878 1791 2932 enim

206 2971 391 3040 plures
442 2967 730 3038 episcopi,
767 2982 903 3036 quos
953 2966 1135 3022 Basilii
1185 2970 1480 3030 sanctitas,
1518 2969 1701 3023 itidem
1735 2979 1791 3024 ut

208 3052 571 3133 magistratus
598 3071 654 3116 et
684 3062 1081 3130 perditissimus
1110 3062 1273 3123 cives,
1324 3069 1623 3125 terruerat,
1671 3078 1789 3117 sus»

206 3166 417 3227 ceptam
459 3172 585 3212 cum
621 3170 687 3211 eo
721 3155 1047 3209 simultatem
1075 3152 1159 3207 vel
1190 3152 1368 3222 potius
1393 3153 1629 3208 schisma
1656 3170 1787 3209 non-

188 3251 334 3304 .dum
368 3249 762 3317 deposuerant.
793 3245 1057 3298 Praeterea
1090 3252 1237 3314 patet
1279 3245 1457 3299 adlmc
1486 3246 1781 3311 exstitisse,

210 3342 297 3411 qui
333 3339 592 3408 quamvis
647 3334 911 3391 catholica
960 3337 1248 3402 sentirent,
1287 3352 1396 3392 non
1441 3346 1621 3392 tamen
1655 3354 1785 3392 con-

209 3430 574 3489 substantiale
618 3428 961 3497 reciperent:
1004 3443 1141 3497 quos
1172 3429 1389 3499 quidem
1426 3438 1611 3498 postea
1644 3443 1785 3484 anno

209 3523 313 3578 572
346 3530 587 3577 exeunte
614 3520 794 3575 nullos
830 3520 941 3575 fere
966 3521 1268 3577 videbimus
1297 3530 1535 3577 exstare.

278 3614 342 3670 V.
370 3614 638 3671 Testatur
681 3613 915 3667 Basilius
947 3612 1014 3683 (ε)
1046 3627 1103 3667 εε
1130 3612 1197 3666 ali
1240 3613 1391 3667 initio
1440 3612 1784 3681 episcopatus

206 3706 576 3775 prohibuisse,
615 3719 683 3758 ne
734 3705 856 3772 quis
908 3705 1093 3757 uxoris
1143 3713 1368 3757 mortua:
1433 3717 1672 3758 sororem
1729 3704 1781 3757 in

207 3797 621 3850 matrimonium
650 3795 891 3846 duceret.
930 3792 1046 3845 lloc
1079 3802 1257 3845 autem
1288 3791 1477 3845 vitium
1522 3808 1626 3845 non
1665 3792 1783 3845 ideo

207 3881 504 3950 prohibuit,
552 3880 696 3947 quod
748 3879 852 3932 lale
911 3880 962 3931 in
991 3877 1334 3948 Cappadocia
1376 3890 1603 3950 pateret.
1647 3880 1780 3935 Nam

206 3975 316 4039 ipse
347 3973 557 4027 fatetur
588 3971 656 4039 (ι’)
704 3972 755 4025 in
790 3971 931 4026 hanc
965 3973 1240 4044 regionem
1285 3989 1388 4029 non
1421 3984 1735 4043 penetrasse
1764 3992 1775 4027 :

205 4064 297 4118 sed
316 4064 537 4117 videtur
565 4062 616 4116 id
650 4060 865 4127 fecisse,
909 4063 1034 4116 dum
1064 4063 1356 4119 Ecclesiam
1394 4064 1495 4117 sibi
1525 4062 1780 4117 commis-

205 4171 317 4209 sam
349 4155 577 4224 Optimis
611 4152 818 4222 legibus
847 4154 1185 4207 communire
1223 4161 1276 4205 et
1305 4167 1501 4206 ornare
1532 4154 1782 4223 aggredi-

206 4257 308 4301 tur.
331 4246 511 4299 Antea
549 4244 694 4299 enim
741 4243 1145 4298 matrimonium
1192 4244 1457 4312 ejusmodi
1509 4245 1560 4299 in
1594 4245 1780 4301 Eccle-

204 4342 277 4393 sia
306 4337 638 4392 Czesariensi
670 4351 771 4391 non
814 4351 876 4389 ex
928 4334 1043 4405 lege
1092 4335 1420 4404 prohibitum
1455 4344 1572 4390 erat
1598 4336 1673 4406 (ιι.
1700 4336 1778 4399 2),

204 4432 293 4485 sed
322 4445 390 4483 ex
419 4442 576 4481 more
602 4441 631 4478 a
663 4426 961 4496 majoribus
1001 4427 1217 4480 tradito.
1252 4423 1405 4491 Quod
1440 4427 1483 4479 si
1521 4426 1782 4481 tantaluit

204 4522 473 4576 Basiliiab
498 4518 655 4573 initio
684 4520 1029 4588 episcopatus
1070 4518 1347 4589 diligentia
1377 4517 1429 4570 in
1482 4518 1547 4573 iis
1597 4518 1781 4588 prohi-

1899 2049 1952 2103 in
1979 2051 2128 2120 pagis
2174 2066 2279 2105 non
2337 2052 2454 2106 sine
2485 2051 2729 2122 diligenti
2772 2052 3021 2108 examine
3061 2054 3465 2123 reciperentur;

1898 2142 2082 2196 sedulo
2129 2141 2475 2211 inquirebant
2526 2144 2579 2199 in
2633 2157 2821 2199 eorum
2873 2160 3049 2200 mores
3088 2146 3388 2216 presbyteri
3414 2157 3469 2201 et

1896 2234 2106 2289 diaconi
2131 2241 2183 2288 et
2201 2241 2264 2287 ad
2294 2234 2738 2305 chorepiscopum
2765 2236 3095 2302 referebant,
3116 2237 3207 2306 qui
3248 2238 3466 2292 testium

1897 2326 2168 2380 veracium
2206 2335 2429 2395 accepto
2476 2325 2756 2396 suffragio,
2786 2338 2838 2382 et
2870 2330 3124 2398 episcopo
3163 2329 3464 2394 admonito,

1898 2418 2203 2471 ministrum
2249 2416 2394 2473 clero
2430 2419 2750 2473 asciscehat.
2806 2417 2913 2473 Sed
2959 2420 3024 2473 de
3068 2421 3171 2475 hoc
3198 2436 3347 2476 more
3370 2423 3465 2475 de-

1894 2504 2157 2561 flexerant
2185 2509 2556 2579 chorepiscopi
2611 2510 2664 2564 in
2702 2509 2941 2565 Ecclesia
2972 2508 3311 2577 Caesariensi,
3342 2526 3464 2567 cum

1901 2597 2130 2653 Basilius
2177 2599 2240 2653 ad
2280 2599 2418 2653 hanc
2446 2600 2628 2655 sedem
2659 2611 2878 2657 evectus
2916 2611 3017 2657 est.
3055 2601 3294 2657 Primum
3342 2604 3433 2673 qui

1894 2692 2011 2746 dem
2046 2693 2144 2746 sibi
2182 2702 2347 2748 totam
2377 2695 2754 2749 auctoritatem
2790 2696 3170 2760 attribuerant,
3204 2697 3459 2766 episcopo

1895 2780 2136 2851 neglecto
2166 2799 2179 2836 :
2211 2783 2401 2836 deinde
2432 2783 2593 2837 etiam
2636 2782 2795 2850 hujus
2832 2786 2907 2839 rei
2942 2794 3130 2838 curam
3172 2784 3271 2853 ipsi
3303 2784 3452 2853 abje-

1893 2883 2097 2940 cerant,
2133 2884 2187 2929 et
2215 2874 2265 2927 in
2295 2875 2638 2945 presbyteros
2660 2891 2722 2931 ac
2757 2876 3013 2933 diaconos
3048 2877 3458 2932 transtulerant.

1891 2962 2017 3017 Inde
2051 2974 2325 3029 evenerat,
2359 2976 2415 3017 ut
2442 2966 2595 3020 mttlti
2626 2977 2809 3021 essent
2839 2969 2890 3022 in
2926 2969 3155 3041 singulis
3186 2970 3335 3039 pagis
3358 2971 3462 3024 mi-

1891 3054 2073 3118 nistri,
2098 3057 2193 3110 sed
2225 3055 2404 3108 nullus
2448 3054 2702 3109 altarium
2751 3058 3053 3112 ministerio
3082 3060 3275 3129 dignus
3307 3074 3464 3129 repe-

1893 3148 2122 3213 riretur,
2184 3162 2247 3203 ac
2302 3164 2570 3203 summam
2626 3164 2743 3203 esse
2808 3151 3085 3219 penuriam
3142 3151 3240 3221 ipsi
3298 3151 3461 3205 chor-

1891 3240 2126 3309 episcopi
2153 3240 2469 3305 faterentur,
2500 3241 2588 3296 ubi
2613 3241 2826 3296 diaconi
2855 3251 2949 3294 aut
2973 3240 3267 3312 presbyteri
3304 3252 3463 3296 erant

1889 3332 2144 3400 ebgendL

1958 3421 2185 3475 Basilius
2226 3422 2409 3489 itaque
2444 3434 2567 3474 cum
2598 3421 2806 3474 videret
2836 3435 2948 3474 rem
2986 3419 3038 3473 in
3074 3420 3275 3473 malum
3305 3420 3458 3475 insa-

1887 3512 2063 3565 nabile
2088 3513 2364 3581 progredi,
2404 3510 2494 3564 illo
2520 3512 2817 3581 prcesertim
2852 3521 3113 3579 tempore,
3148 3526 3257 3581 quo
3291 3512 3457 3568 multi

1884 3602 2085 3658 militia:
2112 3613 2255 3657 metu
2311 3602 2675 3658 ministerium
2719 3604 3065 3671 appetebant,
3102 3601 3458 3657 renovatPa-

1885 3703 2028 3748 trum
2059 3710 2317 3760 canones,
2346 3710 2409 3748 ac
2433 3693 2837 3761 chorepisc0pis
2870 3693 3129 3763 prmcipit,
3162 3702 3219 3747 ut
3247 3693 3455 3748 catalo-

1885 3795 2009 3848 gum
2062 3781 2428 3835 ministrorum
2459 3779 2724 3850 cujusque
2756 3782 2874 3851 pagi
2907 3783 2973 3835 ad
3001 3796 3059 3837 se
3087 3784 3320 3846 mittant,
3348 3793 3400 3837 et
3425 3798 3457 3837 ι

1884 3888 1990 3941 quo
2032 3873 2261 3942 quisque
2312 3874 2654 3927 introductus
2704 3875 2805 3935 sit,
2846 3884 2901 3927 et
2934 3890 3054 3943 quas
3088 3879 3159 3928 sit
3197 3878 3341 3930 illius
3377 3876 3459 3929 vi-

1884 3962 2038 4017 vendi
2077 3963 2213 4016 ratio
2246 3980 2259 4015 :
2292 3962 2649 4026 eamdemque
2709 3965 3013 4034 catalogum
3054 3966 3193 4036 apud
3237 3981 3295 4022 se
3330 3967 3458 4021 reti-

1882 4064 2063 4118 neant,
2092 4065 2147 4109 et
2172 4054 2215 4110 si
2249 4056 2339 4125 qui
2374 4065 2495 4126 post
2531 4057 2761 4126 primam
2789 4059 3137 4112 indictionem
3173 4075 3201 4113 a
3233 4064 3459 4131 presby-

1880 4147 2013 4201 teris
2065 4150 2299 4218 suscepti
2335 4147 2568 4210 fuerint.
2606 4149 2745 4203 inter
2786 4149 2953 4203 laicos
2994 4150 3345 4217 rcjiciantur;
3394 4167 3456 4205 ae

1885 4253 2071 4293 rursus
2109 4240 2509 4299 examinentur.
2539 4249 2593 4294 et
2644 4240 2688 4295 si
2732 4241 2876 4311 digni
2917 4241 3140 4306 fuerint,
3169 4242 3456 4297 admittan-

1884 4340 1991 4383 tur.
2030 4329 2177 4384 lianc
2220 4330 2462 4397 regulam
2517 4331 2770 4401 deinceps
2823 4341 3079 4386 accurate
3130 4335 3455 4404 servariju-

1884 4426 1993 4489 bet,
2030 4434 2085 4476 ut
2127 4422 2503 4493 chorepiscopi
2553 4424 2839 4491 diligenter
2885 4426 3197 4479 examineut
3230 4427 3452 4495 quinam

1882 4517 2024 4583 digni
2069 4514 2196 4576 sint,
2227 4524 2281 4567 et
2327 4516 2392 4567 ad
2420 4528 2479 4568 se
2528 4513 2763 4567 referant
2796 4531 2809 4567 :
2845 4515 3043 4585 alioqui
3085 4517 3283 4571 laicnm
3314 4518 3455 4571 futu-

204 4616 416 4679 bendis,
445 4626 570 4683 qua:
610 4612 874 4665 committi
908 4628 1012 4667 non
1040 4612 1323 4677 solebant;
1353 4622 1555 4677 quanto
1602 4612 1777 4681 major
1812 4630 1852 4683 ι)
1886 4622 2023 4668 rum,
2057 4606 2100 4659 si
2136 4607 2258 4676 quis
2307 4622 2366 4663 se
2400 4621 2505 4661 non
2559 4606 2838 4664 admonito
2869 4609 2923 4663 in
2956 4609 3315 4664 ministerium
3357 4612 3453 4665 ob-

204 4706 479 4761 exstitisse
517 4702 752 4774 putanda
776 4713 859 4755 est
888 4704 939 4757 in
972 4704 1037 4757 iis
1070 4702 1397 4765 rcsccandis,
1435 4717 1553 4770 qua:
1584 4714 1774 4758 contra

203 4794 581 4848 sanctissimas
631 4791 888 4846 Ecclesia:
947 4793 1093 4862 leges
1144 4792 1381 4847 liebaut?
1439 4792 1610 4859 Quale
1672 4794 1774 4847 fuit

206 4882 588 4937 nonnullorum
624 4881 977 4950 Cappadocia:
1014 4884 1391 4952 episcoporum
1420 4883 1649 4948 facinus,
1680 4886 1771 4953 qui

208 4976 371 5043 pretio
409 4975 667 5029 ordinare
696 4972 1029 5037 ferebantur;
1064 4984 1225 5043 atque
1253 4974 1354 5029 hoc
1386 4974 1533 5029 nefas
1558 4976 1773 5043 pietatis

210 5067 417 5120 nomine
454 5065 867 5126 inumbrabant,
910 5079 1008 5117 nec
1037 5078 1262 5133 peccare
1296 5066 1397 5120 sibi
1433 5066 1771 5132 videbantur,

211 5158 324 5227 quia
351 5173 457 5212 non
499 5165 643 5218 ante,
679 5158 771 5210 sed
808 5166 927 5223 post
953 5156 1343 5211 ordinationem
1372 5158 1653 5226 pecuniam
1680 5173 1771 5212 ac-

214 5247 489 5315 cipiebant.
548 5245 747 5300 Scribit
795 5248 873 5301 eis
928 5246 1153 5303 Basilius
1193 5248 1267 5320 (g)
1303 5263 1369 5302 ac
1434 5249 1771 5304 demonstrat

215 5348 456 5406 quantum
505 5340 576 5393 sit
629 5339 731 5392 hoc
772 5338 942 5403 nefas,
988 5354 1051 5391 ac.
1095 5341 1358 5404 declarat,
1395 5341 1439 5396 si
1491 5341 1613 5411 quis
1648 5350 1772 5410 post

218 5430 338 5486 hanc
379 5439 656 5499 acceptam
709 5431 990 5499 epistolam
1036 5430 1141 5487 tale
1204 5433 1403 5503 aliquid
1465 5432 1764 5498 admiserit,

280 5608 346 5675 (η)
368 5609 463 5675 Ep.
489 5609 583 5672 52,
617 5625 674 5661 ιι.
706 5606 757 5659 ι.

276 5678 338 5745 (b)
366 5680 497 5735 Ibid.

274 5754 335 5815 (ε)
363 5750 458 5819 Ep.
488 5751 584 5813 δι,
613 5764 672 5801 n.
708 5748 757 5801 t.

273 5820 339 5887 (ά)
378 5816 507 5876 Vide
535 5820 706 5880 infra,
732 5832 785 5870 c.
808 5816 897 5878 28,
925 5835 975 5872 ιι.
1008 5819 1060 5875 5.

268 5896 325 5963 (ιν)
354 5891 451 5963 Ep.
486 5892 615 5957 £60,
648 5904 707 5943 ιι.
746 5888 795 5942 l.

1885 4709 2130 4764 repsertt.

1954 4785 2251 4842 Refereuda
2315 4788 2431 4843 haec
2478 4790 2706 4859 epistola
2752 4791 2818 4844 ad
2863 4790 3066 4859 primas
3108 4788 3451 4861 episcopatus

1881 4892 2061 4946 curas,
2094 4897 2227 4950 quas
2249 4880 2478 4937 Basilius
2511 4885 2561 4936 in
2597 4883 2888 4937 sancienda
2921 4883 3207 4955 disciplina
3239 4887 3448 4940 insum-

1882 4972 1989 5041 psit
2022 4992 2034 5025 :
2069 4973 2230 5043 idque
2278 4976 2410 5030 satis
2450 4978 2774 5029 conﬁrmant
2808 4991 2928 5045 quae
2973 4978 3038 5029 de
3094 4978 3384 5044 repetendo
3419 4992 3449 5029 a

1882 5065 2054 5132 prima
2086 5065 2397 5132 indictione,
2436 5068 2487 5121 id
2522 5077 2626 5130 est,
2656 5067 2724 5121 ab
2747 5083 2887 5123 anno
2920 5066 3045 5131 358,
3080 5067 3450 5123 ministrorum

1880 5158 2130 5211 examine
2160 5158 2403 5227 prmcipit
2431 5159 2682 5213 Basilius.
2717 5159 2828 5214 lloc
2864 5158 3008 5213 enim
3040 5161 3293 5228 spatium,
3328 5176 3448 5215 cum

1878 5262 1973 5302 sua
1997 5260 2188 5317 sponte
2236 5250 2393 5305 valde
2442 5249 2658 5317 longum
2694 5252 2797 5313 sit,
2830 5265 2933 5304 non
2974 5251 3130 5305 debet
3180 5252 3446 5320 ampliari,

1880 5340 1974 5394 hac
1996 5341 2223 5410 epistola
2258 5344 2325 5397 ab
2348 5343 2689 5413 episcopatus
2720 5342 2888 5396 initiis
2920 5344 3266 5398 removenda.

1946 5432 2228 5489 Prohibuit
2253 5438 2413 5491 etiam
2446 5436 2676 5491 Basilius
2697 5435 2762 5505 (j)
2793 5434 2945 5492 initio
2968 5437 3308 5507 episcopatus
3331 5450 3462 5491 mu-.

1952 5611 2016 5681 (r)
2044 5609 2198 5681 Ibid"
2235 5628 2287 5669 ιι.
2313 5611 2366 5666 5.

1949 5680 2023 5750 (ῃ)
2049 5680 2148 5747 Ep.
2172 5682 2259 5736 55.

1950 5752 2025 5817 (Ιι)
2055 5750 2146 5804 Οιν.
2184 5754 2274 5805 ‘20.

1950 5825 2011 5888 (ὁ)
2042 5820 2136 5885 Ep.
2158 5822 2249 5875 54.

1951 5894 2012 5964 (i)
2052 5892 2148 5960 ΕΡ.
2182 5892 2266 5945 55.
