4214 6500
772 432 897 476 ιινι

2102 414 2632 472 PROLEGOMENA.

776 534 935 587 lieres
954 539 1266 597 extraneas,
1302 516 1492 592 idest,
1527 527 1765 598 virgines
1792 527 1930 592 illas,
1967 543 2101 596 quas
2128 527 2345 599 presby-
2375 536 2415 590 Α
2447 545 2604 597 quam
2640 528 3035 597 Cappadociam
3083 529 3410 596 pacillcavit,
3441 539 3595 584 antea
3620 539 3798 584 tamen
3826 528 4008 586 inten-

775 622 877 676 teri
906 632 960 675 et
988 621 1075 675 alii
1109 621 1462 676 continentia:
1510 619 1624 690 lege
1673 619 1919 673 obstricti
1974 618 2238 684 homines,
2275 634 2341 672 eo

775 713 1034 766 libentius
1064 712 1209 767 domi
1242 728 1350 766 sua:
1381 711 1668 773 habebant,
1709 710 1850 778 quod
1876 709 2195 779 virginitatis
2220 724 2343 777 pro-

778 802 944 857 fessio
970 804 1141 856 locum
1175 802 1465 869 suspicioni
1506 800 1835 869 praecludere
1864 801 2157 856 videretur.
2184 799 2336 853 Basi-

775 893 831 948 lii
862 896 1078 949 decreto
1107 894 1386 964 presbyter
1416 894 1635 963 quidam
1686 892 2151 961 septuagenarius,
2183 891 2343 945 Pate-

778 986 961 1055 gorius
992 986 1230 1046 nomine,
1269 986 1490 1039 minime
1536 984 1734 1053 paruit,
1769 984 1862 1037 sed
1897 985 2107 1053 longam
2144 983 2342 1052 episto-

779 1076 885 1131 lam
915 1077 1132 1145 scripsit
1162 1075 1382 1141 Basilio,
1420 1085 1475 1130 et
1526 1075 1971 1145 chorcpisc0pum
2009 1090 2161 1129 suum
2201 1077 2345 1128 incu-

781 1181 927 1228 sans,
966 1166 1104 1234 quod
1151 1166 1249 1219 sibi
1298 1166 1397 1219 hac
1434 1166 1485 1218 in
1523 1180 1579 1218 re
1614 1166 1810 1217 veteris
1847 1164 2143 1218 inimicitia’
2180 1166 2343 1234 signi-

777 1257 1058 1312 flcationes
1076 1258 1335 1318 dedisset,
1351 1266 1405 1309 et
1422 1257 1589 1323 ipsum
1608 1254 1884 1317 Basilium,
1901 1257 2042 1325 quod
2062 1255 2345 1310 calumniis

776 1363 940 1402 aures
978 1345 1136 1399 facile
1170 1349 1450 1415 prmberet.
1480 1345 1725 1400 Declarat
1754 1345 1981 1400 Basilius
2013 1361 2071 1398 se
2106 1360 2203 1399 nec
2230 1347 2342 1413 pii-

776 1454 923 1494 mum
949 1452 1049 1492 nec
1068 1437 1237 1490 solum
1274 1437 1413 1490 hanc
1445 1436 1618 1505 legem
1646 1438 1712 1489 de
1735 1436 2049 1489 mulieribus
2072 1436 2346 1489 extraneis

778 1531 1067 1594 sanxisse;
1112 1543 1203 1581 eas
1246 1528 1389 1581 enim
1434 1546 1459 1579 a
1510 1527 1715 1597 synodo
1773 1526 1990 1581 Nicaena
2044 1528 2346 1595 prohibitus

775 1620 965 1674 fuisse.
989 1620 1187 1685 Quare,
1222 1619 1321 1672 etsi
1358 1630 1488 1673 (etas
1531 1618 1804 1689 l’arcgorii
1847 1618 2207 1686 suspicionem
2252 1617 2346 1671 lla-

776 1712 893 1782 gitii
919 1718 1183 1774 removet,
1208 1710 1331 1780 quia
1366 1719 1546 1763 tamen
1570 1710 1835 1779 ejusmodi
1863 1708 2052 1763 mulier
2072 1711 2190 1763 sine
2214 1710 2346 1763 alio-

775 1819 898 1860 rum
933 1800 1231 1856 ollensione
1262 1801 1448 1854 haberi
1488 1816 1592 1853 non
1623 1811 1795 1868 potest
1818 1841 1833 1865 ,
1856 1800 2008 1867 jubet
2032 1812 2089 1854 ut
2119 1817 2235 1855 eam
2265 1804 2345 1856 di-

2441 622 2570 676 dere
2593 632 2645 675 et
2681 622 2927 675 meditari
2959 626 3149 689 potuit.

2512 710 2575 767 ll.
2610 712 2942 767 Consecutus
2965 719 3050 767 est
3092 713 3307 767 tandem
3345 712 3595 776 Basilius,
3627 720 3685 766 ut
3738 713 4007 782 episc0pi,

2444 803 2534 871 qui
2566 802 2633 856 de
2687 802 2777 856 illo
2808 812 2913 856 tam
2965 806 3148 873 inique
3196 804 3519 870 sentiebant,
3550 817 3794 858 errorem
3846 818 4009 857 suum

2445 902 2795 963 agnoscerent
2818 894 2915 963 (ό).
2939 895 3197 948 Adhibuit
3226 897 3290 947 ad
3322 909 3412 948 eos
3438 894 3726 950 ﬂectendos
3750 906 4011 950 c0nstan-

2444 987 2572 1039 tiam
2594 995 2647 1039 et
2677 987 2841 1039 animi
2900 985 3267 1040 fortitudinem
3296 1002 3503 1040 summa
3538 986 3755 1041 leuitate
3804 999 4013 1055 tempe-

2447 1086 2619 1128 ratam
2651 1091 2665 1128 :
2700 1090 2801 1128 nec
2823 1076 3054 1128 artilicio
3085 1088 3137 1130 et
3169 1076 3533 1130 assentatione
3562 1092 3654 1130 eos
3682 1079 3779 1131 sibi
3810 1080 4008 1130 dcv.n-

2444 1166 2616 1230 ciens,
2648 1180 2743 1217 nec
2775 1174 3039 1233 potestate
3080 1168 3416 1231 terrens,sed
3456 1166 3804 1235 indulgentia,
3839 1185 4008 1237 quani

2448 1257 2499 1310 in
2554 1266 2815 1326 potestate
2867 1258 3175 1322 adhibebat,
3237 1272 3328 1312 eos
3378 1260 3636 1314 alliciens.
3680 1260 4013 1317 Consulehat

2446 1347 2591 1402 enim
2620 1349 2670 1400 in
2706 1349 3111 1415 longitudinem,
3154 1364 3216 1403 ac
3246 1348 3453 1405 ﬁrmam
3484 1364 3535 1406 et
3574 1353 3820 1407 stabilem
3872 1370 4011 1409 cou-

2446 1440 2682 1493 cordiaiu
2715 1440 3009 1508 qmerebat.
3044 1440 3148 1495 Sed
3184 1443 3451 1510 praecipue
3479 1446 3631 1499 .illius
3666 1447 3878 1498 virtutis
3908 1449 4001 1500 ad-

2451 1530 2733 1583 miratione
2767 1531 2890 1585 victi
2926 1542 3071 1596 eunt,
3104 1542 3266 1600 atque
3292 1550 3448 1586 unam
3479 1537 3615 1590 hanc
3648 1534 3861 1592 deinum
3902 1538 4009 1590 sibi

2446 1623 2670 1676 salutem
2704 1638 2820 1677 esse
2856 1624 3231 1678 intellexerunt
3260 1643 3273 1679 :
3302 1623 3361 1679 Si
3390 1644 3505 1678 cum
3533 1628 3665 1694 ipso,
3699 1638 3747 1683 et
3774 1630 3865 1681 sub
3892 1631 4009 1696 ipso

2445 1732 2553 1769 sese
2583 1716 2915 1775 collocarcnt,
2951 1733 3108 1769 unum
3139 1728 3309 1769 autem
3340 1729 3385 1769 et
3409 1721 3753 1771 certissimum
3792 1737 4008 1787 pericu-

2447 1806 2575 1869 lum,
2606 1807 2651 1859 si
2682 1807 2732 1858 in
2756 1806 2923 1866 ipsius
2956 1807 3291 1875 olfcitsioncm
3353 1808 3713 1861 incurrerent:
3739 1810 3801 1861 ab
3844 1826 4013 1877 eoque

776 1896 1021 1949 mittatet
1042 1895 1093 1947 in
1118 1895 1444 1947 monasterio
1474 1892 1719 1947 collocet.
1739 1892 1891 1960 Quod
1922 1894 1965 1948 si
1998 1910 2101 1949 nou
2134 1905 2339 1963 pareat,
2377 1874 2416 1926 Β
2446 1897 2696 1966 disjungi,
2730 1898 2859 1950 nihil
2889 1897 3035 1981 aliud
3088 1917 3196 1955 esse
3248 1901 3588 1971 judicabant,
3628 1917 3778 1967 quant
3819 1920 3848 1954 a
3893 1874 4011 1954 Deo

779 1987 969 2056 longas
993 1986 1043 2039 ei
1068 1984 1323 2052 epistolas
1349 1984 1479 2038 nihil
1508 1982 1842 2052 profuturas,
1871 1986 1963 2039 sed
1992 2001 2113 2040 eum
2146 1986 2197 2039 in
2232 1986 2342 2041 otio

773 2080 1135 2135 moriturum:
1170 2088 1223 2131 et
1263 2078 1306 2132 si
1344 2077 1621 2144 depositus
1648 2076 2007 2131 sacerdotium
2035 2078 2136 2132 sibi
2186 2093 2340 2131 arro-

773 2180 885 2243 get,
937 2185 1060 2225 cum
1122 2170 1294 2236 ipsum
1352 2170 1871 2224 excommunicatum
1937 2170 2023 2235 iri,
2088 2178 2197 2225 tum
2249 2184 2344 2224 eos

773 2274 961 2315 omnes
993 2259 1083 2327 qui
1109 2258 1253 2311 illum
1284 2258 1602 2325 receperint.

1353 2371 1581 2426 CAPUT
1622 2370 1762 2425 XVI.

772 2467 814 2521 I.
853 2466 914 2523 S.
948 2466 1180 2520 Basilius
1209 2465 1389 2517 scribit
1433 2463 1490 2517 S.
1521 2463 1749 2516 Meletio.
1794 2462 1853 2516 ΙΙ.
1898 2461 1945 2515 Ε
1978 2462 2177 2529 iscopos
2201 2461 2340 2532 Cap-

843 2538 1078 2604 padocia:
1114 2537 1313 2604 placat,
1352 2534 1635 2602 adjuvante
1680 2533 1921 2602 Thcologi
1957 2533 2193 2600 Gregorii
2247 2553 2340 2599 pu-

845 2603 940 2657 tre.
987 2604 1073 2657 Ill.
1117 2603 1343 2673 Νεμεεηί
1367 2605 1593 2670 arti/icio
1624 2608 1689 2655 ad
1722 2621 1896 2669 pacem
1927 2608 2335 2656 ronct'ltun.:crtt.

845 2674 932 2728 IV.
958 2673 1193 2727 Basilius
1228 2677 1370 2738 prior
1415 2674 1596 2725 scribit
1629 2687 1816 2738 patruo
1856 2674 2105 2739 Gregorio
2123 2691 2339 2739 cumque

840 2744 1033 2813 placat.
1068 2744 1295 2797 Tandem
1342 2744 1622 2808 Gregorius
1655 2742 1791 2793 .‘Yuz.
1827 2742 2086 2794 Basiliam
2139 2744 2337 2796 inrisit.

852 2816 910 2869 V.
944 2814 1020 2867 De
1039 2815 1274 2880 epistolis
1308 2817 1368 2866 61
1397 2813 1487 2867 05.

845 2906 884 2961 Ι.
940 2907 1196 2973 Quamvis
1245 2906 1484 2959 Ecclesia
1534 2904 1883 2959 Cwsariensis
1937 2906 2191 2977 episc0po
2241 2922 2339 2961 suo

773 3001 929 3056 allisa
959 3003 1041 3071 (α)
1073 3000 1329 3071 pra-clare
1381 3010 1572 3064 staret,
1604 3016 1702 3055 nec
1736 3002 1935 3070 iniquis
1962 3004 2335 3073 episcoporum
2370 3072 2381 3085 .

773 3094 841 3146 de
872 3093 961 3145 illo
998 3091 1220 3158 judiciis
1247 3102 1584 3155 moveretur;
1624 3104 1741 3145 erat
1775 3102 1952 3146 tamen
1986 3094 2099 3148 hmo
2128 3096 2334 3147 dissen-

772 3182 855 3235 sio
881 3196 1002 3233 cum
1046 3195 1141 3233 sua
1184 3187 1373 3246 sponte
1422 3179 1622 3233 Basilio
1673 3180 2051 3235 molestissima
2096 3184 2194 3251 (ὁ),
2227 3194 2335 3236 tum

773 3276 900 3345 quia
934 3272 1075 3327 illius
1107 3273 1395 3341 participes
1436 3282 1593 3325 erant
1622 3280 1744 3326 tota:
1774 3275 2027 3327 ciritates
2053 3284 2103 3327 et
2138 3277 2335 3343 populi.

773 3366 1020 3419 I‘budnm
1050 3364 1231 3418 Basilii
1262 3366 1499 3418 dolorem
1530 3379 1629 3432 pax
1664 3368 1996 3419 absterserat
2016 3403 2030 3427 ,
2059 3379 2178 3418 cum
2210 3368 2343 3419 scri-

770 3458 880 3525 psit
902 3456 967 3509 atl
1007 3466 1251 3509 sanctum
1281 3454 1549 3507 lleletiuut
1573 3456 1852 3521 epistolam
1876 3455 1962 3509 57.
1992 3455 2045 3509 ld
2068 3456 2208 3509 enim
2232 3458 2343 3510 col-

773 3548 864 3619 ligi
918 3556 1097 3617 potest
1141 3562 1206 3600 cx
1262 3544 1349 3600 his
1381 3546 1581 3609 verbis,
1613 3542 1804 3597 Omnia
1843 3547 1981 3597 enim
2024 3549 2107 3598 hic
2143 3549 2338 3601 doloris

774 3642 929 3710 plena
960 3648 1102 3691 sunt.
1134 3639 1415 3705 Signillcst
1467 3635 1700 3691 Basilius
1742 3646 2006 3704 quantum
2053 3635 2193 3688 inter
2246 3638 2338 3689 has

776 3731 1054 3785 molestias
1084 3729 1281 3783 Meletii
1314 3730 1511 3783 litteris
1548 3729 1888 3782 delectetur:
1923 3726 2337 3797 praetermissam

770 3824 840 3879 ab
876 3839 942 3879 eo
991 3824 1261 3878 scribendi
1299 3823 1643 3877 occasionem
1674 3821 1869 3875 dolet:
1914 3821 2206 3875 maximum
2246 3821 2342 3873 bo-

771 3931 898 3969 num
943 3916 1045 3969 sibi
1093 3926 1414 3968 eventurum
1479 3923 1652 3981 putat,
1687 3914 1729 3965 si
1766 3928 1951 3966 curam
2002 3910 2260 3977 congredi
2287 3920 2339 3963 et

772 4007 915 4060 illius
942 4021 1125 4058 vocem
1154 4007 1342 4059 audire
1376 4004 1665 4074 aliquando
1706 4002 1998 4071 contingat.
2036 3999 2338 4067 Quinetiam

769 4100 838 4153 ad
867 4096 1141 4151 Meletium
1195 4110 1253 4149 se
1288 4097 1629 4159 contulisset,
1679 4094 1781 4149 nisi
1831 4108 1953 4148 eum
1988 4094 2338 4148 retinuissent

769 4185 1132 4242 amantissimi
1175 4183 1392 4247 fratres,
1424 4200 1654 4254 quorum
1684 4183 2018 4252 propositqu
2056 4196 2120 4234 ne
2147 4181 2338 4236 litteris

769 4280 1068 4346 erulgaret,
1103 4277 1476 4346 Theophrasto
1510 4277 1663 4329 fratri
1705 4274 2083 4345 perferemlum
2109 4276 2332 4329 commi-

768 4374 859 4428 sit.
890 4371 1295 4439 Theophrastus
1318 4371 1408 4425 ille
1436 4369 1573 4425 idem
1594 4370 1803 4423 videtur
1825 4367 1896 4441 (c)
1930 4384 2049 4423 esse
2072 4384 2133 4422 ac
2160 4365 2336 4421 Theo-

769 4467 1021 4535 phrastus
1040 4463 1314 4525 diaconus,
1348 4465 1436 4531 qui
1472 4477 1614 4515 anno
1647 4462 1750 4515 572
1783 4463 1940 4530 paulo
1976 4473 2096 4532 post
2129 4458 2334 4514 Pascha

2448 1987 2759 2043 abalienari.
2793 1988 2882 2043 Sic
2927 1990 3066 2046 ultro
3101 2004 3383 2053 cesserunt,
3418 2009 3478 2045 ac
3517 2007 3700 2044 manus
3728 1990 4008 2054 det/erunt,

2447 2088 2496 2132 et
2522 2082 2668 2147 quasi
2715 2082 2781 2132 ad
2830 2083 3051 2135 tonitrui
3089 2100 3273 2138 sonum
3311 2100 3419 2136 sese
3461 2082 3833 2146 submiserunt,
3862 2084 4008 2136 alius

2447 2171 2611 2224 alium
2656 2173 2721 2223 ad
2757 2172 2853 2237 ipsi
2906 2175 3331 2242 satisfaciendum
3384 2184 3783 2238 antevertentes,
3821 2188 4011 2226 conce-

2446 2274 2689 2332 ptamque
2722 2265 2867 2329 prius
2896 2264 3139 2317 adversus
3172 2268 3336 2333 ipsum
3362 2267 3470 2318 odii
3500 2269 3598 2319 vim
3629 2266 3683 2318 in
3712 2280 3812 2318 non
3836 2264 4013 2317 mino-

2448 2370 2553 2407 rem
2581 2352 2943 2407 benevolentia:
2969 2355 3087 2419 vim,
3108 2371 3167 2405 ac
3196 2356 3397 2408 virtutis
3429 2356 3799 2408 incrementum
3824 2354 4010 2421 (quam

2444 2448 2831 2516 quidemunam
2855 2444 3213 2513 ﬁrmissimam
3239 2446 3334 2512 ipsi
3369 2448 3723 2515 satisfaciendi
3751 2447 4010 2500 rationem

2446 2538 2794 2609 inveniebant)
2844 2548 3223 2591 cammutantes
3252 2555 3270 2590 :
3297 2550 3644 2606 prceterqnum
3686 2542 3731 2595 si
3769 2546 3887 2609 quis
3942 2541 4010 2594 ob

2444 2631 2768 2699 deploratam
2804 2628 3192 2698 improbitatem
3235 2629 3491 2699 neglectus
3517 2646 3577 2681 ac
3607 2631 3867 2698 projectus
3903 2643 4011 2692 est.

2446 2733 2497 2775 ut
2520 2724 2629 2790 ipse
2652 2723 2706 2773 in
2723 2722 2889 2785 seipso
2915 2732 3271 2775 contereretur
3294 2730 3449 2790 atque
3472 2734 3881 2786 consumeretur,
3901 2740 4011 2778 non

2443 2829 2591 2867 secus
2620 2830 2682 2865 ac
2711 2812 2889 2880 rubigo
2919 2813 3073 2865 simul
3097 2829 3213 2866 cum
3244 2813 3383 2883 [erro
3406 2814 3640 2864 conmmi
3665 2813 3817 2866 solet.

2512 2901 2626 2958 Non
2653 2906 2921 2959 mediocre
2945 2906 3008 2956 ad
3052 2919 3169 2958 eam
3205 2921 3315 2957 rem
3344 2906 3648 2974 prxsidium
3692 2903 3879 2958 habuit
3902 2902 4014 2958 Ba-

2442 2997 2593 3051 silius
2632 2996 2687 3051 in
2728 2995 2971 3066 Gregorii
3006 2997 3241 3065 episcopi
3273 2994 3595 3052 Nazianzeni
3632 2998 3921 3065 sapientia,
3948 2995 4010 3052 in

2443 3106 2621 3158 quem,
2661 3100 2719 3143 ut
2766 3100 3037 3145 auctorem
3089 3090 3443 3146 ordinationis
3489 3093 3695 3158 Basilii,
3733 3093 4010 3163 prmcipue

2443 3182 2815 3250 episcoporum
2847 3185 3120 3238 iracundia
3143 3194 3399 3255 eruperat
3420 3183 3515 3256 (ε).
3541 3184 3644 3239 Sed
3675 3187 3906 3254 optimus
3927 3202 4009 3241 3e-

2445 3290 2545 3329 uex
2582 3276 2667 3329 die
2697 3284 2752 3329 et
2796 3276 3048 3344 patientia
3075 3278 3153 3330 sic
3180 3292 3274 3332 eos
3304 3278 3451 3340 vicit,
3480 3279 3923 3347 utindignatione
3952 3281 4008 3334 in

2440 3367 2845 3421 admirationem
2871 3381 3155 3430 conversa,
3187 3368 3251 3419 ad
3285 3368 3455 3436 ipsius
3485 3371 3649 3437 pedes
3690 3370 3830 3424 ultro
3855 3375 4006 3426 acci-

2441 3458 2649 3520 derent,
2686 3458 2889 3526 pudore
2936 3456 3005 3511 ob
3033 3472 3093 3510 ea
3137 3472 3255 3526 qum
3295 3470 3578 3527 gesserant
3607 3457 3817 3524 suﬂusi,
3856 3462 3980 3527 abjo

2439 3550 2649 3619 ctisque
2676 3549 2836 3612 odiis,
2860 3563 2926 3603 eo
2974 3550 3279 3617 patriarcha
3314 3558 3364 3602 et
3395 3548 3702 3618 legislatore
3732 3561 3787 3604 et
3818 3552 4031 3620 judice,

2440 3652 2741 3697 uterentur.
2765 3641 2859 3696 Vix
2890 3640 3113 3695 dubiqu
3136 3652 3220 3695 est
3244 3640 3371 3710 quin
3394 3640 3583 3694 eodem
3620 3649 3863 3708 tempore
3880 3658 4007 3694 cum

2440 3735 2635 3790 Basilio
2662 3745 2716 3790 et
2768 3734 3031 3805 Gregorio
3074 3732 3310 3804 episcopi
3347 3732 3396 3785 in
3449 3732 3675 3803 gratiam
3720 3731 4005 3787 redierint.

2442 3825 2698 3878 Neutrum
2742 3828 2883 3879 enim
2916 3828 3239 3895 placassent,
3276 3826 3322 3882 si
3354 3826 3407 3881 in
3470 3826 3793 3881 alterutrum
3826 3824 4002 3894 iniqui

2438 3932 2557 3972 esse
2582 3918 2965 3987 perstitissent.

2515 4009 2600 4065 Ill.
2635 4009 2818 4079 Neque
2848 4007 3012 4062 etiam
3044 4005 3283 4075 Gregorii
3322 4005 3543 4078 Nysscni
3575 4005 3628 4059 in
3663 4007 3764 4061 hoc
3793 4007 3995 4076 insigni

2440 4113 2636 4155 eventu
2690 4102 2857 4156 defuit
2912 4113 3462 4169 opera,quanquaut
3519 4097 3565 4151 is
3614 4096 4005 4153 immoderatus

2438 4193 2771 4254 abundavit,
2818 4195 3090 4260 nimioque
3138 4192 3314 4245 sunlio
3371 4189 3839 4257 reprehensionem
3892 4206 3999 4244 non

2437 4285 2648 4349 eITugit.
2682 4284 2759 4337 Ad
2803 4285 2939 4339 hanc
2964 4287 3113 4338 enim
3148 4282 3578 4353 paciﬁcationem
3608 4282 3833 4336 Omnino
3857 4280 4002 4335 refc-

2441 4380 2619 4432 readzc
2651 4376 2835 4431 Basilii
2875 4375 3116 4445 epistolae
3149 4374 3237 4437 58,
3261 4373 3329 4427 59
3357 4384 3412 4425 et
3445 4370 3531 4427 60.
3571 4372 3648 4428 Ex
3683 4375 3767 4428 his
3802 4374 4001 4429 litteris

2438 4470 2699 4523 discimus
2741 4466 3061 4538 Gregorium
3096 4466 3146 4517 in
3172 4461 3507 4530 Cappadocia
3534 4466 3870 4533 episcopum,
3894 4464 4003 4518 Ba-

770 4568 1018 4613 mortuus
1049 4566 1154 4608 εει.
1184 4552 1378 4621 Liquet
1413 4554 1691 4617 Basilium,
1714 4554 1815 4607 etsi
1854 4554 2153 4607 litterarum
2187 4567 2337 4607 com-
2368 4574 2411 4629 υ
2435 4562 2538 4615 gilii
2580 4570 2847 4629 patruum,
2895 4572 3017 4611 cum
3043 4556 3307 4624 episcopis
3340 4555 3690 4624 Cappadocia:
3729 4557 4000 4611 adversus

769 4649 974 4704 mercio
995 4639 1317 4716 conjuncius
1364 4650 1508 4698 esset
1546 4660 1665 4698 cum
1718 4644 1956 4709 Meletio,
1986 4645 2220 4698 nondum
2252 4652 2332 4698 ta-

768 4754 891 4793 men
916 4738 1058 4791 illius
1088 4737 1287 4789 vultum
1313 4737 1533 4801 vidisse,
1570 4751 1689 4788 cum
1724 4736 1861 4789 hanc
1889 4733 2168 4806 epistolam
2192 4734 2331 4790 scri-

766 4830 941 4885 beret.
968 4828 1025 4883 Id
1056 4828 1180 4882 boni
1217 4839 1541 4886 consecutus
1576 4836 1661 4882 est
1692 4828 1838 4881 circa
1864 4827 2099 4882 medium
2130 4840 2329 4881 annum

764 4920 891 4989 δη,
923 4936 989 4977 ac
1020 4920 1244 4991 proinde
1279 4923 1391 4975 hac
1428 4921 1653 4991 epistola
1678 4928 1805 4973 ante
1850 4920 1950 4973 hoc
1981 4930 2190 4989 tempus
2212 4918 2327 4975 col-

765 5013 1013 5068 locanda.
1054 5010 1150 5066 His
1176 5011 1376 5073 verbis,
1416 5026 1535 5079 qua:
1557 5011 1855 5073 attulimus,
1888 5010 2104 5063 adducti
2145 5024 2329 5065 sumus

764 5117 825 5160 ut
851 5121 969 5161 eam
1004 5107 1106 5159 hoc
1128 5119 1269 5158 anno
1306 5101 1406 5158 5'“
1448 5101 1861 5164 collocaremus,
1905 5110 2196 5169 antequam
2226 5099 2332 5154 Ba-

764 5196 923 5251 silius
952 5196 1282 5251 voluutatem
1297 5192 1674 5264 episcoporum
1706 5190 2093 5260 recullegisset.
2119 5190 2328 5245 Arcana

763 5298 945 5343 autem
968 5287 1371 5353 mandata,qua:
1384 5282 1761 5351 Theophrasto
1774 5284 1897 5334 data
1916 5291 2061 5340 sunt,
2082 5280 2333 5335 videntur

764 5390 1011 5450 spectare
1029 5377 1345 5447 pra-clarum
1364 5375 1618 5431 Ecclesiae
1639 5376 1995 5445 paciticandae
2024 5376 2328 5439 consilium,

760 5473 905 5528 ouod
930 5469 1159 5525 Basilius
1213 5470 1314 5525 etsi
1344 5479 1455 5525 tum
1481 5471 1693 5525 demum
1721 5483 2013 5541 aggressus
2040 5476 2122 5524 est
2170 5477 2327 5537 post-

834 5694 912 5831 ἕῗῖ
936 5694 1035 5831 Eii
1050 5694 1137 5831 iis

858 5762 912 5831 δ)
940 5762 1035 5831 ει».
1070 5762 1159 5825 59,
1184 5778 1238 5817 n.
1260 5762 1314 5817 ὅ.

835 5766 911 5903 is)
937 5831 1033 5903 Ep.
1063 5829 1156 5884 95.

2441 4651 2695 4704 llasilium
2735 4646 2962 4704 cansilia
2997 4636 3358 4713 eonjtutxisse.
3395 4645 3458 4699 Et
3490 4660 3574 4699 res
3595 4653 3651 4699 et
3684 4656 3893 4715 tempus
3917 4651 3999 4702 sic

2436 4747 2766 4810 congruunt,
2798 4746 2855 4789 ut
2891 4736 3005 4793 haec
3026 4736 3296 4790 dissensio
3324 4738 3391 4791 ab
3412 4751 3497 4800 ea,
3529 4752 3689 4805 quam
3713 4738 3779 4790 de
3806 4737 3994 4794 Basilii

2434 4833 2775 4888 ordinatione
2802 4839 2977 4884 ortam
3003 4827 3257 4890 diximus,
3290 4829 3499 4882 secerni
3530 4844 3633 4881 non
3664 4832 3854 4897 possit.
3874 4830 3999 4886 Fuit

2434 4923 2575 4977 enim
2608 4921 2893 4975 vehemens
2925 4924 3037 4973 haec
3063 4934 3185 4971 cum
3214 4930 3406 4987 patruo
3436 4918 3996 4990 discordia,illiusque

2433 5008 2726 5081 participes
2772 5008 2923 5062 fuere
2955 5016 3077 5062 tota:
3124 5008 3371 5063 civitates
3425 5016 3481 5061 et
3514 5011 3695 5080 populi
3732 5010 3825 5081 (θ’).
3871 5011 3990 5067 Non

2433 5101 2583 5156 solus
2636 5099 2835 5154 Basilio
2873 5108 3097 5169 patruus
3130 5100 3481 5154 succensebat
3506 5140 3522 5164 ,
3578 5102 3672 5155 sed
3708 5101 3995 5169 adiunctos

2430 5194 2663 5250 habebat
2692 5192 2877 5261 plures
2924 5192 3222 5261 episc0pos.
3276 5190 3443 5246 Nulla
3476 5193 3690 5247 interim
3730 5191 3993 5251 Basilium

2430 5286 2573 5342 inter
2597 5296 2651 5339 et
2692 5294 2941 5355 patruum
2976 5285 3218 5340 aliosaue
3252 5285 3532 5355 episcopos
3562 5286 3777 5351 litterte,
3813 5288 3993 5342 nullus

2427 5391 2746 5447 congressus
2779 5395 2793 5431 :
2826 5376 2919 5431 sed
2960 5377 3294 5445 suspiciones
3343 5386 3398 5431 et
3434 5376 3718 5433 calumnia:
3743 5380 3796 5433 in
3846 5377 3997 5435 Basi-

2426 5468 2573 5524 lium.
2602 5451 2697 5521 llis
2735 5468 2877 5522 notis
2916 5465 3072 5522 facile
3111 5469 3443 5539 dignoscitur
3486 5468 3672 5525 Basilii
3702 5481 3991 5528 concerta-

2507 5685 2582 5755 (d)
2613 5684 2742 5755 ﬁas.
2767 5700 2847 5739 or.
2879 5685 2968 5742 20.

2507 5753 2577 5819 te)
2609 5753 2737 5807 Νη.
2776 5770 2859 5807 or.
2894 5762 2977 5808 t9.

2508 5819 2574 5893 ω
2602 5819 2698 5888 Ep.
2728 5821 2815 5887 sa,
2851 5839 2906 5874 ι..
2938 5824 2993 5879 s.
