4214 6480
1497 420 1651 475 ΥΙΤΛ
1698 421 1755 473 S.
1801 417 2065 471 BASILIL

3255 431 3401 471 ιιι-ιι

185 550 244 605 tio
266 565 372 605 eum
403 545 693 613 cpiscOpis.
734 546 824 615 qui
872 546 939 601 ab
969 545 1086 613 ejus
1115 545 1458 598 utdinatione
1499 556 1554 599 et
1580 557 1729 599 com-
1758 548 1801 601 Α
1836 538 2195 609 perspicimus
2224 551 2288 589 ex
2321 537 2404 591 his
2450 534 2638 591 Basilii
2697 533 2762 586 ad
2820 543 3067 603 patruum
3101 538 3277 593 verbis
3345 539 3398 593 iu

184 628 405 697 attritione
446 638 793 707 refugerunt.
820 642 885 693 At
924 638 1113 691 referri
1147 657 1249 693 non
1287 648 1513 705 possunt
1566 638 1631 690 ad
1664 637 1727 689 Ii-

185 753 248 791 tes
282 737 338 787 de
364 733 751 799 iurisdictione
787 744 1064 799 susceptas
1090 750 1210 785 cum
1237 731 1503 801 episcopis
1527 746 1728 784 secun-

182 830 247 880 da:
297 825 663 891 Cappadociae
733 824 1020 878 Anthinms
1068 825 1249 886 enim,
1281 821 1371 889 qui
1410 817 1727 887 posterioris

182 921 316 984 hujus
346 919 702 975 dissensionis
731 928 918 971 auctor
950 918 1071 983 fuit,
1096 920 1149 969 in
1179 916 1358 984 priore
1390 916 1593 969 amicus
1612 920 1728 964 erat

182 1010 369 1074 Basilio,
402 1013 559 1081 eique
589 1025 817 1077 operam
846 1012 1097 1071 navabat,
1134 1019 1192 1061 ut
1217 1017 1363 1073 patet
1393 1024 1455 1062 ex
1491 1024 1577 1073 ep.
1632 1003 1720 1057 58.

180 1104 383 1172 Tempus
439 1105 605 1157 etiam
668 1106 874 1172 optime
914 1103 1165 1171 quadrat.
1202 1098 1334 1152 Nam
1390 1100 1721 1155 simultatem

179 1211 276 1249 cum
309 1195 568 1265 episcopis
601 1194 958 1265 Cappadocia:
1010 1192 1362 1259 compositam
1416 1192 1583 1245 fuisse
1645 1200 1723 1243 te-

176 1297 325 1341 statur
369 1286 666 1353 Gregorius
709 1286 1079 1340 Nazianzenus
1108 1281 1206 1352 (a),
1248 1293 1531 1348 antequam
1569 1279 1721 1333 Basi-

178 1382 261 1434 lius
288 1380 346 1431 de
369 1377 723 1443 pacificandis
756 1375 1209 1445 Ecclesiisagx'rct
1240 1391 1361 1429 cum
1384 1374 1717 1439 Athanasio;

175 1470 292 1539 quod
341 1470 623 1522 cunsdium
662 1466 901 1534 suscepit
956 1483 1100 1519 anno
1149 1465 1272 1519 571.
1324 1464 1463 1517 Idem
1504 1480 1721 1531 prorsus

178 1573 360 1627 tempus
404 1561 798 1625 assignandum
849 1557 913 1612 iis
967 1573 1086 1623 quem
1145 1556 1398 1609 Basilium
1459 1554 1599 1606 inter
1657 1571 1719 1609 ac

176 1653 463 1724 Gregorium
494 1662 753 1720 patruum
782 1651 1027 1717 aliosque
1057 1650 1340 1717 episcopos
1365 1686 1380 1709 ,
1422 1648 1718 1715 interprete

173 1758 215 1800 et
255 1757 522 1816 sequestro
556 1742 831 1815 Nysseno,
887 1754 1035 1811 gesta
1073 1750 1215 1795 Sttlll.
1248 1739 1542 1806 Gregorius
1571 1741 1716 1793 enim

172 1838 435 1910 Nyssenus,
467 1838 559 1906 qui
590 1840 883 1907 episcopus
932 1834 1106 1888 factus
1134 1844 1216 1887 est
1252 1848 1393 1885 anno
1417 1832 1542 1895 371,
1577 1834 1714 1888 tion-

1830 631 2055 698 epistola
2089 628 2375 693 sequenti:
2411 626 2693 680 Continere
2735 641 2813 678 me
2862 626 3087 691 umidius
3128 646 3242 682 cum
3297 647 3401 683 non

1828 740 2049 789 possem,
2106 719 2255 787 prior
2306 721 2423 785 rupi
2482 738 2675 774 vocem.
2715 719 2851 772 Nam
2885 735 3007 772 cum
3040 736 3161 772 eum
3195 723 3400 779 intimis

1834 816 2084 870 sensibus
2126 820 2351 882 angeret
2394 811 2514 865 hare
2544 814 2830 880 dissmsio,
2869 812 3401 879 nihiljamcuuetm-

1829 908 1951 961 dum
1982 924 2101 963 esse
2156 916 2304 959 ratus
2335 906 2429 975 (Iv),
2474 908 2661 960 scribit
2701 910 2767 961 ad
2818 917 3109 977 patruum,
3143 909 3303 974 eique
3347 909 3397 961 in

1830 1002 2141 1052 memoriam
2176 1007 2395 1051 revocat
2443 1008 2723 1065 paternum
2755 1000 2905 1053 illum
2940 998 3205 1058 animum,
3241 1012 3400 1065 quem

1828 1094 1927 1149 sibi
1988 1112 2083 1165 per
2138 1103 2304 1148 totam
2344 1094 2509 1145 vitam
2561 1094 2898 1146 exhibuerat.
2946 1095 3284 1159 Obtcstatur,
3345 1104 3402 1147 ut

1827 1203 1946 1241 cum
1989 1206 2090 1256 pax
2123 1200 2179 1242 et
2226 1184 2587 1240 mansuetudo
2624 1184 2853 1252 propriae
2904 1188 3012 1238 sint
3055 1186 3199 1238 illius
3235 1186 3399 1239 animi

1826 1281 2003 1345 dotes,
2043 1283 2259 1335 modum
2316 1281 2553 1349 imponat
2585 1278 2830 1329 tristibus
2879 1279 3059 1342 rebus,
3095 1281 3284 1332 ducem
3341 1294 3400 1333 se

1827 1374 1949 1425 aliis
1985 1376 2226 1442 praebens
2258 1376 2323 1427 ad
2356 1374 2585 1442 optima.
2623 1374 2845 1425 minime
2886 1388 3014 1424 vero
3040 1376 3201 1427 alium
3236 1374 3301 1426 ad
3338 1374 3401 1425 il-

1826 1464 1967 1515 lic-ita
1995 1479 2248 1531 sequens.
2284 1462 2415 1515 Nam
2458 1478 2552 1515 nec
2579 1461 2714 1514 alios
2740 1462 3023 1528 episcopos
3048 1462 3237 1516 dei-etc
3262 1463 3402 1515 hanc

1824 1557 2223 1609 dissensionem
2254 1596 2267 1615 ,
2295 1557 2386 1607 Sed
2423 1556 2595 1623 ipsum
2651 1554 2885 1606 maxime
2919 1554 3213 1615 dedecere;
3275 1572 3397 1606 cum

1822 1648 2125 1717 przesertim
2162 1646 2359 1699 malum
2390 1662 2491 1698 non
2537 1662 2645 1701 uno
2682 1646 2862 1713 aliquo
2890 1645 3393 1708 circumscribatur,

1822 1744 1916 1794 sed
1953 1749 2093 1795 totas
2117 1739 2368 1793 civitates
2394 1748 2447 1792 ct
2484 1739 2707 1805 populos
2741 1739 2919 1795 Izmlat.
2971 1737 3144 1803 lingat
3194 1738 3396 1800 itaque,

1824 1845 1878 1887 ut
1902 1836 2015 1889 sive
2038 1833 2341 1888 Carsarcam
2372 1828 2641 1882 veniemlo
2660 1869 2673 1890 ,
2702 1830 2816 1882 sive
2840 1830 3148 1891 scribendo,
3189 1832 3304 1883 sive
3331 1831 3397 1881 ad

172 1936 273 1984 dum
325 1932 458 1984 hanc
488 1932 816 2001 dignitatem
848 1928 1072 1995 adeptus
1103 1935 1255 1989 erat,
1284 1935 1337 1978 ct
1369 1943 1488 1979 cum
1518 1941 1600 1988 eo,
1661 1935 1717 1977 ut
1753 1900 1792 1953 Β
1823 1940 1880 1977 se
1935 1926 2286 1985 accersendo,
2322 1923 2437 1977 sive
2469 1939 2799 1993 quocunque
2844 1923 2950 1976 alio
2988 1924 3144 1975 modo
3168 1963 3181 1986 ,
3220 1938 3396 1977 reme-

174 2022 373 2091 uegotiis
406 2023 674 2091 curisque
706 2033 898 2085 vacuo,
933 2019 1236 2088 expostulat
1288 2019 1520 2073 Basilius
1572 2020 1716 2086 quod

171 2117 224 2169 ad
247 2132 299 2171 se
327 2116 593 2170 difﬁcilem
618 2123 681 2166 et
704 2113 981 2166 molestam
1006 2114 1166 2167 vitam
1196 2114 1493 2180 ingressqu
1518 2109 1720 2163 auxilio

172 2222 255 2259 non
285 2208 475 2258 veniat.
507 2203 729 2270 Quibus
748 2205 909 2258 etiam
934 2204 1111 2259 verbis
1139 2204 1347 2255 initium
1370 2201 1719 2267 episcopatus

169 2296 278 2349 satis
311 2295 527 2349 indicat.
563 2294 873 2366 Nysseuum
924 2295 1141 2363 quidem
1174 2302 1327 2345 vocat
1360 2291 1720 2362 αὶδεσιμὼτα-

166 2402 261 2451 τον,
288 2390 793 2442 rererendissimum.
832 2386 937 2440 Sed
987 2386 1127 2438 lmuc
1157 2384 1411 2439 honorem
1442 2384 1721 2455 presbyte-

170 2482 250 2546 ris,
274 2492 326 2535 ut
352 2482 614 2537 observat
643 2478 1042 2541 Tillemontius,
1080 2479 1349 2533 interdum
1378 2478 1574 2543 defert,
1608 2480 1718 2534 imo

169 2571 276 2639 ipsis
312 2588 702 2640 nonnunquam
735 2573 909 2637 laicis,
938 2580 994 2624 ut
1024 2572 1178 2625 initio
1202 2573 1444 2641 epistola:
1489 2572 1578 2624 7|.
1610 2572 1716 2623 Ιιιι-

169 2665 333 2715 merito
358 2679 487 2733 ergo
521 2664 647 2718 lucc
686 2662 1064 2717 Tillemontius
1096 2662 1258 2717 refert
1284 2662 1349 2715 ad
1376 2678 1579 2716 annum
1612 2662 1711 2715 571

167 2762 210 2801 et
240 2751 351 2804 572.

228 2838 345 2896 Rem
395 2853 580 2897 autem
621 2843 701 2898 sic
737 2850 1069 2899 transactam
1127 2842 1296 2898 fuisse
1344 2842 1601 2897 discimus
1651 2857 1717 2895 ex

165 2932 361 3000 epistola
388 2934 456 2990 58
514 2936 709 2990 Basilii
737 2947 790 2992 et
820 2939 1026 2991 duabus
1049 2936 1418 3006 sequentibus.
1444 2934 1718 3006 Nyssenus

164 3026 410 3090 epistolam
444 3045 613 3080 unum
645 3031 823 3082 attulit
856 3030 1075 3092 Basilio,
1131 3039 1187 3082 ttt
1235 3044 1265 3081 a
1318 3027 1589 3081 comnmni
1627 3042 1718 3095 pa-

168 3124 266 3167 truo
289 3114 549 3186 Gregorio
604 3119 880 3185 scriptam.
928 3117 1311 3171 Gratissimum
1363 3116 1414 3168 id
1466 3114 1667 3168 Basilio
1698 3156 1713 3181 ,

1823 2016 1968 2069 dium
2007 2018 2220 2086 aliquod
2246 2016 2454 2071 aﬂerat.

1892 2104 2006 2159 Non
2053 2111 2229 2164 caruit
2266 2120 2455 2179 optato
2504 2108 2656 2163 exitu
2713 2117 2823 2161 tam
2868 2108 3091 2177 insignis
3139 2107 3392 2162 omnibus

1821 2198 2106 2253 charitatis
2137 2203 2377 2255 numeris
2420 2200 2667 2271 epistola.
2702 2200 2981 2255 Venerunt
3026 2215 3053 2251 a
3093 2211 3285 2267 patruo
3312 2200 3400 2251 Iit-

1822 2301 1970 2355 term,
2003 2308 2098 2362 per
2120 2292 2443 2361 Gregorium
2472 2293 2693 2348 fratrem
2722 2292 3125 2361 allata),qua:et
3156 2292 3396 2344 animum

1828 2384 1893 2438 ad
1945 2386 2372 2453 componendam
2419 2386 2811 2438 dissensionem
2861 2385 3264 2455 paratissimum
3319 2383 3398 2435 si-

1819 2476 2174 2546 gnificabant,
2205 2486 2368 2545 atque
2389 2476 2552 2529 etiam
2600 2477 2858 2530 Basiliam
2892 2478 3273 2541 hortabantur,
3339 2486 3399 2530 ut

1820 2568 2012 2634 fratri,
2069 2570 2153 2623 cui
2188 2569 2464 2624 subiratus
2494 2584 2616 2623 esse
2648 2569 2931 2621 videbatur
2959 2569 3028 2621 ob
3068 2568 3395 2620 commenti—

1822 2661 1923 2712 tias
1964 2659 2222 2726 epistolas
2252 2700 2267 2721 ,
2325 2661 2460 2714 iram
2497 2662 2807 2714 redonaret.
2857 2658 3005 2714 Unde
3045 2656 3279 2711 Basilius
3312 2658 3397 2729 (c)

1819 2749 2067 2815 protinus
2095 2749 2161 2802 ad
2197 2760 2447 2818 patruum
2486 2754 2816 2815 rescribeus,
2856 2751 3096 2805 declarat
3124 2768 3182 2804 se
3214 2752 3398 2807 fratris

1819 2850 2112 2910 conspectu
2157 2853 2206 2896 et
2236 2851 2395 2896 antea
2430 2843 2753 2897 delectatum
2804 2844 2974 2898 fuisse
3001 2883 3016 2908 ,
3050 2854 3103 2898 et
3146 2846 3398 2914 proxime

1820 2932 1961 2986 illius
1982 2934 2214 2987 adventu
2240 2948 2305 2988 ex
2332 2935 2577 3004 corporis
2606 2934 2924 2989 infirmitate
2957 2947 3011 2989 et
3050 2938 3216 2988 animi
3245 2936 3399 2988 dolo-

1820 3026 1969 3081 ribus
1994 3038 2322 3091 recreatum,
2352 3042 2452 3080 nec
2490 3027 2781 3096 quidquam
2812 3043 2841 3080 a
2876 3044 2935 3081 se
2964 3028 3131 3095 magis
3158 3026 3395 3081 alienum

1818 3133 1962 3181 esse,
2004 3134 2179 3187 quam
2200 3119 2514 3170 inimicitias
2532 3133 2724 3185 gerere
2750 3133 2871 3170 cum
2900 3118 3239 3187 propinquis.
3259 3118 3395 3173 Cum

165 3207 413 3275 epistolam
453 3211 699 3263 oswndit
740 3209 979 3279 pluribus
1021 3210 1231 3271 amicis,
1269 3224 1332 3262 ac
1371 3206 1481 3262 Deo
1512 3208 1714 3276 gratias
1742 3241 1784 3297 Ο
1816 3218 1996 3263 autem
2030 3210 2095 3263 de
2138 3209 2501 3263 dissensionis
2528 3225 2693 3264 causa
2718 3211 2953 3265 obscure.
2986 3214 3195 3266 locutus
3248 3223 3398 3267 esset

164 3298 274 3365 egit.
306 3300 370 3351 At
398 3300 508 3353 cito
547 3301 945 3368 deprehensmn
978 3310 1062 3354 est
1104 3310 1467 3353 commentqu
1496 3338 1511 3363 ,
1546 3312 1713 3366 seque

163 3386 281 3440 hanc
317 3391 605 3457 epistolam
649 3393 935 3459 scripsisse
966 3390 1260 3460 Gregorius
1289 3391 1577 3459 episcopus
1618 3404 1713 3442 ne-

162 3482 302 3544 gavit.
331 3481 563 3536 Terram
593 3484 692 3536 sibi
727 3483 1007 3537 dehiscere
1039 3484 1258 3553 optabat
1281 3481 1547 3536 Basilius:
1577 3484 1711 3537 adeo

162 3572 223 3627 illi
262 3577 353 3631 hoc
388 3578 607 3632 fraudis
654 3586 707 3631 et
749 3573 1011 3629 mendacii
1061 3575 1318 3643 probrum
1373 3574 1710 3643 displicebat.

161 3663 257 3715 Alia
307 3680 503 3720 rursus
542 3666 699 3718 allata
732 3664 951 3734 epistola
979 3706 993 3730 ,
1024 3674 1080 3717 ut
1114 3664 1180 3717 ab
1219 3665 1472 3733 cpisc0po
1500 3676 1707 3733 patruo,

160 3767 238 3819 per
270 3758 544 3811 Asterium
596 3756 820 3828 Nysseni
870 3755 1147 3811 famulum.
1200 3754 1276 3810 Ne
1326 3758 1464 3808 hanc
1496 3757 1709 3822 quidem

159 3862 264 3901 vere
298 3852 524 3905 miserat
572 3852 857 3920 episcopus
894 3890 909 3912 ,
956 3850 1119 3918 idque
1177 3848 1378 3902 Basilio
1427 3849 1712 3901 Authimus

160 3936 427 4008 Tyaneusis
492 3941 778 4007 episcopus
836 3938 1183 3991 renuntiavit.
1238 3937 1473 3991 Tertiam
1533 3940 1711 3991 attulit

159 4025 357 4098 Nysseui
415 4032 660 4083 fatuulus
715 4028 1088 4083 Adamantius.
1120 4027 1255 4081 Tum
1306 4044 1434 4084 vero
1484 4028 1713 4085 Basilius

160 4118 280 4174 inter
306 4125 437 4176 duas
474 4121 833 4191 cogitationes
863 4120 1050 4187 hzcsit;
1084 4120 1365 4175 videbatur
1386 4122 1435 4176 ei
1466 4122 1627 4176 fidem
1657 4133 1711 4177 et

161 4211 389 4269 honorem
448 4215 652 4268 mereri
704 4215 929 4283 epistola
970 4229 1065 4284 per
1110 4213 1432 4283 Gregorium
1489 4214 1707 4269 fratrem

161 4306 334 4372 inissa;
362 4309 458 4363 sed
493 4308 574 4361 bis
603 4308 715 4375 jam
745 4310 997 4376 deceptus
1028 4325 1130 4361 non
1163 4318 1374 4377 poterat
1418 4324 1523 4364 nou
1575 4310 1708 4363 dilli-

159 4396 284 4452 dere.
321 4400 524 4455 Scribit
552 4416 683 4467 ergo
706 4400 773 4453 ad
807 4399 1029 4454 fratrem
1060 4441 1074 4464 ,
1105 4402 1328 4471 ejusque
1383 4402 1708 4472 simplicita-

162 4499 247 4541 tem
297 4506 415 4545 cum
454 4509 555 4547 sua
601 4503 792 4561 sponte
844 4491 1168 4547 Christianis
1221 4510 1325 4547 non
1381 4509 1704 4562 congruere,

1817 3310 2075 3367 patruus,
2123 3305 2406 3369 reSpontlet
2442 3301 2673 3357 Basilius
2724 3319 2783 3358 se
2822 3318 2931 3373 pra:
2976 3304 3183 3358 inscitia
3220 3306 3397 3359 minus

1818 3391 2121 3463 intelligere
2152 3396 2277 3463 quid
2314 3396 2414 3449 sibi
2449 3396 2615 3449 velint
2649 3413 2767 3466 qua:
2796 3408 2916 3451 acta
2943 3408 3069 3451 sunt
3095 3413 3108 3449 :
3136 3408 3394 3451 ca'tcrunt

1816 3484 2039 3539 fratrem
2081 3502 2109 3540 a
2142 3503 2201 3541 se
2241 3499 2489 3541 coactum
2517 3504 2621 3540 non
2647 3488 2812 3540 fuisse
2830 3487 3126 3556 quidquam
3161 3489 3277 3541 viva
3306 3505 3397 3542 vo.

1813 3594 1875 3633 ce
1912 3582 2416 3650 dicvre,propterca
2450 3583 2591 3650 quod
2647 3597 2747 3635 nec
2806 3592 2963 3637 antea
2999 3584 3163 3652 ipsius
3215 3598 3396 3639 sermo

1816 3672 2064 3725 veritatis
2105 3674 2413 3727 testimonio
2454 3673 2806 3727 confirmatus
2846 3674 3041 3727 fuerat.
3073 3674 3269 3727 Nescio
3296 3690 3396 3729 cur

1816 3761 2195 3816 Tillemontius
2232 3764 2313 3817 bis
2344 3763 2666 3832 Gregorium
2718 3781 2744 3816 a
2784 3776 2978 3833 patruo
3005 3806 3019 3830 ,
3055 3776 3174 3832 post
3232 3782 3392 3823 accc-

1816 3863 1959 3920 ptam
2020 3851 2203 3905 Basilii
2258 3854 2564 3921 epistolam,
2600 3858 2822 3909 missum
2869 3856 3035 3911 fuisse
3088 3859 3387 3913 existimet.

1822 3945 1914 3999 llis
1946 3948 2089 3999 enim
2120 3948 2318 4011 verbis,
2359 3946 2423 4000 Et
2457 3959 2611 4001 antea
2639 3947 2860 4003 libenter
2897 3951 3132 4003 videbam
3171 3951 3391 4020 fratrem

1814 4055 2049 4103 meum...
2083 4049 2132 4093 et
2167 4056 2303 4093 nunc
2341 4041 2517 4094 eodem
2544 4041 2737 4109 aﬂectu
2772 4043 2974 4112 suscepi
3010 4043 3392 4109 adt'euientem,

1814 4131 1914 4184 hoc
1971 4139 2179 4183 tantum
2234 4130 2436 4183 iudicat
2485 4130 2716 4183 Basilius
2766 4145 2823 4184 se
2865 4130 3050 4183 fratris
3095 4143 3391 4200 conspectu

1813 4238 1933 4275 cum
1953 4237 2163 4289 semper
2185 4220 2508 4273 delectatum
2571 4221 2733 4287 uisse,
2776 4231 2886 4273 tum
2918 4221 3079 4275 etiam
3111 4224 3388 4292 proxime,

1812 4329 1932 4367 cum
1963 4330 1990 4363 a
2019 4320 2210 4380 patrno
2234 4312 2517 4379 epistolam
2549 4311 2785 4365 afferret.

1886 4406 2027 4459 Nihil
2058 4415 2286 4473 patruus
2321 4414 2580 4459 statuerat
2608 4406 2673 4459 de
2704 4419 3027 4471 congressus
3063 4417 3306 4473 tempme
3337 4415 3390 4461 et

1814 4497 1951 4551 loco.
1985 4496 2327 4565 Quapropter
2356 4496 2549 4549 iterum
2584 4507 2733 4563 rogat
2771 4495 3025 4558 Basilius,
3066 4506 3124 4548 ut
3162 4496 3273 4549 lucc
3301 4511 3388 4551 ar—

161 4589 253 4634 tum
279 4584 441 4636 ctiam
486 4584 715 4651 tempori
754 4584 973 4637 minime
990 4585 1281 4638 convenire
1309 4585 1571 4639 declarat.
1610 4584 1703 4637 Li-
1740 4578 1782 4633 D
1812 4590 1974 4643 bitrio
2000 4605 2101 4643 suo
2126 4589 2387 4653 definiat;
2415 4589 2513 4643 sibi
2545 4590 2694 4642 enim
2739 4598 3000 4641 statutmu
3032 4602 3153 4642 esse
3185 4590 3388 4645 servire

159 4673 267 4729 bere
292 4685 471 4730 monet
494 4692 618 4731 eum
656 4677 855 4731 talibus
893 4678 1122 4747 negotiis
1151 4694 1367 4731 manum
1401 4679 1697 4732 admovere

160 4780 245 4820 nou
276 4771 549 4833 debuisse,
584 4780 675 4822 aut
702 4769 892 4823 saltem
934 4770 1001 4822 ad
1030 4784 1089 4822 se
1123 4771 1301 4823 venire
1328 4769 1600 4833 debuisse,
1626 4768 1708 4823 si-

161 4858 297 4927 bique
326 4876 484 4931 opem
538 4859 684 4913 ferre
728 4875 921 4914 novam
950 4862 1114 4913 vitam
1174 4862 1439 4930 ingresso,
1476 4876 1597 4930 qua:
1651 4870 1707 4915 et

160 4964 329 5020 corpus
363 4953 601 5008 conterit
651 4962 705 5005 et
735 4954 967 5005 animam
1016 4951 1255 5007 conficit.
1289 4950 1528 5006 Tandem
1563 4953 1703 5007 idem

158 5044 197 5095 ei
225 5060 533 5114 responsum
571 5046 684 5109 dat,
724 5044 863 5113 quod
886 5045 996 5113 jam
1047 5044 1297 5114 prmseuti
1350 5045 1595 5109 dederat,
1631 5045 1701 5098 li-

158 5134 325 5192 benter
360 5152 418 5193 se
452 5154 578 5191 cum
610 5148 799 5208 patruo
842 5148 894 5190 et
928 5137 1190 5206 episcopis
1237 5151 1693 5207 congressurum,

158 5228 193 5279 si
223 5239 423 5300 tempus
457 5239 513 5284 et
544 5230 719 5284 locum
754 5227 1033 5294 deliniant,
1061 5245 1228 5300 seque
1260 5237 1317 5284 ut
1358 5245 1456 5300 par
1480 5240 1567 5285 est
1600 5231 1699 5283 ad-

158 5334 325 5378 vocent
358 5344 371 5379 :
406 5326 500 5379 sed
524 5326 714 5379 adesse
745 5339 801 5379 se
833 5339 936 5379 nou
973 5339 1127 5395 posse
1149 5364 1164 5389 ,
1200 5325 1303 5379 nisi
1344 5325 1502 5380 modo
1559 5340 1693 5379 cou-

159 5418 347 5481 grueuti
370 5420 690 5471 advocetur.

216 5509 294 5563 IV.
329 5510 572 5565 Tertiam
632 5509 776 5563 illam
829 5509 1109 5580 epistolam
1162 5510 1356 5563 merito
1392 5517 1697 5578 suspectam

158 5596 331 5657 Basilio
362 5602 557 5668 fuisse,
582 5616 682 5657 nec
706 5603 970 5657 veriorem
994 5616 1155 5673 quam
1192 5604 1326 5658 duas
1358 5602 1689 5672 superiores,

215 5784 281 5928 lzl
300 5785 403 5929 (ἐξ.

1810 4679 1880 4733 illi
1909 4680 1961 4733 in
2011 4678 2275 4735 charitate
2299 4720 2313 4745 ,
2338 4680 2452 4736 sive
2480 4680 2782 4734 Gazsaream
2820 4680 3004 4733 venire
3044 4679 3213 4744 velit;
3260 4682 3379 4736 sive

1812 4772 2085 4841 privatim,
2116 4771 2229 4826 sive
2267 4786 2387 4826 cum
2417 4771 2539 4826 aliis
2579 4770 2859 4837 congredi.
2893 4768 3028 4837 Quid
3064 4773 3259 4826 deinde
3283 4788 3382 4840 ge-

1814 4872 1954 4917 stum
1985 4863 2073 4926 sit,
2112 4863 2382 4917 nescimus
2414 4880 2426 4915 :
2467 4862 2561 4915 sed
2593 4861 2815 4915 minime
2846 4860 3089 4926 dubium,
3122 4862 3253 4931 quin
3284 4863 3389 4914 Ba-

1813 4955 1969 5010 silius
1990 4962 2237 5025 0ptatum
2267 4969 2387 5006 cum
2417 4952 2686 5021 episcopis
2707 4966 3080 5022 congressum,
3114 4966 3272 5018 quem
3301 4968 3389 5007 sa-

1813 5047 2005 5100 nandis
2049 5046 2366 5099 Vulneribus
2394 5042 2473 5114 (d)
2521 5045 2885 5099 necessarium
2912 5044 3214 5111 judicabat,
3270 5056 3388 5097 tan-

1813 5138 1933 5191 dem
1989 5148 2311 5192 consecutus
2343 5136 2412 5191 sit
2435 5176 2451 5202 ,
2498 5146 2552 5191 et
2600 5146 2724 5191 ante
2753 5138 2985 5190 medium
3020 5151 3220 5189 annum
3257 5136 3385 5201 δτι.

1814 5246 1921 5301 quo
1943 5240 2184 5301 tempore
2208 5230 2274 5284 ad
2304 5229 2729 5299 paciﬁcationem
2754 5228 3127 5283 Ecclesiarum
3160 5245 3380 5299 aggres‘

1813 5339 1905 5377 sus
1937 5332 2038 5387 est,
2075 5322 2238 5377 linem
2266 5321 2560 5376 tristissimi
2590 5320 3036 5385 dissidiividerit,
3066 5320 3219 5387 cujus
3254 5338 3378 5391 par-

1817 5414 2005 5483 ticipes
2029 5421 2187 5466 erant
2227 5421 2352 5465 totae
2387 5412 2635 5466 civitates
2656 5422 2710 5467 et
2744 5410 2952 5482 pupult’,
2990 5425 3095 5464 non
3120 5414 3259 5474 quod
3306 5414 3381 5465 al~

1815 5506 2005 5558 terutri
2061 5503 2202 5573 parti
2257 5503 2539 5558 studerent
2571 5504 2773 5575 (neque
2817 5503 2962 5559 enim
2992 5500 3045 5557 id
3074 5501 3203 5556 dicit
3231 5501 3385 5555 Basi-

1812 5599 1957 5668 lius),
1994 5597 2087 5651 sed
2134 5596 2258 5666 quia
2313 5596 2553 5669 episcopi
2612 5598 2756 5655 inter
2800 5611 2859 5652 sc
2909 5595 3026 5651 sine
3067 5594 3381 5667 populorum

1880 5781 1951 5851 (c)
1978 5781 2071 5845 Ep.
2102 5781 2197 5835 60.

1879 5854 1954 5924 (ά)
1986 5852 2081 5922 Bp.
2110 5852 2201 5916 59,
2234 5868 2287 5905 ιι.
2316 5852 2373 5904 2.
