4214 6482
828 428 995 474 ιινιιι

2150 402 2682 463 PROLEGOSIENA.

830 527 1125 587 offensione
1196 526 1437 582 lissidere
1490 541 1593 579 non
1631 535 1855 594 possunt
1899 525 1999 596 (a).
2060 526 2388 583 liesedrrunl
2417 538 2463 593 Α
2495 542 2597 596 quc
2650 525 2991 580 scribendum
3023 541 3140 582 esse
3170 528 3342 592 duxit,
3379 540 3437 584 ut
3486 545 3606 586 cum
3638 530 3809 587 altero
3855 528 4049 586 amici-

830 632 1009 676 tamen
1042 619 1095 673 in
1124 619 1395 680 urtnullis
1432 618 1627 671 animis
1665 616 1903 686 reliquia:
1931 618 2138 673 doloris
2167 627 2219 669 et
2252 617 2355 673 iuvi

827 713 952 775 dite,
974 726 1093 780 qua:
1126 724 1268 765 anno
1283 710 1386 765 57%
1423 710 1782 763 emicuerunt.

897 804 1230 859 Promiserat
1285 802 1480 857 Basilio
1532 801 1608 873 (ὁ)
1648 802 1945 873 Gregorius
1996 813 2283 857 venturum
2329 819 2387 859 se

826 896 1151 961 Caesaream,
1185 906 1467 966 postquam
1508 896 1711 949 umbra:
1734 912 1941 961 eorum,
1966 897 2054 965 qui
2082 898 2276 952 Basilio
2308 900 2388 953 in-

825 988 1189 1055 sidiabantur,
1220 987 1629 1056 prmteriissent,
1658 996 1712 1042 et
1744 988 1940 1059 Ieprosi
1984 987 2238 1044 Davidem
2271 988 2388 1045 llic-

824 1078 1115 1150 rosolymis
1159 1078 1443 1132 desiissent
1495 1078 1800 1135 excludere.
1841 1082 1940 1133 Vix
1987 1081 2205 1137 dubium
2254 1083 2383 1150 quin

826 1173 1091 1240 promissa
1147 1170 1289 1225 circa
1351 1171 1451 1224 hoc
1514 1179 1722 1238 tempus
1769 1172 2074 1242 perfecerit.
2132 1173 2385 1238 Quamvis

824 1264 968 1320 enim
989 1265 1221 1319 Basilius
1252 1264 1303 1316 in
1335 1262 1557 1332 epistola
1592 1263 1678 1328 7|,
1716 1280 1896 1318 mense
1925 1264 2229 1333 Septembri
2279 1266 2382 1320 htt-

819 1355 909 1423 jus
938 1355 1060 1408 anni
1092 1354 1293 1422 scripta
1328 1354 1629 1423 espostulet
1670 1370 1790 1409 cum
1824 1355 2084 1427 Gregorio
2106 1395 2120 1416 ,
2149 1356 2289 1423 quod
2318 1358 2383 1410 ad

824 1462 882 1501 se
924 1460 1028 1499 non
1061 1445 1273 1505 veniat:
1307 1460 1413 1499 non
1452 1454 1629 1501 tamen
1674 1447 1942 1515 queritur,
1970 1450 2109 1517 quod
2147 1448 2382 1501 nondum

824 1550 881 1593 se
905 1534 1170 1599 inviserit,
1204 1536 1298 1590 sed
1324 1536 1463 1605 quod
1518 1552 1764 1606 magnam
1795 1540 1921 1593 anni
1966 1548 2169 1607 partem
2203 1553 2382 1594 secum

822 1645 928 1684 non
956 1628 1206 1683 traducat
1232 1626 1329 1697 (ε).
1357 1626 1459 1681 Ubi
1490 1641 1673 1681 secum
1700 1627 1888 1683 habuit
1924 1629 2241 1699 Gregorium
2278 1629 2383 1684 Ba-

820 1722 1000 1785 silius,
1030 1724 1223 1776 obtulit
1257 1719 1304 1774 ei
1338 1717 1608 1775 cathedrae
1640 1720 1899 1774 honorem
1944 1729 1996 1774 et
2024 1723 2255 1791 primum
2302 1723 2383 1774 iu-

820 1822 903 1869 ter
927 1814 1272 1883 presbyteros
1296 1813 1469 1867 locum
1494 1853 1509 1876 ,
1540 1813 1633 1868 sed
1663 1812 1929 1869 recusanti
1956 1821 2009 1867 et
2040 1813 2291 1867 invidiam
2320 1828 2383 1868 ac

2495 617 2623 669 tiam
2653 614 2835 679 iniret,
2860 631 2977 670 cum
3013 618 3180 669 altero
3206 630 3511 674 renovaret.
3544 621 3683 676 Sunt
3704 623 3785 677 hac
3809 620 4053 693 epistolae

2486 709 2555 763 65
2578 716 2631 760 et
2672 705 2740 760 64
2760 748 2775 772 ,
2799 723 2930 777 quas
2959 707 3156 763 idcirco
3186 712 3250 763 ad
3286 712 3425 765 hunc
3478 727 3673 767 almum
3736 714 4048 777 referimus,

2489 798 2613 868 quia
2652 799 2922 868 pertinent
2957 800 3020 854 ad
3056 800 3182 854 illud
3230 812 3440 872 tempus
3466 842 3482 867 ,
3528 818 3633 871 quo
3676 803 3908 860 Basilius
3949 818 4052 859 sae-

2486 907 2548 959 pn
2590 890 2853 961 Elpidium
2885 933 2901 956 ,
2952 892 3197 948 veniente
3246 892 3543 950 Caesaream
3584 897 3813 965 praeside
3843 939 3858 964 ,
3900 900 4049 953 vide-

2487 984 2596 1036 bal.

2557 1071 2809 1126 Atarbius
2844 1074 2917 1143 (θ)
2950 1074 3327 1142 Neocmsareze,
3353 1084 3410 1129 ut
3434 1077 3565 1132 infra
3588 1079 3905 1144 videbimus,
3933 1083 4050 1152 cpio

2484 1178 2700 1232 scopus,
2736 1163 2915 1218 Basilii
2952 1168 3385 1235 consanguineus
3417 1182 3479 1221 ac
3508 1171 3886 1239 :ctatejunior,
3927 1173 4047 1228 lon-

2484 1273 2548 1323 go
2576 1256 2793 1311 silentio
2814 1256 3049 1312 animum
3072 1260 3269 1315 Basiiio
3294 1275 3396 1315 non
3420 1262 3649 1317 amicum
3676 1264 4041 1335 significabat.

2486 1344 2589 1399 Sed
2613 1345 2863 1411 Basilius,
2887 1348 2976 1418 qui
3016 1348 3067 1401 in
3099 1350 3337 1405 amicitia
3366 1350 3507 1405 vinci
3538 1350 3679 1406 idem
3716 1370 3835 1411 esse
3879 1354 4045 1409 duce-

2485 1436 2575 1489 bat
2622 1453 2685 1493 ac
2717 1442 2951 1505 vincere,
2988 1440 3136 1510 prior
3166 1443 3405 1500 scribere
3430 1444 3496 1500 ad
3526 1460 3645 1499 eum
3680 1462 3783 1501 non
3812 1448 4043 1514 dubitat,

2483 1547 2713 1602 eumque
2745 1536 3006 1599 hortatur,
3041 1545 3120 1602 ut,
3158 1535 3393 1606 projects
3423 1539 3720 1604 iracundia,
3759 1558 3916 1611 quam
3966 1546 4046 1600 si-

2488 1623 2653 1677 lentio
2682 1628 3119 1696 significaverat,
3183 1628 3503 1685 charitatem
3548 1644 3602 1687 et
3653 1648 3838 1702 pacem
3879 1638 4046 1693 corde

2482 1715 2769 1783 concipiat,
2807 1728 2860 1771 et
2892 1732 3011 1772 cum
3040 1716 3297 1771 fratribus
3323 1716 3460 1773 idem
3490 1721 3839 1777 sentientibus
3859 1728 4040 1778 studia

2481 1816 2535 1857 et
2575 1821 2734 1862 curas
2786 1824 2882 1878 pro
2922 1805 3174 1863 Ecclesiis
3212 1807 3516 1880 conjungat.
3552 1812 3662 1867 Nisi
3706 1815 3845 1870 enim
3891 1831 4045 1870 sanae

819 1904 1146 1972 arrogantia:
1172 1902 1533 1971 suspicionem
1554 1900 1776 1970 fugienti
1806 1917 1910 1959 non
1941 1904 2096 1958 modo
2121 1900 2380 1956 molestus
2414 1893 2452 1947 B
2482 1898 2736 1953 doctrinae
2794 1899 3103 1955 defensores
3133 1909 3338 1954 tantum
3393 1903 3459 1955 ad
3511 1901 3626 1970 ejus
3671 1906 4041 1963 defensionem

820 2008 924 2047 non
952 1993 1069 2059 fuit,
1100 1997 1192 2049 sed
1217 1997 1378 2049 etiam
1408 2009 1530 2047 eum
1558 1992 1817 2062 laudavit,
1851 1994 2096 2065 quamvis
2130 1994 2382 2064 provide-

819 2097 902 2140 ret
926 2102 1029 2141 non
1067 2088 1347 2141 defuturos
1387 2088 1478 2156 qui
1510 2103 1567 2144 se
1596 2088 1963 2158 vituperarent
1988 2096 2041 2142 et
2066 2087 2116 2141 in
2145 2096 2380 2142 contem-

817 2178 891 2246 pti
916 2178 1073 2231 amici
1094 2179 1299 2233 crimen
1327 2188 1597 2234 vocarent.
1617 2178 1933 2247 Gregorium
1965 2194 2071 2233 non
2103 2180 2193 2233 diu
2220 2179 2381 2235 fuisse

816 2266 1079 2322 Caesareae
1108 2269 1335 2337 probant
1360 2267 1541 2323 Basilii
1566 2267 1800 2338 querelte
1826 2306 1842 2335 ,
1878 2284 2012 2339 quas
2050 2270 2210 2324 modo
2234 2285 2381 2325 com-

815 2361 1252 2415 memoravimus.

886 2450 951 2504 ν.
1005 2449 1215 2518 Scripta
1275 2452 1490 2509 videtur
1536 2453 1760 2526 epistola
1786 2453 1873 2515 6|,
1908 2460 2197 2522 antequam
2230 2451 2380 2506 Basi-

814 2540 921 2597 lius
949 2555 1070 2597 cum
1099 2543 1399 2601 Athanasio
1448 2547 1702 2600 maximis
1731 2547 1796 2599 de
1827 2546 1987 2600 rebus
2020 2552 2225 2614 ageret.
2281 2543 2382 2598 Du-

813 2646 930 2686 cem
958 2632 1157 2703 Libyae,
1196 2636 1247 2687 in
1271 2635 1604 2704 Cappadocia
1631 2644 1849 2700 natum,
1873 2634 2163 2688 crudeliter
2199 2643 2253 2687 et
2280 2632 2378 2686 lla-

814 2723 1011 2791 gttiose
1062 2724 1338 2779 viventem
1402 2727 1730 2780 Athanasius
1778 2727 2379 2792 excomtnunicaverat,

814 2815 975 2884 idque
996 2815 1246 2872 omnibus
1294 2818 1548 2874 Ecclesiis
1582 2819 2020 2875 denuntiaverat.
2066 2820 2381 2891 ReSpondet

814 2905 1043 2961 Basilius
1100 2922 1159 2962 se
1218 2909 1361 2964 illius
1411 2911 1619 2965 litteras
1676 2913 1872 2981 legisse
1929 2912 2180 2967 Ecclesia:
2234 2929 2377 2976 sum,

814 3007 871 3047 ut
910 2997 1051 3050 hunc
1084 2998 1274 3052 ducent
1332 3013 1520 3053 euntes
1571 2999 1991 3054 abominandum
2045 3003 2377 3067 existiment,

812 3101 913 3140 nec
958 3086 1135 3158 ignem
1193 3098 1248 3144 et
1303 3106 1497 3161 aquam
1554 3105 1677 3145 cum
1723 3105 1787 3143 eo
1842 3100 1935 3143 ant
1999 3100 2195 3144 tectum
2234 3106 2380 3143 com-

816 3191 976 3232 mune
1010 3178 1261 3233 babeant.
1297 3181 1457 3235 Addit
1506 3195 1564 3234 se
1611 3182 1708 3234 bas
1752 3180 1962 3234 litteras
2006 3179 2193 3233 amicis
2230 3180 2379 3233 ducis

815 3277 870 3323 et
911 3271 1229 3341 propinquis
1274 3281 1330 3326 et
1360 3273 1665 3341 hospitibus
1694 3272 1981 3328 ostendere
2032 3290 2139 3328 non
2173 3272 2378 3328 desitu-

811 3374 949 3416 rum.

889 3453 1021 3509 Cum
1050 3452 1423 3510 Parnassenus
1442 3452 1722 3525 episcopus
1751 3454 1995 3519 obiisset,
2033 3458 2245 3509 viduam
2275 3457 2379 3511 Ec-

812 3545 1031 3600 clesiam
1062 3560 1126 3600 ex
1162 3562 1311 3601 more
1342 3547 1651 3601 consolatur
1685 3547 1908 3601 Basilius
1943 3547 2043 3619 (ὀ).
2076 3556 2236 3614 atque
2257 3548 2379 3599 hor-

812 3646 977 3701 tatur,
1020 3647 1078 3691 ut
1125 3636 1294 3693 dolori
1346 3652 1452 3691 non
1508 3638 1907 3702 succumbant,
1962 3638 2054 3691 sed
2107 3647 2375 3707 pastorem

810 3743 967 3782 suum
994 3729 1208 3785 beatum
1247 3730 1581 3795 existiment,
1618 3740 1778 3799 atque
1801 3729 1866 3783 ad
1897 3730 2251 3784 necessariam
2286 3728 2379 3783 Ec-

810 3822 992 3876 clesiae
1038 3837 1223 3875 curam
1266 3830 1575 3889 assurgant.
1606 3821 1820 3890 Scripta
1876 3822 2086 3875 videtur
2121 3823 2231 3875 haec
2273 3820 2377 3889 epi-

810 3914 947 3965 stola
978 3921 1287 3979 antequam,
1318 3910 1555 3963 Valentis
1581 3912 1835 3973 adventu,
1876 3912 2195 3964 Arianorum
2236 3911 2376 3965 vires

809 4002 1128 4056 crevissent.
1191 4000 1358 4054 Valde
1418 4001 1560 4053 enim
1624 4002 1965 4052 metuendum
2025 4001 2252 4065 fuisset,
2312 4016 2378 4054 ne

809 4092 996 4146 Ariani
1032 4091 1084 4146 in
1113 4092 1377 4147 electione
1424 4092 1661 4161 episcOpi
1700 4090 2024 4145 Parnasseni
2056 4092 2242 4145 turbas
2299 4091 2377 4142 fa-

810 4193 1016 4245 cerent,
1048 4199 1147 4239 nec
1196 4183 1467 4237 omisisset
1516 4182 1750 4236 Basilius
1800 4182 2023 4251 periculi
2061 4182 2377 4252 magnitudi-

814 4289 935 4329 nem
978 4273 1331 4329 l‘arnassenis
1362 4284 1487 4328 ante
1538 4275 1723 4329 oculos
1756 4289 1973 4343 ponere.
2026 4273 2161 4328 llinc
2211 4276 2373 4327 etiam

810 4366 964 4433 copia
1000 4364 1098 4419 fuit
1132 4365 1317 4433 Optimi
1371 4366 1471 4418 viri
1530 4366 1801 4434 eligendi,
1856 4380 2011 4434 quem
2038 4366 2218 4418 Ariani
2285 4382 2377 4419 cx-

810 4457 1062 4523 pulerunt
1126 4469 1269 4509 anno
1346 4454 1469 4508 575.
1551 4455 1752 4524 llypsin
1816 4468 1938 4509 eum
2002 4465 2158 4508 vocat
2222 4454 2374 4505 Basi-

809 4548 914 4600 lius
944 4545 1035 4616 (ε).

880 4638 993 4692 Hoc
1039 4652 1181 4691 anno
1237 4638 1362 4703 37f,
1403 4637 1685 4707 prmsideut
1752 4636 1983 4691 habebat
2037 4636 2371 4705 Cappadocia

810 4728 1130 4785 Therasium
1160 4769 1175 4794 ,
1225 4739 1284 4782 ut
1336 4729 1643 4799 colligimus
1703 4743 1768 4781 ex
1814 4727 2057 4795 epistolis
2095 4727 2255 4780 ἸἹ-νοι
2283 4726 2369 4781 78.

811 4818 984 4884 Huius
1022 4835 1264 4875 assessor
1290 4830 1407 4876 erat
1447 4817 1682 4889 Elpidius
1710 4858 1724 4882 .
1752 4833 1875 4873 cum
1906 4817 2102 4871 Basilio
2138 4818 2371 4871 amicitia

808 4913 1299 4982 coniunctissimus.
1355 4913 1488 4966 Cum
1549 4927 1614 4966 eo
1670 4911 1894 4964 libenter
1952 4910 2358 4978 colloqnebatur

811 5002 1041 5056 Basilius
1096 5001 1189 5073 (Γ),
1241 5002 1453 5071 quoties
1506 5017 1704 5071 prceses
1745 5001 2047 5055 Cmsaream
2079 5000 2368 5053 veniebat:

811 5108 1045 5162 cumque
1073 5108 1136 5146 es
1170 5095 1284 5164 ejus
1310 5108 1561 5147 sermone
1592 5092 1754 5146 multa
1781 5094 2119 5161 cognovisset
2149 5092 2213 5144 de
2244 5092 2376 5143 duo-

812 5182 913 5238 bus
951 5184 1163 5239 eximiis
1213 5184 1345 5239 viris
1369 5225 1383 5250 ,
1410 5183 1692 5253 principali
1724 5182 2089 5237 Neocmsarea‘.
2120 5193 2173 5234 et
2206 5180 2374 5253 Hesy-

811 5275 958 5342 chio,
1010 5291 1235 5346 quorum
1263 5277 1495 5347 primum
1539 5276 1681 5329 fama
1724 5284 1928 5328 tantum
1963 5282 2219 5337 noverat,
2256 5289 2375 5326 cum

811 5366 989 5421 altero
1044 5375 1222 5421 autem
1272 5366 1577 5420 communia
1626 5366 1753 5420 olim
1812 5366 2114 5420 litterarum
2158 5364 2330 5417 studia
2360 5402 2375 5425 ,

810 5471 1262 5527 communemque
1300 5458 1531 5513 amicum
1569 5454 1885 5513 Terentiqu
1929 5456 2216 5521 habuerat,
2241 5454 2372 5509 utri-

884 5611 959 5685 (a)
988 5612 1115 5685 Eas.
1151 5630 1233 5668 or.
1256 5615 1349 5669 20.

909 5683 957 5782 δὲ
992 5683 1120 5736 Naz.
1150 5699 1235 5753 ep.
1264 5688 1348 5739 H.

912 5770 958 5823 c,
988 5754 1117 5807 Nu.
1144 5770 1227 5807 or.
1258 5756 1349 5810 20.

888 5827 966 5895 (tt)
995 5825 1088 5895 Ep.
1122 5823 1207 5878 62.

2482 1991 2725 2046 laborent
2751 2029 2767 2054 ,
2804 2003 3061 2057 quantum
3116 1994 3181 2047 ad
3211 2008 3328 2048 eam
3358 1997 3765 2064 oppugnandam
3794 2001 4046 2056 adversa-

2483 2083 2570 2152 rii,
2597 2080 2728 2137 nihil
2757 2082 3176 2151 prohibiturum,
3202 2086 3491 2154 quominus
3517 2086 3718 2141 veritas
3756 2089 3823 2143 ab
3857 2090 4043 2145 inimi-

2482 2175 2560 2228 cis
2604 2189 2792 2231 eversa
2838 2184 3060 2245 pereat,
3113 2190 3176 2228 ac
3229 2179 3694 2234 condemnationis
3741 2183 4045 2252 participes

2484 2264 2689 2320 futuros
2736 2268 2825 2336 qui
2862 2268 2927 2322 ad
2972 2266 3332 2323 Ecclesiarum
3367 2268 4047 2345 conjunctionem‘conspi-

2483 2372 2603 2411 rare
2627 2357 2917 2413 noluerint.
2941 2359 3116 2429 Rogat
3143 2368 3347 2426 autem,
3381 2368 3439 2414 ut
3474 2360 3613 2416 hanc
3641 2366 3948 2431 opinionem
3975 2382 4045 2420 ex

2481 2448 2665 2503 animo
2697 2448 2967 2518 projiciat,
2991 2467 3049 2507 se
3078 2452 3305 2507 aliorum
3342 2452 3721 2508 communione
3754 2469 3859 2509 non
3894 2457 4041 2508 indi-

2481 2552 2628 2606 gere.
2682 2537 2734 2591 ld
2766 2540 2908 2593 enim
2940 2550 2994 2594 et
3024 2543 3277 2597 charitati
3331 2544 3663 2599 contrarium
3694 2560 3833 2610 esse,
3856 2556 3911 2601 et
3941 2548 4043 2601 ho-

2482 2630 2641 2683 minis
2667 2646 2771 2685 non
2802 2632 3093 2703 cogitantis
3119 2672 3133 2699 ,
3173 2635 3291 2688 belli
3328 2637 3522 2690 malum
3553 2677 3568 2701 ,
3600 2640 3737 2708 quod
3766 2641 3820 2692 in
3860 2641 4042 2693 orbem

2481 2721 2875 2791 circumagitur,
2908 2723 2961 2777 in
3016 2723 3409 2796 Cappadociam
3468 2742 3533 2783 ac
3586 2728 3817 2784 Pontum
3870 2730 4041 2785 etiam

2484 2825 2886 2883 perventurum.

2552 2905 2762 2974 Scripta
2801 2922 2929 2977 ergo
2966 2909 3081 2963 haec
3134 2911 3371 2979 epistula
3398 2953 3413 2976 ,
3466 2922 3749 2980 antequam
3798 2913 3998 2968 bellum
4026 2954 4042 2981 ,

2481 2996 2622 3062 quod
2654 2998 2937 3061 circuibat,
2969 2998 3673 3071 Cappadociamattigisset;
3699 3018 3820 3057 cum
3848 3002 4046 3060 Valens

2476 3084 2584 3152 jam
2614 3086 2810 3141 multas
2839 3088 3061 3143 vicisset
3102 3090 3401 3157 Ecclesias,
3440 3102 3495 3147 et
3525 3093 3919 3165 Cappadociam
3951 3111 4044 3165 op-

2482 3187 2811 3245 pugnaturus
2861 3179 3151 3244 videretur,
3208 3184 3301 3237 sed
3364 3187 3598 3239 nondum
3651 3196 4041 3255 oppugnasset.

2484 3265 2752 3323 Praeterea
2783 3286 2902 3325 cum
2934 3274 3211 3327 Atarbium
3242 3275 3438 3329 salutet
3462 3276 3709 3341 Basilius,
3734 3288 3791 3331 ut
3814 3278 4042 3335 fratrem

2486 3358 2790 3414 unanimem
2818 3372 2871 3414 et
2899 3362 2963 3416 de
2996 3364 3097 3417 title
3132 3374 3276 3419 recte
3307 3366 3627 3421 sentientem
3655 3385 3667 3431 ;
3724 3368 4044 3427 collocanda

2488 3452 2599 3507 haec
2624 3453 2845 3521 epistola
2878 3463 3001 3508 ante
3028 3471 3226 3510 annum
3254 3457 3379 3523 575,
3409 3474 3515 3527 quo
3540 3459 3744 3514 Atarbii
3774 3462 4046 3516 acerbitas

2486 3540 2537 3592 iu
2588 3540 2842 3597 Basiliam
2874 3549 3072 3614 erupit,
3110 3546 3333 3617 ejusque
3376 3547 3507 3603 fides
3548 3549 3705 3605 malis
3736 3550 4045 3605 rumoribus

2483 3630 2749 3700 ﬂagravit.

3038 3745 3263 3800 CAPUT
3316 3746 3476 3801 XVII.

2484 3828 2521 3881 Ι.
2641 3829 2872 3885 Basilius
2905 3831 3194 3886 Ecclesium
3222 3852 3409 3900 pacare
3440 3836 3759 3904 aggreditur.
3802 3834 3866 3889 11.
3902 3836 4043 3891 Con-

2554 3902 2688 3969 fugit
2722 3903 2788 3953 ad
2820 3904 2881 3956 S.
2923 3904 3287 3967 Athanasium,
3320 3902 3759 3958 niissoVDorotheo
3788 3906 4040 3970 diacono,

2555 3981 2607 4022 ut
2650 3972 2987 4044 auxiliumalt
3017 3972 3291 4027 Occidente
3320 3976 3639 4044 impetratur.
3670 3974 3755 4031 Ill.
3790 3976 3831 4030 S
3884 3980 4045 4029 Atha-

2553 4043 2729 4113 nasius
2754 4044 2909 4093 mittit
2944 4043 3155 4095 Petrum
3176 4043 3521 4113 presbyterum
3554 4048 3605 4097 in
3628 4045 4047 4110 Cappadociam.

2556 4110 2644 4162 IV.
2682 4110 2870 4163 Basilii
2928 4114 3113 4165 littera:
3161 4110 3227 4164 ud
3275 4110 3535 4167 Alcletium
3572 4126 3617 4167 et
3653 4117 3719 4166 ud
3753 4116 4043 4169 Damasum

2551 4195 2759 4245 papam.
2789 4180 2984 4231 lterum
3010 4182 3235 4232 mittitur
3263 4184 3631 4236 .‘llca‘andrnm
3664 4185 3956 4239 Darolltsus
3986 4193 4042 4237 ul

2553 4252 2669 4299 inde
2696 4248 2915 4301 [lernam
2944 4251 3324 4313 proficiscatur.

2550 4355 2591 4410 ι.
2616 4354 2689 4425 (li)
2713 4355 3025 4411 Domesticis
3045 4355 3202 4411 rebus
3223 4372 3286 4410 es
3309 4358 3569 4411 sententia
3592 4356 3906 4424 compositis
3927 4374 4045 4412 ma-

2476 4446 2591 4515 jora
2628 4446 2849 4499 consilia
2876 4446 3104 4500 Basilius
3129 4447 3456 4517 aggreditur.
3492 4446 3583 4500 Vir
3610 4456 3803 4501 czetera
3851 4449 4039 4503 mode-

2482 4548 2631 4593 ratus
2656 4537 2883 4593 sublime
2909 4540 3161 4608 quiddam
3187 4548 3243 4593 et
3274 4540 3591 4594 immensum
3634 4541 3817 4595 animo
3847 4540 4041 4594 conci-

2476 4629 2573 4699 pit,
2610 4644 2709 4683 nec
2753 4630 3030 4695 charitati,
3073 4645 3177 4699 qua
3204 4628 3488 4700 ﬂagrabat,
3521 4630 3655 4686 alios
3693 4645 3853 4699 quam
3891 4629 4041 4686 orbis

2476 4731 2739 4774 terrarum
2774 4721 3031 4775 terminos
3060 4722 3379 4789 praescribit.
3421 4721 3630 4776 intimis
3675 4721 3823 4776 illum
3857 4722 4039 4775 sensi-

2474 4812 2575 4866 bus
2607 4813 2876 4881 angebant
2900 4812 3152 4867 Ecclesia:
3184 4812 3472 4866 Orientalis
3493 4811 3847 4867 calamitates.
3874 4810 4044 4868 Gras-

2475 4902 2697 4956 sabatur
2742 4904 2960 4958 haeresis
2988 4943 3003 4969 ,
3042 4904 3298 4957 saaviebat
3338 4902 3651 4970 imperator,
3696 4902 4039 4969 gravissima:

2476 5004 2634 5049 erant
2658 4995 2801 5049 inter
2835 4996 2982 5065 ipsos
3008 4996 3334 5050 orthodoxos
3381 4995 3765 5057 dissensiones,
3798 5010 3861 5049 ac
3891 4996 4042 5051 velut

2478 5087 2533 5141 in
2564 5098 2823 5141 nocturna
2872 5102 3044 5156 pugna
3093 5089 3183 5140 vis
3216 5087 3397 5141 hostes
3440 5088 3506 5141 ab
3548 5087 3737 5141 amicis
3788 5087 4038 5158 dignosci

2476 5188 2743 5247 poterant.
2772 5177 3003 5232 Basilius
3048 5178 3160 5232 haec
3215 5178 3354 5233 mala
3401 5192 3503 5232 non
3534 5178 3787 5246 precibus
3840 5178 4023 5231 solum

2480 5271 2663 5325 studet
2684 5282 2947 5333 avertere,
2979 5279 3111 5325 teste
3134 5269 3390 5341 Gregorio
3412 5268 3753 5323 Nazianzeno
3778 5268 3854 5339 (p.
3880 5269 4034 5335 5&6),

2475 5361 2568 5415 sed
2598 5370 2651 5415 et
2679 5361 2817 5429 piam
2840 5361 3129 5416 doctrinam
3163 5364 3349 5417 litteris
3380 5359 4034 5431 consignut,adversariis-

2474 5468 2571 5520 que
2620 5450 3074 5507 colluctationibus
3116 5464 3164 5508 et
3209 5452 3403 5522 prwliis
3461 5453 3716 5523 ingentem
3760 5451 4035 5507 licerelice-

2553 5610 2620 5679 lc)
2646 5609 2742 5679 Ep.
2773 5610 2900 5677 2'57,
2932 5627 2987 5667 n.
3015 5612 3066 5666 2.

2554 5680 2619 5748 (Γ)
2654 5681 2749 5749 Ep.
2789 5680 2877 5735 77.

2553 5756 2628 5819 (gl
2659 5751 2752 5819 Ep.
2792 5749 2883 5803 65.

2552 5826 2629 5889 th)
2658 5820 2784 5873 Nat.
2813 5836 2891 5875 or.
2922 5820 3010 5873 9.0.
