4214 6486
1437 468 1599 523 “TA
1641 467 1701 523 S.
1742 467 2013 523 BASILII.

3278 498 3404 542 ιλιι

192 600 285 635 nim
316 581 588 633 audaciam
611 580 823 651 frangit
853 598 913 634 ac.
943 582 1228 650 propulsat.
1255 597 1340 635 eos
1371 582 1600 649 quidem,
1635 578 1725 649 qui
1757 584 1802 639 Α
1830 580 1884 631 in
1921 589 2175 632 nocturna
2210 596 2385 649 pugna
2426 581 2624 635 nullum
2658 585 2725 637 sit
2762 586 3049 641 amicorum
3077 598 3125 643 et
3161 591 3405 647 inimico-

189 688 349 723 nmnus
373 671 607 737 conferre
637 676 765 725 ausi
798 673 1007 741 [uerunt
1035 714 1050 736 ,
1092 674 1253 725 armis
1285 674 1474 741 tingute
1499 673 1732 723 cominus

187 761 475 813 contundens
506 775 526 812 :
567 775 658 813 eos
707 772 905 830 autem,
954 764 1043 831 qui
1092 762 1273 827 procul
1327 763 1392 814 ab
1446 778 1505 814 eo
1555 761 1732 813 dissiti

184 861 328 911 erunt,
359 851 559 918 sagittis
590 867 659 904 ea:
681 864 979 905 atramento
1008 853 1256 920 confectis
1301 854 1512 920 feriens,
1565 851 1729 905 nihilo

183 943 405 1008 inferiore
452 943 519 995 iis
566 943 931 1015 litteris,qua:
958 949 1081 998 olim
1120 949 1175 1000 in
1217 948 1410 1001 tabulis
1458 950 1733 1015 insculpta:

183 1044 284 1085 sunt
312 1050 440 1088 :nec
478 1038 569 1089 uni
600 1048 813 1091 tantum
854 1050 899 1091 et
942 1042 1147 1106 exiguae
1190 1038 1500 1095 Juda’orum
1527 1040 1730 1094 nationi

182 1126 235 1177 de
274 1125 394 1179 cibis
420 1137 464 1179 et
502 1129 829 1194 potionibus.
864 1141 912 1183 et
950 1132 1162 1184 caducis
1189 1132 1485 1199 sacriﬁciis,
1536 1134 1733 1187 caruis-

181 1232 264 1283 que
288 1220 715 1286 purgationibus,
752 1225 843 1273 sed
894 1224 1129 1275 omnibus
1180 1226 1473 1279 hominibus
1499 1265 1514 1290 ,
1571 1236 1727 1295 alque

182 1307 392 1360 omnibus
418 1310 559 1362 orbis
590 1312 862 1379 partibus,
898 1314 959 1364 de
987 1315 1219 1367 veritatis
1250 1315 1512 1379 doctrina,
1542 1332 1605 1368 ex
1626 1332 1731 1385 qua

181 1396 304 1450 salus
330 1410 697 1466 comparatur,
727 1402 862 1469 leges
910 1414 1187 1456 statuente.
1242 1403 1459 1469 Deinde,
1484 1408 1729 1474 quoniam

180 1504 303 1553 eque
336 1488 642 1556 imper{ecta
685 1505 767 1544 res
790 1500 890 1551 est.
926 1494 1063 1545 actio
1114 1508 1351 1546 sermone
1384 1495 1729 1561 destituta,et

180 1597 325 1631 sermo
352 1581 413 1631 ab
446 1582 657 1635 actione
682 1597 936 1645 remotus,
969 1586 1166 1637 idcirco
1187 1587 1413 1641 actionis
1440 1589 1727 1643 subsidium

178 1672 375 1723 sermoni
409 1671 757 1742 adjungebat,
808 1676 941 1729 alios
973 1680 1205 1730 videlicet
1247 1681 1455 1745 adiens,
1492 1683 1562 1735 ad
1596 1683 1728 1735 alios

179 1761 465 1826 legationem
495 1765 736 1829 mittens,
772 1766 907 1821 alios
941 1784 1205 1820 accersens
1230 1807 1243 1831 ,
1277 1770 1564 1823 admonens
1589 1811 1606 1836 ,
1631 1789 1723 1824 ar-

178 1868 336 1921 guens,
368 1854 672 1923 increpans,
702 1859 857 1912 minis
884 1864 1143 1913 insectans
1162 1900 1177 1925 ,
1210 1863 1413 1929 probris
1443 1866 1722 1926 incessens,

1837 684 1951 721 rum
1984 671 2284 727 discrimen.
2316 673 2497 741 Legati
2526 689 2553 727 a
2583 676 2791 745 synodo
2818 677 3185 748 Lampsacena
3216 684 3268 738 in
3302 682 3407 742 0c-

1833 760 2099 816 cidentem
2126 765 2271 817 missi
2294 767 2559 821 redierant
2582 784 2700 821 cmn
2727 769 2925 826 litteris
2948 772 3406 835 Occidentalium:

1833 851 1926 907 sed
1965 868 2028 906 ea
2080 868 2137 907 re
2180 869 2277 909 nec
2319 857 2559 928 mitigata
2608 862 2936 927 persecutio,
2972 879 3069 919 nec
3100 866 3409 927 domestica:

1833 945 2197 1002 dissensiones
2236 947 2457 1003 sedatae.
2512 951 2689 1017 Quare
2744 956 2913 1009 satius
2963 972 3083 1012 esse
3128 961 3408 1020 videbatur

1833 1035 2050 1099 Basilio,
2077 1048 2134 1091 ut
2158 1053 2221 1093 ex
2250 1041 2367 1109 ipso
2389 1040 2677 1098 Occidente
2705 1047 3066 1113 mitterentur,
3090 1054 3183 1123 qui
3213 1054 3408 1111 Orien-

1836 1135 1939 1180 tem
1975 1128 2287 1185 inviserent.
2336 1131 2473 1186 Fore
2502 1135 2645 1187 enim
2680 1146 2758 1201 ut,
2794 1139 2917 1192 dum
2953 1156 3240 1201 seomnes
3280 1149 3404 1204 boni

1832 1233 1955 1271 cum
1987 1220 2092 1275 illis
2119 1222 2468 1294 conjungunt,
2499 1237 2644 1280 tanta
2686 1234 2979 1287 auctoritas
3020 1235 3195 1305 ipsum
3237 1242 3402 1296 etiam

1834 1311 1971 1366 forte
2018 1313 2395 1383 imperatorem
2440 1332 2681 1375 moveret
2723 1342 2735 1378 :
2773 1334 2823 1379 et
2855 1328 2983 1382 dum
3024 1331 3291 1389 Nicmnam
3345 1337 3407 1393 ft-

1831 1403 1950 1457 detn
1981 1405 2287 1461 instaurant
2320 1407 2503 1477 legati,
2532 1413 2656 1465 dum
2692 1431 2876 1485 arquos
2905 1422 2973 1473 ad
3005 1438 3188 1493 pacem
3218 1433 3406 1485 condi-

1832 1496 2005 1552 tiones
2057 1512 2385 1569 proponunt,
2439 1504 2595 1560 facile
2646 1518 2699 1562 ct
2743 1512 2947 1567 erroris
2997 1515 3304 1576 defensores
3350 1534 3405 1579 et

1830 1588 2232 1654 perturbatores
2268 1592 2415 1661 pacis
2457 1594 2921 1662 digttoscerentnr.

1899 1679 1960 1732 ll.
2000 1680 2105 1734 Sed
2143 1697 2263 1737 cum
2305 1699 2460 1740 nemo
2486 1698 2631 1742 essvt
2680 1692 2771 1743 toti
2813 1690 3088 1751 Occidenti
3121 1704 3399 1758 venerabi—

1829 1767 1950 1833 lior,
1977 1784 2137 1837 quam
2175 1771 2231 1827 S.
2265 1774 2609 1840 Athanasius,
2644 1796 2800 1836 nemo
2836 1789 3213 1845 communibus
3250 1794 3400 1850 malis

1828 1860 1945 1929 plus
1971 1863 2195 1929 doleret,
2232 1882 2388 1921 nemo
2426 1880 2478 1924 et
2518 1871 2570 1923 in
2600 1877 2887 1932 cernendis
2918 1879 3076 1933 rebus
3105 1886 3315 1938 acutior
3350 1899 3403 1943 et

178 1962 258 2009 pro
278 1948 529 2015 gentibus,
573 1966 676 2017 pro
709 1950 937 2011 urbibus,
987 1968 1080 2017 pro
1129 1954 1351 2022 singulis
1382 1956 1533 2007 etiam
1559 1956 1729 2007 ltonti-
1765 1934 1804 1987 Β
1834 1953 1886 2005 in
1922 1955 2260 2023 perﬁciendis
2281 1957 2565 2022 efﬁcacior.
2593 1966 2782 2019 scribit
2808 1970 2872 2021 ad
2896 1984 3015 2023 eum
3042 1971 3268 2028 Basilius
3298 1976 3398 2046 (tl),

177 2036 306 2089 uibus
342 2051 607 2093 certamen
649 2040 958 2107 suscipiens,
990 2060 1139 2097 omne
1162 2044 1347 2098 salutis
1375 2062 1535 2113 genus
1571 2064 1726 2101 exco-

180 2132 370 2195 gitans,
418 2130 772 2200 undecunque
832 2135 1139 2188 medicinam
1190 2137 1368 2191 morbo
1420 2141 1727 2200 adhibens:

178 2216 388 2273 Beseleel
442 2222 535 2274 ille
565 2262 581 2287 ,
619 2222 710 2275 ille
736 2264 750 2289 ,
793 2226 1001 2293 inquam
1036 2264 1051 2289 ,
1100 2243 1237 2282 arca:
1271 2230 1463 2285 dirina:
1496 2231 1728 2299 fabrica-

177 2319 264 2372 tor,
310 2311 583 2363 materiam
636 2328 838 2367 onmem
865 2325 912 2369 et
945 2325 1111 2371 artem
1138 2321 1207 2374 ad
1233 2321 1497 2390 opiﬁcium
1525 2343 1726 2379 accom-

176 2402 367 2452 modans
389 2441 403 2463 ,
431 2412 592 2473 atque
620 2407 797 2458 omnia
828 2419 1126 2474 contexens,
1150 2416 1218 2466 ad
1260 2418 1505 2469 eximiam
1543 2435 1729 2485 quum-

175 2492 279 2541 dent
334 2492 485 2548 unius
545 2496 724 2563 operis
776 2500 1218 2567 pulchritudinem
1281 2517 1326 2558 et
1400 2511 1727 2563 concinnita-

176 2589 283 2633 ιειιι.

234 2675 495 2749 llultiplex
554 2680 651 2736 ille
698 2681 953 2739 Ecclesia:
999 2685 1248 2755 juvaudae
1297 2692 1505 2758 modus,
1568 2708 1724 2763 quem

173 2765 439 2838 Gregorius
505 2774 790 2839 describit,
854 2792 959 2832 non
1040 2782 1106 2834 ad
1167 2783 1337 2837 Sulutlt
1392 2789 1730 2858 episcopatus

175 2870 362 2932 tempus
420 2866 620 2923 referri
670 2869 847 2924 debet.
898 2872 1022 2926 Haec
1065 2875 1208 2927 enim
1273 2880 1450 2932 omnia
1503 2879 1729 2938 Basilius

171 2956 425 3025 presbyter
463 2967 767 3014 navaverat
803 2977 817 3014 :
851 2962 1071 3031 ejusque
1122 2971 1402 3033 prudentia
1459 2973 1728 3026 enituerat

170 3042 214 3097 in
244 3048 591 3114 pacilicaudte
614 3049 870 3107 Ecclesia:
898 3056 1143 3117 consilio,
1180 3070 1236 3113 ιιι
1278 3075 1438 3128 supra
1473 3062 1724 3119 vidimus.

172 3134 259 3191 Sed
288 3140 347 3191 ad
376 3140 750 3209 episcopatum
778 3156 1019 3211 evectus,
1053 3161 1106 3204 et
1138 3153 1187 3203 in
1224 3154 1349 3208 sede
1385 3171 1545 3224 supra
1592 3158 1723 3212 alias

170 3227 416 3283 eminente
441 3230 767 3295 collocatus,
800 3251 966 3291 novos
1001 3252 1226 3294 conatus
1255 3246 1584 3300 adhibendos
1608 3265 1725 3303 esse
1754 3275 1795 3327 ρ

174 3319 419 3389 intelligit,
470 3331 539 3375 ιιι
590 3322 893 3382 Catholicos
943 3330 1085 3387 inter
1123 3349 1182 3390 se
1214 3336 1521 3409 conjungal,
1559 3350 1610 3395 et
1659 3344 1726 3397 ab

170 3408 365 3466 Arianis
409 3415 645 3471 omnino
675 3418 963 3493 disiungat.
996 3426 1117 3481 iam
1158 3445 1218 3482 ea
1258 3444 1344 3485 res
1376 3408 1572 3485 tentata
1608 3431 1725 3488 fue-

170 3508 432 3573 ratpaucis
465 3520 598 3565 ante
632 3513 805 3576 armis,
833 3515 924 3569 sed
963 3518 1162 3572 nullum
1197 3520 1456 3577 habuerat
1500 3524 1725 3589 exitum,

170 3591 486 3666 interpellata
519 3614 546 3652 a
574 3600 794 3655 Valente
830 3608 1079 3671 concilio,
1114 3610 1252 3677 quod
1291 3610 1438 3663 Tarsi
1490 3613 1722 3664 futurum

170 3690 484 3751 sperabatur.
524 3691 641 3745 Alia
676 3694 852 3763 itaque
898 3700 1207 3763 aggreditur
1238 3704 1346 3763 via,
1378 3712 1431 3754 et
1467 3702 1531 3753 ad
1563 3701 1722 3757 0ουί-

170 3775 384 3833 dentales
413 3782 714 3852 confugere
743 3790 950 3840 statuit.
989 3788 1157 3842 Unam
1192 3792 1334 3845 enim
1371 3793 1509 3848 hanc
1539 3798 1724 3854 auxilii

168 3870 289 3922 riam
332 3869 405 3938 (ιι)
446 3874 614 3941 pandi
650 3874 1016 3933 Orientalibus
1055 3879 1309 3938 Ecclesiis
1344 3885 1722 3956 existimabat;

170 3968 255 4011 nec
290 3958 512 4013 dubium
552 3972 672 4018 erat
721 3965 873 4033 quin,
931 3969 977 4022 si
1020 3965 1393 4029 Occidentales
1432 3978 1570 4031 idem
1611 3990 1723 4033 stu-

172 4046 295 4101 dium
322 4052 385 4104 ad
425 4051 668 4109 Orientis
700 4054 1066 4116 defensionem
1109 4064 1444 4129 adhiberent,
1483 4069 1623 4137 quod
1670 4071 1721 4122 in

169 4138 438 4200 Occidente
490 4148 751 4203 adversus
789 4166 953 4204 unum
998 4163 1088 4207 aut
1134 4154 1358 4209 alterum
1414 4158 1720 4213 lucreticum

170 4230 526 4299 adhibuerant,
586 4238 879 4307 imperator
930 4243 1287 4299 multitudinis
1342 4249 1718 4304 auctoritatem

171 4334 513 4388 revereretur,
554 4340 619 4380 ac
660 4332 839 4400 populi
890 4330 1035 4401 ipsos
1075 4335 1301 4388 libenter
1339 4350 1714 4408 sequerentur.

226 4410 348 4468 illud
390 4423 574 4469 autem
607 4421 803 4473 nemini
836 4421 1052 4476 dubium
1095 4439 1213 4479 esse
1240 4428 1415 4489 debet,
1450 4431 1581 4499 quin
1623 4431 1723 4485 Ba-

171 4501 302 4558 sﬂius
348 4507 426 4577 (b)
474 4505 615 4561 idem
664 4522 1051 4580 prosequatur,
1080 4518 1220 4585 quod
1255 4520 1532 4590 presbyter
1577 4522 1722 4577 ince-

1833 2057 1895 2097 ac
1928 2054 2078 2115 rogat
2108 2057 2167 2099 ιιι
2194 2048 2514 2115 pacificandi
2543 2051 2778 2109 Orientis
2808 2060 3087 2116 consilium
3120 2066 3398 2135 suscipiat,

1832 2148 1886 2192 et
1915 2153 1975 2192 ex
2015 2139 2249 2195 Ecclesia
2280 2158 2375 2197 sua
2410 2144 2639 2200 selectos
2665 2148 2807 2203 viros
2843 2152 3017 2205 tnittat
3051 2155 3114 2206 ad
3139 2156 3401 2214 Occiden—

1834 2229 1969 2285 tales
2008 2232 2308 2303 episcopos,
2349 2237 2537 2305 eisque
2570 2249 2804 2307 exponat
2836 2241 3169 2300 calamitates
3204 2248 3399 2305 Orien-

1834 2322 1925 2385 tis,
1952 2338 2014 2378 ac
2040 2336 2289 2395 suggerat
2318 2330 2530 2383 modum
2562 2333 2679 2399 opis
2712 2334 2963 2401 ferendm,
3000 2339 3265 2408 simulque
3297 2343 3400 2398 Do-

1832 2412 1979 2465 mino
2019 2418 2271 2479 pacilicas
2314 2432 2502 2485 preces
2532 2420 2743 2475 offerat.
2785 2424 3007 2481 Fatetur
3052 2431 3282 2499 reliquas
3313 2449 3398 2491 tes

1830 2496 2065 2553 Orientis
2098 2501 2325 2559 fortasse
2355 2508 2423 2559 ab
2457 2523 2523 2562 eo
2569 2510 2684 2565 sine
2715 2510 3135 2573 Oecidctttalittm
3166 2525 3401 2579 admini-

1830 2589 1952 2643 culo
1973 2596 2217 2652 cotiiponi
2255 2610 2358 2649 non
2389 2612 2546 2666 posse
2579 2619 2593 2653 :
2625 2602 2716 2655 sed
2750 2605 3177 2669 pacificationem
3214 2614 3398 2671 Eccle-

1830 2683 1923 2738 sise
1966 2684 2313 2742 Antiocbcnzc
2358 2705 2420 2744 es
2475 2694 2587 2762 ipso
2634 2700 2865 2763 pendere
2909 2704 3206 2767 contemlit,
3242 2723 3304 2760 ac
3344 2710 3396 2763 in

1831 2777 1999 2846 ipsius
2049 2791 2314 2847 potestate
2361 2785 2522 2838 situm
2576 2801 2716 2849 esse,
2778 2790 2905 2842 utin
2952 2793 3086 2847 alios
3133 2804 3398 2865 tempera-

1830 2880 2011 2923 mento
2062 2881 2259 2937 utatur,
2311 2873 2443 2928 alios
2480 2888 2807 2945 compescat,
2854 2882 3199 2948 pra-lecturas
3236 2892 3401 2957 parti-

1828 2957 2041 3010 eularcs
2071 2959 2319 3027 abrogat,
2358 2978 2422 3016 ac
2448 2967 2721 3033 antiquum
2752 2967 3004 3025 Ecclesiae
3047 2977 3211 3028 robur
3242 2983 3399 3034 resti-

1832 3055 1963 3100 tuat.
2006 3047 2179 3117 Rogat
2209 3066 2337 3121 ergo
2367 3070 2486 3108 cum
2510 3096 2524 3119 ,
2568 3066 2624 3109 ιιι
2658 3060 2956 3117 Antiochia:
2988 3068 3139 3121 malis
3184 3087 3399 3127 movea-

1832 3148 1950 3205 tur,
1997 3148 2049 3195 et
2074 3142 2239 3197 instar
2268 3146 2422 3213 periti
2450 3150 2637 3205 medici
2663 3154 2729 3206 ab
2756 3154 2914 3223 hujus
2944 3157 3199 3218 Ecclesia:
3232 3181 3357 3220 cura
3379 3205 3397 3232 ,

1830 3230 1913 3282 cui
1956 3230 2085 3284 nihil
2138 3232 2526 3302 praeferendum
2580 3240 2632 3294 in
2672 3243 2803 3299 orbe
2849 3255 3147 3317 terrarum,
3186 3254 3396 3310 initium

1831 3322 2009 3378 ducat.

1902 3414 2023 3468 lla-c
2054 3419 2271 3486 epistola
2318 3420 2583 3474 Dorotheo
2618 3423 2867 3481 Ecclesia:
2899 3429 3247 3489 Antiochenm
3283 3436 3401 3491 dia-

1829 3522 1964 3562 cono
1991 3511 2275 3563 commisisti
2306 3518 2387 3564 est
2420 3514 2731 3580 perferenda
2772 3536 2785 3572 :
2820 3521 2912 3573 sed
2944 3537 3063 3575 cum
3095 3527 3143 3577 ei
3183 3528 3395 3581 videre-

1828 3606 1914 3650 tur
1940 3594 2166 3653 Basilius
2206 3616 2308 3655 nou
2341 3604 2475 3657 satis
2510 3616 2690 3675 aperte
2724 3609 3045 3678 declarasse,
3080 3630 3164 3669 res
3203 3615 3396 3673 Antio-

1827 3691 2028 3742 chenas
2059 3691 2136 3744 sic
2166 3694 2414 3763 componi
2442 3696 2660 3761 debere,
2691 3710 2747 3753 ut
2778 3700 2987 3758 Mcletio
3014 3707 3395 3777 adjungautur,

1826 3792 1945 3848 qum
1970 3780 2172 3834 divulsa
2208 3793 2367 3849 sunt;
2400 3786 2560 3839 aliaat
2603 3786 2717 3853 ejus
2757 3802 2941 3856 rogatu
2978 3796 3260 3862 epistolam
3296 3802 3395 3852 ad-

1827 3872 1959 3925 didit
2008 3872 2238 3927 Basilius
2280 3875 2369 3945 (ε),
2419 3878 2471 3928 in
2519 3893 2620 3946 qua
2662 3884 2937 3951 conceptis
2966 3888 3143 3941 verbis
3176 3890 3396 3945 demon-

1833 3974 1969 4016 Strat
2000 3976 2053 4017 ct
2083 3966 2179 4018 sibi
2206 3977 2259 4018 ct
2291 3966 2381 4019 toti
2409 3964 2617 4023 Orienti
2646 3971 2695 4024 in
2733 3974 2872 4028 votis
2892 3990 3032 4041 esse,
3066 3988 3121 4033 ut
3152 3978 3397 4038 Mcletius

1826 4054 2177 4108 Antiochena:
2203 4054 2458 4113 Ecclesia:
2483 4061 2847 4129 gubernacula
2880 4075 3076 4131 teneat,
3106 4069 3187 4122 vir
3207 4079 3261 4124 et
3292 4071 3396 4127 lide

1828 4142 2147 4214 inculpatae,
2178 4156 2231 4201 et
2273 4156 2381 4203 tum
2433 4152 2554 4203 vita:
2588 4153 2873 4239 sauc‘tjtate
2911 4156 3068 4227 longe
3103 4159 3221 4214 aliis
3259 4175 3396 4229 prae-

1824 4233 2098 4303 ferendus,
2126 4248 2235 4293 tum
2261 4242 2403 4311 quod
2442 4258 2692 4297 universo
2722 4233 2974 4303 Eetzlcsize
3001 4255 3212 4321 corpori
3253 4268 3395 4318 pra:-

1822 4329 1911 4393 sit,
1948 4328 2039 4384 alii
2074 4345 2199 4386 vero
2240 4334 2478 4401 partibus
2511 4347 2740 4394 tantum.
2786 4341 3146 4405 Quamobrem
3181 4359 3392 4413 tequum

1822 4431 1964 4483 esse,
2004 4430 2061 4474 ιιι
2102 4422 2152 4476 ei
2192 4422 2280 4476 alii
2322 4425 2702 4497 adjnngantur,
2739 4432 2881 4486 velut
2916 4434 3124 4501 magnis
3162 4435 3396 4493 flumini-

1822 4508 1923 4565 bus
1967 4513 2175 4567 minora
2218 4530 2231 4566 :
2277 4515 2435 4585 idque
2478 4520 2549 4571 ita
2577 4520 2750 4573 visum
2785 4538 2903 4576 esse
2934 4523 3393 4596 Occidentalibus,

170 4604 334 4661 perat;
376 4614 439 4653 ac
478 4598 547 4652 de
581 4599 766 4653 iisdem
796 4602 1081 4674 episc0pis,
1119 4607 1413 4678 iisdemque
1450 4612 1516 4665 de
1560 4614 1717 4669 rebus
1748 4611 1793 4666 ῐ)
1824 4611 1882 4656 ιιι
1935 4602 2125 4658 littcrre
2173 4621 2268 4674 per
2310 4609 2525 4665 beatum
2577 4612 2848 4667 Silvanum
2891 4617 3063 4671 aliaue
3105 4628 3391 4677 testantur.

170 4694 294 4750 agat.
329 4685 632 4743 Verebatur
672 4704 737 4743 ne
774 4695 1009 4760 suspecti
1050 4706 1231 4751 essent
1278 4698 1573 4754 Athanasio
1609 4705 1721 4773 epi-

170 4776 295 4843 tcspi
341 4776 416 4829 illi
448 4781 513 4832 ob
548 4782 849 4834 memoriam
884 4790 1286 4852 prtcteritorum,
1317 4789 1441 4859 quia
1473 4792 1723 4849 videlicet

169 4880 333 4922 torum
378 4883 487 4922 non
527 4874 681 4940 pauci
723 4873 992 4940 conjuncti
1034 4878 1160 4931 olim
1193 4896 1315 4935 cum
1348 4882 1563 4937 Arianis
1605 4883 1723 4938 fue-

170 4972 293 5017 rant.
333 4962 499 5017 Iidem
546 4978 677 5033 ergo
716 4976 883 5032 sunt,
926 4981 989 5022 ac
1038 4970 1127 5036 qui
1166 4987 1306 5026 anno
1332 4973 1456 5040 564,
1491 4976 1722 5031 concilio

170 5045 523 5126 Lsmpsaceno
567 5055 943 5114 interfuerant.
984 5060 1132 5126 Quod
1172 5063 1225 5115 in
1264 5065 1364 5120 hoc
1408 5066 1635 5121 concilio
1662 5077 1717 5121 et

169 5141 389 5207 pluribus
414 5146 537 5201 aliis
569 5155 829 5202 tentatum
862 5150 1057 5215 fuerat,
1096 5159 1153 5203 ut
1194 5155 1284 5221 qui
1332 5157 1468 5211 idem
1516 5158 1713 5211 sentie-

170 5230 301 5297 bant,
332 5253 438 5292 una
482 5236 933 5307 coniungerentur
971 5246 1367 5311 communione,
1405 5248 1456 5301 id
1490 5248 1715 5302 Basilius

170 5318 216 5370 in
254 5325 493 5390 epistolis
534 5329 637 5381 hoc
666 5335 717 5381 et
763 5332 1005 5397 sequenti
1041 5347 1179 5387 anno
1218 5336 1432 5403 scriptis
1460 5338 1717 5405 perficere

170 5422 416 5470 conatur:
452 5418 609 5486 eique
637 5420 966 5488 propositum
992 5434 1075 5479 est
1115 5423 1184 5495 (c)
1212 5434 1289 5489 ut,
1324 5429 1412 5496 qui
1450 5430 1588 5481 circa
1627 5447 1710 5483 oe-

170 5515 265 5554 ηιιι
320 5505 481 5571 ﬁdem
539 5509 878 5575 claudicant,
932 5516 1196 5583 manifesti
1249 5519 1487 5573 omnibus
1544 5520 1708 5589 ﬁant,

169 5606 501 5662 agnosceretur
537 5612 707 5657 autem
742 5604 830 5672 qui
869 5619 1000 5661 recte
1028 5609 1275 5675 sentiunt,
1309 5627 1398 5664 nec
1426 5612 1541 5681 jam
1578 5614 1710 5667 velut

229 5738 296 5802 (ιι)
336 5736 430 5800 Ep.
475 5738 563 5791 66.

228 5806 293 5871 (b)
336 5806 429 5870 Ep.
472 5808 561 5861 82.

235 5876 294 5939 (c)
334 5871 428 5939 Ep.
472 5875 560 5932 69,
603 5892 654 5926 ιι.
696 5872 748 5930 ὅ.

470 5966 735 6023 l’nnue.
770 5970 884 6027 Gn.
931 5972 975 6025 Χ
993 5970 1155 6027 XIX.

1892 4691 1979 4751 Ill.
2020 4694 2134 4751 Non
2171 4710 2382 4767 poterat
2417 4704 2741 4759 Athanasius
2778 4720 3041 4762 summam
3084 4710 3225 4765 illam
3265 4714 3395 4768 cba-

1824 4786 2059 4850 ritatcm,
2100 4804 2221 4858 qua-
2276 4807 2491 4861 semper
2547 4796 2796 4850 omnibus
2850 4803 3088 4867 patebat,
3145 4806 3393 4875 episcopo

1821 4876 2137 4935 Caesariensi
2188 4882 2240 4935 in
2295 4900 2352 4939 re
2396 4887 2527 4939 tanti
2572 4892 2830 4943 metuenti
2871 4894 3140 4949 claudere.
3178 4895 3390 4951 Nullam

1821 4986 2025 5024 moram
2063 4973 2187 5029 huic
2226 4978 2424 5032 eximio
2457 4980 2602 5047 operi
2642 4980 3087 5053 interponendam
3120 4988 3293 5052 duxit,
3335 5000 3392 5043 et

1826 5065 2061 5129 acceptis
2089 5064 2269 5122 Basilii
2302 5070 2488 5123 litteris
2516 5075 2699 5127 statim
2724 5076 2770 5128 ei
2802 5078 3097 5146 rescripsit,
3129 5095 3189 5133 ac
3226 5080 3392 5134 Doru-

1820 5156 1947 5210 tbeo
1973 5159 2223 5212 comitem
2261 5159 2502 5239 adjunin
2538 5161 2778 5229 Petrum,
2831 5184 2934 5221 non
2992 5170 3135 5222 illum
3174 5171 3391 5239 quidem

1817 5249 1910 5317 qui
1946 5248 1993 5301 ei
2030 5234 2293 5303 successit
2335 5250 2500 5321 (hunc
2539 5258 2679 5310 enim
2717 5260 2946 5312 nondum
2992 5261 3202 5315 viderat
3234 5262 3387 5317 Basi-

1817 5339 1919 5393 lius
1945 5340 2010 5410 (ἶ)
2038 5356 2183 5393 anno
2212 5341 2361 5409 575),
2396 5349 2488 5400 Sed
2525 5348 2691 5402 alium
2733 5349 2981 5404 Ecclesiae
3012 5351 3391 5410 Alexandrinae

1818 5431 2217 5498 presbyterum.
2258 5432 2303 5486 Is
2342 5451 2368 5486 a
2422 5436 2621 5490 Basilio
2650 5440 2881 5492 maxima
2912 5460 3033 5496 cum
3065 5447 3247 5498 l.ctitia
3292 5461 3386 5497 ex-

1818 5530 2004 5589 ceptus
2038 5531 2140 5585 est,
2178 5523 2401 5593 ejusque
2435 5527 2873 5594 approbationem
2916 5542 2968 5583 et
3021 5531 3225 5585 laudem
3274 5548 3385 5582 ηις·-

1825 5619 1949 5682 ruit,
1998 5619 2123 5671 dum
2170 5619 2449 5673 Athanasii
2484 5624 2731 5675 mandata
2769 5635 2984 5677 strenue
3028 5624 3382 5690 persequitur,

1885 5753 1964 5819 (ιι)
2006 5754 2169 5817 tanta.
2214 5754 2301 5809 σο,

1884 5822 1950 5883 te)
1996 5821 2156 5881 ιςμεςι.
2200 5822 2284 5869 UT.

1882 5889 1943 5953 υ)
1986 5887 2079 5950 up.
2127 5888 2243 5938 εδδ.
