4214 6490
768 481 874 523 ιιι

2064 459 2592 516 PROLEGOMENA.

770 582 1064 636 concilians
1112 579 1420 643 contraria,
1472 593 1534 630 ac
1584 577 1788 630 divulsa
1851 575 2179 646 coniungens
2231 575 2327 646 (a).
2362 580 2407 635 Α
2437 574 2759 637 videbimus,
2799 586 3113 641 responsum
3156 570 3254 627 soli
3300 572 3480 627 attulit
3521 573 3737 640 Basilio,
3774 580 3864 647 qui
3903 596 4005 635 suo

773 674 1000 727 Dubium
1045 672 1261 741 quidem
1314 686 1417 724 non
1464 678 1547 724 est
1592 670 1719 735 quin
1772 668 2001 732 Basilio,
2042 677 2328 736 antequam

772 765 1036 820 scriberet
1076 763 1477 824 Alexandriam,
1512 762 1663 814 multi
1704 775 1766 815 ex
1808 760 2027 829 collegis
2065 760 2221 813 fidem
2252 761 2335 815 de-

770 856 974 908 dissent
1018 869 1076 907 se
1118 854 1343 906 libenter
1382 852 1680 906 Athanasio
1720 860 1773 904 et
1808 850 2242 905 Occidentalibus
2268 853 2332 903 ad

772 943 1139 998 defensionem
1198 944 1319 997 fidei
1374 943 1601 997 ducibus
1654 956 1843 994 usuros
1888 956 1901 993 :
1946 950 2003 994 at
2044 940 2191 994 multi
2246 941 2335 994 alii

772 1042 1108 1103 supererant,
1139 1034 1190 1086 in
1236 1033 1432 1101 quibus
1466 1032 1742 1085 flectendis
1780 1031 2163 1084 elaborandum
2215 1029 2333 1083 fuit.

771 1124 1032 1192 Sperabat
1062 1125 1274 1192 quidem
1304 1124 1528 1178 Basilius
1565 1131 1708 1192 (pag.
1748 1121 1893 1188 165),
1921 1121 2034 1175 fore
2068 1132 2125 1174 ut
2149 1136 2336 1174 omnes

772 1216 1091 1277 Athanasio,
1137 1230 1254 1284 qum
1285 1216 1349 1268 ad
1383 1231 1571 1283 pacem
1606 1213 1967 1267 Ecclesiarum
2002 1213 2337 1265 constituen-

772 1309 893 1361 dam
928 1309 1217 1376 pertinent,
1253 1307 1463 1360 tandem
1503 1306 1923 1359 committerent.
1957 1303 2061 1358 Sed
2090 1305 2337 1356 videntur

774 1398 1034 1460 nonnulli,
1064 1398 1187 1450 dum
1218 1397 1434 1450 Ariauis
1456 1396 1663 1450 occulte
1696 1396 1896 1461 favent,
1928 1410 1989 1448 ac
2021 1404 2098 1448 tot
2128 1395 2335 1463 episco-

773 1504 960 1560 porum
1013 1489 1269 1542 adversus
1317 1489 1561 1542 haeresim
1616 1488 1979 1556 conjunctimti
2029 1497 2211 1555 aperte
2237 1488 2336 1542 ob-

774 1592 920 1634 stare
951 1595 1054 1634 non
1084 1580 1300 1642 audent,
1340 1589 1515 1634 astute
1556 1595 1735 1633 moras
1780 1580 2053 1633 innectere
2084 1578 2333 1632 voluisse.

775 1669 931 1723 Tales
968 1671 1219 1726 exstitere
1250 1670 1389 1739 (pag.
1426 1669 1571 1739 162).
1599 1674 1686 1737 qui
1720 1670 2066 1738 requirebant
2099 1680 2157 1721 nt
2186 1670 2339 1725 Occi-

775 1761 1011 1815 dentales
1039 1762 1349 1813 nominatim
1386 1760 1695 1813 Marcoliqu
1734 1760 2071 1821 damnarent,
2114 1775 2177 1814 ac
2209 1775 2339 1828 que-

775 1853 1031 1906 rebantur
1088 1854 1228 1919 quod
1286 1852 1544 1905 hactenus
1587 1853 1637 1904 in
1684 1850 1853 1905 solum
1903 1850 2090 1905 Arium
2146 1852 2338 1906 invecti

2439 663 2650 717 nomine
2681 663 2909 716 Damaso
2942 660 3251 727 scripserat.
3302 659 3414 714 Non
3453 662 3595 716 enim
3630 665 3846 720 dubium
3880 683 4007 723 esse

2435 762 2628 822 potest,
2656 754 2786 821 quin
2828 752 3047 819 epistola
3081 751 3167 815 70,
3199 752 3299 804 etsi
3346 753 3692 821 inscriptione
3724 769 3891 823 caret,
3934 761 4005 812 ad

2435 845 2723 898 Damasum
2764 845 2963 911 scripta
3003 844 3092 898 sit.
3143 841 3276 896 lluic
3310 843 3541 898 Basilius
3572 843 3809 901 Orientis
3856 849 3997 901 mala

2435 946 2556 989 ante
2603 936 2789 991 oculos
2833 936 3004 1005 ponit,
3056 951 3119 991 ac
3169 944 3321 1005 rogat
3368 945 3429 989 ut
3475 935 3676 1004 legatos
3723 939 3904 993 mittat
3951 942 4007 993 in

2435 1028 2734 1092 Orientem,
2792 1029 3051 1093 majorum
3108 1042 3325 1083 suorum
3377 1027 3645 1095 exemplo,
3701 1029 3751 1082 in
3811 1032 4008 1099 primis

2438 1114 2695 1183 Dionysii,
2745 1114 2833 1179 qui
2888 1114 3013 1167 olim
3064 1115 3116 1167 in
3174 1113 3569 1182 Cappadociam
3624 1118 3862 1181 miserat,
3910 1122 4005 1187 qui

2438 1205 2672 1270 captivos
2716 1205 3063 1258 redimerent.
3111 1203 3259 1259 Nunc
3304 1214 3477 1258 autem
3525 1207 3800 1275 graviores
3836 1211 4008 1263 multo

2439 1306 2629 1345 causas
2662 1293 2910 1356 subesse;
2942 1309 3042 1346 non
3080 1295 3218 1347 enim
3251 1298 3442 1351 aedium
3480 1296 3878 1350 demolitionem
3918 1297 4004 1349 ln-

2439 1382 2570 1449 geri,
2598 1382 2691 1435 sed
2716 1383 2980 1437 excidium
3002 1382 3391 1451 Ecelesiarum;
3418 1400 3515 1440 nec
3540 1387 3853 1441 servitutem
3884 1400 4011 1441 cor-

2440 1488 2650 1543 porum,
2684 1475 2775 1527 sed
2816 1474 3113 1528 animarum
3154 1475 3532 1542 captivitatem.

2510 1562 2641 1617 Cum
2685 1563 2782 1618 hac
2812 1564 3035 1632 epistola
3076 1563 3396 1617 Dorotltetnn
3433 1564 3657 1619 Basilius
3687 1566 3907 1628 comite,
3946 1576 4008 1619 ut

2440 1654 2728 1708 verisimile
2772 1666 2874 1719 est,
2923 1655 3082 1711 Petro
3131 1656 3491 1709 Alexandrino
3534 1659 3600 1710 ad
3643 1657 4006 1711 Athanasium

2442 1748 2687 1811 remittit,
2730 1746 2991 1813 adiunctis
3033 1748 3151 1801 aliis
3182 1746 3261 1816 (α)
3308 1746 3373 1799 ad
3403 1746 3753 1800 Athanasium
3784 1747 4004 1806 litteris,

2442 1853 2504 1890 ex
2558 1838 2750 1906 quibus
2799 1838 3025 1907 perspici
3069 1846 3265 1906 potest,
3310 1846 3510 1905 quanto
3565 1840 3777 1891 arderet
3824 1838 4007 1893 studio

776 1941 1021 2004 fuissent,
1055 1939 1307 1995 Marcello
1340 1940 1481 1995 nulla
1512 1955 1737 2011 prorsus
1764 1944 2029 1995 sententia
2060 1943 2335 2003 damnato,
2372 1923 2412 1976 Β

2372 1923 2412 1976 Β
2440 1929 2671 1985 Basilius
2714 1931 2787 1984 rei
2826 1928 3182 1997 perficiendae.
3218 1930 3347 1983 Mira
3377 1930 3516 1983 enim
3547 1928 3821 1995 diligentia
3853 1929 4005 1998 sigil—

775 2047 931 2098 quem
963 2030 1122 2084 etiam
1163 2030 1214 2081 in
1253 2030 1685 2084 communionem
1712 2040 2041 2099 receperant.
2076 2030 2223 2085 Satis
2258 2031 2339 2083 in-

776 2124 918 2177 dicat
953 2122 1176 2176 Basilius
1220 2122 1319 2176 hoc
1359 2122 1644 2175 consilium
1684 2138 1713 2176 a
1761 2138 1820 2177 se
1856 2134 2035 2176 ortum
2079 2137 2182 2176 non
2221 2137 2341 2177 esse

777 2213 1132 2285 (Eustatliium
1172 2216 1347 2285 potius
1382 2215 1605 2285 ejusque
1639 2216 1843 2271 similes
1885 2214 2206 2269 crediderim
2252 2230 2341 2267 au-

775 2317 951 2360 ctores
986 2304 1196 2373 fuisse),
1232 2304 1323 2357 sed
1353 2313 1527 2357 tamen
1567 2303 1695 2356 illud
1731 2303 1831 2357 sibi
1861 2302 2056 2357 fatetur
2094 2302 2336 2371 probari:

776 2414 838 2451 ac
878 2398 1162 2466 petendum
1222 2406 1377 2464 putat
1418 2398 1486 2449 ab
1526 2394 1960 2450 Occidentalibus
2007 2404 2061 2449 ιιι
2106 2394 2337 2450 Marcelli

778 2490 1103 2545 mentionem
1144 2488 1365 2552 faciant,
1406 2496 1463 2541 ut
1504 2488 1647 2541 nulla
1687 2503 1911 2556 prorsus
1938 2490 2223 2544 occasione
2256 2488 2339 2543 bis

776 2582 865 2650 qtti
910 2583 1249 2636 occasionem
1292 2589 1538 2648 quierunt
1580 2579 1759 2635 relicta
1803 2579 1961 2635 facile
2003 2590 2184 2648 pateat
2221 2579 2340 2649 qui-

778 2688 899 2727 nam
932 2673 1045 2727 sani
1080 2673 1208 2735 sint,
1239 2673 1397 2740 quive
1437 2671 1739 2725 claudicent
1773 2672 1823 2725 in
1868 2672 1985 2729 fide.

849 2764 981 2818 Dum
1028 2763 1217 2817 Petrus
1254 2764 1627 2817 Alexandrina:
1672 2764 1921 2820 Ecclesia:
1965 2766 2244 2837 presbyter
2287 2766 2340 2820 in

778 2856 1111 2927 Cappadocia
1159 2864 1417 2914 moratur.
1455 2870 1518 2909 ac
1560 2854 1758 2909 Basilio
1799 2871 2018 2926 operam
2054 2866 2214 2912 navat
2244 2858 2338 2928 (ὁ),

782 2948 941 3002 multa
979 2950 1105 3002 inita
1142 2956 1263 3002 sunt
1295 2948 1543 3013 consilia,
1574 2962 1637 3003 ac
1668 2947 1933 3017 placuisse
1957 2949 2229 3004 nonnullis
2262 2951 2341 3003 vi-

780 3043 956 3105 detur,
1009 3050 1066 3093 ut
1117 3040 1407 3108 imperator
1432 3040 1673 3094 adiretur
1706 3050 1760 3095 et
1784 3055 1942 3111 Opera
2003 3056 2336 3095 summorum

778 3134 1036 3194 virorum,
1075 3133 1163 3201 qui
1201 3132 1487 3200 plurimum
1523 3134 1659 3201 apud
1694 3147 1814 3187 eum
1850 3144 2117 3202 poterant,
2157 3143 2212 3189 et
2250 3150 2341 3189 ca-

782 3225 989 3280 tholica:
1018 3223 1137 3277 fidei
1164 3233 1319 3278 erant
1347 3224 1592 3285 studiosi,
1618 3223 1802 3291 quales
1841 3224 1989 3279 fuere
2014 3226 2336 3291 Arintbmns,

784 3316 965 3369 Victor
1005 3329 1058 3368 et
1106 3313 1412 3375 Terentius,
1458 3312 1814 3382 patrocinium
1870 3314 2083 3383 aliquod
2135 3316 2345 3372 afll‘ctis

782 3404 1037 3457 Ecclesiis
1086 3402 1485 3456 conciliaretur.
1524 3400 1773 3456 Fortasse
1810 3401 1912 3455 hoc
1946 3401 2225 3456 consilium
2265 3403 2347 3456 in-

780 3495 847 3548 de
884 3503 1083 3557 ortmn,
1118 3494 1257 3563 quod
1293 3493 1345 3547 in
1375 3493 1657 3548 Athanasii
1704 3494 1964 3563 sapientia
1993 3493 2233 3563 plerique
2262 3508 2350 3547 sa-

784 3590 852 3641 tis
900 3586 1133 3654 prtnsidii
1182 3599 1302 3640 esse
1350 3586 1607 3637 ducerent
1641 3584 1706 3635 ad
1752 3600 1835 3639 res
1871 3585 2103 3639 Orientis
2142 3602 2350 3655 compo-

785 3676 1030 3730 nendas:
1067 3677 1133 3728 ad
1178 3676 1568 3744 impetrandam
1624 3686 1801 3728 autem
1845 3679 2226 3742 persecutionis
2261 3692 2347 3730 re-

785 3768 1092 3822 missionem
1148 3766 1267 3837 plus
1322 3780 1481 3835 posse
1529 3766 1843 3819 viderentur
1896 3766 2073 3835 magni
2127 3766 2197 3819 illi
2250 3770 2350 3821 viri

785 3872 919 3927 quos
952 3857 1201 3921 diximus,
1235 3871 1394 3925 quam
1441 3856 1596 3924 legati
1631 3870 1695 3911 ex
1746 3854 2057 3908 Occidente.
2093 3852 2197 3908 Sed
2232 3869 2350 3907 cum

786 3948 1249 4001 animadvertisset
1294 3946 1522 4001 Basilius
1568 3947 1712 4001 viros
1756 3948 1872 4003 illos
1911 3960 2011 4001 nec
2050 3959 2206 4016 posse
2256 3959 2352 4000 nec

788 4039 923 4092 velle
968 4041 1034 4092 de
1066 4037 1336 4091 exsulibus
1370 4037 1535 4106 loqui,
1568 4050 1728 4107 atque
1755 4040 1916 4093 etiam
1949 4038 2089 4108 quod
2129 4050 2217 4091 res
2262 4050 2353 4101 pe-

780 4132 869 4199 jus
900 4143 1003 4181 non
1043 4128 1200 4195 irent,
1230 4142 1326 4197 pro
1356 4127 1503 4182 lucro
1527 4129 1759 4187 ducere:
1792 4131 1904 4185 haec
1933 4130 2060 4185 vicit
2087 4129 2353 4185 sententia

789 4233 847 4275 ut
892 4220 1189 4274 Dorotbeus
1240 4218 1463 4274 Romam
1511 4220 1831 4285 mitteretur,
1881 4235 1944 4275 ac
1986 4219 2109 4275 inde
2145 4220 2355 4289 aliquos

787 4312 1068 4375 excitaret,
1116 4312 1206 4381 qui
1252 4312 1529 4367 Orientem
1580 4314 1890 4382 inviserent,
1937 4311 2071 4365 mari
2118 4321 2351 4378 utentes,

791 4418 857 4457 ne
888 4404 1006 4469 quis
1035 4418 1127 4457 eos
1163 4404 1548 4473 interpellaret.

861 4490 947 4545 IV.
991 4490 1275 4561 Postquam
1310 4494 1361 4548 id
1393 4503 1651 4549 statutum
1678 4494 1863 4549 habuit
1900 4494 2149 4557 Basilius,
2191 4493 2354 4549 Doro-

2442 2022 2584 2073 latim
2616 2022 2789 2076 omnia
2822 2020 3179 2090 persequitur.
3207 2020 3420 2075 Gratias
3451 2020 3555 2089 agit
3581 2020 3649 2071 ob
3681 2020 3902 2071 missum
3936 2022 4003 2072 ad

2441 2128 2496 2165 se
2527 2111 2737 2165 Petrum
2767 2115 3155 2183 presbyterum,
3194 2127 3222 2165 a
3256 2126 3361 2179 quo
3392 2110 3669 2179 perutilem
3699 2109 3798 2163 sibi
3838 2124 4008 2161 nava-

2443 2212 2549 2255 tam
2598 2216 2715 2256 esse
2756 2218 2973 2271 operam
3022 2213 3266 2259 testatur.
3313 2203 3666 2256 Athanasium
3720 2209 3894 2269 rogat,
3944 2209 4008 2253 ut

2444 2294 2767 2347 Daretheum
2814 2297 3064 2362 precibus
3093 2298 3206 2351 suis
3233 2311 3296 2352 ac
3321 2294 3556 2350 consiliis
3589 2294 3794 2348 muniat
3824 2306 3886 2346 ac
3914 2292 4006 2345 lit-

2441 2396 2678 2441 terarqu
2728 2385 2951 2449 viatico;
2983 2397 3037 2439 et
3067 2388 3333 2442 nonnullis
3365 2404 3394 2442 e
3425 2402 3523 2441 suo
3558 2387 3702 2439 clero
3731 2384 4009 2452 adjunctis

2438 2478 2830 2549 quamprimum
2871 2478 3125 2532 dimittat.
3178 2478 3269 2532 llis
3308 2495 3425 2548 qum
3469 2481 3535 2532 ab
3564 2476 4007 2533 Occidentalibus

2439 2571 2664 2641 petenda
2697 2569 3061 2635 existimabat,
3099 2568 3224 2623 illud
3269 2570 3430 2623 etiam
3479 2571 3734 2639 adjungit,
3765 2578 3825 2623 ut
3864 2568 4007 2623 Mar-

2441 2660 2631 2715 cellum
2673 2661 2987 2714 nominatim
3024 2660 3297 2720 damnent,
3330 2672 3395 2711 ne
3433 2672 3538 2725 qua
3578 2659 3791 2711 occasio
3835 2657 4003 2712 relin-

2440 2760 2638 2817 quatur
2676 2751 3013 2805 occasionem
3062 2747 3442 2815 quaarentibus.
3496 2745 3671 2800 Monet
3710 2748 3895 2811 etiam,
3949 2758 4010 2802 ut

2441 2854 2562 2894 cum
2603 2840 2758 2909 legali
2798 2841 3107 2895 advenerint
3136 2838 3479 2907 (Alexandria
3501 2838 3643 2890 enim
3673 2839 4001 2893 transiturus

2444 2946 2547 2985 non
2593 2932 2886 2999 dubitabat)
2930 2932 3143 2984 modum
3195 2932 3273 2985 eis
3321 2928 3631 2999 praiscribat
3678 2928 4013 2983 Athanasius

2446 3024 2573 3078 tanti
2614 3023 2849 3077 muneris
2894 3024 3052 3091 digne
3096 3022 3344 3077 obeundi.
3379 3024 3465 3075 Ait
3508 3037 3567 3078 se
3610 3020 3895 3089 scripsisse
3941 3022 4013 3075 ad

2442 3118 2750 3187 episc0pum
2780 3115 2984 3179 Romae,
3009 3116 3099 3170 sed
3129 3115 3378 3169 nonnulla
3407 3125 3590 3169 narrat
3617 3130 3674 3169 se
3700 3112 4011 3183 scripsisse.

2443 3224 2563 3277 qua:
2588 3225 2707 3263 cum
2734 3209 2786 3262 in
2811 3209 3033 3277 epistola
3065 3208 3130 3261 ad
3163 3207 3447 3261 Damasum
3482 3222 3587 3261 non
3623 3207 3890 3275 legantur,
3920 3213 4016 3259 aut

2447 3302 2658 3355 arcanis
2692 3300 2954 3353 mandatis
2988 3310 3079 3353 aut
3110 3299 3366 3368 peculiari
3397 3299 3785 3353 commentario
3819 3297 4013 3351 viden-

2452 3402 2535 3444 tur
2577 3390 2743 3443 fuisse
2782 3390 3093 3442 commissa.
3123 3390 3235 3441 Non
3265 3391 3404 3443 enim
3441 3399 3594 3458 rogat
3630 3390 3919 3443 Damasum
3956 3389 4012 3441 in

2448 3502 2509 3540 ea
2554 3502 2713 3556 quam
2760 3485 3015 3538 habemus
3053 3484 3296 3552 epistola,
3332 3494 3387 3536 ut
3427 3483 3586 3553 legati
3620 3494 3840 3537 utantur
3872 3484 4011 3538 mari

2449 3590 2500 3632 et
2548 3594 2728 3632 secum
2775 3576 3001 3629 afferant
3031 3591 3147 3645 quae
3184 3584 3373 3629 centra
3403 3575 3661 3643 synodum
3707 3574 4018 3631 Ariminen-

2450 3686 2560 3727 sem
2600 3682 2719 3725 acta
2762 3668 2992 3723 fuerant.

2521 3762 2601 3814 Ab
2647 3762 2795 3815 initio
2827 3762 3168 3830 episcopatus
3192 3758 3364 3814 sancti
3397 3756 3575 3813 Basilii
3610 3774 3779 3829 usque
3808 3758 3879 3813 ad
3921 3774 4013 3815 se-

2454 3854 2677 3905 cundam
2740 3853 2881 3905 hanc
2937 3852 3183 3907 Dorotbei
3232 3850 3613 3921 profectionem
3661 3852 3795 3908 satis
3845 3852 4018 3909 multa

2456 3944 2894 4006 intercesserunt,
2938 3954 2995 3993 ut
3039 3958 3159 3996 eum
3200 3958 3382 3999 mense
3430 3944 3755 4012 Septembri,
3794 3961 3900 4001 non
3936 3948 4019 4002 ci-

2456 4038 2579 4101 tius,
2624 4034 3001 4090 Alexandriam
3033 4034 3401 4088 existimemus
3433 4037 3677 4091 rediisse.
3713 4039 4016 4094 Ordinatus

2453 4130 2681 4185 Basilius
2724 4142 2907 4183 mense
2958 4126 3255 4196 Septembri
3305 4124 3387 4179 vel
3423 4126 3598 4195 potius
3628 4126 3847 4183 Octobri
3887 4131 4017 4187 anni

2453 4225 2574 4287 570,
2609 4239 2711 4277 non
2745 4237 2933 4293 parum
2974 4220 3260 4289 lnsumpsit
3294 4220 3550 4289 temporis
3595 4218 3646 4273 iu
3682 4223 4018 4279 constituen-

2455 4316 2536 4370 dis
2558 4316 2935 4371 ecclesiasticis
2956 4317 3162 4387 legibus
3191 4324 3242 4369 et
3268 4312 3595 4384 pacificanda
3635 4312 3974 4383 Cappadocia
3999 4334 4015 4381 ;

2455 4422 2552 4461 nec
2584 4408 2857 4476 probabile
2894 4417 2976 4463 est
3010 4410 3229 4463 missum
3276 4405 3344 4458 ab
3379 4419 3445 4459 eo
3482 4403 3644 4461 fuisse
3686 4406 4017 4461 Dorothenm

2457 4508 2580 4551 ante
2608 4496 2807 4551 Pascha
2838 4499 2993 4567 hujus
3023 4496 3145 4550 anni
3174 4494 3297 4548 571.
3324 4493 3610 4565 Postquam
3635 4494 4018 4549 Alexandriam

790 4586 973 4639 tbeum
1010 4584 1315 4650 diaconum,
1345 4600 1500 4655 quem
1551 4587 1814 4640 hactenus
1857 4589 2166 4649 retinuerat,
2209 4586 2352 4640 misit
2386 4599 2430 4655 π)
2459 4591 2603 4644 venit
2650 4588 2947 4643 Dorotbeus
2987 4598 3042 4642 et
3079 4602 3139 4641 ea
3180 4588 3444 4658 exposuit,
3477 4601 3703 4657 quorum
3736 4600 3899 4638 causa
3932 4602 4021 4641 ve-

791 4676 857 4728 ad
886 4674 1175 4737 Meletium,
1212 4686 1267 4728 ut
1299 4678 1347 4730 ei
1386 4688 1630 4731 narraret
1672 4676 1904 4747 singula,
1938 4686 1991 4732 et
2026 4686 2355 4733 commenta-

796 4769 930 4819 rium
962 4766 1288 4831 ostenderet,
1314 4784 1420 4837 quo
1452 4765 1676 4822 Romam
1709 4768 1869 4823 eundi
1901 4769 2193 4823 necessitas
2226 4781 2353 4835 pro-

792 4857 1036 4911 babatur.
1085 4854 1254 4925 Rogat
1290 4855 1556 4913 Meletium
1598 4858 1823 4913 Basilius
1861 4858 1953 4926 (c),
1998 4868 2055 4912 ιιι
2096 4860 2139 4913 si
2185 4872 2270 4913 res
2309 4857 2356 4911 ei

794 4948 1013 5011 arridet,
1044 4962 1160 5001 eam
1196 4946 1261 4999 ad
1285 4961 1419 5016 Opus
1444 4960 1595 5003 curet
1630 4950 1872 5020 perduci,
1900 4964 1963 5003 ac
2004 4950 2209 5004 litteras
2234 4960 2332 5002 exa

798 5048 877 5092 tet
899 5053 961 5092 ac
999 5040 1443 5094 commentarium
1468 5040 1650 5104 dictet,
1680 5042 1875 5110 quibus
1909 5045 1974 5095 de
2007 5042 2165 5095 rebus
2201 5049 2254 5095 et
2292 5040 2356 5093 ad

797 5146 929 5197 quos
958 5130 1279 5185 Dorotbeum
1312 5132 1455 5201 loqui
1485 5142 1762 5200 oporteat;
1796 5144 1959 5202 atque
1986 5144 2041 5186 ut
2064 5133 2355 5187 auctorita-

800 5232 903 5274 tem
927 5220 1158 5276 habeant
1192 5222 1402 5289 litterae,
1434 5238 1559 5278 suos
1586 5225 1744 5279 etiam
1777 5226 2058 5280 unanimes
2084 5225 2360 5293 adiungat,

796 5312 1008 5366 etiamsi
1047 5314 1241 5368 absint.

866 5402 980 5457 Non
1012 5402 1251 5457 videntur
1285 5404 1350 5457 ad
1386 5406 1587 5461 exitum
1628 5407 1883 5474 perducta
1911 5417 2030 5459 esse
2063 5420 2181 5474 quae
2216 5403 2362 5457 Basi-

800 5494 900 5548 lius
944 5509 973 5546 a
1016 5493 1223 5549 Meletio
1252 5497 1463 5565 petebat
1494 5516 1508 5551 :
1543 5512 1641 5551 nec
1669 5512 1979 5553 communes
2006 5496 2359 5553 Orientalium

799 5585 1005 5641 litteras
1041 5584 1265 5640 Romam
1311 5591 1530 5658 pertulit
1567 5590 1888 5647 Dorotbeus.
1932 5589 2085 5656 Nam,
2121 5600 2184 5644 ut
2222 5587 2361 5643 infra

870 5789 945 5929 ξι
1116 5789 1206 5915 ξι
1248 5808 1297 5845 η·
1338 5792 1386 5846 ‘-

2460 4688 2644 4741 nerat;
2697 4690 2913 4733 sanctus
2952 4678 3290 4745 Athanasius,
3338 4680 3441 4734 etsi
3482 4677 3769 4747 plurimum
3821 4674 4023 4733 Basilio

2466 4770 2752 4831 tribuebat,
2792 4765 2960 4819 noluit
3003 4773 3178 4820 tamen
3226 4783 3338 4822 rem
3381 4769 3560 4822 statim
3604 4767 3841 4833 aggredi,
3892 4777 3947 4823 et
3990 4780 4024 4820 ο

2460 4860 2605 4914 clero
2632 4874 2751 4921 suo,
2788 4866 2845 4909 ut
2886 4867 3161 4927 rogaverat
3203 4860 3453 4919 Basilius.
3491 4858 3717 4912 Romam
3749 4860 3969 4913 mittere
4002 4876 4019 4910 :

2463 4953 2553 5005 sed
2596 4966 2701 5021 quo
2746 4950 2863 5004 loco
2894 4950 2942 5002 in
2973 4950 3302 5021 Cappadocia
3342 4961 3396 5005 et
3429 4950 3669 5006 finitimis
3708 4952 4023 5021 regionibus

2462 5054 2642 5096 essent
2689 5057 2776 5096 res
2826 5042 3199 5099 ecclesiasticae
3243 5058 3336 5111 per
3386 5041 3597 5096 Petrum
3645 5046 4021 5113 presbyterum

2462 5150 2782 5204 cognoscere
2835 5136 3021 5191 voluit.
3070 5138 3117 5191 Is
3160 5138 3210 5189 in
3259 5135 3591 5202 Cappadocia
3644 5137 3731 5188 diu
3782 5144 4025 5191 moratus

2456 5235 2558 5286 est,
2592 5225 2876 5277 concilians
2904 5228 3171 5279 contraria
3206 5241 3266 5275 ac
3301 5225 3504 5279 divulsa
3537 5226 3877 5293 conjtmgcns.
3913 5224 4025 5281 Un-

2460 5316 2524 5368 de
2550 5314 2748 5370 fatetur
2778 5315 3074 5369 Basiliusin
3114 5316 3272 5384 epist.
3316 5314 3383 5369 69
3412 5317 3489 5385 (n.
3520 5316 3597 5385 1),
3630 5314 3717 5367 diu
3755 5324 4022 5370 retentum

2463 5424 2491 5461 a
2515 5422 2570 5462 se
2594 5422 2712 5462 esse
2740 5406 3080 5463 Dorotlteum.
3109 5406 3346 5459 Tandem
3377 5407 3523 5460 illum
3556 5404 3699 5459 misit
3727 5405 3792 5457 ad
3830 5403 3889 5461 S.
3917 5406 4023 5461 Me-

2464 5499 2673 5562 letiutn,
2709 5499 2846 5567 apud
2876 5512 3031 5567 quem
3062 5497 3367 5565 aliquandiu
3399 5500 3609 5553 videtur
3634 5509 4019 5552 commoratus.

2466 5590 2697 5661 Tempus
2723 5590 2867 5645 enim
2894 5592 3175 5647 extrahere
3194 5588 3491 5646 debuerunt
3514 5598 3569 5644 et
3602 5602 3788 5643 earum
3823 5605 4023 5655 rerum,

2540 5791 2611 5861 (τ)
2649 5790 2780 5851 Ibid.

2537 5865 2614 5931 (ιι)
2656 5864 2749 5933 Ep.
2791 5861 2877 5919 69.
