  <div class='ocr_page' id='page_1' title='image "/cluster/home/n/w/nwhite01/storage/ocr_20150623/29/uva.x004321530/094.png"; bbox 0 0 4214 6484; ppageno 0'>
   <div class='ocr_carea' id='block_1_1' title="bbox 1466 492 2026 550">
    <p class='ocr_par' dir='ltr' id='par_1_1' title="bbox 1466 492 2026 550">
     <span class='ocr_line' id='line_1_1' title="bbox 1466 492 2026 550; baseline -0.004 0"><span class='ocrx_word' id='word_1_1' title='bbox 1466 493 1624 550; x_wconf 67' lang='grc' dir='ltr'><strong>ῊΤᾹ</strong></span> <span class='ocrx_word' id='word_1_2' title='bbox 1661 494 1720 548; x_wconf 89' lang='lat' dir='ltr'><strong>S.</strong></span> <span class='ocrx_word' id='word_1_3' title='bbox 1762 492 2026 550; x_wconf 81' lang='lat' dir='ltr'><strong>BASILII.</strong></span> 
     </span>
    </p>
   </div>
   <div class='ocr_carea' id='block_1_2' title="bbox 3299 512 3424 554">
    <p class='ocr_par' dir='ltr' id='par_1_2' title="bbox 3299 512 3424 554">
     <span class='ocr_line' id='line_1_2' title="bbox 3299 512 3424 554; baseline 0 -2"><span class='ocrx_word' id='word_1_4' title='bbox 3299 512 3424 554; x_wconf 70' lang='grc' dir='ltr'>ωικι</span> 
     </span>
    </p>
   </div>
   <div class='ocr_carea' id='block_1_3' title="bbox 197 616 3426 690">
    <p class='ocr_par' dir='ltr' id='par_1_3' title="bbox 197 616 3426 690">
     <span class='ocr_line' id='line_1_3' title="bbox 197 616 3426 690; baseline 0.002 -20"><span class='ocrx_word' id='word_1_5' title='bbox 197 637 300 690; x_wconf 72' lang='lat' dir='ltr'><strong>qua:</strong></span> <span class='ocrx_word' id='word_1_6' title='bbox 327 637 352 674; x_wconf 86' lang='lat' dir='ltr'><strong>a</strong></span> <span class='ocrx_word' id='word_1_7' title='bbox 382 629 572 674; x_wconf 88' lang='lat' dir='ltr'><strong>saneto</strong></span> <span class='ocrx_word' id='word_1_8' title='bbox 611 616 816 672; x_wconf 80' lang='lat' dir='ltr'><strong>Basilio</strong></span> <span class='ocrx_word' id='word_1_9' title='bbox 845 618 1298 689; x_wconf 89' lang='lat' dir='ltr'><strong>proponebantur,</strong></span> <span class='ocrx_word' id='word_1_10' title='bbox 1335 616 1675 680; x_wconf 84' lang='lat' dir='ltr'><strong>deliberatio,</strong></span> <span class='ocrx_word' id='word_1_11' title='bbox 1701 627 1756 671; x_wconf 93' lang='lat' dir='ltr'><strong>et</strong></span> <span class='ocrx_word' id='word_1_12' title='bbox 1784 630 1831 684; x_wconf 69' lang='grc' dir='ltr'><strong>Α</strong></span> <span class='ocrx_word' id='word_1_13' title='bbox 1859 617 2130 688; x_wconf 90' lang='lat' dir='ltr'><strong>spiciones</strong></span> <span class='ocrx_word' id='word_1_14' title='bbox 2158 616 2316 687; x_wconf 86' lang='lat' dir='ltr'><strong>hujus</strong></span> <span class='ocrx_word' id='word_1_15' title='bbox 2341 619 2562 675; x_wconf 76' lang='lat' dir='ltr'><strong>lizercsis</strong></span> <span class='ocrx_word' id='word_1_16' title='bbox 2603 617 3077 687; x_wconf 87' lang='lat' dir='ltr'><strong>deprehendimus.</strong></span> <span class='ocrx_word' id='word_1_17' title='bbox 3134 618 3268 675; x_wconf 88' lang='lat' dir='ltr'><strong>Nam</strong></span> <span class='ocrx_word' id='word_1_18' title='bbox 3312 627 3426 677; x_wconf 89' lang='lat' dir='ltr'><strong>tr&#39;es</strong></span> 
     </span>
    </p>
   </div>
   <div class='ocr_carea' id='block_1_4' title="bbox 199 714 1753 786">
    <p class='ocr_par' dir='ltr' id='par_1_4' title="bbox 199 714 1753 786">
     <span class='ocr_line' id='line_1_4' title="bbox 199 714 1753 786; baseline -0.006 -11"><span class='ocrx_word' id='word_1_19' title='bbox 199 719 492 776; x_wconf 81' lang='lat' dir='ltr'><strong>iusumcnda</strong></span> <span class='ocrx_word' id='word_1_20' title='bbox 531 731 703 786; x_wconf 88' lang='lat' dir='ltr'><strong>opera</strong></span> <span class='ocrx_word' id='word_1_21' title='bbox 739 726 796 771; x_wconf 93' lang='lat' dir='ltr'><strong>ut</strong></span> <span class='ocrx_word' id='word_1_22' title='bbox 826 716 1201 773; x_wconf 84' lang='lat' dir='ltr'><strong>communibus</strong></span> <span class='ocrx_word' id='word_1_23' title='bbox 1245 714 1438 768; x_wconf 88' lang='lat' dir='ltr'><strong>litteris</strong></span> <span class='ocrx_word' id='word_1_24' title='bbox 1471 717 1753 769; x_wconf 87' lang='lat' dir='ltr'><strong>unanimes</strong></span> 
     </span>
    </p>
   </div>
   <div class='ocr_carea' id='block_1_5' title="bbox 198 809 1751 883">
    <p class='ocr_par' dir='ltr' id='par_1_5' title="bbox 198 809 1751 883">
     <span class='ocr_line' id='line_1_5' title="bbox 198 809 1751 883; baseline -0.003 -17"><span class='ocrx_word' id='word_1_25' title='bbox 198 817 376 883; x_wconf 81' lang='lat' dir='ltr'><strong>quique</strong></span> <span class='ocrx_word' id='word_1_26' title='bbox 420 809 854 866; x_wconf 88' lang='lat' dir='ltr'><strong>subscriberent.</strong></span> <span class='ocrx_word' id='word_1_27' title='bbox 896 809 1035 875; x_wconf 85' lang='lat' dir='ltr'><strong>Quin</strong></span> <span class='ocrx_word' id='word_1_28' title='bbox 1066 810 1228 864; x_wconf 87' lang='lat' dir='ltr'><strong>etiam</strong></span> <span class='ocrx_word' id='word_1_29' title='bbox 1257 817 1543 875; x_wconf 75' lang='lat' dir='ltr'><strong>antequam</strong></span> <span class='ocrx_word' id='word_1_30' title='bbox 1578 810 1751 864; x_wconf 85' lang='lat' dir='ltr'><strong>Doro-</strong></span> 
     </span>
    </p>
   </div>
   <div class='ocr_carea' id='block_1_6' title="bbox 199 897 1755 968">
    <p class='ocr_par' dir='ltr' id='par_1_6' title="bbox 199 897 1755 968">
     <span class='ocr_line' id='line_1_6' title="bbox 199 897 1755 968; baseline -0.002 -13"><span class='ocrx_word' id='word_1_31' title='bbox 199 905 336 956; x_wconf 75' lang='lat' dir='ltr'><strong>thcas</strong></span> <span class='ocrx_word' id='word_1_32' title='bbox 364 899 428 950; x_wconf 84' lang='lat' dir='ltr'><strong>ad</strong></span> <span class='ocrx_word' id='word_1_33' title='bbox 461 897 523 952; x_wconf 91' lang='lat' dir='ltr'><strong>S.</strong></span> <span class='ocrx_word' id='word_1_34' title='bbox 560 898 835 956; x_wconf 71' lang='lat' dir='ltr'><strong>Meletium</strong></span> <span class='ocrx_word' id='word_1_35' title='bbox 880 901 1219 965; x_wconf 73' lang='lat' dir='ltr'><strong>mitteretur;</strong></span> <span class='ocrx_word' id='word_1_36' title='bbox 1265 898 1376 965; x_wconf 87' lang='lat' dir='ltr'><strong>jam</strong></span> <span class='ocrx_word' id='word_1_37' title='bbox 1417 899 1602 954; x_wconf 82' lang='lat' dir='ltr'><strong>Ariani</strong></span> <span class='ocrx_word' id='word_1_38' title='bbox 1635 899 1755 968; x_wconf 81' lang='lat' dir='ltr'><strong>epl-</strong></span> 
     </span>
    </p>
   </div>
   <div class='ocr_carea' id='block_1_7' title="bbox 197 984 1754 1058">
    <p class='ocr_par' dir='ltr' id='par_1_7' title="bbox 197 984 1754 1058">
     <span class='ocr_line' id='line_1_7' title="bbox 197 984 1754 1058; baseline 0.001 -18"><span class='ocrx_word' id='word_1_39' title='bbox 197 984 554 1054; x_wconf 67' lang='lat' dir='ltr'><strong>scopiopartim</strong></span> <span class='ocrx_word' id='word_1_40' title='bbox 585 996 869 1048; x_wconf 88' lang='lat' dir='ltr'><strong>venerant,</strong></span> <span class='ocrx_word' id='word_1_41' title='bbox 901 989 1095 1056; x_wconf 81' lang='lat' dir='ltr'><strong>partim</strong></span> <span class='ocrx_word' id='word_1_42' title='bbox 1121 986 1592 1055; x_wconf 75' lang='lat' dir='ltr'><strong>exspectabantur,</strong></span> <span class='ocrx_word' id='word_1_43' title='bbox 1619 1003 1754 1058; x_wconf 88' lang='lat' dir='ltr'><strong>quos</strong></span> 
     </span>
    </p>
   </div>
   <div class='ocr_carea' id='block_1_8' title="bbox 197 1078 1754 1150">
    <p class='ocr_par' dir='ltr' id='par_1_8' title="bbox 197 1078 1754 1150">
     <span class='ocr_line' id='line_1_8' title="bbox 197 1078 1754 1150; baseline 0.004 -20"><span class='ocrx_word' id='word_1_44' title='bbox 197 1079 394 1150; x_wconf 90' lang='lat' dir='ltr'><strong>quidem</strong></span> <span class='ocrx_word' id='word_1_45' title='bbox 438 1095 629 1135; x_wconf 89' lang='lat' dir='ltr'><strong>mense</strong></span> <span class='ocrx_word' id='word_1_46' title='bbox 681 1078 985 1149; x_wconf 68' lang='lat' dir='ltr'><strong>Septembri</strong></span> <span class='ocrx_word' id='word_1_47' title='bbox 1032 1087 1249 1136; x_wconf 85' lang='lat' dir='ltr'><strong>ineunte</strong></span> <span class='ocrx_word' id='word_1_48' title='bbox 1277 1080 1562 1138; x_wconf 79' lang='lat' dir='ltr'><strong>advenisse</strong></span> <span class='ocrx_word' id='word_1_49' title='bbox 1594 1084 1754 1138; x_wconf 91' lang='lat' dir='ltr'><strong>modo</strong></span> 
     </span>
    </p>
   </div>
   <div class='ocr_carea' id='block_1_9' title="bbox 196 1172 1752 1245">
    <p class='ocr_par' dir='ltr' id='par_1_9' title="bbox 196 1172 1752 1245">
     <span class='ocr_line' id='line_1_9' title="bbox 196 1172 1752 1245; baseline 0.005 -23"><span class='ocrx_word' id='word_1_50' title='bbox 196 1172 496 1228; x_wconf 80' lang='lat' dir='ltr'><strong>videbimus.</strong></span> <span class='ocrx_word' id='word_1_51' title='bbox 544 1173 890 1243; x_wconf 78' lang='lat' dir='ltr'><strong>Quapropter</strong></span> <span class='ocrx_word' id='word_1_52' title='bbox 930 1191 1051 1228; x_wconf 88' lang='lat' dir='ltr'><strong>cum</strong></span> <span class='ocrx_word' id='word_1_53' title='bbox 1107 1174 1404 1229; x_wconf 70' lang='lat' dir='ltr'><strong>ltorotheus</strong></span> <span class='ocrx_word' id='word_1_54' title='bbox 1443 1174 1752 1245; x_wconf 77' lang='lat' dir='ltr'><strong>aliquandiu</strong></span> 
     </span>
    </p>
   </div>
   <div class='ocr_carea' id='block_1_10' title="bbox 196 1263 1753 1337">
    <p class='ocr_par' dir='ltr' id='par_1_10' title="bbox 196 1263 1753 1337">
     <span class='ocr_line' id='line_1_10' title="bbox 196 1263 1753 1337; baseline 0.005 -22"><span class='ocrx_word' id='word_1_55' title='bbox 196 1265 318 1332; x_wconf 81' lang='lat' dir='ltr'><strong>apud</strong></span> <span class='ocrx_word' id='word_1_56' title='bbox 349 1263 406 1321; x_wconf 90' lang='lat' dir='ltr'><strong>S.</strong></span> <span class='ocrx_word' id='word_1_57' title='bbox 443 1264 723 1318; x_wconf 80' lang='lat' dir='ltr'><strong>Meletium</strong></span> <span class='ocrx_word' id='word_1_58' title='bbox 759 1277 999 1320; x_wconf 87' lang='lat' dir='ltr'><strong>moratus</strong></span> <span class='ocrx_word' id='word_1_59' title='bbox 1034 1271 1124 1324; x_wconf 90' lang='lat' dir='ltr'><strong>sit.</strong></span> <span class='ocrx_word' id='word_1_60' title='bbox 1163 1280 1269 1319; x_wconf 91' lang='lat' dir='ltr'><strong>non</strong></span> <span class='ocrx_word' id='word_1_61' title='bbox 1309 1279 1480 1337; x_wconf 83' lang='lat' dir='ltr'><strong>potuit</strong></span> <span class='ocrx_word' id='word_1_62' title='bbox 1521 1269 1753 1323; x_wconf 77' lang='lat' dir='ltr'><strong>Alexan-</strong></span> 
     </span>
    </p>
   </div>
   <div class='ocr_carea' id='block_1_11' title="bbox 195 1355 1751 1430">
    <p class='ocr_par' dir='ltr' id='par_1_11' title="bbox 195 1355 1751 1430">
     <span class='ocr_line' id='line_1_11' title="bbox 195 1355 1751 1430; baseline 0.004 -24"><span class='ocrx_word' id='word_1_63' title='bbox 195 1355 349 1410; x_wconf 88' lang='lat' dir='ltr'><strong>driam</strong></span> <span class='ocrx_word' id='word_1_64' title='bbox 396 1356 561 1420; x_wconf 85' lang='lat' dir='ltr'><strong>mitti,</strong></span> <span class='ocrx_word' id='word_1_65' title='bbox 606 1357 709 1412; x_wconf 91' lang='lat' dir='ltr'><strong>nisi</strong></span> <span class='ocrx_word' id='word_1_66' title='bbox 745 1360 932 1412; x_wconf 86' lang='lat' dir='ltr'><strong>eodem</strong></span> <span class='ocrx_word' id='word_1_67' title='bbox 965 1371 1149 1411; x_wconf 85' lang='lat' dir='ltr'><strong>mense</strong></span> <span class='ocrx_word' id='word_1_68' title='bbox 1184 1359 1486 1430; x_wconf 73' lang='lat' dir='ltr'><strong>Septembri</strong></span> <span class='ocrx_word' id='word_1_69' title='bbox 1527 1360 1751 1418; x_wconf 90' lang='lat' dir='ltr'><strong>multum</strong></span> 
     </span>
    </p>
   </div>
   <div class='ocr_carea' id='block_1_12' title="bbox 194 1447 1749 1522">
    <p class='ocr_par' dir='ltr' id='par_1_12' title="bbox 194 1447 1749 1522">
     <span class='ocr_line' id='line_1_12' title="bbox 194 1447 1749 1522; baseline 0.004 -23"><span class='ocrx_word' id='word_1_70' title='bbox 194 1456 428 1515; x_wconf 76' lang='lat' dir='ltr'><strong>prOvecto</strong></span> <span class='ocrx_word' id='word_1_71' title='bbox 463 1468 474 1500; x_wconf 91' lang='lat'><strong>:</strong></span> <span class='ocrx_word' id='word_1_72' title='bbox 512 1447 647 1503; x_wconf 87' lang='lat' dir='ltr'><strong>hinc</strong></span> <span class='ocrx_word' id='word_1_73' title='bbox 677 1448 738 1505; x_wconf 90' lang='lat' dir='ltr'><strong>S.</strong></span> <span class='ocrx_word' id='word_1_74' title='bbox 776 1447 1132 1502; x_wconf 86' lang='lat' dir='ltr'><strong>Athanasium</strong></span> <span class='ocrx_word' id='word_1_75' title='bbox 1183 1462 1336 1519; x_wconf 79' lang='lat' dir='ltr'><strong>rogat</strong></span> <span class='ocrx_word' id='word_1_76' title='bbox 1387 1450 1613 1504; x_wconf 78' lang='lat' dir='ltr'><strong>Basilius</strong></span> <span class='ocrx_word' id='word_1_77' title='bbox 1651 1453 1749 1522; x_wconf 90' lang='lat' dir='ltr'><strong>(a),</strong></span> 
     </span>
    </p>
   </div>
   <div class='ocr_carea' id='block_1_13' title="bbox 195 1537 1752 1612">
    <p class='ocr_par' dir='ltr' id='par_1_13' title="bbox 195 1537 1752 1612">
     <span class='ocr_line' id='line_1_13' title="bbox 195 1537 1752 1612; baseline 0.004 -21"><span class='ocrx_word' id='word_1_78' title='bbox 195 1551 243 1593; x_wconf 92' lang='lat' dir='ltr'><strong>ut</strong></span> <span class='ocrx_word' id='word_1_79' title='bbox 278 1537 598 1594; x_wconf 82' lang='lat' dir='ltr'><strong>Dorotheum</strong></span> <span class='ocrx_word' id='word_1_80' title='bbox 642 1542 822 1597; x_wconf 85' lang='lat' dir='ltr'><strong>statim</strong></span> <span class='ocrx_word' id='word_1_81' title='bbox 866 1543 932 1594; x_wconf 88' lang='lat' dir='ltr'><strong>ad</strong></span> <span class='ocrx_word' id='word_1_82' title='bbox 967 1541 1195 1608; x_wconf 88' lang='lat' dir='ltr'><strong>primam</strong></span> <span class='ocrx_word' id='word_1_83' title='bbox 1238 1543 1632 1612; x_wconf 81' lang='lat' dir='ltr'><strong>navigationem</strong></span> <span class='ocrx_word' id='word_1_84' title='bbox 1672 1546 1752 1598; x_wconf 82' lang='lat' dir='ltr'><strong>di-</strong></span> 
     </span>
    </p>
   </div>
   <div class='ocr_carea' id='block_1_14' title="bbox 193 1633 370 1684">
    <p class='ocr_par' dir='ltr' id='par_1_14' title="bbox 193 1633 370 1684">
     <span class='ocr_line' id='line_1_14' title="bbox 193 1633 370 1684; baseline -0.011 0"><span class='ocrx_word' id='word_1_85' title='bbox 193 1633 370 1684; x_wconf 81' lang='lat' dir='ltr'><strong>mittat.</strong></span> 
     </span>
    </p>
   </div>
   <div class='ocr_carea' id='block_1_15' title="bbox 743 1747 1192 1808">
    <p class='ocr_par' dir='ltr' id='par_1_15' title="bbox 743 1747 1192 1808">
     <span class='ocr_line' id='line_1_15' title="bbox 743 1747 1192 1808; baseline 0.009 -4"><span class='ocrx_word' id='word_1_86' title='bbox 743 1747 969 1804; x_wconf 81' lang='lat' dir='ltr'><strong>CAPUT</strong></span> <span class='ocrx_word' id='word_1_87' title='bbox 1007 1749 1192 1808; x_wconf 72' lang='lat' dir='ltr'><strong>XV&#39;lli.</strong></span> 
     </span>
    </p>
   </div>
   <div class='ocr_carea' id='block_1_16' title="bbox 194 1836 1750 1914">
    <p class='ocr_par' dir='ltr' id='par_1_16' title="bbox 194 1836 1750 1914">
     <span class='ocr_line' id='line_1_16' title="bbox 194 1836 1750 1914; baseline 0.007 -22"><span class='ocrx_word' id='word_1_88' title='bbox 194 1836 228 1894; x_wconf 93' lang='grc' dir='ltr'>Ι.</span> <span class='ocrx_word' id='word_1_89' title='bbox 266 1837 375 1906; x_wconf 66' lang='lat' dir='ltr'><strong>Quo</strong></span> <span class='ocrx_word' id='word_1_90' title='bbox 403 1852 644 1914; x_wconf 73' lang='lat' dir='ltr'><strong>tempore</strong></span> <span class='ocrx_word' id='word_1_91' title='bbox 680 1838 1147 1914; x_wconf 78' lang='lat' dir='ltr'><strong>Pneumatomachi</strong></span> <span class='ocrx_word' id='word_1_92' title='bbox 1186 1846 1361 1913; x_wconf 84' lang='lat' dir='ltr'><strong>palam</strong></span> <span class='ocrx_word' id='word_1_93' title='bbox 1403 1846 1612 1914; x_wconf 87' lang='lat' dir='ltr'><strong>prodire</strong></span> <span class='ocrx_word' id='word_1_94' title='bbox 1652 1866 1750 1903; x_wconf 77' lang='lat' dir='ltr'><strong>ca:-</strong></span> 
     </span>
    </p>
   </div>
   <div class='ocr_carea' id='block_1_17' title="bbox 250 1911 1751 1989">
    <p class='ocr_par' dir='ltr' id='par_1_17' title="bbox 250 1911 1751 1989">
     <span class='ocr_line' id='line_1_17' title="bbox 250 1911 1751 1989; baseline -0.001 -24"><span class='ocrx_word' id='word_1_95' title='bbox 250 1923 466 1989; x_wconf 58' lang='grc' dir='ltr'><strong>ιιςιξιιιιί.Δ</strong></span> <span class='ocrx_word' id='word_1_96' title='bbox 489 1911 794 1989; x_wconf 32' lang='lat' dir='ltr'><strong>ll:_‘Concio</strong></span> <span class='ocrx_word' id='word_1_97' title='bbox 837 1913 898 1969; x_wconf 84' lang='lat' dir='ltr'><strong>S.</strong></span> <span class='ocrx_word' id='word_1_98' title='bbox 931 1912 1132 1989; x_wconf 55' lang='lat' dir='ltr'><strong>Basilii</strong></span> <span class='ocrx_word' id='word_1_99' title='bbox 1155 1911 1239 1989; x_wconf 80' lang='lat' dir='ltr'><strong>die</strong></span> <span class='ocrx_word' id='word_1_100' title='bbox 1277 1911 1412 1984; x_wconf 76' lang='lat' dir='ltr'><strong>[esto</strong></span> <span class='ocrx_word' id='word_1_101' title='bbox 1447 1914 1506 1969; x_wconf 81' lang='lat' dir='ltr'><strong>S.</strong></span> <span class='ocrx_word' id='word_1_102' title='bbox 1543 1919 1751 1989; x_wconf 46' lang='lat' dir='ltr'><strong>Eupty.</strong></span> 
     </span>
    </p>
   </div>
   <div class='ocr_carea' id='block_1_18' title="bbox 252 1978 1771 2064">
    <p class='ocr_par' dir='ltr' id='par_1_18' title="bbox 252 1978 1747 2064">
     <span class='ocr_line' id='line_1_18' title="bbox 252 1978 1747 2064; baseline 0.005 -29"><span class='ocrx_word' id='word_1_103' title='bbox 252 1978 492 2064; x_wconf 37' lang='grc' dir='ltr'>θαι-ιιι.</span> <span class='ocrx_word' id='word_1_104' title='bbox 539 1981 883 2064; x_wconf 53' lang='grc' dir='ltr'><strong>ξ’ἱιμρειάιιεν</strong></span> <span class='ocrx_word' id='word_1_105' title='bbox 911 1985 1052 2064; x_wconf 69' lang='lat' dir='ltr'><strong>quod</strong></span> <span class='ocrx_word' id='word_1_106' title='bbox 1094 1978 1349 2064; x_wconf 67' lang='lat' dir='ltr'><strong>Spiritum</strong></span> <span class='ocrx_word' id='word_1_107' title='bbox 1377 1978 1747 2064; x_wconf 45' lang='lat' dir='ltr'><strong>smictum&#39;uo&#39;n</strong></span> 
     </span>
    </p>
   </div>
   <div class='ocr_carea' id='block_1_19' title="bbox 1842 1978 2558 2064">
    <p class='ocr_par' dir='ltr' id='par_1_19' title="bbox 1850 2009 2558 2064">
     <span class='ocr_line' id='line_1_19' title="bbox 1850 2009 2558 2064; baseline -0.001 -3"><span class='ocrx_word' id='word_1_108' title='bbox 1850 2012 2022 2063; x_wconf 70' lang='grc' dir='ltr'>εἰπεῖν</span> <span class='ocrx_word' id='word_1_109' title='bbox 2048 2013 2136 2064; x_wconf 73' lang='grc' dir='ltr'>τὸν</span> <span class='ocrx_word' id='word_1_110' title='bbox 2159 2009 2286 2063; x_wconf 75' lang='grc' dir='ltr'>Υἰὺν</span> <span class='ocrx_word' id='word_1_111' title='bbox 2315 2010 2408 2061; x_wconf 67' lang='grc' dir='ltr'><strong>καὶ</strong></span> <span class='ocrx_word' id='word_1_112' title='bbox 2428 2009 2558 2060; x_wconf 67' lang='grc' dir='ltr'>Θεὸν</span> 
     </span>
    </p>
   </div>
   <div class='ocr_carea' id='block_1_20' title="bbox 249 2053 1747 2127">
    <p class='ocr_par' dir='ltr' id='par_1_20' title="bbox 249 2053 1747 2127">
     <span class='ocr_line' id='line_1_20' title="bbox 249 2053 1747 2127; baseline 0.009 -27"><span class='ocrx_word' id='word_1_113' title='bbox 249 2053 578 2127; x_wconf 48' lang='lat' dir='ltr'><strong>appellarem</strong></span> <span class='ocrx_word' id='word_1_114' title='bbox 600 2053 798 2127; x_wconf 83' lang='lat' dir='ltr'><strong>_l)_eum.</strong></span> <span class='ocrx_word' id='word_1_115' title='bbox 832 2053 1142 2127; x_wconf 68' lang='lat' dir='ltr'><strong>Delenditur</strong></span> <span class='ocrx_word' id='word_1_116' title='bbox 1171 2073 1203 2127; x_wconf 68' lang='grc' dir='ltr'><strong>ιι</strong></span> <span class='ocrx_word' id='word_1_117' title='bbox 1233 2055 1482 2127; x_wconf 74' lang='lat' dir='ltr'><strong>Gregorio</strong></span> <span class='ocrx_word' id='word_1_118' title='bbox 1515 2056 1747 2112; x_wconf 80' lang='lat' dir='ltr'><strong>Nazian-</strong></span> 
     </span>
    </p>
   </div>
   <div class='ocr_carea' id='block_1_21' title="bbox 257 2119 1743 2197">
    <p class='ocr_par' dir='ltr' id='par_1_21' title="bbox 257 2119 1743 2197">
     <span class='ocr_line' id='line_1_21' title="bbox 257 2119 1743 2197; baseline 0.007 -27"><span class='ocrx_word' id='word_1_119' title='bbox 257 2135 407 2197; x_wconf 45' lang='lat' dir='ltr'><strong>stmq.</strong></span> <span class='ocrx_word' id='word_1_120' title='bbox 440 2121 529 2174; x_wconf 79' lang='lat' dir='ltr'><strong>IV.</strong></span> <span class='ocrx_word' id='word_1_121' title='bbox 570 2119 917 2197; x_wconf 13' lang='lat' dir='ltr'><strong>_(.itt_era:_eai</strong></span> <span class='ocrx_word' id='word_1_122' title='bbox 945 2124 1015 2197; x_wconf 64' lang='lat' dir='ltr'><strong>de</strong></span> <span class='ocrx_word' id='word_1_123' title='bbox 1065 2140 1119 2197; x_wconf 80' lang='lat' dir='ltr'><strong>rc</strong></span> <span class='ocrx_word' id='word_1_124' title='bbox 1162 2119 1466 2197; x_wconf 65' lang='lat' dir='ltr'><strong>Gregoi&#39;ium</strong></span> <span class='ocrx_word' id='word_1_125' title='bbox 1515 2132 1651 2180; x_wconf 85' lang='lat' dir='ltr'><strong>inter</strong></span> <span class='ocrx_word' id='word_1_126' title='bbox 1697 2140 1743 2182; x_wconf 91' lang='lat' dir='ltr'><strong>ct</strong></span> 
     </span>
    </p>
   </div>
   <div class='ocr_carea' id='block_1_22' title="bbox 253 2187 1745 2253">
    <p class='ocr_par' dir='ltr' id='par_1_22' title="bbox 253 2187 1745 2253">
     <span class='ocr_line' id='line_1_22' title="bbox 253 2187 1745 2253; baseline 0.007 -12"><span class='ocrx_word' id='word_1_127' title='bbox 253 2187 520 2245; x_wconf 79' lang='lat' dir='ltr'><strong>Basiliam.</strong></span> <span class='ocrx_word' id='word_1_128' title='bbox 570 2193 636 2248; x_wconf 83' lang='lat' dir='ltr'><strong>V.</strong></span> <span class='ocrx_word' id='word_1_129' title='bbox 677 2193 884 2247; x_wconf 71' lang='lat' dir='ltr'><strong>Laudat</strong></span> <span class='ocrx_word' id='word_1_130' title='bbox 936 2191 994 2248; x_wconf 88' lang='lat' dir='ltr'><strong>S.</strong></span> <span class='ocrx_word' id='word_1_131' title='bbox 1045 2187 1362 2252; x_wconf 55' lang='lat' dir='ltr'><strong>Athanasius</strong></span> <span class='ocrx_word' id='word_1_132' title='bbox 1407 2198 1745 2253; x_wconf 74' lang='lat' dir='ltr'><strong>acanomiam</strong></span> 
     </span>
    </p>
   </div>
   <div class='ocr_carea' id='block_1_23' title="bbox 253 2257 556 2316">
    <p class='ocr_par' dir='ltr' id='par_1_23' title="bbox 253 2257 556 2316">
     <span class='ocr_line' id='line_1_23' title="bbox 253 2257 556 2316; baseline 0.007 -2"><span class='ocrx_word' id='word_1_133' title='bbox 253 2257 304 2314; x_wconf 82' lang='lat' dir='ltr'><strong>S.</strong></span> <span class='ocrx_word' id='word_1_134' title='bbox 345 2259 556 2316; x_wconf 86' lang='lat' dir='ltr'><strong>Basilii.</strong></span> 
     </span>
    </p>
   </div>
   <div class='ocr_carea' id='block_1_24' title="bbox 252 2374 1747 2448">
    <p class='ocr_par' dir='ltr' id='par_1_24' title="bbox 252 2374 1747 2448">
     <span class='ocr_line' id='line_1_24' title="bbox 252 2374 1747 2448; baseline 0.008 -20"><span class='ocrx_word' id='word_1_135' title='bbox 252 2374 290 2428; x_wconf 92' lang='grc' dir='ltr'><strong>ι.</strong></span> <span class='ocrx_word' id='word_1_136' title='bbox 326 2375 653 2444; x_wconf 66' lang='lat' dir='ltr'><strong>iamdudum</strong></span> <span class='ocrx_word' id='word_1_137' title='bbox 714 2377 946 2448; x_wconf 84' lang='lat' dir='ltr'><strong>Spiritus</strong></span> <span class='ocrx_word' id='word_1_138' title='bbox 1002 2381 1171 2434; x_wconf 87' lang='lat' dir='ltr'><strong>sancti</strong></span> <span class='ocrx_word' id='word_1_139' title='bbox 1230 2380 1563 2436; x_wconf 82' lang='lat' dir='ltr'><strong>divinitatem</strong></span> <span class='ocrx_word' id='word_1_140' title='bbox 1616 2400 1747 2439; x_wconf 87' lang='lat' dir='ltr'><strong>non-</strong></span> 
     </span>
    </p>
   </div>
   <div class='ocr_carea' id='block_1_25' title="bbox 192 2465 1746 2538">
    <p class='ocr_par' dir='ltr' id='par_1_25' title="bbox 192 2465 1746 2538">
     <span class='ocr_line' id='line_1_25' title="bbox 192 2465 1746 2538; baseline 0.006 -18"><span class='ocrx_word' id='word_1_141' title='bbox 192 2465 304 2520; x_wconf 81' lang='lat' dir='ltr'><strong>nulli</strong></span> <span class='ocrx_word' id='word_1_142' title='bbox 345 2481 666 2538; x_wconf 81' lang='lat' dir='ltr'><strong>oppugnare</strong></span> <span class='ocrx_word' id='word_1_143' title='bbox 706 2481 983 2538; x_wconf 73' lang='lat' dir='ltr'><strong>cmperaut</strong></span> <span class='ocrx_word' id='word_1_144' title='bbox 1024 2489 1039 2523; x_wconf 89' lang='lat'><strong>:</strong></span> <span class='ocrx_word' id='word_1_145' title='bbox 1078 2470 1171 2524; x_wconf 90' lang='lat' dir='ltr'><strong>sed</strong></span> <span class='ocrx_word' id='word_1_146' title='bbox 1205 2471 1452 2526; x_wconf 78' lang='lat' dir='ltr'><strong>videntur</strong></span> <span class='ocrx_word' id='word_1_147' title='bbox 1490 2477 1620 2531; x_wconf 83' lang='lat' dir='ltr'><strong>satis</strong></span> <span class='ocrx_word' id='word_1_148' title='bbox 1657 2479 1746 2531; x_wconf 89' lang='lat' dir='ltr'><strong>diu</strong></span> 
     </span>
    </p>
   </div>
   <div class='ocr_carea' id='block_1_26' title="bbox 191 2559 1748 2638">
    <p class='ocr_par' dir='ltr' id='par_1_26' title="bbox 191 2559 1748 2638">
     <span class='ocr_line' id='line_1_26' title="bbox 191 2559 1748 2638; baseline 0.006 -27"><span class='ocrx_word' id='word_1_149' title='bbox 191 2559 392 2614; x_wconf 75' lang='lat' dir='ltr'><strong>latebris</strong></span> <span class='ocrx_word' id='word_1_150' title='bbox 421 2575 482 2615; x_wconf 86' lang='lat' dir='ltr'><strong>se</strong></span> <span class='ocrx_word' id='word_1_151' title='bbox 525 2561 841 2625; x_wconf 88' lang='lat' dir='ltr'><strong>involvisse,</strong></span> <span class='ocrx_word' id='word_1_152' title='bbox 871 2575 935 2615; x_wconf 88' lang='lat' dir='ltr'><strong>ac</strong></span> <span class='ocrx_word' id='word_1_153' title='bbox 968 2574 1071 2615; x_wconf 89' lang='lat' dir='ltr'><strong>non</strong></span> <span class='ocrx_word' id='word_1_154' title='bbox 1111 2562 1282 2616; x_wconf 85' lang='lat' dir='ltr'><strong>multo</strong></span> <span class='ocrx_word' id='word_1_155' title='bbox 1316 2574 1440 2621; x_wconf 89' lang='lat' dir='ltr'><strong>aute</strong></span> <span class='ocrx_word' id='word_1_156' title='bbox 1470 2569 1748 2638; x_wconf 87' lang='lat' dir='ltr'><strong>episcopa-</strong></span> 
     </span>
    </p>
   </div>
   <div class='ocr_carea' id='block_1_27' title="bbox 192 2651 1748 2720">
    <p class='ocr_par' dir='ltr' id='par_1_27' title="bbox 192 2651 1748 2720">
     <span class='ocr_line' id='line_1_27' title="bbox 192 2651 1748 2720; baseline 0.006 -17"><span class='ocrx_word' id='word_1_157' title='bbox 192 2660 288 2704; x_wconf 86' lang='lat' dir='ltr'><strong>tum</strong></span> <span class='ocrx_word' id='word_1_158' title='bbox 321 2652 492 2706; x_wconf 87' lang='lat' dir='ltr'><strong>sancti</strong></span> <span class='ocrx_word' id='word_1_159' title='bbox 531 2651 721 2705; x_wconf 88' lang='lat' dir='ltr'><strong>Basilii</strong></span> <span class='ocrx_word' id='word_1_160' title='bbox 757 2652 1041 2720; x_wconf 87' lang='lat' dir='ltr'><strong>prodiisse.</strong></span> <span class='ocrx_word' id='word_1_161' title='bbox 1074 2652 1208 2710; x_wconf 83' lang='lat' dir='ltr'><strong>Cum</strong></span> <span class='ocrx_word' id='word_1_162' title='bbox 1251 2656 1464 2712; x_wconf 81' lang='lat' dir='ltr'><strong>Arianis</strong></span> <span class='ocrx_word' id='word_1_163' title='bbox 1505 2669 1748 2713; x_wconf 86' lang='lat' dir='ltr'><strong>sanctam</strong></span> 
     </span>
    </p>
   </div>
   <div class='ocr_carea' id='block_1_28' title="bbox 191 2739 1752 2818">
    <p class='ocr_par' dir='ltr' id='par_1_28' title="bbox 191 2739 1752 2818">
     <span class='ocr_line' id='line_1_28' title="bbox 191 2739 1752 2818; baseline 0.009 -25"><span class='ocrx_word' id='word_1_164' title='bbox 191 2739 496 2795; x_wconf 84' lang='lat' dir='ltr'><strong>Trinitatem</strong></span> <span class='ocrx_word' id='word_1_165' title='bbox 533 2742 751 2812; x_wconf 89' lang='lat' dir='ltr'><strong>penitus</strong></span> <span class='ocrx_word' id='word_1_166' title='bbox 783 2743 1091 2800; x_wconf 87' lang='lat' dir='ltr'><strong>tollentibus</strong></span> <span class='ocrx_word' id='word_1_167' title='bbox 1133 2763 1237 2801; x_wconf 92' lang='lat' dir='ltr'><strong>non</strong></span> <span class='ocrx_word' id='word_1_168' title='bbox 1277 2749 1502 2818; x_wconf 85' lang='lat' dir='ltr'><strong>plurima</strong></span> <span class='ocrx_word' id='word_1_169' title='bbox 1535 2759 1653 2804; x_wconf 90' lang='lat' dir='ltr'><strong>erat</strong></span> <span class='ocrx_word' id='word_1_170' title='bbox 1685 2751 1752 2807; x_wconf 89' lang='lat' dir='ltr'><strong>de</strong></span> 
     </span>
    </p>
   </div>
   <div class='ocr_carea' id='block_1_29' title="bbox 189 2833 1752 2907">
    <p class='ocr_par' dir='ltr' id='par_1_29' title="bbox 189 2833 1752 2907">
     <span class='ocr_line' id='line_1_29' title="bbox 189 2833 1752 2907; baseline 0.008 -23"><span class='ocrx_word' id='word_1_171' title='bbox 189 2840 364 2886; x_wconf 82' lang='lat' dir='ltr'><strong>sancto</strong></span> <span class='ocrx_word' id='word_1_172' title='bbox 395 2833 607 2904; x_wconf 83' lang='lat' dir='ltr'><strong>Spiritu</strong></span> <span class='ocrx_word' id='word_1_173' title='bbox 641 2841 1043 2902; x_wconf 79' lang='lat' dir='ltr'><strong>controversia;</strong></span> <span class='ocrx_word' id='word_1_174' title='bbox 1088 2838 1206 2892; x_wconf 86' lang='lat' dir='ltr'><strong>Filii</strong></span> <span class='ocrx_word' id='word_1_175' title='bbox 1248 2841 1584 2907; x_wconf 69' lang='lat' dir='ltr'><strong>potissimum</strong></span> <span class='ocrx_word' id='word_1_176' title='bbox 1615 2843 1752 2896; x_wconf 85' lang='lat' dir='ltr'><strong>divi-</strong></span> 
     </span>
    </p>
   </div>
   <div class='ocr_carea' id='block_1_30' title="bbox 191 2925 1748 2997">
    <p class='ocr_par' dir='ltr' id='par_1_30' title="bbox 191 2925 1748 2997">
     <span class='ocr_line' id='line_1_30' title="bbox 191 2925 1748 2997; baseline 0.008 -20"><span class='ocrx_word' id='word_1_177' title='bbox 191 2925 318 2981; x_wconf 83' lang='lat' dir='ltr'><strong>nitas</strong></span> <span class='ocrx_word' id='word_1_178' title='bbox 351 2927 770 2992; x_wconf 72' lang='lat' dir='ltr'><strong>del’eudebatur,</strong></span> <span class='ocrx_word' id='word_1_179' title='bbox 799 2946 902 2997; x_wconf 85' lang='lat' dir='ltr'><strong>qua</strong></span> <span class='ocrx_word' id='word_1_180' title='bbox 937 2930 1101 2984; x_wconf 83' lang='lat' dir='ltr'><strong>semel</strong></span> <span class='ocrx_word' id='word_1_181' title='bbox 1143 2931 1378 2985; x_wconf 85' lang='lat' dir='ltr'><strong>stabilita</strong></span> <span class='ocrx_word' id='word_1_182' title='bbox 1410 2933 1748 2989; x_wconf 87' lang='lat' dir='ltr'><strong>divinitatem</strong></span> 
     </span>
    </p>
   </div>
   <div class='ocr_carea' id='block_1_31' title="bbox 189 3009 1748 3094">
    <p class='ocr_par' dir='ltr' id='par_1_31' title="bbox 189 3009 1748 3094">
     <span class='ocr_line' id='line_1_31' title="bbox 189 3009 1748 3094; baseline 0.006 -25"><span class='ocrx_word' id='word_1_183' title='bbox 189 3021 345 3073; x_wconf 80' lang='lat' dir='ltr'><strong>sancti</strong></span> <span class='ocrx_word' id='word_1_184' title='bbox 377 3023 621 3092; x_wconf 84' lang='lat' dir='ltr'><strong>Spiritus</strong></span> <span class='ocrx_word' id='word_1_185' title='bbox 647 3020 803 3075; x_wconf 88' lang='lat' dir='ltr'><strong>simul</strong></span> <span class='ocrx_word' id='word_1_186' title='bbox 827 3020 1057 3076; x_wconf 78' lang='lat' dir='ltr'><strong>stabiliri</strong></span> <span class='ocrx_word' id='word_1_187' title='bbox 1096 3009 1209 3076; x_wconf 34' lang='lat' dir='ltr'><strong>non.</strong></span> <span class='ocrx_word' id='word_1_188' title='bbox 1246 3025 1514 3094; x_wconf 81' lang='lat' dir='ltr'><strong>negabant</strong></span> <span class='ocrx_word' id='word_1_189' title='bbox 1543 3025 1748 3079; x_wconf 85' lang='lat' dir='ltr'><strong>Ariani.</strong></span> 
     </span>
    </p>
   </div>
   <div class='ocr_carea' id='block_1_32' title="bbox 190 3107 1751 3185">
    <p class='ocr_par' dir='ltr' id='par_1_32' title="bbox 190 3107 1751 3185">
     <span class='ocr_line' id='line_1_32' title="bbox 190 3107 1751 3185; baseline 0.003 -20"><span class='ocrx_word' id='word_1_190' title='bbox 190 3107 284 3166; x_wconf 84' lang='lat' dir='ltr'><strong>Sed</strong></span> <span class='ocrx_word' id='word_1_191' title='bbox 299 3127 364 3166; x_wconf 78' lang='lat' dir='ltr'><strong>ex</strong></span> <span class='ocrx_word' id='word_1_192' title='bbox 389 3114 456 3167; x_wconf 89' lang='lat' dir='ltr'><strong>iis</strong></span> <span class='ocrx_word' id='word_1_193' title='bbox 473 3113 572 3184; x_wconf 89' lang='lat' dir='ltr'><strong>qui</strong></span> <span class='ocrx_word' id='word_1_194' title='bbox 595 3111 662 3166; x_wconf 85' lang='lat' dir='ltr'><strong>ab</strong></span> <span class='ocrx_word' id='word_1_195' title='bbox 675 3113 887 3168; x_wconf 80' lang='lat' dir='ltr'><strong>Arianis</strong></span> <span class='ocrx_word' id='word_1_196' title='bbox 902 3113 1220 3181; x_wconf 85' lang='lat' dir='ltr'><strong>discessere,</strong></span> <span class='ocrx_word' id='word_1_197' title='bbox 1235 3131 1338 3169; x_wconf 91' lang='lat' dir='ltr'><strong>non</strong></span> <span class='ocrx_word' id='word_1_198' title='bbox 1357 3116 1514 3185; x_wconf 90' lang='lat' dir='ltr'><strong>pauci</strong></span> <span class='ocrx_word' id='word_1_199' title='bbox 1530 3115 1751 3172; x_wconf 86' lang='lat' dir='ltr'><strong>alteram</strong></span> 
     </span>
    </p>
   </div>
   <div class='ocr_carea' id='block_1_33' title="bbox 189 3206 1755 3279">
    <p class='ocr_par' dir='ltr' id='par_1_33' title="bbox 189 3206 1755 3279">
     <span class='ocr_line' id='line_1_33' title="bbox 189 3206 1755 3279; baseline 0.004 -21"><span class='ocrx_word' id='word_1_200' title='bbox 189 3206 472 3276; x_wconf 84' lang='lat' dir='ltr'><strong>impietatis</strong></span> <span class='ocrx_word' id='word_1_201' title='bbox 509 3218 716 3279; x_wconf 86' lang='lat' dir='ltr'><strong>partem</strong></span> <span class='ocrx_word' id='word_1_202' title='bbox 735 3210 1092 3274; x_wconf 88' lang='lat' dir='ltr'><strong>retinuerunt,</strong></span> <span class='ocrx_word' id='word_1_203' title='bbox 1109 3219 1300 3264; x_wconf 87' lang='lat' dir='ltr'><strong>etcum</strong></span> <span class='ocrx_word' id='word_1_204' title='bbox 1319 3210 1650 3264; x_wconf 87' lang='lat' dir='ltr'><strong>divinitatem</strong></span> <span class='ocrx_word' id='word_1_205' title='bbox 1672 3207 1755 3264; x_wconf 79' lang='lat' dir='ltr'><strong>Fi-</strong></span> 
     </span>
    </p>
   </div>
   <div class='ocr_carea' id='block_1_34' title="bbox 190 3298 1748 3372">
    <p class='ocr_par' dir='ltr' id='par_1_34' title="bbox 190 3298 1748 3372">
     <span class='ocr_line' id='line_1_34' title="bbox 190 3298 1748 3372; baseline 0.005 -24"><span class='ocrx_word' id='word_1_206' title='bbox 190 3298 237 3350; x_wconf 92' lang='lat' dir='ltr'><strong>lii</strong></span> <span class='ocrx_word' id='word_1_207' title='bbox 251 3311 429 3356; x_wconf 89' lang='lat' dir='ltr'><strong>contra</strong></span> <span class='ocrx_word' id='word_1_208' title='bbox 445 3301 680 3358; x_wconf 86' lang='lat' dir='ltr'><strong>Arianos</strong></span> <span class='ocrx_word' id='word_1_209' title='bbox 696 3312 992 3365; x_wconf 87' lang='lat' dir='ltr'><strong>tuerentur.</strong></span> <span class='ocrx_word' id='word_1_210' title='bbox 1007 3303 1071 3356; x_wconf 87' lang='lat' dir='ltr'><strong>de</strong></span> <span class='ocrx_word' id='word_1_211' title='bbox 1085 3300 1318 3372; x_wconf 80' lang='lat' dir='ltr'><strong>Spiritus</strong></span> <span class='ocrx_word' id='word_1_212' title='bbox 1331 3301 1609 3356; x_wconf 89' lang='lat' dir='ltr'><strong>divinitate</strong></span> <span class='ocrx_word' id='word_1_213' title='bbox 1624 3315 1748 3356; x_wconf 92' lang='lat' dir='ltr'><strong>cum</strong></span> 
     </span>
    </p>
   </div>
   <div class='ocr_carea' id='block_1_35' title="bbox 187 3389 1750 3464">
    <p class='ocr_par' dir='ltr' id='par_1_35' title="bbox 187 3389 1750 3464">
     <span class='ocr_line' id='line_1_35' title="bbox 187 3389 1750 3464; baseline 0.006 -24"><span class='ocrx_word' id='word_1_214' title='bbox 187 3389 471 3448; x_wconf 82' lang='lat' dir='ltr'><strong>Catholicis</strong></span> <span class='ocrx_word' id='word_1_215' title='bbox 499 3404 826 3463; x_wconf 79' lang='lat' dir='ltr'><strong>pugnarunt.</strong></span> <span class='ocrx_word' id='word_1_216' title='bbox 863 3393 1123 3462; x_wconf 76' lang='lat' dir='ltr'><strong>Serapion</strong></span> <span class='ocrx_word' id='word_1_217' title='bbox 1157 3397 1442 3464; x_wconf 84' lang='lat' dir='ltr'><strong>episcOpus</strong></span> <span class='ocrx_word' id='word_1_218' title='bbox 1469 3393 1750 3450; x_wconf 87' lang='lat' dir='ltr'><strong>Thmuita-</strong></span> 
     </span>
    </p>
   </div>
   <div class='ocr_carea' id='block_1_36' title="bbox 190 3483 1749 3553">
    <p class='ocr_par' dir='ltr' id='par_1_36' title="bbox 190 3483 1749 3553">
     <span class='ocr_line' id='line_1_36' title="bbox 190 3483 1749 3553; baseline 0.006 -20"><span class='ocrx_word' id='word_1_219' title='bbox 190 3497 280 3536; x_wconf 91' lang='lat' dir='ltr'><strong>nus</strong></span> <span class='ocrx_word' id='word_1_220' title='bbox 308 3483 381 3553; x_wconf 91' lang='lat' dir='ltr'><strong>(b)</strong></span> <span class='ocrx_word' id='word_1_221' title='bbox 415 3499 562 3538; x_wconf 86' lang='lat' dir='ltr'><strong>anno</strong></span> <span class='ocrx_word' id='word_1_222' title='bbox 590 3486 695 3538; x_wconf 78' lang='lat'><strong>560</strong></span> <span class='ocrx_word' id='word_1_223' title='bbox 719 3497 810 3538; x_wconf 90' lang='lat' dir='ltr'><strong>aut</strong></span> <span class='ocrx_word' id='word_1_224' title='bbox 838 3485 962 3547; x_wconf 78' lang='lat'><strong>561,</strong></span> <span class='ocrx_word' id='word_1_225' title='bbox 992 3485 1051 3539; x_wconf 91' lang='lat' dir='ltr'><strong>S.</strong></span> <span class='ocrx_word' id='word_1_226' title='bbox 1085 3487 1438 3540; x_wconf 81' lang='lat' dir='ltr'><strong>Athanasium</strong></span> <span class='ocrx_word' id='word_1_227' title='bbox 1466 3487 1749 3542; x_wconf 89' lang='lat' dir='ltr'><strong>certiorem</strong></span> 
     </span>
    </p>
   </div>
   <div class='ocr_carea' id='block_1_37' title="bbox 190 3573 1749 3640">
    <p class='ocr_par' dir='ltr' id='par_1_37' title="bbox 190 3573 1749 3640">
     <span class='ocr_line' id='line_1_37' title="bbox 190 3573 1749 3640; baseline 0.005 -14"><span class='ocrx_word' id='word_1_228' title='bbox 190 3573 632 3640; x_wconf 83' lang='lat' dir='ltr'><strong>lceitnonnullos,</strong></span> <span class='ocrx_word' id='word_1_229' title='bbox 654 3591 776 3630; x_wconf 91' lang='lat' dir='ltr'><strong>eum</strong></span> <span class='ocrx_word' id='word_1_230' title='bbox 807 3578 875 3632; x_wconf 90' lang='lat' dir='ltr'><strong>ab</strong></span> <span class='ocrx_word' id='word_1_231' title='bbox 913 3577 1128 3632; x_wconf 87' lang='lat' dir='ltr'><strong>Arianis</strong></span> <span class='ocrx_word' id='word_1_232' title='bbox 1162 3577 1232 3632; x_wconf 82' lang='lat' dir='ltr'><strong>ob</strong></span> <span class='ocrx_word' id='word_1_233' title='bbox 1251 3592 1438 3632; x_wconf 90' lang='lat' dir='ltr'><strong>eorum</strong></span> <span class='ocrx_word' id='word_1_234' title='bbox 1472 3579 1522 3632; x_wconf 91' lang='lat' dir='ltr'><strong>in</strong></span> <span class='ocrx_word' id='word_1_235' title='bbox 1553 3578 1749 3634; x_wconf 84' lang='lat' dir='ltr'><strong>Filium</strong></span> 
     </span>
    </p>
   </div>
   <div class='ocr_carea' id='block_1_38' title="bbox 189 3666 1749 3739">
    <p class='ocr_par' dir='ltr' id='par_1_38' title="bbox 189 3666 1749 3739">
     <span class='ocr_line' id='line_1_38' title="bbox 189 3666 1749 3739; baseline 0.006 -21"><span class='ocrx_word' id='word_1_236' title='bbox 189 3666 509 3736; x_wconf 86' lang='lat' dir='ltr'><strong>impietatem</strong></span> <span class='ocrx_word' id='word_1_237' title='bbox 555 3668 956 3732; x_wconf 85' lang='lat' dir='ltr'><strong>discessissent,</strong></span> <span class='ocrx_word' id='word_1_238' title='bbox 998 3668 1136 3723; x_wconf 89' lang='lat' dir='ltr'><strong>male</strong></span> <span class='ocrx_word' id='word_1_239' title='bbox 1163 3667 1230 3724; x_wconf 90' lang='lat' dir='ltr'><strong>de</strong></span> <span class='ocrx_word' id='word_1_240' title='bbox 1264 3669 1466 3739; x_wconf 80' lang='lat' dir='ltr'><strong>Spiritu</strong></span> <span class='ocrx_word' id='word_1_241' title='bbox 1523 3671 1749 3736; x_wconf 85' lang='lat' dir='ltr'><strong>sentire.</strong></span> 
     </span>
    </p>
   </div>
   <div class='ocr_carea' id='block_1_39' title="bbox 186 3761 1746 3829">
    <p class='ocr_par' dir='ltr' id='par_1_39' title="bbox 186 3761 1746 3829">
     <span class='ocr_line' id='line_1_39' title="bbox 186 3761 1746 3829; baseline 0.004 -17"><span class='ocrx_word' id='word_1_242' title='bbox 186 3773 405 3829; x_wconf 89' lang='lat' dir='ltr'><strong>eumque</strong></span> <span class='ocrx_word' id='word_1_243' title='bbox 438 3775 546 3815; x_wconf 87' lang='lat' dir='ltr'><strong>non</strong></span> <span class='ocrx_word' id='word_1_244' title='bbox 575 3761 735 3815; x_wconf 91' lang='lat' dir='ltr'><strong>modo</strong></span> <span class='ocrx_word' id='word_1_245' title='bbox 765 3770 1071 3816; x_wconf 89' lang='lat' dir='ltr'><strong>creaturam</strong></span> <span class='ocrx_word' id='word_1_246' title='bbox 1100 3776 1240 3828; x_wconf 87' lang='lat' dir='ltr'><strong>esse,</strong></span> <span class='ocrx_word' id='word_1_247' title='bbox 1277 3763 1371 3817; x_wconf 91' lang='lat' dir='ltr'><strong>sed</strong></span> <span class='ocrx_word' id='word_1_248' title='bbox 1400 3762 1563 3817; x_wconf 91' lang='lat' dir='ltr'><strong>etiam</strong></span> <span class='ocrx_word' id='word_1_249' title='bbox 1584 3779 1746 3818; x_wconf 91' lang='lat' dir='ltr'><strong>unum</strong></span> 
     </span>
    </p>
   </div>
   <div class='ocr_carea' id='block_1_40' title="bbox 186 3852 1750 3926">
    <p class='ocr_par' dir='ltr' id='par_1_40' title="bbox 186 3852 1750 3926">
     <span class='ocr_line' id='line_1_40' title="bbox 186 3852 1750 3926; baseline 0.003 -22"><span class='ocrx_word' id='word_1_250' title='bbox 186 3866 246 3905; x_wconf 83' lang='lat' dir='ltr'><strong>ex</strong></span> <span class='ocrx_word' id='word_1_251' title='bbox 275 3853 544 3908; x_wconf 86' lang='lat' dir='ltr'><strong>ministris</strong></span> <span class='ocrx_word' id='word_1_252' title='bbox 577 3852 860 3924; x_wconf 87' lang='lat' dir='ltr'><strong>spiritibus</strong></span> <span class='ocrx_word' id='word_1_253' title='bbox 902 3854 1101 3918; x_wconf 87' lang='lat' dir='ltr'><strong>dicere,</strong></span> <span class='ocrx_word' id='word_1_254' title='bbox 1134 3869 1197 3910; x_wconf 89' lang='lat' dir='ltr'><strong>ac</strong></span> <span class='ocrx_word' id='word_1_255' title='bbox 1229 3855 1396 3926; x_wconf 77' lang='lat' dir='ltr'><strong>gradu</strong></span> <span class='ocrx_word' id='word_1_256' title='bbox 1424 3863 1632 3909; x_wconf 86' lang='lat' dir='ltr'><strong>tantum</strong></span> <span class='ocrx_word' id='word_1_257' title='bbox 1681 3855 1750 3909; x_wconf 85' lang='lat' dir='ltr'><strong>ab</strong></span> 
     </span>
    </p>
   </div>
   <div class='ocr_carea' id='block_1_41' title="bbox 187 3945 1750 4016">
    <p class='ocr_par' dir='ltr' id='par_1_41' title="bbox 187 3945 1750 4016">
     <span class='ocr_line' id='line_1_41' title="bbox 187 3945 1750 4016; baseline 0.002 -20"><span class='ocrx_word' id='word_1_258' title='bbox 187 3946 378 4016; x_wconf 73' lang='lat' dir='ltr'><strong>angelis</strong></span> <span class='ocrx_word' id='word_1_259' title='bbox 408 3945 648 4004; x_wconf 81' lang='lat' dir='ltr'><strong>dill’erre.</strong></span> <span class='ocrx_word' id='word_1_260' title='bbox 689 3945 1081 4002; x_wconf 88' lang='lat' dir='ltr'><strong>Periuolestum</strong></span> <span class='ocrx_word' id='word_1_261' title='bbox 1116 3946 1170 4001; x_wconf 88' lang='lat' dir='ltr'><strong>id</strong></span> <span class='ocrx_word' id='word_1_262' title='bbox 1229 3945 1429 4000; x_wconf 90' lang='lat' dir='ltr'><strong>accidit</strong></span> <span class='ocrx_word' id='word_1_263' title='bbox 1454 3945 1750 4000; x_wconf 84' lang='lat' dir='ltr'><strong>Athanasio</strong></span> 
     </span>
    </p>
   </div>
   <div class='ocr_carea' id='block_1_42' title="bbox 187 4038 1746 4108">
    <p class='ocr_par' dir='ltr' id='par_1_42' title="bbox 187 4038 1746 4108">
     <span class='ocr_line' id='line_1_42' title="bbox 187 4038 1746 4108; baseline 0.002 -20"><span class='ocrx_word' id='word_1_264' title='bbox 187 4049 245 4092; x_wconf 82' lang='lat' dir='ltr'><strong>ac</strong></span> <span class='ocrx_word' id='word_1_265' title='bbox 274 4049 585 4092; x_wconf 85' lang='lat' dir='ltr'><strong>nascentem</strong></span> <span class='ocrx_word' id='word_1_266' title='bbox 647 4039 898 4092; x_wconf 75' lang='lat' dir='ltr'><strong>haeresim</strong></span> <span class='ocrx_word' id='word_1_267' title='bbox 929 4047 1160 4108; x_wconf 87' lang='lat' dir='ltr'><strong>quatuor</strong></span> <span class='ocrx_word' id='word_1_268' title='bbox 1193 4038 1627 4108; x_wconf 66' lang='lat' dir='ltr'><strong>praeclarissimis</strong></span> <span class='ocrx_word' id='word_1_269' title='bbox 1679 4040 1746 4092; x_wconf 89' lang='lat' dir='ltr'><strong>ad</strong></span> 
     </span>
    </p>
   </div>
   <div class='ocr_carea' id='block_1_43' title="bbox 189 4126 1743 4199">
    <p class='ocr_par' dir='ltr' id='par_1_43' title="bbox 189 4126 1743 4199">
     <span class='ocr_line' id='line_1_43' title="bbox 189 4126 1743 4199; baseline 0.001 -16"><span class='ocrx_word' id='word_1_270' title='bbox 189 4126 532 4198; x_wconf 85' lang='lat' dir='ltr'><strong>Serapionem</strong></span> <span class='ocrx_word' id='word_1_271' title='bbox 589 4127 834 4197; x_wconf 87' lang='lat' dir='ltr'><strong>epistolis</strong></span> <span class='ocrx_word' id='word_1_272' title='bbox 907 4129 1211 4199; x_wconf 79' lang='lat' dir='ltr'><strong>proﬂigavit</strong></span> <span class='ocrx_word' id='word_1_273' title='bbox 1265 4129 1362 4199; x_wconf 90' lang='lat' dir='ltr'><strong>(c).</strong></span> <span class='ocrx_word' id='word_1_274' title='bbox 1444 4131 1743 4185; x_wconf 83' lang='lat' dir='ltr'><strong>Testautur</strong></span> 
     </span>
    </p>
   </div>
   <div class='ocr_carea' id='block_1_44' title="bbox 187 4220 1771 4294">
    <p class='ocr_par' dir='ltr' id='par_1_44' title="bbox 187 4220 1771 4294">
     <span class='ocr_line' id='line_1_44' title="bbox 187 4220 1771 4294; baseline 0.003 -21"><span class='ocrx_word' id='word_1_275' title='bbox 187 4221 337 4276; x_wconf 83' lang='lat' dir='ltr'><strong>etiam</strong></span> <span class='ocrx_word' id='word_1_276' title='bbox 366 4222 622 4277; x_wconf 87' lang='lat' dir='ltr'><strong>Socrates</strong></span> <span class='ocrx_word' id='word_1_277' title='bbox 650 4220 728 4294; x_wconf 73' lang='grc' dir='ltr'>(ιι)</span> <span class='ocrx_word' id='word_1_278' title='bbox 752 4231 805 4275; x_wconf 88' lang='lat' dir='ltr'><strong>et</strong></span> <span class='ocrx_word' id='word_1_279' title='bbox 837 4220 1172 4278; x_wconf 66' lang='lat' dir='ltr'><strong>Sonomeuus</strong></span> <span class='ocrx_word' id='word_1_280' title='bbox 1199 4221 1593 4288; x_wconf 74' lang='lat' dir='ltr'><strong>Macedonium,</strong></span> <span class='ocrx_word' id='word_1_281' title='bbox 1623 4239 1771 4279; x_wconf 75' lang='lat' dir='ltr'><strong>cum&#39;</strong></span> 
     </span>
    </p>
   </div>
   <div class='ocr_carea' id='block_1_45' title="bbox 189 4315 1742 4387">
    <p class='ocr_par' dir='ltr' id='par_1_45' title="bbox 189 4315 1742 4387">
     <span class='ocr_line' id='line_1_45' title="bbox 189 4315 1742 4387; baseline 0.005 -22"><span class='ocrx_word' id='word_1_282' title='bbox 189 4328 318 4368; x_wconf 86' lang='lat' dir='ltr'><strong>anno</strong></span> <span class='ocrx_word' id='word_1_283' title='bbox 342 4315 448 4372; x_wconf 78' lang='lat'><strong>360</strong></span> <span class='ocrx_word' id='word_1_284' title='bbox 471 4316 749 4387; x_wconf 87' lang='lat' dir='ltr'><strong>depositus</strong></span> <span class='ocrx_word' id='word_1_285' title='bbox 774 4317 961 4374; x_wconf 82' lang='lat' dir='ltr'><strong>luisset</strong></span> <span class='ocrx_word' id='word_1_286' title='bbox 991 4317 1045 4372; x_wconf 94' lang='lat' dir='ltr'><strong>in</strong></span> <span class='ocrx_word' id='word_1_287' title='bbox 1084 4317 1322 4373; x_wconf 92' lang='lat' dir='ltr'><strong>concilio</strong></span> <span class='ocrx_word' id='word_1_288' title='bbox 1354 4315 1742 4374; x_wconf 82' lang='lat' dir='ltr'><strong>Constantino-</strong></span> 
     </span>
    </p>
   </div>
   <div class='ocr_carea' id='block_1_46' title="bbox 186 4405 1745 4482">
    <p class='ocr_par' dir='ltr' id='par_1_46' title="bbox 186 4405 1745 4482">
     <span class='ocr_line' id='line_1_46' title="bbox 186 4405 1745 4482; baseline 0.003 -22"><span class='ocrx_word' id='word_1_289' title='bbox 186 4405 436 4476; x_wconf 87' lang='lat' dir='ltr'><strong>politano,</strong></span> <span class='ocrx_word' id='word_1_290' title='bbox 483 4423 680 4464; x_wconf 88' lang='lat' dir='ltr'><strong>novam</strong></span> <span class='ocrx_word' id='word_1_291' title='bbox 719 4408 861 4466; x_wconf 87' lang='lat' dir='ltr'><strong>hanc</strong></span> <span class='ocrx_word' id='word_1_292' title='bbox 893 4409 1166 4473; x_wconf 69' lang='lat' dir='ltr'><strong>hzeresim.</strong></span> <span class='ocrx_word' id='word_1_293' title='bbox 1221 4425 1342 4482; x_wconf 72' lang='lat' dir='ltr'><strong>qua:</strong></span> <span class='ocrx_word' id='word_1_294' title='bbox 1372 4409 1441 4466; x_wconf 88' lang='lat' dir='ltr'><strong>ab</strong></span> <span class='ocrx_word' id='word_1_295' title='bbox 1502 4411 1618 4482; x_wconf 92' lang='lat' dir='ltr'><strong>ipso</strong></span> <span class='ocrx_word' id='word_1_296' title='bbox 1649 4428 1745 4466; x_wconf 85' lang='lat' dir='ltr'><strong>no-</strong></span> 
     </span>
    </p>
   </div>
   <div class='ocr_carea' id='block_1_47' title="bbox 187 4499 1742 4571">
    <p class='ocr_par' dir='ltr' id='par_1_47' title="bbox 187 4499 1742 4571">
     <span class='ocr_line' id='line_1_47' title="bbox 187 4499 1742 4571; baseline 0.003 -19"><span class='ocrx_word' id='word_1_297' title='bbox 187 4513 299 4553; x_wconf 84' lang='lat' dir='ltr'><strong>men</strong></span> <span class='ocrx_word' id='word_1_298' title='bbox 327 4500 560 4568; x_wconf 84' lang='lat' dir='ltr'><strong>accepit,</strong></span> <span class='ocrx_word' id='word_1_299' title='bbox 591 4511 806 4556; x_wconf 86' lang='lat' dir='ltr'><strong>struere</strong></span> <span class='ocrx_word' id='word_1_300' title='bbox 851 4500 1105 4571; x_wconf 67' lang='lat' dir='ltr'><strong>coepisse.</strong></span> <span class='ocrx_word' id='word_1_301' title='bbox 1140 4499 1248 4557; x_wconf 85' lang='lat' dir='ltr'><strong>Sed</strong></span> <span class='ocrx_word' id='word_1_302' title='bbox 1297 4510 1478 4558; x_wconf 89' lang='lat' dir='ltr'><strong>tamen</strong></span> <span class='ocrx_word' id='word_1_303' title='bbox 1519 4516 1742 4557; x_wconf 80' lang='lat' dir='ltr'><strong>necesse</strong></span> 
     </span>
    </p>
   </div>
   <div class='ocr_carea' id='block_1_48' title="bbox 187 4591 1743 4663">
    <p class='ocr_par' dir='ltr' id='par_1_48' title="bbox 187 4591 1743 4663">
     <span class='ocr_line' id='line_1_48' title="bbox 187 4591 1743 4663; baseline 0.001 -18"><span class='ocrx_word' id='word_1_304' title='bbox 187 4601 264 4645; x_wconf 88' lang='lat' dir='ltr'><strong>est</strong></span> <span class='ocrx_word' id='word_1_305' title='bbox 291 4606 482 4646; x_wconf 87' lang='lat' dir='ltr'><strong>novam</strong></span> <span class='ocrx_word' id='word_1_306' title='bbox 512 4599 651 4650; x_wconf 84' lang='lat' dir='ltr'><strong>hanc</strong></span> <span class='ocrx_word' id='word_1_307' title='bbox 682 4607 883 4648; x_wconf 74' lang='lat' dir='ltr'><strong>secum</strong></span> <span class='ocrx_word' id='word_1_308' title='bbox 936 4591 1248 4663; x_wconf 85' lang='lat' dir='ltr'><strong>aliquandiu</strong></span> <span class='ocrx_word' id='word_1_309' title='bbox 1278 4596 1330 4647; x_wconf 92' lang='lat' dir='ltr'><strong>in</strong></span> <span class='ocrx_word' id='word_1_310' title='bbox 1364 4593 1597 4649; x_wconf 76' lang='lat' dir='ltr'><strong>tenebris</strong></span> <span class='ocrx_word' id='word_1_311' title='bbox 1621 4608 1743 4648; x_wconf 87' lang='lat' dir='ltr'><strong>cre-</strong></span> 
     </span>
    </p>
   </div>
   <div class='ocr_carea' id='block_1_49' title="bbox 1853 711 3422 783">
    <p class='ocr_par' dir='ltr' id='par_1_49' title="bbox 1853 711 3422 783">
     <span class='ocr_line' id='line_1_49' title="bbox 1853 711 3422 783; baseline 0 -16"><span class='ocrx_word' id='word_1_312' title='bbox 1853 713 2086 783; x_wconf 88' lang='lat' dir='ltr'><strong>cpiscopi</strong></span> <span class='ocrx_word' id='word_1_313' title='bbox 2116 727 2180 767; x_wconf 77' lang='lat' dir='ltr'><strong>ex</strong></span> <span class='ocrx_word' id='word_1_314' title='bbox 2215 711 2678 769; x_wconf 84' lang='lat' dir='ltr'><strong>Semiarianorum</strong></span> <span class='ocrx_word' id='word_1_315' title='bbox 2705 728 2930 767; x_wconf 80' lang='lat' dir='ltr'><strong>numero</strong></span> <span class='ocrx_word' id='word_1_316' title='bbox 2985 713 3212 768; x_wconf 80' lang='lat' dir='ltr'><strong>Romam</strong></span> <span class='ocrx_word' id='word_1_317' title='bbox 3244 714 3422 777; x_wconf 86' lang='lat' dir='ltr'><strong>missi,</strong></span> 
     </span>
    </p>
   </div>
   <div class='ocr_carea' id='block_1_50' title="bbox 1853 805 3420 879">
    <p class='ocr_par' dir='ltr' id='par_1_50' title="bbox 1853 805 3420 879">
     <span class='ocr_line' id='line_1_50' title="bbox 1853 805 3420 879; baseline 0.003 -22"><span class='ocrx_word' id='word_1_318' title='bbox 1853 805 2011 874; x_wconf 88' lang='lat' dir='ltr'><strong>plene</strong></span> <span class='ocrx_word' id='word_1_319' title='bbox 2063 817 2120 862; x_wconf 91' lang='lat' dir='ltr'><strong>et</strong></span> <span class='ocrx_word' id='word_1_320' title='bbox 2145 805 2416 861; x_wconf 79' lang='lat' dir='ltr'><strong>cumulate</strong></span> <span class='ocrx_word' id='word_1_321' title='bbox 2445 807 2602 862; x_wconf 75' lang='lat' dir='ltr'><strong>(idem</strong></span> <span class='ocrx_word' id='word_1_322' title='bbox 2632 824 2785 864; x_wconf 87' lang='lat' dir='ltr'><strong>suam</strong></span> <span class='ocrx_word' id='word_1_323' title='bbox 2852 820 3148 879; x_wconf 75' lang='lat' dir='ltr'><strong>purgarunt</strong></span> <span class='ocrx_word' id='word_1_324' title='bbox 3207 819 3420 878; x_wconf 82' lang='lat' dir='ltr'><strong>recepta</strong></span> 
     </span>
    </p>
   </div>
   <div class='ocr_carea' id='block_1_51' title="bbox 1855 895 3425 971">
    <p class='ocr_par' dir='ltr' id='par_1_51' title="bbox 1855 895 3425 971">
     <span class='ocr_line' id='line_1_51' title="bbox 1855 895 3425 971; baseline 0.003 -23"><span class='ocrx_word' id='word_1_325' title='bbox 1855 895 1959 949; x_wconf 91' lang='lat' dir='ltr'><strong>l&#39;lde</strong></span> <span class='ocrx_word' id='word_1_326' title='bbox 2008 897 2250 964; x_wconf 76' lang='lat' dir='ltr'><strong>Nicmna,</strong></span> <span class='ocrx_word' id='word_1_327' title='bbox 2285 912 2385 952; x_wconf 86' lang='lat' dir='ltr'><strong>nec</strong></span> <span class='ocrx_word' id='word_1_328' title='bbox 2416 900 2708 967; x_wconf 83' lang='lat' dir='ltr'><strong>quidquam</strong></span> <span class='ocrx_word' id='word_1_329' title='bbox 2743 900 2974 969; x_wconf 87' lang='lat' dir='ltr'><strong>amplius</strong></span> <span class='ocrx_word' id='word_1_330' title='bbox 3009 901 3076 956; x_wconf 82' lang='lat' dir='ltr'><strong>ab</strong></span> <span class='ocrx_word' id='word_1_331' title='bbox 3109 903 3189 956; x_wconf 88' lang='lat' dir='ltr'><strong>eis</strong></span> <span class='ocrx_word' id='word_1_332' title='bbox 3238 915 3425 971; x_wconf 79' lang='lat' dir='ltr'><strong>posm-</strong></span> 
     </span>
    </p>
   </div>
   <div class='ocr_carea' id='block_1_52' title="bbox 1854 988 3420 1063">
    <p class='ocr_par' dir='ltr' id='par_1_52' title="bbox 1854 988 3420 1063">
     <span class='ocr_line' id='line_1_52' title="bbox 1854 988 3420 1063; baseline 0.005 -22"><span class='ocrx_word' id='word_1_333' title='bbox 1854 988 2021 1042; x_wconf 89' lang='lat' dir='ltr'><strong>latum</strong></span> <span class='ocrx_word' id='word_1_334' title='bbox 2052 991 2107 1045; x_wconf 89' lang='lat' dir='ltr'><strong>in</strong></span> <span class='ocrx_word' id='word_1_335' title='bbox 2141 991 2372 1048; x_wconf 84' lang='lat' dir='ltr'><strong>concilio</strong></span> <span class='ocrx_word' id='word_1_336' title='bbox 2396 988 2686 1060; x_wconf 82' lang='lat' dir='ltr'><strong>Tyaneusi.</strong></span> <span class='ocrx_word' id='word_1_337' title='bbox 2721 995 2871 1050; x_wconf 86' lang='lat' dir='ltr'><strong>Tunc</strong></span> <span class='ocrx_word' id='word_1_338' title='bbox 2898 992 3036 1048; x_wconf 81' lang='lat' dir='ltr'><strong>forte</strong></span> <span class='ocrx_word' id='word_1_339' title='bbox 3065 994 3282 1063; x_wconf 86' lang='lat' dir='ltr'><strong>prodire</strong></span> <span class='ocrx_word' id='word_1_340' title='bbox 3309 1009 3420 1049; x_wconf 75' lang='lat' dir='ltr'><strong>cce-</strong></span> 
     </span>
    </p>
   </div>
   <div class='ocr_carea' id='block_1_53' title="bbox 1854 1084 3420 1155">
    <p class='ocr_par' dir='ltr' id='par_1_53' title="bbox 1854 1084 3420 1155">
     <span class='ocr_line' id='line_1_53' title="bbox 1854 1084 3420 1155; baseline 0.001 -19"><span class='ocrx_word' id='word_1_341' title='bbox 1854 1085 1930 1155; x_wconf 90' lang='lat' dir='ltr'><strong>pit</strong></span> <span class='ocrx_word' id='word_1_342' title='bbox 1954 1084 2198 1148; x_wconf 68' lang='lat' dir='ltr'><strong>ha‘resis,</strong></span> <span class='ocrx_word' id='word_1_343' title='bbox 2229 1101 2353 1140; x_wconf 90' lang='lat' dir='ltr'><strong>cum</strong></span> <span class='ocrx_word' id='word_1_344' title='bbox 2384 1099 2573 1155; x_wconf 87' lang='lat' dir='ltr'><strong>pacem</strong></span> <span class='ocrx_word' id='word_1_345' title='bbox 2605 1099 2739 1153; x_wconf 89' lang='lat' dir='ltr'><strong>pene</strong></span> <span class='ocrx_word' id='word_1_346' title='bbox 2774 1089 2837 1140; x_wconf 90' lang='lat' dir='ltr'><strong>ad</strong></span> <span class='ocrx_word' id='word_1_347' title='bbox 2867 1087 3073 1144; x_wconf 82' lang='lat' dir='ltr'><strong>exitum</strong></span> <span class='ocrx_word' id='word_1_348' title='bbox 3106 1086 3420 1154; x_wconf 82' lang='lat' dir='ltr'><strong>perductam</strong></span> 
     </span>
    </p>
   </div>
   <div class='ocr_carea' id='block_1_54' title="bbox 1855 1175 3422 1249">
    <p class='ocr_par' dir='ltr' id='par_1_54' title="bbox 1855 1175 3422 1249">
     <span class='ocr_line' id='line_1_54' title="bbox 1855 1175 3422 1249; baseline 0.002 -20"><span class='ocrx_word' id='word_1_349' title='bbox 1855 1192 1997 1232; x_wconf 89' lang='lat' dir='ltr'><strong>anno</strong></span> <span class='ocrx_word' id='word_1_350' title='bbox 2030 1175 2379 1247; x_wconf 71' lang='lat' dir='ltr'><strong>567‘Iriginta</strong></span> <span class='ocrx_word' id='word_1_351' title='bbox 2417 1187 2651 1248; x_wconf 83' lang='lat' dir='ltr'><strong>quatuor</strong></span> <span class='ocrx_word' id='word_1_352' title='bbox 2677 1177 2934 1249; x_wconf 84' lang='lat' dir='ltr'><strong>episcopi,</strong></span> <span class='ocrx_word' id='word_1_353' title='bbox 2975 1187 3035 1235; x_wconf 88' lang='grc' dir='ltr'><strong>ιιι</strong></span> <span class='ocrx_word' id='word_1_354' title='bbox 3082 1193 3241 1246; x_wconf 79' lang='lat' dir='ltr'><strong>Supra</strong></span> <span class='ocrx_word' id='word_1_355' title='bbox 3283 1179 3422 1232; x_wconf 82' lang='lat' dir='ltr'><strong>vidi-</strong></span> 
     </span>
    </p>
   </div>
   <div class='ocr_carea' id='block_1_55' title="bbox 1857 1266 3419 1340">
    <p class='ocr_par' dir='ltr' id='par_1_55' title="bbox 1857 1266 3419 1340">
     <span class='ocr_line' id='line_1_55' title="bbox 1857 1266 3419 1340; baseline 0.003 -19"><span class='ocrx_word' id='word_1_356' title='bbox 1857 1284 1998 1334; x_wconf 78' lang='lat' dir='ltr'><strong>mus,</strong></span> <span class='ocrx_word' id='word_1_357' title='bbox 2049 1271 2456 1339; x_wconf 81' lang='lat' dir='ltr'><strong>perturbarunt.</strong></span> <span class='ocrx_word' id='word_1_358' title='bbox 2521 1269 2822 1325; x_wconf 71' lang='lat' dir='ltr'><strong>Confirmat</strong></span> <span class='ocrx_word' id='word_1_359' title='bbox 2869 1273 3004 1328; x_wconf 89' lang='lat' dir='ltr'><strong>hanc</strong></span> <span class='ocrx_word' id='word_1_360' title='bbox 3053 1266 3419 1340; x_wconf 71' lang='lat' dir='ltr'><strong>conjectui’aui</strong></span> 
     </span>
    </p>
   </div>
   <div class='ocr_carea' id='block_1_56' title="bbox 1853 1360 3421 1434">
    <p class='ocr_par' dir='ltr' id='par_1_56' title="bbox 1853 1360 3421 1434">
     <span class='ocr_line' id='line_1_56' title="bbox 1853 1360 3421 1434; baseline 0.004 -23"><span class='ocrx_word' id='word_1_361' title='bbox 1853 1361 2077 1429; x_wconf 80' lang='lat' dir='ltr'><strong>epistola</strong></span> <span class='ocrx_word' id='word_1_362' title='bbox 2108 1361 2180 1414; x_wconf 70' lang='lat'><strong>9.5</strong></span> <span class='ocrx_word' id='word_1_363' title='bbox 2224 1360 2281 1414; x_wconf 89' lang='lat' dir='ltr'><strong>S.</strong></span> <span class='ocrx_word' id='word_1_364' title='bbox 2312 1361 2517 1427; x_wconf 77' lang='lat' dir='ltr'><strong>Basilii,</strong></span> <span class='ocrx_word' id='word_1_365' title='bbox 2580 1377 2701 1434; x_wconf 75' lang='lat' dir='ltr'><strong>quzc</strong></span> <span class='ocrx_word' id='word_1_366' title='bbox 2751 1376 2872 1416; x_wconf 89' lang='lat' dir='ltr'><strong>cum</strong></span> <span class='ocrx_word' id='word_1_367' title='bbox 2906 1367 3080 1419; x_wconf 85' lang='lat' dir='ltr'><strong>serius</strong></span> <span class='ocrx_word' id='word_1_368' title='bbox 3136 1381 3282 1420; x_wconf 91' lang='lat' dir='ltr'><strong>anno</strong></span> <span class='ocrx_word' id='word_1_369' title='bbox 3315 1365 3421 1419; x_wconf 76' lang='grc'><strong>563</strong></span> 
     </span>
    </p>
   </div>
   <div class='ocr_carea' id='block_1_57' title="bbox 1853 1454 3422 1525">
    <p class='ocr_par' dir='ltr' id='par_1_57' title="bbox 1853 1454 3422 1525">
     <span class='ocr_line' id='line_1_57' title="bbox 1853 1454 3422 1525; baseline 0.003 -20"><span class='ocrx_word' id='word_1_370' title='bbox 1853 1454 2014 1507; x_wconf 73' lang='lat' dir='ltr'><strong>scribi</strong></span> <span class='ocrx_word' id='word_1_371' title='bbox 2056 1471 2161 1507; x_wconf 89' lang='lat' dir='ltr'><strong>non</strong></span> <span class='ocrx_word' id='word_1_372' title='bbox 2218 1456 2452 1522; x_wconf 85' lang='lat' dir='ltr'><strong>potuerit</strong></span> <span class='ocrx_word' id='word_1_373' title='bbox 2486 1457 2611 1525; x_wconf 85' lang='lat' dir='ltr'><strong>(hoc</strong></span> <span class='ocrx_word' id='word_1_374' title='bbox 2644 1455 2788 1509; x_wconf 87' lang='lat' dir='ltr'><strong>enim</strong></span> <span class='ocrx_word' id='word_1_375' title='bbox 2844 1466 3076 1509; x_wconf 78' lang='lat' dir='ltr'><strong>exeunte</strong></span> <span class='ocrx_word' id='word_1_376' title='bbox 3112 1473 3277 1519; x_wconf 88' lang='lat' dir='ltr'><strong>anno.</strong></span> <span class='ocrx_word' id='word_1_377' title='bbox 3327 1468 3422 1510; x_wconf 90' lang='lat' dir='ltr'><strong>aut</strong></span> 
     </span>
    </p>
   </div>
   <div class='ocr_carea' id='block_1_58' title="bbox 1856 1544 3421 1617">
    <p class='ocr_par' dir='ltr' id='par_1_58' title="bbox 1856 1544 3421 1617">
     <span class='ocr_line' id='line_1_58' title="bbox 1856 1544 3421 1617; baseline 0.005 -21"><span class='ocrx_word' id='word_1_378' title='bbox 1856 1544 2072 1600; x_wconf 81' lang='lat' dir='ltr'><strong>ineunte</strong></span> <span class='ocrx_word' id='word_1_379' title='bbox 2132 1546 2238 1601; x_wconf 79' lang='lat'><strong>569</strong></span> <span class='ocrx_word' id='word_1_380' title='bbox 2283 1555 2526 1599; x_wconf 87' lang='lat' dir='ltr'><strong>mortuus</strong></span> <span class='ocrx_word' id='word_1_381' title='bbox 2593 1546 2926 1600; x_wconf 69' lang='lat' dir='ltr'><strong>Athanasius</strong></span> <span class='ocrx_word' id='word_1_382' title='bbox 2988 1548 3301 1617; x_wconf 78' lang='lat' dir='ltr'><strong>Ancyrauus</strong></span> <span class='ocrx_word' id='word_1_383' title='bbox 3353 1552 3421 1604; x_wconf 81' lang='lat' dir='ltr'><strong>at!</strong></span> 
     </span>
    </p>
   </div>
   <div class='ocr_carea' id='block_1_59' title="bbox 1853 1637 3418 1708">
    <p class='ocr_par' dir='ltr' id='par_1_59' title="bbox 1853 1637 3418 1708">
     <span class='ocr_line' id='line_1_59' title="bbox 1853 1637 3418 1708; baseline 0.007 -22"><span class='ocrx_word' id='word_1_384' title='bbox 1853 1652 2012 1704; x_wconf 84' lang='lat' dir='ltr'><strong>quem</strong></span> <span class='ocrx_word' id='word_1_385' title='bbox 2053 1639 2249 1706; x_wconf 85' lang='lat' dir='ltr'><strong>scripta</strong></span> <span class='ocrx_word' id='word_1_386' title='bbox 2275 1637 2403 1708; x_wconf 81' lang='lat' dir='ltr'><strong>est).</strong></span> <span class='ocrx_word' id='word_1_387' title='bbox 2444 1637 2780 1691; x_wconf 71' lang='lat' dir='ltr'><strong>manifestam</strong></span> <span class='ocrx_word' id='word_1_388' title='bbox 2831 1639 2992 1693; x_wconf 81' lang='lat' dir='ltr'><strong>habet</strong></span> <span class='ocrx_word' id='word_1_389' title='bbox 3021 1640 3418 1697; x_wconf 85' lang='lat' dir='ltr'><strong>distinctionem</strong></span> 
     </span>
    </p>
   </div>
   <div class='ocr_carea' id='block_1_60' title="bbox 1852 1729 3421 1802">
    <p class='ocr_par' dir='ltr' id='par_1_60' title="bbox 1852 1729 3421 1802">
     <span class='ocr_line' id='line_1_60' title="bbox 1852 1729 3421 1802; baseline 0.002 -18"><span class='ocrx_word' id='word_1_390' title='bbox 1852 1729 2469 1784; x_wconf 80' lang='lat' dir='ltr'><strong>Pncumatmnaclioruin</strong></span> <span class='ocrx_word' id='word_1_391' title='bbox 2521 1729 2587 1780; x_wconf 78' lang='lat' dir='ltr'><strong>al)</strong></span> <span class='ocrx_word' id='word_1_392' title='bbox 2623 1730 2919 1787; x_wconf 72' lang='lat' dir='ltr'><strong>Anniumis.</strong></span> <span class='ocrx_word' id='word_1_393' title='bbox 2957 1731 3047 1786; x_wconf 90' lang='lat' dir='ltr'><strong>Sic</strong></span> <span class='ocrx_word' id='word_1_394' title='bbox 3078 1733 3220 1785; x_wconf 86' lang='lat' dir='ltr'><strong>enim</strong></span> <span class='ocrx_word' id='word_1_395' title='bbox 3252 1733 3421 1802; x_wconf 84' lang='lat' dir='ltr'><strong>loqui-</strong></span> 
     </span>
    </p>
   </div>
   <div class='ocr_carea' id='block_1_61' title="bbox 1854 1822 3422 1898">
    <p class='ocr_par' dir='ltr' id='par_1_61' title="bbox 1854 1822 3422 1898">
     <span class='ocr_line' id='line_1_61' title="bbox 1854 1822 3422 1898; baseline -0.001 -18"><span class='ocrx_word' id='word_1_396' title='bbox 1854 1835 1941 1879; x_wconf 93' lang='lat' dir='ltr'><strong>tur</strong></span> <span class='ocrx_word' id='word_1_397' title='bbox 1973 1823 2203 1877; x_wconf 84' lang='lat' dir='ltr'><strong>Basilius</strong></span> <span class='ocrx_word' id='word_1_398' title='bbox 2239 1823 2306 1892; x_wconf 70' lang='grc' dir='ltr'><strong>(Γ)</strong></span> <span class='ocrx_word' id='word_1_399' title='bbox 2339 1843 2351 1877; x_wconf 89' lang='grc'>;</span> <span class='ocrx_word' id='word_1_400' title='bbox 2389 1824 2461 1877; x_wconf 75' lang='grc' dir='ltr'><strong>Οὐ</strong></span> <span class='ocrx_word' id='word_1_401' title='bbox 2511 1823 2620 1892; x_wconf 69' lang='grc' dir='ltr'><strong>γὰρ</strong></span> <span class='ocrx_word' id='word_1_402' title='bbox 2647 1822 2709 1892; x_wconf 79' lang='grc' dir='ltr'>δὴ</span> <span class='ocrx_word' id='word_1_403' title='bbox 2738 1827 2847 1885; x_wconf 78' lang='grc' dir='ltr'>τοῖς</span> <span class='ocrx_word' id='word_1_404' title='bbox 2893 1824 3300 1898; x_wconf 67' lang='grc' dir='ltr'><strong>γεγραμμένοις</strong></span> <span class='ocrx_word' id='word_1_405' title='bbox 3335 1828 3422 1895; x_wconf 63' lang='grc' dir='ltr'><strong>ὑφ’</strong></span> 
     </span>
    </p>
   </div>
   <div class='ocr_carea' id='block_1_62' title="bbox 1851 1917 3417 1991">
    <p class='ocr_par' dir='ltr' id='par_1_62' title="bbox 1851 1917 3417 1991">
     <span class='ocr_line' id='line_1_62' title="bbox 1851 1917 3417 1991; baseline 0.002 -21"><span class='ocrx_word' id='word_1_406' title='bbox 1851 1919 2008 1988; x_wconf 77' lang='grc' dir='ltr'><strong>ἡμῶν</strong></span> <span class='ocrx_word' id='word_1_407' title='bbox 2035 1917 2171 1990; x_wconf 67' lang='grc' dir='ltr'>πρὸς</span> <span class='ocrx_word' id='word_1_408' title='bbox 2198 1917 2320 1978; x_wconf 69' lang='grc' dir='ltr'>τοὺς</span> <span class='ocrx_word' id='word_1_409' title='bbox 2372 1917 2619 1988; x_wconf 71' lang='grc' dir='ltr'>ἀνόμοιον</span> <span class='ocrx_word' id='word_1_410' title='bbox 2654 1919 2774 1970; x_wconf 77' lang='grc' dir='ltr'>κατ’</span> <span class='ocrx_word' id='word_1_411' title='bbox 2823 1918 3007 1970; x_wconf 64' lang='lat' dir='ltr'><strong>obsim</strong></span> <span class='ocrx_word' id='word_1_412' title='bbox 3039 1920 3417 1991; x_wconf 70' lang='grc' dir='ltr'><strong>τολμήσαντας</strong></span> 
     </span>
    </p>
   </div>
   <div class='ocr_carea' id='block_1_63' title="bbox 2597 2009 3417 2083">
    <p class='ocr_par' dir='ltr' id='par_1_63' title="bbox 2597 2009 3417 2083">
     <span class='ocr_line' id='line_1_63' title="bbox 2597 2009 3417 2083; baseline 0.004 -21"><span class='ocrx_word' id='word_1_413' title='bbox 2597 2010 2672 2081; x_wconf 80' lang='grc' dir='ltr'><strong>τῷ</strong></span> <span class='ocrx_word' id='word_1_414' title='bbox 2700 2009 2818 2081; x_wconf 78' lang='grc' dir='ltr'><strong>Θεῷ</strong></span> <span class='ocrx_word' id='word_1_415' title='bbox 2843 2011 2936 2064; x_wconf 77' lang='grc' dir='ltr'><strong>καὶ</strong></span> <span class='ocrx_word' id='word_1_416' title='bbox 2977 2010 3230 2082; x_wconf 79' lang='grc' dir='ltr'><strong>1]ατρ“ι,ἣ</strong></span> <span class='ocrx_word' id='word_1_417' title='bbox 3279 2013 3417 2083; x_wconf 63' lang='grc' dir='ltr'>πρὸς</span> 
     </span>
    </p>
   </div>
   <div class='ocr_carea' id='block_1_64' title="bbox 1848 2098 3423 2174">
    <p class='ocr_par' dir='ltr' id='par_1_64' title="bbox 1848 2098 3423 2174">
     <span class='ocr_line' id='line_1_64' title="bbox 1848 2098 3423 2174; baseline 0.001 -20"><span class='ocrx_word' id='word_1_418' title='bbox 1848 2103 1974 2165; x_wconf 68' lang='grc' dir='ltr'>τοὺς</span> <span class='ocrx_word' id='word_1_419' title='bbox 2013 2103 2213 2174; x_wconf 68' lang='grc' dir='ltr'>κτίσμα</span> <span class='ocrx_word' id='word_1_420' title='bbox 2238 2103 2332 2157; x_wconf 71' lang='grc' dir='ltr'>καὶ</span> <span class='ocrx_word' id='word_1_421' title='bbox 2372 2101 2580 2171; x_wconf 77' lang='grc' dir='ltr'>ποίημα</span> <span class='ocrx_word' id='word_1_422' title='bbox 2621 2098 2759 2155; x_wconf 75' lang='grc' dir='ltr'>εἶναι</span> <span class='ocrx_word' id='word_1_423' title='bbox 2793 2102 2850 2155; x_wconf 67' lang='grc' dir='ltr'><strong>τὸ</strong></span> <span class='ocrx_word' id='word_1_424' title='bbox 2883 2102 3104 2174; x_wconf 74' lang='grc' dir='ltr'>Πνεῦμα</span> <span class='ocrx_word' id='word_1_425' title='bbox 3162 2103 3221 2156; x_wconf 73' lang='grc' dir='ltr'><strong>τὸ</strong></span> <span class='ocrx_word' id='word_1_426' title='bbox 3270 2102 3423 2172; x_wconf 71' lang='grc' dir='ltr'>ἅγιον</span> 
     </span>
    </p>
   </div>
   <div class='ocr_carea' id='block_1_65' title="bbox 1852 2195 3422 2270">
    <p class='ocr_par' dir='ltr' id='par_1_65' title="bbox 1852 2195 3422 2270">
     <span class='ocr_line' id='line_1_65' title="bbox 1852 2195 3422 2270; baseline 0.001 -22"><span class='ocrx_word' id='word_1_427' title='bbox 1852 2195 2362 2267; x_wconf 68' lang='grc' dir='ltr'><strong>βλασφημήσαντας,</strong></span> <span class='ocrx_word' id='word_1_428' title='bbox 2382 2195 2583 2267; x_wconf 73' lang='grc' dir='ltr'>ταύτην</span> <span class='ocrx_word' id='word_1_429' title='bbox 2612 2195 2675 2248; x_wconf 85' lang='grc' dir='ltr'><strong>ἂν</strong></span> <span class='ocrx_word' id='word_1_430' title='bbox 2705 2197 3014 2263; x_wconf 68' lang='grc' dir='ltr'>ἐπενεγκεῖν</span> <span class='ocrx_word' id='word_1_431' title='bbox 3043 2198 3141 2268; x_wconf 82' lang='grc' dir='ltr'><strong>τὴν</strong></span> <span class='ocrx_word' id='word_1_432' title='bbox 3158 2196 3422 2270; x_wconf 73' lang='grc' dir='ltr'>λοιδορίαν</span> 
     </span>
    </p>
   </div>
   <div class='ocr_carea' id='block_1_66' title="bbox 1849 2287 3422 2362">
    <p class='ocr_par' dir='ltr' id='par_1_66' title="bbox 1849 2287 3422 2362">
     <span class='ocr_line' id='line_1_66' title="bbox 1849 2287 3422 2362; baseline 0.002 -21"><span class='ocrx_word' id='word_1_433' title='bbox 1849 2289 2098 2359; x_wconf 74' lang='grc' dir='ltr'>ἠνέσχου,</span> <span class='ocrx_word' id='word_1_434' title='bbox 2134 2291 2162 2341; x_wconf 88' lang='grc' dir='ltr'>ὁ</span> <span class='ocrx_word' id='word_1_435' title='bbox 2200 2291 2322 2352; x_wconf 67' lang='grc' dir='ltr'>τοὺς</span> <span class='ocrx_word' id='word_1_436' title='bbox 2356 2289 2621 2360; x_wconf 72' lang='grc' dir='ltr'>μεγάλους</span> <span class='ocrx_word' id='word_1_437' title='bbox 2651 2287 2844 2351; x_wconf 77' lang='grc' dir='ltr'>ἄΟλονς</span> <span class='ocrx_word' id='word_1_438' title='bbox 2879 2289 3116 2351; x_wconf 75' lang='grc' dir='ltr'>ἐκείνους</span> <span class='ocrx_word' id='word_1_439' title='bbox 3142 2293 3234 2343; x_wconf 75' lang='grc' dir='ltr'>καὶ</span> <span class='ocrx_word' id='word_1_440' title='bbox 3263 2309 3422 2362; x_wconf 74' lang='grc' dir='ltr'><strong>περι-</strong></span> 
     </span>
    </p>
   </div>
   <div class='ocr_carea' id='block_1_67' title="bbox 1851 2379 3421 2454">
    <p class='ocr_par' dir='ltr' id='par_1_67' title="bbox 1851 2379 3421 2454">
     <span class='ocr_line' id='line_1_67' title="bbox 1851 2379 3421 2454; baseline -0.001 -18"><span class='ocrx_word' id='word_1_441' title='bbox 1851 2382 2075 2454; x_wconf 78' lang='grc' dir='ltr'>βοήτους</span> <span class='ocrx_word' id='word_1_442' title='bbox 2106 2380 2244 2452; x_wconf 77' lang='grc' dir='ltr'>ὑπὲρ</span> <span class='ocrx_word' id='word_1_443' title='bbox 2269 2381 2363 2451; x_wconf 75' lang='grc' dir='ltr'>τῆς</span> <span class='ocrx_word' id='word_1_444' title='bbox 2384 2381 2688 2450; x_wconf 67' lang='grc' dir='ltr'>ὀρθοδοξὶας</span> <span class='ocrx_word' id='word_1_445' title='bbox 2714 2380 3021 2449; x_wconf 74' lang='grc' dir='ltr'>διενεγκών.</span> <span class='ocrx_word' id='word_1_446' title='bbox 3047 2379 3169 2434; x_wconf 80' lang='lat' dir='ltr'><strong>Non</strong></span> <span class='ocrx_word' id='word_1_447' title='bbox 3196 2385 3329 2434; x_wconf 87' lang='lat' dir='ltr'><strong>enim</strong></span> <span class='ocrx_word' id='word_1_448' title='bbox 3358 2385 3421 2435; x_wconf 72' lang='lat' dir='ltr'><strong>iis</strong></span> 
     </span>
    </p>
   </div>
   <div class='ocr_carea' id='block_1_68' title="bbox 1849 2470 3424 2544">
    <p class='ocr_par' dir='ltr' id='par_1_68' title="bbox 1849 2470 3424 2544">
     <span class='ocr_line' id='line_1_68' title="bbox 1849 2470 3424 2544; baseline -0.002 -18"><span class='ocrx_word' id='word_1_449' title='bbox 1849 2490 1965 2544; x_wconf 75' lang='lat' dir='ltr'><strong>qua:</strong></span> <span class='ocrx_word' id='word_1_450' title='bbox 2001 2491 2031 2526; x_wconf 90' lang='lat' dir='ltr'><strong>a</strong></span> <span class='ocrx_word' id='word_1_451' title='bbox 2063 2471 2207 2527; x_wconf 87' lang='lat' dir='ltr'><strong>nobis</strong></span> <span class='ocrx_word' id='word_1_452' title='bbox 2230 2472 2426 2540; x_wconf 83' lang='lat' dir='ltr'><strong>scripta</strong></span> <span class='ocrx_word' id='word_1_453' title='bbox 2453 2481 2571 2523; x_wconf 89' lang='lat' dir='ltr'><strong>sunt</strong></span> <span class='ocrx_word' id='word_1_454' title='bbox 2604 2476 2852 2524; x_wconf 78' lang='lat' dir='ltr'><strong>adversus</strong></span> <span class='ocrx_word' id='word_1_455' title='bbox 2884 2488 2992 2532; x_wconf 86' lang='lat' dir='ltr'><strong>eos,</strong></span> <span class='ocrx_word' id='word_1_456' title='bbox 3023 2474 3112 2541; x_wconf 78' lang='lat' dir='ltr'><strong>qui</strong></span> <span class='ocrx_word' id='word_1_457' title='bbox 3146 2470 3341 2525; x_wconf 75' lang='lat' dir='ltr'><strong>Filium</strong></span> <span class='ocrx_word' id='word_1_458' title='bbox 3374 2485 3424 2525; x_wconf 85' lang='lat' dir='ltr'><strong>et</strong></span> 
     </span>
    </p>
   </div>
   <div class='ocr_carea' id='block_1_69' title="bbox 1855 2563 3420 2620">
    <p class='ocr_par' dir='ltr' id='par_1_69' title="bbox 1855 2563 3420 2620">
     <span class='ocr_line' id='line_1_69' title="bbox 1855 2563 3420 2620; baseline 0 -3"><span class='ocrx_word' id='word_1_459' title='bbox 1855 2565 2019 2618; x_wconf 78' lang='lat' dir='ltr'><strong>Deum</strong></span> <span class='ocrx_word' id='word_1_460' title='bbox 2053 2567 2158 2620; x_wconf 85' lang='lat' dir='ltr'><strong>Deo</strong></span> <span class='ocrx_word' id='word_1_461' title='bbox 2192 2577 2236 2620; x_wconf 86' lang='lat' dir='ltr'><strong>et</strong></span> <span class='ocrx_word' id='word_1_462' title='bbox 2285 2563 2441 2619; x_wconf 85' lang='lat' dir='ltr'><strong>Patri</strong></span> <span class='ocrx_word' id='word_1_463' title='bbox 2495 2565 2774 2617; x_wconf 71' lang='lat' dir='ltr'><strong>secundum</strong></span> <span class='ocrx_word' id='word_1_464' title='bbox 2808 2564 3083 2619; x_wconf 78' lang='lat' dir='ltr'><strong>essentiam</strong></span> <span class='ocrx_word' id='word_1_465' title='bbox 3113 2566 3420 2618; x_wconf 78' lang='lat' dir='ltr'><strong>dissimilem</strong></span> 
     </span>
    </p>
   </div>
   <div class='ocr_carea' id='block_1_70' title="bbox 1852 2655 3423 2728">
    <p class='ocr_par' dir='ltr' id='par_1_70' title="bbox 1852 2655 3423 2728">
     <span class='ocr_line' id='line_1_70' title="bbox 1852 2655 3423 2728; baseline 0.001 -18"><span class='ocrx_word' id='word_1_466' title='bbox 1852 2658 2024 2710; x_wconf 83' lang='lat' dir='ltr'><strong>dicere</strong></span> <span class='ocrx_word' id='word_1_467' title='bbox 2052 2659 2168 2710; x_wconf 89' lang='lat' dir='ltr'><strong>ausi</strong></span> <span class='ocrx_word' id='word_1_468' title='bbox 2198 2668 2339 2718; x_wconf 83' lang='lat' dir='ltr'><strong>sunt,</strong></span> <span class='ocrx_word' id='word_1_469' title='bbox 2385 2667 2476 2710; x_wconf 88' lang='lat' dir='ltr'><strong>aut</strong></span> <span class='ocrx_word' id='word_1_470' title='bbox 2507 2658 2755 2711; x_wconf 79' lang='lat' dir='ltr'><strong>adversus</strong></span> <span class='ocrx_word' id='word_1_471' title='bbox 2786 2672 2871 2709; x_wconf 88' lang='lat' dir='ltr'><strong>eos</strong></span> <span class='ocrx_word' id='word_1_472' title='bbox 2906 2658 2994 2726; x_wconf 75' lang='lat' dir='ltr'><strong>qui</strong></span> <span class='ocrx_word' id='word_1_473' title='bbox 3020 2655 3276 2728; x_wconf 76' lang='lat' dir='ltr'><strong>Spiritum</strong></span> <span class='ocrx_word' id='word_1_474' title='bbox 3300 2676 3423 2712; x_wconf 90' lang='lat' dir='ltr'><strong>san-</strong></span> 
     </span>
    </p>
   </div>
   <div class='ocr_carea' id='block_1_71' title="bbox 1853 2751 3421 2819">
    <p class='ocr_par' dir='ltr' id='par_1_71' title="bbox 1853 2751 3421 2819">
     <span class='ocr_line' id='line_1_71' title="bbox 1853 2751 3421 2819; baseline -0.001 -13"><span class='ocrx_word' id='word_1_475' title='bbox 1853 2763 1993 2806; x_wconf 82' lang='lat' dir='ltr'><strong>ctum</strong></span> <span class='ocrx_word' id='word_1_476' title='bbox 2033 2761 2328 2806; x_wconf 83' lang='lat' dir='ltr'><strong>creaturam</strong></span> <span class='ocrx_word' id='word_1_477' title='bbox 2363 2761 2410 2804; x_wconf 88' lang='lat' dir='ltr'><strong>et</strong></span> <span class='ocrx_word' id='word_1_478' title='bbox 2454 2752 2718 2816; x_wconf 85' lang='lat' dir='ltr'><strong>api/icium</strong></span> <span class='ocrx_word' id='word_1_479' title='bbox 2744 2767 2855 2804; x_wconf 87' lang='lat' dir='ltr'><strong>esse</strong></span> <span class='ocrx_word' id='word_1_480' title='bbox 2879 2751 3174 2819; x_wconf 79' lang='lat' dir='ltr'><strong>blaspheme</strong></span> <span class='ocrx_word' id='word_1_481' title='bbox 3203 2768 3292 2804; x_wconf 90' lang='lat' dir='ltr'><strong>ore</strong></span> <span class='ocrx_word' id='word_1_482' title='bbox 3324 2753 3421 2805; x_wconf 85' lang='lat' dir='ltr'><strong>do-</strong></span> 
     </span>
    </p>
   </div>
   <div class='ocr_carea' id='block_1_72' title="bbox 1853 2841 3422 2912">
    <p class='ocr_par' dir='ltr' id='par_1_72' title="bbox 1853 2841 3422 2912">
     <span class='ocr_line' id='line_1_72' title="bbox 1853 2841 3422 2912; baseline 0 -15"><span class='ocrx_word' id='word_1_483' title='bbox 1853 2857 2088 2908; x_wconf 83' lang='lat' dir='ltr'><strong>cuerunt,</strong></span> <span class='ocrx_word' id='word_1_484' title='bbox 2122 2841 2488 2898; x_wconf 75' lang='lat' dir='ltr'><strong>contumeliam</strong></span> <span class='ocrx_word' id='word_1_485' title='bbox 2528 2841 2660 2893; x_wconf 80' lang='lat' dir='ltr'><strong>hanc</strong></span> <span class='ocrx_word' id='word_1_486' title='bbox 2690 2842 2860 2908; x_wconf 74' lang='lat' dir='ltr'><strong>facere</strong></span> <span class='ocrx_word' id='word_1_487' title='bbox 2888 2844 3155 2907; x_wconf 71' lang='lat' dir='ltr'><strong>coluisses,</strong></span> <span class='ocrx_word' id='word_1_488' title='bbox 3188 2845 3274 2912; x_wconf 84' lang='lat' dir='ltr'><strong>qui</strong></span> <span class='ocrx_word' id='word_1_489' title='bbox 3305 2861 3422 2897; x_wconf 87' lang='lat' dir='ltr'><strong>ma-</strong></span> 
     </span>
    </p>
   </div>
   <div class='ocr_carea' id='block_1_73' title="bbox 1853 2934 3419 3004">
    <p class='ocr_par' dir='ltr' id='par_1_73' title="bbox 1853 2934 3419 3004">
     <span class='ocr_line' id='line_1_73' title="bbox 1853 2934 3419 3004; baseline -0.001 -14"><span class='ocrx_word' id='word_1_490' title='bbox 1853 2954 1953 3004; x_wconf 81' lang='lat' dir='ltr'><strong>gna</strong></span> <span class='ocrx_word' id='word_1_491' title='bbox 1984 2938 2077 2989; x_wconf 87' lang='lat' dir='ltr'><strong>illa</strong></span> <span class='ocrx_word' id='word_1_492' title='bbox 2109 2954 2170 2990; x_wconf 93' lang='lat' dir='ltr'><strong>ac</strong></span> <span class='ocrx_word' id='word_1_493' title='bbox 2203 2935 2426 2990; x_wconf 83' lang='lat' dir='ltr'><strong>celebria</strong></span> <span class='ocrx_word' id='word_1_494' title='bbox 2479 2934 2767 2986; x_wconf 83' lang='lat' dir='ltr'><strong>certamina</strong></span> <span class='ocrx_word' id='word_1_495' title='bbox 2815 2948 2910 3000; x_wconf 84' lang='lat' dir='ltr'><strong>pro</strong></span> <span class='ocrx_word' id='word_1_496' title='bbox 2947 2943 3083 2986; x_wconf 84' lang='lat' dir='ltr'><strong>recta</strong></span> <span class='ocrx_word' id='word_1_497' title='bbox 3114 2935 3215 3002; x_wconf 77' lang='lat' dir='ltr'><strong>fide</strong></span> <span class='ocrx_word' id='word_1_498' title='bbox 3237 2945 3419 3000; x_wconf 81' lang='lat' dir='ltr'><strong>pertu-</strong></span> 
     </span>
    </p>
   </div>
   <div class='ocr_carea' id='block_1_74' title="bbox 1854 3025 3416 3097">
    <p class='ocr_par' dir='ltr' id='par_1_74' title="bbox 1854 3025 3416 3097">
     <span class='ocr_line' id='line_1_74' title="bbox 1854 3025 3416 3097; baseline 0.001 -19"><span class='ocrx_word' id='word_1_499' title='bbox 1854 3027 1980 3083; x_wconf 81' lang='lat' dir='ltr'><strong>listi.</strong></span> <span class='ocrx_word' id='word_1_500' title='bbox 2009 3027 2287 3080; x_wconf 75' lang='lat' dir='ltr'><strong>Probabile</strong></span> <span class='ocrx_word' id='word_1_501' title='bbox 2315 3041 2444 3097; x_wconf 77' lang='lat' dir='ltr'><strong>ergo</strong></span> <span class='ocrx_word' id='word_1_502' title='bbox 2502 3032 2585 3080; x_wconf 89' lang='lat' dir='ltr'><strong>est</strong></span> <span class='ocrx_word' id='word_1_503' title='bbox 2618 3025 2757 3080; x_wconf 88' lang='lat' dir='ltr'><strong>hanc</strong></span> <span class='ocrx_word' id='word_1_504' title='bbox 2819 3026 3069 3080; x_wconf 73' lang='lat' dir='ltr'><strong>lueresim</strong></span> <span class='ocrx_word' id='word_1_505' title='bbox 3105 3040 3209 3080; x_wconf 89' lang='lat' dir='ltr'><strong>non</strong></span> <span class='ocrx_word' id='word_1_506' title='bbox 3249 3026 3416 3079; x_wconf 87' lang='lat' dir='ltr'><strong>multo</strong></span> 
     </span>
    </p>
   </div>
   <div class='ocr_carea' id='block_1_75' title="bbox 1855 3118 2994 3188">
    <p class='ocr_par' dir='ltr' id='par_1_75' title="bbox 1855 3118 2994 3188">
     <span class='ocr_line' id='line_1_75' title="bbox 1855 3118 2994 3188; baseline 0 -17"><span class='ocrx_word' id='word_1_507' title='bbox 1855 3129 1981 3173; x_wconf 86' lang='lat' dir='ltr'><strong>ante</strong></span> <span class='ocrx_word' id='word_1_508' title='bbox 2018 3118 2377 3187; x_wconf 76' lang='lat' dir='ltr'><strong>episcopatum</strong></span> <span class='ocrx_word' id='word_1_509' title='bbox 2407 3119 2466 3176; x_wconf 91' lang='lat' dir='ltr'><strong>S.</strong></span> <span class='ocrx_word' id='word_1_510' title='bbox 2493 3118 2670 3173; x_wconf 85' lang='lat' dir='ltr'><strong>Basilii</strong></span> <span class='ocrx_word' id='word_1_511' title='bbox 2706 3118 2994 3188; x_wconf 90' lang='lat' dir='ltr'><strong>prodiisse.</strong></span> 
     </span>
    </p>
   </div>
   <div class='ocr_carea' id='block_1_76' title="bbox 1928 3299 3423 3374">
    <p class='ocr_par' dir='ltr' id='par_1_76' title="bbox 1928 3299 3423 3374">
     <span class='ocr_line' id='line_1_76' title="bbox 1928 3299 3423 3374; baseline -0.001 -18"><span class='ocrx_word' id='word_1_512' title='bbox 1928 3301 2179 3357; x_wconf 81' lang='lat' dir='ltr'><strong>Testatur</strong></span> <span class='ocrx_word' id='word_1_513' title='bbox 2210 3301 2540 3371; x_wconf 86' lang='lat' dir='ltr'><strong>Epiphanius</strong></span> <span class='ocrx_word' id='word_1_514' title='bbox 2580 3299 2654 3374; x_wconf 74' lang='lat' dir='ltr'><strong>lg)</strong></span> <span class='ocrx_word' id='word_1_515' title='bbox 2694 3316 2757 3355; x_wconf 77' lang='lat' dir='ltr'><strong>ex</strong></span> <span class='ocrx_word' id='word_1_516' title='bbox 2800 3301 2882 3354; x_wconf 91' lang='lat' dir='ltr'><strong>his</strong></span> <span class='ocrx_word' id='word_1_517' title='bbox 2915 3299 3423 3354; x_wconf 81' lang='lat' dir='ltr'><strong>Pueumatomachis</strong></span> 
     </span>
    </p>
   </div>
   <div class='ocr_carea' id='block_1_77' title="bbox 1858 3392 3422 3462">
    <p class='ocr_par' dir='ltr' id='par_1_77' title="bbox 1858 3392 3422 3462">
     <span class='ocr_line' id='line_1_77' title="bbox 1858 3392 3422 3462; baseline -0.001 -15"><span class='ocrx_word' id='word_1_518' title='bbox 1858 3395 1994 3448; x_wconf 86' lang='lat' dir='ltr'><strong>alios</strong></span> <span class='ocrx_word' id='word_1_519' title='bbox 2023 3394 2091 3448; x_wconf 83' lang='lat' dir='ltr'><strong>de</strong></span> <span class='ocrx_word' id='word_1_520' title='bbox 2142 3393 2280 3447; x_wconf 80' lang='lat' dir='ltr'><strong>Filio</strong></span> <span class='ocrx_word' id='word_1_521' title='bbox 2315 3404 2458 3448; x_wconf 78' lang='lat' dir='ltr'><strong>recte</strong></span> <span class='ocrx_word' id='word_1_522' title='bbox 2516 3394 2774 3456; x_wconf 83' lang='lat' dir='ltr'><strong>sensisse,</strong></span> <span class='ocrx_word' id='word_1_523' title='bbox 2807 3392 2940 3447; x_wconf 87' lang='lat' dir='ltr'><strong>alios</strong></span> <span class='ocrx_word' id='word_1_524' title='bbox 2977 3408 3042 3447; x_wconf 91' lang='lat' dir='ltr'><strong>ne</strong></span> <span class='ocrx_word' id='word_1_525' title='bbox 3074 3393 3126 3446; x_wconf 91' lang='lat' dir='ltr'><strong>in</strong></span> <span class='ocrx_word' id='word_1_526' title='bbox 3159 3394 3256 3448; x_wconf 85' lang='lat' dir='ltr'><strong>hoc</strong></span> <span class='ocrx_word' id='word_1_527' title='bbox 3285 3395 3422 3462; x_wconf 85' lang='lat' dir='ltr'><strong>qui-</strong></span> 
     </span>
    </p>
   </div>
   <div class='ocr_carea' id='block_1_78' title="bbox 1855 3483 3421 3555">
    <p class='ocr_par' dir='ltr' id='par_1_78' title="bbox 1855 3483 3421 3555">
     <span class='ocr_line' id='line_1_78' title="bbox 1855 3483 3421 3555; baseline 0.001 -17"><span class='ocrx_word' id='word_1_528' title='bbox 1855 3485 1974 3538; x_wconf 71' lang='lat' dir='ltr'><strong>dem</strong></span> <span class='ocrx_word' id='word_1_529' title='bbox 2001 3483 2067 3536; x_wconf 89' lang='lat' dir='ltr'><strong>ab</strong></span> <span class='ocrx_word' id='word_1_530' title='bbox 2096 3485 2293 3538; x_wconf 85' lang='lat' dir='ltr'><strong>Ariana</strong></span> <span class='ocrx_word' id='word_1_531' title='bbox 2319 3487 2594 3555; x_wconf 88' lang='lat' dir='ltr'><strong>impietate</strong></span> <span class='ocrx_word' id='word_1_532' title='bbox 2619 3486 2952 3540; x_wconf 82' lang='lat' dir='ltr'><strong>discessisse.</strong></span> <span class='ocrx_word' id='word_1_533' title='bbox 2988 3487 3041 3538; x_wconf 91' lang='lat' dir='ltr'><strong>In</strong></span> <span class='ocrx_word' id='word_1_534' title='bbox 3079 3487 3178 3537; x_wconf 89' lang='lat' dir='ltr'><strong>hoc</strong></span> <span class='ocrx_word' id='word_1_535' title='bbox 3214 3496 3421 3554; x_wconf 89' lang='lat' dir='ltr'><strong>postre-</strong></span> 
     </span>
    </p>
   </div>
   <div class='ocr_carea' id='block_1_79' title="bbox 1855 3577 3420 3650">
    <p class='ocr_par' dir='ltr' id='par_1_79' title="bbox 1855 3577 3420 3650">
     <span class='ocr_line' id='line_1_79' title="bbox 1855 3577 3420 3650; baseline 0.001 -18"><span class='ocrx_word' id='word_1_536' title='bbox 1855 3595 1943 3632; x_wconf 90' lang='lat' dir='ltr'><strong>mo</strong></span> <span class='ocrx_word' id='word_1_537' title='bbox 2013 3594 2207 3650; x_wconf 80' lang='lat' dir='ltr'><strong>genere</strong></span> <span class='ocrx_word' id='word_1_538' title='bbox 2274 3581 2639 3634; x_wconf 88' lang='lat' dir='ltr'><strong>reccnsendus</strong></span> <span class='ocrx_word' id='word_1_539' title='bbox 2698 3578 3008 3632; x_wconf 86' lang='lat' dir='ltr'><strong>Eustathius</strong></span> <span class='ocrx_word' id='word_1_540' title='bbox 3069 3577 3420 3634; x_wconf 81' lang='lat' dir='ltr'><strong>Sebasteuus.</strong></span> 
     </span>
    </p>
   </div>
   <div class='ocr_carea' id='block_1_80' title="bbox 1854 3669 3424 3741">
    <p class='ocr_par' dir='ltr' id='par_1_80' title="bbox 1854 3669 3424 3741">
     <span class='ocr_line' id='line_1_80' title="bbox 1854 3669 3424 3741; baseline 0.001 -17"><span class='ocrx_word' id='word_1_541' title='bbox 1854 3670 2005 3726; x_wconf 84' lang='lat' dir='ltr'><strong>lluuc</strong></span> <span class='ocrx_word' id='word_1_542' title='bbox 2038 3672 2274 3741; x_wconf 86' lang='lat' dir='ltr'><strong>episcopi</strong></span> <span class='ocrx_word' id='word_1_543' title='bbox 2323 3669 2631 3724; x_wconf 87' lang='lat' dir='ltr'><strong>Orientales</strong></span> <span class='ocrx_word' id='word_1_544' title='bbox 2692 3676 2962 3723; x_wconf 87' lang='lat' dir='ltr'><strong>testantur</strong></span> <span class='ocrx_word' id='word_1_545' title='bbox 3018 3671 3069 3723; x_wconf 92' lang='lat' dir='ltr'><strong>in</strong></span> <span class='ocrx_word' id='word_1_546' title='bbox 3125 3671 3283 3740; x_wconf 83' lang='lat' dir='ltr'><strong>epist.</strong></span> <span class='ocrx_word' id='word_1_547' title='bbox 3315 3670 3424 3726; x_wconf 75' lang='lat'><strong>265</strong></span> 
     </span>
    </p>
   </div>
   <div class='ocr_carea' id='block_1_81' title="bbox 1855 3760 3424 3830">
    <p class='ocr_par' dir='ltr' id='par_1_81' title="bbox 1855 3760 3424 3830">
     <span class='ocr_line' id='line_1_81' title="bbox 1855 3760 3424 3830; baseline 0 -14"><span class='ocrx_word' id='word_1_548' title='bbox 1855 3780 1908 3816; x_wconf 91' lang='grc' dir='ltr'><strong>ιι.</strong></span> <span class='ocrx_word' id='word_1_549' title='bbox 1937 3764 1991 3826; x_wconf 79' lang='grc'><strong>5,</strong></span> <span class='ocrx_word' id='word_1_550' title='bbox 2022 3776 2144 3816; x_wconf 91' lang='lat' dir='ltr'><strong>cum</strong></span> <span class='ocrx_word' id='word_1_551' title='bbox 2175 3763 2239 3815; x_wconf 83' lang='lat' dir='ltr'><strong>iis</strong></span> <span class='ocrx_word' id='word_1_552' title='bbox 2265 3760 2608 3827; x_wconf 73' lang='lat' dir='ltr'><strong>coniunctum</strong></span> <span class='ocrx_word' id='word_1_553' title='bbox 2645 3777 2785 3825; x_wconf 79' lang='lat' dir='ltr'><strong>esse,</strong></span> <span class='ocrx_word' id='word_1_554' title='bbox 2841 3763 2931 3830; x_wconf 87' lang='lat' dir='ltr'><strong>qui</strong></span> <span class='ocrx_word' id='word_1_555' title='bbox 2962 3763 3424 3818; x_wconf 84' lang='lat' dir='ltr'><strong>consubstantiale</strong></span> 
     </span>
    </p>
   </div>
   <div class='ocr_carea' id='block_1_82' title="bbox 1853 3851 3424 3920">
    <p class='ocr_par' dir='ltr' id='par_1_82' title="bbox 1853 3851 3424 3920">
     <span class='ocr_line' id='line_1_82' title="bbox 1853 3851 3424 3920; baseline 0.001 -15"><span class='ocrx_word' id='word_1_556' title='bbox 1853 3851 2342 3912; x_wconf 78' lang='lat' dir='ltr'><strong>auatbematizant,</strong></span> <span class='ocrx_word' id='word_1_557' title='bbox 2412 3866 2475 3906; x_wconf 91' lang='lat' dir='ltr'><strong>ac</strong></span> <span class='ocrx_word' id='word_1_558' title='bbox 2536 3851 2726 3904; x_wconf 86' lang='lat' dir='ltr'><strong>diicem</strong></span> <span class='ocrx_word' id='word_1_559' title='bbox 2782 3866 2840 3906; x_wconf 88' lang='lat' dir='ltr'><strong>se</strong></span> <span class='ocrx_word' id='word_1_560' title='bbox 2902 3851 3141 3920; x_wconf 61' lang='lat' dir='ltr'><strong>praebere</strong></span> <span class='ocrx_word' id='word_1_561' title='bbox 3203 3854 3424 3908; x_wconf 81' lang='lat' dir='ltr'><strong>lucresis</strong></span> 
     </span>
    </p>
   </div>
   <div class='ocr_carea' id='block_1_83' title="bbox 1853 3939 3425 4007">
    <p class='ocr_par' dir='ltr' id='par_1_83' title="bbox 1853 3939 3425 4007">
     <span class='ocr_line' id='line_1_83' title="bbox 1853 3939 3425 4007; baseline -0.001 -10"><span class='ocrx_word' id='word_1_562' title='bbox 1853 3943 2488 3997; x_wconf 77' lang='lat' dir='ltr'><strong>l’neumatomaehorum.</strong></span> <span class='ocrx_word' id='word_1_563' title='bbox 2525 3939 2784 4007; x_wconf 86' lang='lat' dir='ltr'><strong>Quamvis</strong></span> <span class='ocrx_word' id='word_1_564' title='bbox 2818 3950 2995 3994; x_wconf 86' lang='lat' dir='ltr'><strong>autem</strong></span> <span class='ocrx_word' id='word_1_565' title='bbox 3026 3941 3339 3997; x_wconf 80' lang='lat' dir='ltr'><strong>Eustathius</strong></span> <span class='ocrx_word' id='word_1_566' title='bbox 3368 3952 3425 3998; x_wconf 88' lang='lat' dir='ltr'><strong>et</strong></span> 
     </span>
    </p>
   </div>
   <div class='ocr_carea' id='block_1_84' title="bbox 1850 4031 3419 4103">
    <p class='ocr_par' dir='ltr' id='par_1_84' title="bbox 1850 4031 3419 4103">
     <span class='ocr_line' id='line_1_84' title="bbox 1850 4031 3419 4103; baseline 0.001 -17"><span class='ocrx_word' id='word_1_567' title='bbox 1850 4032 1964 4095; x_wconf 85' lang='lat' dir='ltr'><strong>alii,</strong></span> <span class='ocrx_word' id='word_1_568' title='bbox 2021 4042 2079 4086; x_wconf 89' lang='lat' dir='ltr'><strong>ut</strong></span> <span class='ocrx_word' id='word_1_569' title='bbox 2132 4032 2411 4100; x_wconf 82' lang='lat' dir='ltr'><strong>probabile</strong></span> <span class='ocrx_word' id='word_1_570' title='bbox 2462 4042 2580 4096; x_wconf 89' lang='lat' dir='ltr'><strong>est,</strong></span> <span class='ocrx_word' id='word_1_571' title='bbox 2644 4031 3128 4089; x_wconf 81' lang='lat' dir='ltr'><strong>Pneumatomachi</strong></span> <span class='ocrx_word' id='word_1_572' title='bbox 3187 4035 3419 4103; x_wconf 82' lang='lat' dir='ltr'><strong>gratiam</strong></span> 
     </span>
    </p>
   </div>
   <div class='ocr_carea' id='block_1_85' title="bbox 1851 4123 3420 4189">
    <p class='ocr_par' dir='ltr' id='par_1_85' title="bbox 1851 4123 3420 4189">
     <span class='ocr_line' id='line_1_85' title="bbox 1851 4123 3420 4189; baseline -0.001 -8"><span class='ocrx_word' id='word_1_573' title='bbox 1851 4127 2175 4181; x_wconf 87' lang='lat' dir='ltr'><strong>Arianorum</strong></span> <span class='ocrx_word' id='word_1_574' title='bbox 2225 4123 2498 4179; x_wconf 86' lang='lat' dir='ltr'><strong>ambirent</strong></span> <span class='ocrx_word' id='word_1_575' title='bbox 2543 4135 2597 4181; x_wconf 91' lang='lat' dir='ltr'><strong>et</strong></span> <span class='ocrx_word' id='word_1_576' title='bbox 2628 4123 2942 4181; x_wconf 87' lang='lat' dir='ltr'><strong>Calholicos</strong></span> <span class='ocrx_word' id='word_1_577' title='bbox 2972 4135 3272 4189; x_wconf 76' lang='lat' dir='ltr'><strong>vexarent;</strong></span> <span class='ocrx_word' id='word_1_578' title='bbox 3314 4141 3420 4180; x_wconf 88' lang='lat' dir='ltr'><strong>non</strong></span> 
     </span>
    </p>
   </div>
   <div class='ocr_carea' id='block_1_86' title="bbox 1848 4216 3419 4280">
    <p class='ocr_par' dir='ltr' id='par_1_86' title="bbox 1848 4216 3419 4280">
     <span class='ocr_line' id='line_1_86' title="bbox 1848 4216 3419 4280; baseline -0.002 -5"><span class='ocrx_word' id='word_1_579' title='bbox 1848 4230 2028 4276; x_wconf 90' lang='lat' dir='ltr'><strong>tamen</strong></span> <span class='ocrx_word' id='word_1_580' title='bbox 2060 4237 2088 4273; x_wconf 89' lang='lat' dir='ltr'><strong>a</strong></span> <span class='ocrx_word' id='word_1_581' title='bbox 2126 4219 2407 4274; x_wconf 85' lang='lat' dir='ltr'><strong>catholicis</strong></span> <span class='ocrx_word' id='word_1_582' title='bbox 2441 4219 2697 4274; x_wconf 83' lang='lat' dir='ltr'><strong>Ecclesiis</strong></span> <span class='ocrx_word' id='word_1_583' title='bbox 2720 4217 2943 4272; x_wconf 89' lang='lat' dir='ltr'><strong>omnino</strong></span> <span class='ocrx_word' id='word_1_584' title='bbox 2981 4216 3202 4271; x_wconf 85' lang='lat' dir='ltr'><strong>ahscissi</strong></span> <span class='ocrx_word' id='word_1_585' title='bbox 3241 4228 3419 4280; x_wconf 88' lang='lat' dir='ltr'><strong>erant.</strong></span> 
     </span>
    </p>
   </div>
   <div class='ocr_carea' id='block_1_87' title="bbox 1847 4310 3423 4384">
    <p class='ocr_par' dir='ltr' id='par_1_87' title="bbox 1847 4310 3423 4384">
     <span class='ocr_line' id='line_1_87' title="bbox 1847 4310 3423 4384; baseline -0.004 -14"><span class='ocrx_word' id='word_1_586' title='bbox 1847 4313 1939 4370; x_wconf 85' lang='lat' dir='ltr'><strong>sed</strong></span> <span class='ocrx_word' id='word_1_587' title='bbox 1971 4313 2060 4368; x_wconf 91' lang='lat' dir='ltr'><strong>diu</strong></span> <span class='ocrx_word' id='word_1_588' title='bbox 2095 4313 2216 4366; x_wconf 89' lang='lat' dir='ltr'><strong>ovis</strong></span> <span class='ocrx_word' id='word_1_589' title='bbox 2265 4311 2459 4384; x_wconf 90' lang='lat' dir='ltr'><strong>pellem</strong></span> <span class='ocrx_word' id='word_1_590' title='bbox 2497 4312 2858 4372; x_wconf 84' lang='lat' dir='ltr'><strong>retinuerunt,</strong></span> <span class='ocrx_word' id='word_1_591' title='bbox 2919 4317 2977 4361; x_wconf 91' lang='lat' dir='ltr'><strong>ut</strong></span> <span class='ocrx_word' id='word_1_592' title='bbox 3032 4318 3179 4377; x_wconf 80' lang='lat' dir='ltr'><strong>patet</strong></span> <span class='ocrx_word' id='word_1_593' title='bbox 3209 4324 3274 4364; x_wconf 79' lang='lat' dir='ltr'><strong>ex</strong></span> <span class='ocrx_word' id='word_1_594' title='bbox 3337 4310 3423 4364; x_wconf 88' lang='lat' dir='ltr'><strong>his</strong></span> 
     </span>
    </p>
   </div>
   <div class='ocr_carea' id='block_1_88' title="bbox 1845 4399 3424 4475">
    <p class='ocr_par' dir='ltr' id='par_1_88' title="bbox 1845 4399 3424 4475">
     <span class='ocr_line' id='line_1_88' title="bbox 1845 4399 3424 4475; baseline -0.001 -20"><span class='ocrx_word' id='word_1_595' title='bbox 1845 4405 2026 4461; x_wconf 74' lang='lat' dir='ltr'><strong>verbis</strong></span> <span class='ocrx_word' id='word_1_596' title='bbox 2048 4405 2283 4475; x_wconf 84' lang='lat' dir='ltr'><strong>ejusdem</strong></span> <span class='ocrx_word' id='word_1_597' title='bbox 2298 4402 2538 4474; x_wconf 72' lang='lat' dir='ltr'><strong>epistola:</strong></span> <span class='ocrx_word' id='word_1_598' title='bbox 2562 4401 2690 4463; x_wconf 70' lang='grc'><strong>265,</strong></span> <span class='ocrx_word' id='word_1_599' title='bbox 2723 4417 2868 4455; x_wconf 90' lang='lat' dir='ltr'><strong>num.</strong></span> <span class='ocrx_word' id='word_1_600' title='bbox 2905 4399 2940 4454; x_wconf 72' lang='lat'><strong>2</strong></span> <span class='ocrx_word' id='word_1_601' title='bbox 2963 4420 2975 4454; x_wconf 93' lang='lat'>:</span> <span class='ocrx_word' id='word_1_602' title='bbox 3002 4400 3192 4455; x_wconf 78' lang='lat' dir='ltr'><strong>Audax</strong></span> <span class='ocrx_word' id='word_1_603' title='bbox 3213 4402 3424 4471; x_wconf 66' lang='lat' dir='ltr'><strong>quidem</strong></span> 
     </span>
    </p>
   </div>
   <div class='ocr_carea' id='block_1_89' title="bbox 1843 4493 3425 4566">
    <p class='ocr_par' dir='ltr' id='par_1_89' title="bbox 1843 4493 3425 4566">
     <span class='ocr_line' id='line_1_89' title="bbox 1843 4493 3425 4566; baseline -0.004 -17"><span class='ocrx_word' id='word_1_604' title='bbox 1843 4497 1958 4560; x_wconf 90' lang='lat' dir='ltr'><strong>illa,</strong></span> <span class='ocrx_word' id='word_1_605' title='bbox 1995 4494 2518 4566; x_wconf 80' lang='lat' dir='ltr'><strong>inquiuutepiseopi.</strong></span> <span class='ocrx_word' id='word_1_606' title='bbox 2558 4510 2620 4547; x_wconf 92' lang='lat' dir='ltr'><strong>ac</strong></span> <span class='ocrx_word' id='word_1_607' title='bbox 2660 4493 2931 4561; x_wconf 81' lang='lat' dir='ltr'><strong>impudens</strong></span> <span class='ocrx_word' id='word_1_608' title='bbox 2970 4493 3288 4544; x_wconf 81' lang='lat' dir='ltr'><strong>Arianorum</strong></span> <span class='ocrx_word' id='word_1_609' title='bbox 3319 4493 3425 4544; x_wconf 76' lang='lat' dir='ltr'><strong>Iur-</strong></span> 
     </span>
    </p>
   </div>
   <div class='ocr_carea' id='block_1_90' title="bbox 1844 4582 3422 4655">
    <p class='ocr_par' dir='ltr' id='par_1_90' title="bbox 1844 4582 3422 4655">
     <span class='ocr_line' id='line_1_90' title="bbox 1844 4582 3422 4655; baseline -0.003 -15"><span class='ocrx_word' id='word_1_610' title='bbox 1844 4590 1972 4643; x_wconf 86' lang='lat' dir='ltr'><strong>resis</strong></span> <span class='ocrx_word' id='word_1_611' title='bbox 1999 4591 2175 4654; x_wconf 84' lang='lat' dir='ltr'><strong>palam</strong></span> <span class='ocrx_word' id='word_1_612' title='bbox 2199 4589 2431 4641; x_wconf 87' lang='lat' dir='ltr'><strong>abscissa</strong></span> <span class='ocrx_word' id='word_1_613' title='bbox 2477 4602 2510 4639; x_wconf 90' lang='lat' dir='ltr'><strong>a</strong></span> <span class='ocrx_word' id='word_1_614' title='bbox 2553 4602 2767 4655; x_wconf 83' lang='lat' dir='ltr'><strong>corpore</strong></span> <span class='ocrx_word' id='word_1_615' title='bbox 2823 4582 3110 4644; x_wconf 79' lang='lat' dir='ltr'><strong>Ecelesiw,</strong></span> <span class='ocrx_word' id='word_1_616' title='bbox 3161 4593 3329 4635; x_wconf 86' lang='lat' dir='ltr'><strong>manet</strong></span> <span class='ocrx_word' id='word_1_617' title='bbox 3365 4583 3422 4636; x_wconf 83' lang='lat' dir='ltr'><strong>in</strong></span> 
     </span>
    </p>
   </div>
   <div class='ocr_carea' id='block_1_91' title="bbox 187 4673 3423 4751">
    <p class='ocr_par' dir='ltr' id='par_1_91' title="bbox 187 4673 3423 4751">
     <span class='ocr_line' id='line_1_91' title="bbox 187 4673 3423 4751; baseline -0.003 -15"><span class='ocrx_word' id='word_1_618' title='bbox 187 4685 338 4751; x_wconf 87' lang='lat' dir='ltr'><strong>visse,</strong></span> <span class='ocrx_word' id='word_1_619' title='bbox 374 4699 476 4739; x_wconf 89' lang='lat' dir='ltr'><strong>nec</strong></span> <span class='ocrx_word' id='word_1_620' title='bbox 508 4695 616 4740; x_wconf 88' lang='lat' dir='ltr'><strong>tam</strong></span> <span class='ocrx_word' id='word_1_621' title='bbox 650 4689 761 4742; x_wconf 91' lang='lat' dir='ltr'><strong>cito</strong></span> <span class='ocrx_word' id='word_1_622' title='bbox 788 4683 1048 4740; x_wconf 77' lang='lat' dir='ltr'><strong>verticem</strong></span> <span class='ocrx_word' id='word_1_623' title='bbox 1080 4684 1381 4740; x_wconf 82' lang='lat' dir='ltr'><strong>sustulisse.</strong></span> <span class='ocrx_word' id='word_1_624' title='bbox 1405 4683 1539 4738; x_wconf 74' lang='lat' dir='ltr'><strong>Nam</strong></span> <span class='ocrx_word' id='word_1_625' title='bbox 1571 4683 1743 4737; x_wconf 86' lang='lat' dir='ltr'><strong>tribus</strong></span> <span class='ocrx_word' id='word_1_626' title='bbox 1775 4683 1819 4740; x_wconf 89' lang='lat' dir='ltr'><strong>D</strong></span> <span class='ocrx_word' id='word_1_627' title='bbox 1846 4697 1942 4736; x_wconf 77' lang='lat' dir='ltr'><strong>suo</strong></span> <span class='ocrx_word' id='word_1_628' title='bbox 1987 4681 2150 4749; x_wconf 82' lang='lat' dir='ltr'><strong>ipsius</strong></span> <span class='ocrx_word' id='word_1_629' title='bbox 2176 4695 2370 4740; x_wconf 86' lang='lat' dir='ltr'><strong>errore,</strong></span> <span class='ocrx_word' id='word_1_630' title='bbox 2401 4679 2648 4748; x_wconf 87' lang='lat' dir='ltr'><strong>nobisque</strong></span> <span class='ocrx_word' id='word_1_631' title='bbox 2688 4694 2790 4730; x_wconf 84' lang='lat' dir='ltr'><strong>non</strong></span> <span class='ocrx_word' id='word_1_632' title='bbox 2819 4677 3040 4728; x_wconf 87' lang='lat' dir='ltr'><strong>multum</strong></span> <span class='ocrx_word' id='word_1_633' title='bbox 3077 4679 3223 4727; x_wconf 86' lang='lat' dir='ltr'><strong>uocet</strong></span> <span class='ocrx_word' id='word_1_634' title='bbox 3246 4712 3261 4734; x_wconf 89' lang='lat'><strong>,</strong></span> <span class='ocrx_word' id='word_1_635' title='bbox 3291 4673 3423 4742; x_wconf 82' lang='lat' dir='ltr'><strong>quia</strong></span> 
     </span>
    </p>
   </div>
   <div class='ocr_carea' id='block_1_92' title="bbox 189 4776 1743 4849">
    <p class='ocr_par' dir='ltr' id='par_1_92' title="bbox 189 4776 1743 4849">
     <span class='ocr_line' id='line_1_92' title="bbox 189 4776 1743 4849; baseline -0.001 -21"><span class='ocrx_word' id='word_1_636' title='bbox 189 4780 332 4833; x_wconf 86' lang='lat' dir='ltr'><strong>annis</strong></span> <span class='ocrx_word' id='word_1_637' title='bbox 370 4789 492 4845; x_wconf 88' lang='lat' dir='ltr'><strong>post</strong></span> <span class='ocrx_word' id='word_1_638' title='bbox 534 4779 834 4849; x_wconf 78' lang='lat' dir='ltr'><strong>depositura</strong></span> <span class='ocrx_word' id='word_1_639' title='bbox 870 4777 1264 4842; x_wconf 73' lang='lat' dir='ltr'><strong>Macedonium,</strong></span> <span class='ocrx_word' id='word_1_640' title='bbox 1305 4776 1539 4832; x_wconf 87' lang='lat' dir='ltr'><strong>Basilius</strong></span> <span class='ocrx_word' id='word_1_641' title='bbox 1565 4776 1743 4831; x_wconf 79' lang='lat' dir='ltr'><strong>Eunu-</strong></span> 
     </span>
    </p>
   </div>
   <div class='ocr_carea' id='block_1_93' title="bbox 189 4864 1742 4940">
    <p class='ocr_par' dir='ltr' id='par_1_93' title="bbox 189 4864 1742 4940">
     <span class='ocr_line' id='line_1_93' title="bbox 189 4864 1742 4940; baseline 0.002 -23"><span class='ocrx_word' id='word_1_642' title='bbox 189 4869 366 4933; x_wconf 80' lang='lat' dir='ltr'><strong>inium,</strong></span> <span class='ocrx_word' id='word_1_643' title='bbox 393 4870 484 4940; x_wconf 90' lang='lat' dir='ltr'><strong>qui</strong></span> <span class='ocrx_word' id='word_1_644' title='bbox 520 4868 780 4939; x_wconf 81' lang='lat' dir='ltr'><strong>Spiritum</strong></span> <span class='ocrx_word' id='word_1_645' title='bbox 805 4877 1052 4925; x_wconf 85' lang='lat' dir='ltr'><strong>sanctum</strong></span> <span class='ocrx_word' id='word_1_646' title='bbox 1093 4875 1398 4922; x_wconf 87' lang='lat' dir='ltr'><strong>creaturam</strong></span> <span class='ocrx_word' id='word_1_647' title='bbox 1435 4864 1742 4935; x_wconf 79' lang='lat' dir='ltr'><strong>appellave-</strong></span> 
     </span>
    </p>
   </div>
   <div class='ocr_carea' id='block_1_94' title="bbox 191 4957 1742 5026">
    <p class='ocr_par' dir='ltr' id='par_1_94' title="bbox 191 4957 1742 5026">
     <span class='ocr_line' id='line_1_94' title="bbox 191 4957 1742 5026; baseline 0.001 -16"><span class='ocrx_word' id='word_1_648' title='bbox 191 4969 288 5025; x_wconf 82' lang='lat' dir='ltr'><strong>rat,</strong></span> <span class='ocrx_word' id='word_1_649' title='bbox 318 4973 376 5014; x_wconf 88' lang='lat' dir='ltr'><strong>ut</strong></span> <span class='ocrx_word' id='word_1_650' title='bbox 403 4976 556 5017; x_wconf 64' lang='lat' dir='ltr'><strong>novae</strong></span> <span class='ocrx_word' id='word_1_651' title='bbox 585 4969 640 5015; x_wconf 91' lang='lat' dir='ltr'><strong>et</strong></span> <span class='ocrx_word' id='word_1_652' title='bbox 661 4961 923 5016; x_wconf 87' lang='lat' dir='ltr'><strong>hactenus</strong></span> <span class='ocrx_word' id='word_1_653' title='bbox 950 4959 1206 5015; x_wconf 71' lang='lat' dir='ltr'><strong>inaudita:</strong></span> <span class='ocrx_word' id='word_1_654' title='bbox 1237 4957 1530 5026; x_wconf 86' lang='lat' dir='ltr'><strong>impietatis</strong></span> <span class='ocrx_word' id='word_1_655' title='bbox 1556 4968 1742 5012; x_wconf 86' lang='lat' dir='ltr'><strong>aucto-</strong></span> 
     </span>
    </p>
   </div>
   <div class='ocr_carea' id='block_1_95' title="bbox 188 5056 1744 5131">
    <p class='ocr_par' dir='ltr' id='par_1_95' title="bbox 188 5056 1744 5131">
     <span class='ocr_line' id='line_1_95' title="bbox 188 5056 1744 5131; baseline -0.001 -20"><span class='ocrx_word' id='word_1_656' title='bbox 188 5073 292 5114; x_wconf 85' lang='lat' dir='ltr'><strong>rem</strong></span> <span class='ocrx_word' id='word_1_657' title='bbox 329 5059 645 5115; x_wconf 88' lang='lat' dir='ltr'><strong>iusectatur.</strong></span> <span class='ocrx_word' id='word_1_658' title='bbox 675 5056 892 5114; x_wconf 80' lang='lat' dir='ltr'><strong>Primus</strong></span> <span class='ocrx_word' id='word_1_659' title='bbox 913 5075 1057 5131; x_wconf 85' lang='lat' dir='ltr'><strong>ergo,</strong></span> <span class='ocrx_word' id='word_1_660' title='bbox 1086 5058 1262 5128; x_wconf 85' lang='lat' dir='ltr'><strong>inquit</strong></span> <span class='ocrx_word' id='word_1_661' title='bbox 1293 5056 1387 5129; x_wconf 75' lang='grc' dir='ltr'><strong>(ι),</strong></span> <span class='ocrx_word' id='word_1_662' title='bbox 1424 5056 1634 5112; x_wconf 87' lang='lat' dir='ltr'><strong>illorum</strong></span> <span class='ocrx_word' id='word_1_663' title='bbox 1653 5057 1744 5125; x_wconf 79' lang='lat' dir='ltr'><strong>qui</strong></span> 
     </span>
    </p>
   </div>
   <div class='ocr_carea' id='block_1_96' title="bbox 188 5147 1741 5220">
    <p class='ocr_par' dir='ltr' id='par_1_96' title="bbox 188 5147 1741 5220">
     <span class='ocr_line' id='line_1_96' title="bbox 188 5147 1741 5220; baseline -0.001 -18"><span class='ocrx_word' id='word_1_664' title='bbox 188 5152 438 5205; x_wconf 65' lang='lat' dir='ltr'><strong>veritatem</strong></span> <span class='ocrx_word' id='word_1_665' title='bbox 462 5152 637 5206; x_wconf 84' lang='lat' dir='ltr'><strong>adorti</strong></span> <span class='ocrx_word' id='word_1_666' title='bbox 669 5159 816 5214; x_wconf 79' lang='lat' dir='ltr'><strong>sunt,</strong></span> <span class='ocrx_word' id='word_1_667' title='bbox 848 5165 914 5205; x_wconf 81' lang='lat' dir='ltr'><strong>ex</strong></span> <span class='ocrx_word' id='word_1_668' title='bbox 937 5167 1039 5220; x_wconf 80' lang='lat' dir='ltr'><strong>quo</strong></span> <span class='ocrx_word' id='word_1_669' title='bbox 1073 5149 1285 5220; x_wconf 81' lang='lat' dir='ltr'><strong>pietatis</strong></span> <span class='ocrx_word' id='word_1_670' title='bbox 1309 5147 1616 5216; x_wconf 79' lang='lat' dir='ltr'><strong>prtedicatio</strong></span> <span class='ocrx_word' id='word_1_671' title='bbox 1656 5147 1741 5201; x_wconf 84' lang='lat' dir='ltr'><strong>di-</strong></span> 
     </span>
    </p>
   </div>
   <div class='ocr_carea' id='block_1_97' title="bbox 187 5241 1741 5313">
    <p class='ocr_par' dir='ltr' id='par_1_97' title="bbox 187 5241 1741 5313">
     <span class='ocr_line' id='line_1_97' title="bbox 187 5241 1741 5313; baseline -0.001 -19"><span class='ocrx_word' id='word_1_672' title='bbox 187 5243 381 5312; x_wconf 67' lang='lat' dir='ltr'><strong>ssipata</strong></span> <span class='ocrx_word' id='word_1_673' title='bbox 409 5254 509 5307; x_wconf 86' lang='lat' dir='ltr'><strong>est,</strong></span> <span class='ocrx_word' id='word_1_674' title='bbox 527 5245 661 5298; x_wconf 79' lang='lat' dir='ltr'><strong>hanc</strong></span> <span class='ocrx_word' id='word_1_675' title='bbox 686 5245 752 5299; x_wconf 84' lang='lat' dir='ltr'><strong>de</strong></span> <span class='ocrx_word' id='word_1_676' title='bbox 768 5241 970 5313; x_wconf 82' lang='lat' dir='ltr'><strong>Spiritu</strong></span> <span class='ocrx_word' id='word_1_677' title='bbox 995 5259 1166 5298; x_wconf 73' lang='lat' dir='ltr'><strong>vocem</strong></span> <span class='ocrx_word' id='word_1_678' title='bbox 1188 5242 1422 5297; x_wconf 83' lang='lat' dir='ltr'><strong>emittere</strong></span> <span class='ocrx_word' id='word_1_679' title='bbox 1452 5257 1616 5295; x_wconf 82' lang='lat' dir='ltr'><strong>ausus</strong></span> <span class='ocrx_word' id='word_1_680' title='bbox 1645 5253 1741 5295; x_wconf 89' lang='lat' dir='ltr'><strong>est.</strong></span> 
     </span>
    </p>
   </div>
   <div class='ocr_carea' id='block_1_98' title="bbox 188 5332 1741 5408">
    <p class='ocr_par' dir='ltr' id='par_1_98' title="bbox 188 5332 1741 5408">
     <span class='ocr_line' id='line_1_98' title="bbox 188 5332 1741 5408; baseline 0 -22"><span class='ocrx_word' id='word_1_681' title='bbox 188 5332 382 5390; x_wconf 78' lang='lat' dir='ltr'><strong>Etenim</strong></span> <span class='ocrx_word' id='word_1_682' title='bbox 411 5338 504 5408; x_wconf 76' lang='lat' dir='ltr'><strong>qui</strong></span> <span class='ocrx_word' id='word_1_683' title='bbox 546 5335 806 5404; x_wconf 81' lang='lat' dir='ltr'><strong>Spiritum</strong></span> <span class='ocrx_word' id='word_1_684' title='bbox 847 5345 1086 5390; x_wconf 81' lang='lat' dir='ltr'><strong>sanctum</strong></span> <span class='ocrx_word' id='word_1_685' title='bbox 1113 5345 1410 5390; x_wconf 86' lang='lat' dir='ltr'><strong>creaturam</strong></span> <span class='ocrx_word' id='word_1_686' title='bbox 1442 5334 1741 5403; x_wconf 83' lang='lat' dir='ltr'><strong>appellarit,</strong></span> 
     </span>
    </p>
   </div>
   <div class='ocr_carea' id='block_1_99' title="bbox 187 5427 1742 5498">
    <p class='ocr_par' dir='ltr' id='par_1_99' title="bbox 187 5427 1742 5498">
     <span class='ocr_line' id='line_1_99' title="bbox 187 5427 1742 5498; baseline 0.001 -19"><span class='ocrx_word' id='word_1_687' title='bbox 187 5431 474 5483; x_wconf 72' lang='lat' dir='ltr'><strong>audivimus</strong></span> <span class='ocrx_word' id='word_1_688' title='bbox 523 5429 778 5483; x_wconf 79' lang='lat' dir='ltr'><strong>neminem</strong></span> <span class='ocrx_word' id='word_1_689' title='bbox 821 5428 889 5482; x_wconf 81' lang='lat' dir='ltr'><strong>ad</strong></span> <span class='ocrx_word' id='word_1_690' title='bbox 919 5427 1228 5482; x_wconf 76' lang='lat' dir='ltr'><strong>hodiernum</strong></span> <span class='ocrx_word' id='word_1_691' title='bbox 1258 5443 1420 5498; x_wconf 82' lang='lat' dir='ltr'><strong>usque</strong></span> <span class='ocrx_word' id='word_1_692' title='bbox 1461 5428 1622 5490; x_wconf 84' lang='lat' dir='ltr'><strong>diem,</strong></span> <span class='ocrx_word' id='word_1_693' title='bbox 1660 5444 1742 5480; x_wconf 89' lang='lat' dir='ltr'><strong>ne-</strong></span> 
     </span>
    </p>
   </div>
   <div class='ocr_carea' id='block_1_100' title="bbox 186 5513 1738 5587">
    <p class='ocr_par' dir='ltr' id='par_1_100' title="bbox 186 5513 1738 5587">
     <span class='ocr_line' id='line_1_100' title="bbox 186 5513 1738 5587; baseline -0.005 -15"><span class='ocrx_word' id='word_1_694' title='bbox 186 5532 276 5585; x_wconf 73' lang='lat' dir='ltr'><strong>que</strong></span> <span class='ocrx_word' id='word_1_695' title='bbox 315 5519 368 5574; x_wconf 78' lang='lat' dir='ltr'><strong>in</strong></span> <span class='ocrx_word' id='word_1_696' title='bbox 399 5519 466 5574; x_wconf 91' lang='lat' dir='ltr'><strong>iis</strong></span> <span class='ocrx_word' id='word_1_697' title='bbox 489 5534 620 5587; x_wconf 80' lang='lat' dir='ltr'><strong>quos</strong></span> <span class='ocrx_word' id='word_1_698' title='bbox 664 5517 919 5580; x_wconf 78' lang='lat' dir='ltr'><strong>reliquere</strong></span> <span class='ocrx_word' id='word_1_699' title='bbox 975 5516 1123 5570; x_wconf 84' lang='lat' dir='ltr'><strong>libris</strong></span> <span class='ocrx_word' id='word_1_700' title='bbox 1156 5514 1288 5570; x_wconf 79' lang='lat' dir='ltr'><strong>lianc</strong></span> <span class='ocrx_word' id='word_1_701' title='bbox 1335 5513 1738 5583; x_wconf 85' lang='lat' dir='ltr'><strong>appellationem</strong></span> 
     </span>
    </p>
   </div>
   <div class='ocr_carea' id='block_1_101' title="bbox 187 5606 1737 5678">
    <p class='ocr_par' dir='ltr' id='par_1_101' title="bbox 187 5606 1737 5678">
     <span class='ocr_line' id='line_1_101' title="bbox 187 5606 1737 5678; baseline -0.001 -18"><span class='ocrx_word' id='word_1_702' title='bbox 187 5608 486 5666; x_wconf 69' lang='lat' dir='ltr'><strong>inveni-ius.</strong></span> <span class='ocrx_word' id='word_1_703' title='bbox 513 5609 838 5678; x_wconf 79' lang='lat' dir='ltr'><strong>Quinetiam</strong></span> <span class='ocrx_word' id='word_1_704' title='bbox 869 5608 1029 5665; x_wconf 89' lang='lat' dir='ltr'><strong>annis</strong></span> <span class='ocrx_word' id='word_1_705' title='bbox 1057 5607 1161 5664; x_wconf 76' lang='lat'><strong>366</strong></span> <span class='ocrx_word' id='word_1_706' title='bbox 1187 5618 1244 5665; x_wconf 87' lang='lat' dir='ltr'><strong>et</strong></span> <span class='ocrx_word' id='word_1_707' title='bbox 1275 5607 1400 5671; x_wconf 80' lang='lat'><strong>567,</strong></span> <span class='ocrx_word' id='word_1_708' title='bbox 1437 5606 1613 5662; x_wconf 80' lang='lat' dir='ltr'><strong>nullas</strong></span> <span class='ocrx_word' id='word_1_709' title='bbox 1641 5621 1737 5660; x_wconf 89' lang='lat' dir='ltr'><strong>su-</strong></span> 
     </span>
    </p>
   </div>
   <div class='ocr_carea' id='block_1_102' title="bbox 253 5786 590 5860">
    <p class='ocr_par' dir='ltr' id='par_1_102' title="bbox 253 5786 590 5860">
     <span class='ocr_line' id='line_1_102' title="bbox 253 5786 590 5860; baseline 0.003 -20"><span class='ocrx_word' id='word_1_710' title='bbox 253 5786 326 5860; x_wconf 77' lang='grc' dir='ltr'>(ιι)</span> <span class='ocrx_word' id='word_1_711' title='bbox 361 5788 460 5857; x_wconf 78' lang='lat' dir='ltr'><strong>Ep.</strong></span> <span class='ocrx_word' id='word_1_712' title='bbox 499 5786 590 5843; x_wconf 83' lang='lat'><strong>69.</strong></span> 
     </span>
    </p>
   </div>
   <div class='ocr_carea' id='block_1_103' title="bbox 252 5856 1123 5929">
    <p class='ocr_par' dir='ltr' id='par_1_103' title="bbox 252 5856 1123 5929">
     <span class='ocr_line' id='line_1_103' title="bbox 252 5856 1123 5929; baseline 0.002 -19"><span class='ocrx_word' id='word_1_713' title='bbox 252 5856 322 5925; x_wconf 76' lang='lat' dir='ltr'><strong>(b)</strong></span> <span class='ocrx_word' id='word_1_714' title='bbox 349 5859 554 5929; x_wconf 74' lang='lat' dir='ltr'><strong>Athan.</strong></span> <span class='ocrx_word' id='word_1_715' title='bbox 597 5856 691 5927; x_wconf 83' lang='lat' dir='ltr'><strong>Ep.</strong></span> <span class='ocrx_word' id='word_1_716' title='bbox 738 5857 791 5920; x_wconf 80' lang='lat' dir='ltr'><strong>l.</strong></span> <span class='ocrx_word' id='word_1_717' title='bbox 832 5858 899 5913; x_wconf 85' lang='lat' dir='ltr'><strong>ad</strong></span> <span class='ocrx_word' id='word_1_718' title='bbox 936 5857 1123 5929; x_wconf 88' lang='lat' dir='ltr'><strong>Scrap.</strong></span> 
     </span>
    </p>
   </div>
   <div class='ocr_carea' id='block_1_104' title="bbox 252 5928 834 5998">
    <p class='ocr_par' dir='ltr' id='par_1_104' title="bbox 252 5928 834 5998">
     <span class='ocr_line' id='line_1_104' title="bbox 252 5928 834 5998; baseline 0.005 -19"><span class='ocrx_word' id='word_1_719' title='bbox 252 5936 316 5997; x_wconf 85' lang='lat' dir='ltr'><strong>(c)</strong></span> <span class='ocrx_word' id='word_1_720' title='bbox 347 5928 463 5984; x_wconf 86' lang='lat' dir='ltr'><strong>Lib.</strong></span> <span class='ocrx_word' id='word_1_721' title='bbox 498 5945 560 5990; x_wconf 88' lang='lat' dir='ltr'><strong>Il.</strong></span> <span class='ocrx_word' id='word_1_722' title='bbox 585 5944 706 5998; x_wconf 83' lang='lat' dir='ltr'><strong>cap.</strong></span> <span class='ocrx_word' id='word_1_723' title='bbox 743 5929 834 5982; x_wconf 68' lang='grc' dir='ltr'>ιδ.</span> 
     </span>
    </p>
   </div>
   <div class='ocr_carea' id='block_1_105' title="bbox 249 5999 842 6071">
    <p class='ocr_par' dir='ltr' id='par_1_105' title="bbox 249 5999 842 6071">
     <span class='ocr_line' id='line_1_105' title="bbox 249 5999 842 6071; baseline 0.002 -20"><span class='ocrx_word' id='word_1_724' title='bbox 249 6003 325 6071; x_wconf 64' lang='grc' dir='ltr'><strong>(τι)</strong></span> <span class='ocrx_word' id='word_1_725' title='bbox 359 5999 472 6056; x_wconf 85' lang='lat' dir='ltr'><strong>Lib.</strong></span> <span class='ocrx_word' id='word_1_726' title='bbox 510 6016 584 6066; x_wconf 85' lang='lat' dir='ltr'><strong>tv,</strong></span> <span class='ocrx_word' id='word_1_727' title='bbox 618 6014 739 6069; x_wconf 88' lang='lat' dir='ltr'><strong>cap.</strong></span> <span class='ocrx_word' id='word_1_728' title='bbox 771 5999 842 6054; x_wconf 64' lang='lat' dir='ltr'><strong>fl</strong></span> 
     </span>
    </p>
   </div>
   <div class='ocr_carea' id='block_1_106' title="bbox 1849 4763 3422 4839">
    <p class='ocr_par' dir='ltr' id='par_1_106' title="bbox 1849 4763 3422 4839">
     <span class='ocr_line' id='line_1_106' title="bbox 1849 4763 3422 4839; baseline -0.006 -14"><span class='ocrx_word' id='word_1_729' title='bbox 1849 4772 2085 4825; x_wconf 84' lang='lat' dir='ltr'><strong>omnibus</strong></span> <span class='ocrx_word' id='word_1_730' title='bbox 2109 4780 2290 4839; x_wconf 88' lang='lat' dir='ltr'><strong>aperta</strong></span> <span class='ocrx_word' id='word_1_731' title='bbox 2322 4769 2553 4838; x_wconf 85' lang='lat' dir='ltr'><strong>ipsorum</strong></span> <span class='ocrx_word' id='word_1_732' title='bbox 2589 4768 2848 4836; x_wconf 85' lang='lat' dir='ltr'><strong>impietas.</strong></span> <span class='ocrx_word' id='word_1_733' title='bbox 2885 4764 2989 4831; x_wconf 78' lang='lat' dir='ltr'><strong>Qui</strong></span> <span class='ocrx_word' id='word_1_734' title='bbox 3022 4773 3196 4817; x_wconf 80' lang='lat' dir='ltr'><strong>autent</strong></span> <span class='ocrx_word' id='word_1_735' title='bbox 3237 4763 3422 4832; x_wconf 78' lang='lat' dir='ltr'><strong>pellent</strong></span> 
     </span>
    </p>
   </div>
   <div class='ocr_carea' id='block_1_107' title="bbox 1849 4858 3422 4927">
    <p class='ocr_par' dir='ltr' id='par_1_107' title="bbox 1849 4858 3422 4927">
     <span class='ocr_line' id='line_1_107' title="bbox 1849 4858 3422 4927; baseline -0.008 -9"><span class='ocrx_word' id='word_1_736' title='bbox 1849 4865 2054 4918; x_wconf 65' lang='lat' dir='ltr'><strong>asinam</strong></span> <span class='ocrx_word' id='word_1_737' title='bbox 2104 4863 2277 4920; x_wconf 87' lang='lat' dir='ltr'><strong>induti</strong></span> <span class='ocrx_word' id='word_1_738' title='bbox 2335 4871 2476 4927; x_wconf 73' lang='lat' dir='ltr'><strong>sunt,</strong></span> <span class='ocrx_word' id='word_1_739' title='bbox 2528 4877 2590 4914; x_wconf 90' lang='lat' dir='ltr'><strong>ac</strong></span> <span class='ocrx_word' id='word_1_740' title='bbox 2623 4860 2840 4927; x_wconf 75' lang='lat' dir='ltr'><strong>speciem</strong></span> <span class='ocrx_word' id='word_1_741' title='bbox 2905 4858 3155 4908; x_wconf 80' lang='lat' dir='ltr'><strong>blandam</strong></span> <span class='ocrx_word' id='word_1_742' title='bbox 3203 4871 3312 4922; x_wconf 80' lang='lat' dir='ltr'><strong>pra:</strong></span> <span class='ocrx_word' id='word_1_743' title='bbox 3366 4871 3422 4907; x_wconf 82' lang='lat' dir='ltr'><strong>se</strong></span> 
     </span>
    </p>
   </div>
   <div class='ocr_carea' id='block_1_108' title="bbox 1848 4945 3424 5024">
    <p class='ocr_par' dir='ltr' id='par_1_108' title="bbox 1848 4945 3424 5024">
     <span class='ocr_line' id='line_1_108' title="bbox 1848 4945 3424 5024; baseline -0.006 -16"><span class='ocrx_word' id='word_1_744' title='bbox 1848 4957 2024 5024; x_wconf 75' lang='lat' dir='ltr'><strong>ferunt</strong></span> <span class='ocrx_word' id='word_1_745' title='bbox 2051 4971 2112 5008; x_wconf 89' lang='lat' dir='ltr'><strong>ac</strong></span> <span class='ocrx_word' id='word_1_746' title='bbox 2141 4953 2325 5018; x_wconf 82' lang='lat' dir='ltr'><strong>lenem,</strong></span> <span class='ocrx_word' id='word_1_747' title='bbox 2356 4954 2498 5007; x_wconf 88' lang='lat' dir='ltr'><strong>intus</strong></span> <span class='ocrx_word' id='word_1_748' title='bbox 2523 4969 2637 5006; x_wconf 74' lang='lat' dir='ltr'><strong>vero</strong></span> <span class='ocrx_word' id='word_1_749' title='bbox 2672 4950 2935 5004; x_wconf 86' lang='lat' dir='ltr'><strong>dilaniant</strong></span> <span class='ocrx_word' id='word_1_750' title='bbox 2961 4947 3238 5000; x_wconf 82' lang='lat' dir='ltr'><strong>crudeliter</strong></span> <span class='ocrx_word' id='word_1_751' title='bbox 3266 4945 3424 5000; x_wconf 80' lang='lat' dir='ltr'><strong>Chri-</strong></span> 
     </span>
    </p>
   </div>
   <div class='ocr_carea' id='block_1_109' title="bbox 1847 5038 3421 5116">
    <p class='ocr_par' dir='ltr' id='par_1_109' title="bbox 1847 5038 3421 5116">
     <span class='ocr_line' id='line_1_109' title="bbox 1847 5038 3421 5116; baseline -0.008 -16"><span class='ocrx_word' id='word_1_752' title='bbox 1847 5047 1914 5100; x_wconf 87' lang='lat' dir='ltr'><strong>sti</strong></span> <span class='ocrx_word' id='word_1_753' title='bbox 1943 5063 2171 5116; x_wconf 85' lang='lat' dir='ltr'><strong>gregem,</strong></span> <span class='ocrx_word' id='word_1_754' title='bbox 2215 5055 2263 5098; x_wconf 86' lang='lat' dir='ltr'><strong>et</strong></span> <span class='ocrx_word' id='word_1_755' title='bbox 2307 5054 2584 5114; x_wconf 86' lang='lat' dir='ltr'><strong>propterea</strong></span> <span class='ocrx_word' id='word_1_756' title='bbox 2622 5041 2759 5111; x_wconf 86' lang='lat' dir='ltr'><strong>quod</strong></span> <span class='ocrx_word' id='word_1_757' title='bbox 2791 5055 2856 5092; x_wconf 81' lang='lat' dir='ltr'><strong>ex</strong></span> <span class='ocrx_word' id='word_1_758' title='bbox 2904 5039 3048 5091; x_wconf 89' lang='lat' dir='ltr'><strong>nobis</strong></span> <span class='ocrx_word' id='word_1_759' title='bbox 3079 5038 3249 5095; x_wconf 87' lang='lat' dir='ltr'><strong>exorti</strong></span> <span class='ocrx_word' id='word_1_760' title='bbox 3277 5049 3421 5100; x_wconf 90' lang='lat' dir='ltr'><strong>sunt,</strong></span> 
     </span>
    </p>
   </div>
   <div class='ocr_carea' id='block_1_110' title="bbox 1849 5131 3426 5208">
    <p class='ocr_par' dir='ltr' id='par_1_110' title="bbox 1849 5131 3426 5208">
     <span class='ocr_line' id='line_1_110' title="bbox 1849 5131 3426 5208; baseline -0.008 -15"><span class='ocrx_word' id='word_1_761' title='bbox 1849 5139 2002 5208; x_wconf 75' lang='lat' dir='ltr'><strong>facile</strong></span> <span class='ocrx_word' id='word_1_762' title='bbox 2027 5139 2305 5206; x_wconf 84' lang='lat' dir='ltr'><strong>perniciem</strong></span> <span class='ocrx_word' id='word_1_763' title='bbox 2333 5138 2563 5204; x_wconf 76' lang='lat' dir='ltr'><strong>inferunt</strong></span> <span class='ocrx_word' id='word_1_764' title='bbox 2605 5131 3030 5197; x_wconf 79' lang='lat' dir='ltr'><strong>simplicioribus,</strong></span> <span class='ocrx_word' id='word_1_765' title='bbox 3070 5132 3125 5184; x_wconf 87' lang='lat' dir='ltr'><strong>lii</strong></span> <span class='ocrx_word' id='word_1_766' title='bbox 3164 5141 3310 5194; x_wconf 88' lang='lat' dir='ltr'><strong>sunt,</strong></span> <span class='ocrx_word' id='word_1_767' title='bbox 3335 5131 3426 5200; x_wconf 84' lang='lat' dir='ltr'><strong>qui</strong></span> 
     </span>
    </p>
   </div>
   <div class='ocr_carea' id='block_1_111' title="bbox 1850 5221 3424 5292">
    <p class='ocr_par' dir='ltr' id='par_1_111' title="bbox 1850 5221 3424 5292">
     <span class='ocr_line' id='line_1_111' title="bbox 1850 5221 3424 5292; baseline -0.008 -6"><span class='ocrx_word' id='word_1_768' title='bbox 1850 5231 2135 5286; x_wconf 84' lang='lat' dir='ltr'><strong>molestiam</strong></span> <span class='ocrx_word' id='word_1_769' title='bbox 2167 5230 2433 5292; x_wconf 80' lang='lat' dir='ltr'><strong>exhibent,</strong></span> <span class='ocrx_word' id='word_1_770' title='bbox 2466 5242 2527 5280; x_wconf 91' lang='lat' dir='ltr'><strong>ac</strong></span> <span class='ocrx_word' id='word_1_771' title='bbox 2566 5241 2703 5292; x_wconf 68' lang='lat' dir='ltr'><strong>argre</strong></span> <span class='ocrx_word' id='word_1_772' title='bbox 2732 5223 2888 5277; x_wconf 82' lang='lat' dir='ltr'><strong>vitari</strong></span> <span class='ocrx_word' id='word_1_773' title='bbox 2924 5233 3160 5291; x_wconf 84' lang='lat' dir='ltr'><strong>possunt.</strong></span> <span class='ocrx_word' id='word_1_774' title='bbox 3201 5221 3313 5275; x_wconf 80' lang='lat' dir='ltr'><strong>llos</strong></span> <span class='ocrx_word' id='word_1_775' title='bbox 3346 5238 3424 5273; x_wconf 92' lang='lat' dir='ltr'><strong>ro-</strong></span> 
     </span>
    </p>
   </div>
   <div class='ocr_carea' id='block_1_112' title="bbox 1846 5313 3424 5395">
    <p class='ocr_par' dir='ltr' id='par_1_112' title="bbox 1846 5313 3424 5395">
     <span class='ocr_line' id='line_1_112' title="bbox 1846 5313 3424 5395; baseline -0.008 -16"><span class='ocrx_word' id='word_1_776' title='bbox 1846 5340 2028 5395; x_wconf 80' lang='lat' dir='ltr'><strong>gamus</strong></span> <span class='ocrx_word' id='word_1_777' title='bbox 2062 5333 2114 5376; x_wconf 86' lang='lat' dir='ltr'><strong>ut</strong></span> <span class='ocrx_word' id='word_1_778' title='bbox 2163 5333 2330 5376; x_wconf 79' lang='lat' dir='ltr'><strong>vestra</strong></span> <span class='ocrx_word' id='word_1_779' title='bbox 2365 5319 2639 5388; x_wconf 83' lang='lat' dir='ltr'><strong>diligentia</strong></span> <span class='ocrx_word' id='word_1_780' title='bbox 2681 5317 2917 5370; x_wconf 83' lang='lat' dir='ltr'><strong>omnibus</strong></span> <span class='ocrx_word' id='word_1_781' title='bbox 2977 5313 3207 5368; x_wconf 82' lang='lat' dir='ltr'><strong>Orientis</strong></span> <span class='ocrx_word' id='word_1_782' title='bbox 3244 5313 3424 5367; x_wconf 78' lang='lat' dir='ltr'><strong>Eccle-</strong></span> 
     </span>
    </p>
   </div>
   <div class='ocr_carea' id='block_1_113' title="bbox 1845 5406 3424 5479">
    <p class='ocr_par' dir='ltr' id='par_1_113' title="bbox 1845 5406 3424 5479">
     <span class='ocr_line' id='line_1_113' title="bbox 1845 5406 3424 5479; baseline -0.006 -11"><span class='ocrx_word' id='word_1_783' title='bbox 1845 5417 1935 5470; x_wconf 87' lang='lat' dir='ltr'><strong>siis</strong></span> <span class='ocrx_word' id='word_1_784' title='bbox 1955 5415 2220 5470; x_wconf 82' lang='lat' dir='ltr'><strong>denuntiet</strong></span> <span class='ocrx_word' id='word_1_785' title='bbox 2248 5457 2262 5479; x_wconf 97' lang='lat'><strong>,</strong></span> <span class='ocrx_word' id='word_1_786' title='bbox 2295 5424 2348 5471; x_wconf 89' lang='lat' dir='ltr'><strong>ut</strong></span> <span class='ocrx_word' id='word_1_787' title='bbox 2389 5420 2481 5465; x_wconf 89' lang='lat' dir='ltr'><strong>aut</strong></span> <span class='ocrx_word' id='word_1_788' title='bbox 2515 5419 2708 5464; x_wconf 81' lang='lat' dir='ltr'><strong>rectam</strong></span> <span class='ocrx_word' id='word_1_789' title='bbox 2762 5410 2895 5463; x_wconf 84' lang='lat' dir='ltr'><strong>viam</strong></span> <span class='ocrx_word' id='word_1_790' title='bbox 2930 5406 3170 5476; x_wconf 80' lang='lat' dir='ltr'><strong>ingressi,</strong></span> <span class='ocrx_word' id='word_1_791' title='bbox 3225 5406 3424 5460; x_wconf 74' lang='lat' dir='ltr'><strong>sincere</strong></span> 
     </span>
    </p>
   </div>
   <div class='ocr_carea' id='block_1_114' title="bbox 1843 5501 3423 5568">
    <p class='ocr_par' dir='ltr' id='par_1_114' title="bbox 1843 5501 3423 5568">
     <span class='ocr_line' id='line_1_114' title="bbox 1843 5501 3423 5568; baseline -0.009 -6"><span class='ocrx_word' id='word_1_792' title='bbox 1843 5520 2113 5562; x_wconf 75' lang='lat' dir='ltr'><strong>versentur</strong></span> <span class='ocrx_word' id='word_1_793' title='bbox 2147 5506 2450 5568; x_wconf 85' lang='lat' dir='ltr'><strong>nobiscum;</strong></span> <span class='ocrx_word' id='word_1_794' title='bbox 2489 5512 2578 5555; x_wconf 86' lang='lat' dir='ltr'><strong>aut</strong></span> <span class='ocrx_word' id='word_1_795' title='bbox 2620 5501 2664 5554; x_wconf 81' lang='lat' dir='ltr'><strong>si</strong></span> <span class='ocrx_word' id='word_1_796' title='bbox 2698 5501 2753 5555; x_wconf 91' lang='lat' dir='ltr'><strong>in</strong></span> <span class='ocrx_word' id='word_1_797' title='bbox 2790 5517 2885 5552; x_wconf 88' lang='lat' dir='ltr'><strong>sua</strong></span> <span class='ocrx_word' id='word_1_798' title='bbox 2918 5507 3259 5566; x_wconf 79' lang='lat' dir='ltr'><strong>permaneant</strong></span> <span class='ocrx_word' id='word_1_799' title='bbox 3305 5514 3423 5566; x_wconf 84' lang='lat' dir='ltr'><strong>per-</strong></span> 
     </span>
    </p>
   </div>
   <div class='ocr_carea' id='block_1_115' title="bbox 1841 5591 3423 5664">
    <p class='ocr_par' dir='ltr' id='par_1_115' title="bbox 1841 5591 3423 5664">
     <span class='ocr_line' id='line_1_115' title="bbox 1841 5591 3423 5664; baseline -0.008 -10"><span class='ocrx_word' id='word_1_800' title='bbox 1841 5601 2104 5664; x_wconf 71' lang='lat' dir='ltr'><strong>versitate,</strong></span> <span class='ocrx_word' id='word_1_801' title='bbox 2136 5600 2387 5652; x_wconf 83' lang='lat' dir='ltr'><strong>damnum</strong></span> <span class='ocrx_word' id='word_1_802' title='bbox 2409 5597 2548 5649; x_wconf 86' lang='lat' dir='ltr'><strong>intra</strong></span> <span class='ocrx_word' id='word_1_803' title='bbox 2579 5610 2634 5648; x_wconf 85' lang='lat' dir='ltr'><strong>se</strong></span> <span class='ocrx_word' id='word_1_804' title='bbox 2662 5593 2798 5647; x_wconf 86' lang='lat' dir='ltr'><strong>solos</strong></span> <span class='ocrx_word' id='word_1_805' title='bbox 2827 5591 3148 5654; x_wconf 78' lang='lat' dir='ltr'><strong>contineant,</strong></span> <span class='ocrx_word' id='word_1_806' title='bbox 3184 5605 3272 5642; x_wconf 84' lang='lat' dir='ltr'><strong>nec</strong></span> <span class='ocrx_word' id='word_1_807' title='bbox 3300 5605 3423 5655; x_wconf 84' lang='lat' dir='ltr'><strong>pos-</strong></span> 
     </span>
    </p>
   </div>
   <div class='ocr_carea' id='block_1_116' title="bbox 1924 5775 2757 5848">
    <p class='ocr_par' dir='ltr' id='par_1_116' title="bbox 1924 5775 2757 5848">
     <span class='ocr_line' id='line_1_116' title="bbox 1924 5775 2757 5848; baseline -0.007 -15"><span class='ocrx_word' id='word_1_808' title='bbox 1924 5779 1994 5848; x_wconf 72' lang='lat' dir='ltr'><strong>(e)</strong></span> <span class='ocrx_word' id='word_1_809' title='bbox 2028 5779 2143 5833; x_wconf 79' lang='lat' dir='ltr'><strong>Lib.</strong></span> <span class='ocrx_word' id='word_1_810' title='bbox 2173 5795 2231 5839; x_wconf 89' lang='grc' dir='ltr'><strong>ιι.</strong></span> <span class='ocrx_word' id='word_1_811' title='bbox 2269 5777 2518 5840; x_wconf 76' lang='grc' dir='ltr'>Ειιιιοιιι..</span> <span class='ocrx_word' id='word_1_812' title='bbox 2549 5793 2601 5847; x_wconf 88' lang='lat' dir='ltr'><strong>p.</strong></span> <span class='ocrx_word' id='word_1_813' title='bbox 2640 5775 2757 5831; x_wconf 73' lang='lat'><strong>270.</strong></span> 
     </span>
    </p>
   </div>
   <div class='ocr_carea' id='block_1_117' title="bbox 1926 5851 2414 5918">
    <p class='ocr_par' dir='ltr' id='par_1_117' title="bbox 1926 5851 2414 5918">
     <span class='ocr_line' id='line_1_117' title="bbox 1926 5851 2414 5918; baseline -0.004 -15"><span class='ocrx_word' id='word_1_814' title='bbox 1926 5855 1994 5918; x_wconf 73' lang='lat' dir='ltr'><strong>(t)</strong></span> <span class='ocrx_word' id='word_1_815' title='bbox 2031 5852 2124 5916; x_wconf 69' lang='lat' dir='ltr'><strong>l‘lp.</strong></span> <span class='ocrx_word' id='word_1_816' title='bbox 2155 5851 2248 5911; x_wconf 66' lang='lat'><strong>255,</strong></span> <span class='ocrx_word' id='word_1_817' title='bbox 2283 5855 2414 5902; x_wconf 48' lang='lat' dir='ltr'><strong>n33.</strong></span> 
     </span>
    </p>
   </div>
   <div class='ocr_carea' id='block_1_118' title="bbox 1926 5918 2522 5991">
    <p class='ocr_par' dir='ltr' id='par_1_118' title="bbox 1926 5918 2522 5991">
     <span class='ocr_line' id='line_1_118' title="bbox 1926 5918 2522 5991; baseline -0.002 -19"><span class='ocrx_word' id='word_1_818' title='bbox 1926 5927 1999 5991; x_wconf 68' lang='grc' dir='ltr'><strong>(υ)</strong></span> <span class='ocrx_word' id='word_1_819' title='bbox 2029 5923 2226 5975; x_wconf 69' lang='lat' dir='ltr'><strong>llzcri&#39;s.</strong></span> <span class='ocrx_word' id='word_1_820' title='bbox 2263 5919 2353 5983; x_wconf 72' lang='lat' dir='ltr'><strong>7i,</strong></span> <span class='ocrx_word' id='word_1_821' title='bbox 2388 5937 2439 5971; x_wconf 89' lang='grc' dir='ltr'>ιι.</span> <span class='ocrx_word' id='word_1_822' title='bbox 2477 5918 2522 5971; x_wconf 89' lang='lat' dir='ltr'><strong>l.</strong></span> 
     </span>
    </p>
   </div>
  </div>
