4214 6502
778 507 925 550 ικιῑι

2053 484 2580 543 FROLEGOBIENA.

775 618 880 670 sint
922 629 985 667 ex
1037 612 1250 665 incauta
1310 611 1665 664 communione
1720 612 1953 662 morbum
2012 625 2163 663 suum
2220 626 2332 662 cum
2367 620 2412 675 Α
2447 607 2757 664 Proferebat
2813 606 2939 661 illud
2996 605 3237 678 Gregorii
3276 606 3473 661 diitum
3507 623 3568 662 ex
3624 608 3852 675 quadam
3885 624 4008 659 ora-

774 706 1023 775 prozimis
1052 705 1458 757 communicare.

846 796 908 850 ll.
939 795 1072 849 Cum
1111 796 1364 850 invictam
1396 796 1559 847 animi
1614 795 1981 849 fortitudinem
2017 810 2224 849 Sttinma
2258 795 2334 846 le-

778 885 1227 941 nitasiuBasilio
1280 893 1628 954 temperaret,
1695 886 1746 939 in
1799 895 2026 952 utroque
2078 882 2339 939 mirabilis

775 987 913 1040 erat,
945 987 999 1031 et
1030 979 1080 1029 in
1117 976 1374 1031 adeundis
1429 990 1524 1045 pro
1556 977 1787 1030 veritate
1835 976 2170 1045 gravissimis
2197 974 2337 1045 peri-

775 1071 931 1132 culis,
966 1081 1019 1123 et
1042 1070 1093 1122 in
1116 1068 1500 1138 persequemlis
1534 1070 1785 1122 omnibus
1811 1069 1958 1134 pacis
1991 1066 2340 1124 concilianda:

779 1162 967 1215 modis.
994 1160 1176 1231 Itaque
1205 1177 1324 1215 cum
1354 1159 1534 1212 Ariani
1562 1160 1627 1213 ad
1655 1162 2064 1229 oppugnandam
2105 1158 2341 1227 Spiritus

776 1251 947 1305 sancti
980 1250 1314 1305 divinitatem
1361 1265 1551 1304 omnes
1581 1251 1723 1303 vires
1746 1260 1871 1304 snas
1904 1250 2295 1306 convertisscnt
2323 1269 2337 1315 ;

776 1344 953 1413 palam
978 1354 1030 1398 et
1055 1352 1237 1413 aperte
1262 1344 1362 1397 hoc
1392 1343 1580 1411 dogma
1607 1342 1947 1409 defendebat,
1974 1355 2024 1398 et
2054 1340 2343 1411 Scriptura:

778 1433 1098 1488 testimoniis
1130 1448 1193 1485 ae
1213 1432 1531 1487 necessariis
1565 1433 1864 1487 rationibus
1901 1436 1978 1487 sic
2005 1431 2343 1493 eonsuinge-

780 1525 868 1575 bat
909 1522 1265 1583 adversarios,
1290 1530 1347 1574 ut
1378 1536 1599 1587 prorsus
1620 1520 1852 1593 cll'ugere
1884 1538 1984 1577 non
2006 1521 2339 1592 posseot(n).

779 1612 882 1667 Sed
918 1630 1039 1668 eum
1090 1614 1254 1667 sciret
1290 1613 1505 1665 Arianis
1539 1622 1796 1667 statutmn
1830 1627 1947 1667 esse
1997 1627 2117 1666 eum
2146 1612 2327 1679 erpel-

778 1704 909 1768 lere,
945 1706 987 1759 si
1022 1706 1277 1771 Spiritum
1311 1705 1471 1758 verbo
1507 1704 1671 1758 Deum
1718 1704 2030 1773 appellaret,
2059 1720 2119 1758 ac
2154 1702 2334 1757 Caesa-

778 1800 1009 1851 riensem
1044 1795 1339 1849 Ecclesiam
1376 1812 1665 1865 occupare,
1718 1806 1769 1851 et
1798 1796 1918 1851 inde
1945 1797 2086 1851 velut
2118 1811 2183 1850 ex
2216 1812 2343 1853 arce

776 1891 1003 1957 quadam
1033 1888 1215 1942 oinuia
1246 1888 1523 1959 pupulari;
1558 1887 1813 1940 abstinuit
1837 1887 1936 1943 hac
1965 1901 2092 1940 voce
2118 1887 2181 1940 ad
2210 1897 2336 1941 tem-

777 1994 900 2049 pus,
942 1994 1162 2034 necesse
1191 1996 1292 2031 non
1319 1988 1511 2047 putans
1528 1991 1647 2030 eam
1675 1992 1885 2047 semper
1907 1981 1958 2032 in
1982 1993 2075 2032 ore
2110 1979 2333 2045 habere,
2376 1962 2415 2015 Β

779 2073 937 2126 modo
969 2072 1018 2123 in
1053 2079 1166 2122 tuto
1204 2080 1349 2123 esset
1394 2069 1659 2123 sententia
1717 2071 1831 2123 voci
1897 2070 2160 2138 subjecta.
2218 2070 2330 2127 Hoc

783 2161 1030 2233 prudenti
1070 2159 1297 2214 consilio
1324 2158 1509 2229 effugit
1547 2160 1921 2213 hzereticorum
1957 2159 2181 2215 insidias
2218 2178 2229 2213 :
2290 2171 2346 2214 at

780 2252 1097 2309 eaiidiorum
1127 2250 1524 2306 Catholicorum
1565 2250 1814 2322 querelas
1866 2261 1920 2306 et
1951 2253 2214 2324 vituperia
2242 2269 2343 2306 non

779 2344 985 2413 eli‘ugit.
1042 2347 1218 2413 Atque
1273 2344 1322 2398 id
1372 2345 1608 2398 maxime
1655 2345 1949 2399 declaravit
2003 2346 2117 2399 dies
2178 2344 2345 2398 festus

782 2438 841 2494 S.
875 2436 1183 2508 Eupsycbii,
1221 2439 1309 2508 qui
1341 2438 1389 2490 in
1424 2438 1561 2492 diem
1592 2440 1874 2507 septimum
1904 2436 2235 2506 Septembris
2265 2437 2346 2490 iu-

781 2526 1014 2579 cidebat.
1044 2525 1342 2577 lntererant
1369 2525 1549 2579 Basilii
1583 2526 1851 2590 coneioni,
1884 2526 2095 2595 Euippii
2120 2535 2173 2580 et
2209 2525 2344 2579 alio-

784 2633 901 2670 rum
936 2618 1283 2677 Arianorum,
1308 2616 1397 2686 qui
1421 2616 1531 2686 iam
1575 2620 1941 2681 advenerant,
1992 2617 2260 2673 emissarii
2288 2627 2347 2671 ut

783 2718 926 2779 patet
956 2725 1021 2763 ex
1062 2709 1237 2765 verbis
1259 2709 1501 2780 Gregorii
1540 2710 1639 2781 (b),
1679 2711 1767 2779 qui
1798 2711 1985 2780 paucis
2028 2719 2148 2779 post
2204 2709 2344 2766 diem

784 2802 982 2854 festum
1016 2800 1203 2856 diebus
1253 2803 1451 2867 aiebat,
1483 2804 1674 2872 ingens
1703 2804 1850 2858 circa
1896 2801 2153 2856 Basiliam
2180 2805 2346 2857 exsti-

787 2888 914 2943 tisse
944 2889 1165 2955 bellum,
1196 2905 1317 2946 cum
1347 2901 1607 2959 cuperent
1656 2893 1890 2946 haeretici
1928 2893 2126 2946 nudam
2161 2906 2344 2946 vocem

784 2995 848 3035 ex
878 2996 942 3036 eo
971 2982 1231 3049 arripere,
1261 2991 1317 3034 ut
1343 2981 1457 3049 ipse
1493 2994 1559 3033 ex
1599 2980 1840 3035 Ecclesia
1890 2982 2201 3051 pelleretur.
2253 2983 2344 3050 qui

786 3074 930 3128 solus
961 3088 1094 3142 pene
1121 3072 1385 3143 igniculus
1433 3073 1677 3128 veritatis
1704 3073 1941 3127 restabat
1972 3083 2026 3127 et
2055 3074 2232 3128 vitalis
2265 3073 2344 3126 fa-

782 3164 980 3228 cultas,
1011 3165 1201 3219 vicinis
1247 3166 1496 3221 omuibus
1543 3168 1713 3235 captis
1740 3182 1802 3221 ae
1850 3165 2167 3235 subiugatis.
2231 3165 2343 3220 Ad-

785 3264 943 3309 erant
973 3256 1133 3308 etiam
1168 3254 1482 3311 fervidiores
1511 3258 1581 3310 illi
1611 3256 1890 3311 Catholici.
1910 3255 2047 3311 Usus
2080 3266 2163 3312 est
2187 3257 2338 3311 Basi-
2367 3296 2409 3354 Ο

783 3344 886 3398 lius
916 3358 980 3398 eo
1017 3347 1156 3412 quod
1186 3346 1418 3399 diximus
1462 3356 1901 3415 temperamento.

860 3436 944 3490 Ill.
977 3438 1046 3505 (ς)
1081 3435 1269 3491 Paucis
1297 3447 1414 3504 post
1458 3435 1655 3491 festum
1681 3438 1869 3493 diebus
1898 3442 2199 3493 convivium
2227 3452 2344 3495 erat

790 3526 1072 3589 Nazianzi,
1107 3527 1158 3581 in
1191 3543 1296 3595 quo
1319 3526 1609 3597 Gregorius
1662 3537 1715 3583 et
1746 3531 1897 3584 multi
1959 3532 2196 3601 insignes
2242 3533 2339 3585 viri

786 3618 1194 3685 accumbebant,
1226 3620 1421 3676 Basilio
1452 3621 1788 3691 etGregorio
1817 3622 1997 3687 amici,
2031 3623 2081 3675 in
2114 3623 2196 3675 bis
2231 3637 2344 3676 mo-

786 3710 989 3765 nachus
1013 3711 1249 3778 quidam,
1282 3713 1370 3781 qui
1398 3712 1484 3768 die
1509 3712 1643 3767 festo
1664 3713 1837 3767 sancti
1873 3712 2159 3784 Eupsychii
2191 3712 2342 3765 Basi-

787 3802 917 3857 iiunt
973 3804 1235 3859 audierat.
1271 3802 1517 3858 Nondum
1575 3815 1791 3860 ventum
1829 3816 1947 3859 erat
2003 3807 2070 3860 ad
2129 3806 2340 3875 poeula,

779 3896 1003 3965 jamque
1069 3911 1247 3949 sermo
1310 3897 1573 3950 inciderat
1630 3898 1695 3950 de
1730 3898 1925 3952 Basilio
1973 3896 2340 3967 ctGregorio,

786 3984 927 4053 quod
955 3983 1171 4050 quidem
1204 3982 1338 4037 satis
1367 3982 1607 4036 solemne
1630 3996 1747 4037 erat
1781 3988 1830 4037 in
1856 3986 2115 4038 conviviis
2150 4004 2161 4037 :
2198 4002 2342 4038 eum-

786 4088 888 4142 que
918 4073 1172 4128 Basiliam
1234 4088 1423 4129 omnes
1458 4074 1613 4141 plena
1650 4089 1812 4128 manu
1846 4075 2147 4140 laudarent,
2189 4078 2345 4145 eique

786 4164 1103 4234 Gregorium
1135 4165 1509 4233 adiungerent,
1537 4174 1646 4217 tum
1684 4164 1979 4219 monachus
2015 4180 2208 4234 magno
2240 4166 2347 4219 cla-

784 4272 934 4310 more
964 4258 1248 4310 mendaces
1272 4267 1325 4311 et
1356 4258 1662 4312 adulatores
1712 4258 1940 4327 appellat
1970 4260 2243 4323 convivas,
2282 4276 2343 4317 ac

782 4348 979 4402 Basilio
1008 4358 1064 4402 et
1094 4347 1376 4417 Gregorio,
1421 4360 1476 4402 ut
1509 4351 1560 4403 in
1598 4354 1811 4404 caeteris
1852 4350 2010 4405 rebus
2056 4349 2342 4404 laudentur

782 4440 1069 4505 concedit;
1111 4442 1251 4509 quod
1278 4449 1457 4493 autem
1490 4443 1787 4495 maximum
1816 4452 1898 4496 est
1931 4457 2032 4497 non
2070 4441 2343 4508 concedit,

784 4530 1195 4585 utortliodoxim
1246 4531 1461 4585 nomine
1517 4530 1829 4596 laudentur,
1871 4547 1991 4584 cum
2022 4531 2177 4585 [idem
2210 4532 2346 4585 alter

2443 704 2605 758 tione,
2660 698 2937 765 Quousque
2982 698 3242 749 lucernam
3279 695 3368 748 sub
3403 699 3575 750 modio
3607 700 4005 751 abscondent”.

2513 794 2806 862 Ιὶειςροηιιὶι
2863 794 3152 860 Gregorius
3203 808 3451 864 magnum
3487 808 3607 849 esse
3658 798 3798 849 inter
3848 809 3906 847 se
3951 804 4003 845 et

2447 888 2704 941 Basiliam
2740 886 3050 948 discrimen,
3110 887 3250 951 quod
3311 887 3449 939 dicta
3504 899 3621 941 sua.
3659 896 3714 936 ut
3768 884 4007 940 hominis

2446 977 2688 1037 obscuri,
2724 994 2827 1031 non
2874 975 3048 1045 magni
3082 979 3187 1029 sint
3244 977 3539 1031 momenti:
3593 975 3772 1029 Basilii
3828 992 4005 1031 autem

2446 1067 2779 1137 amplissimo
2804 1068 2855 1119 iu
2888 1067 3006 1119 loco
3034 1063 3268 1118 sedentis
3296 1066 3496 1119 nullum
3527 1065 3691 1135 possit
3714 1067 4007 1120 obscurum

2445 1160 2788 1215 cssedietum
2825 1175 2838 1221 ;
2870 1168 2923 1212 et
2977 1173 3098 1213 cum
3158 1156 3394 1208 limretici
3453 1158 3701 1212 sitienter
3750 1169 4010 1225 appetant

2447 1268 2511 1305 ex
2554 1251 2668 1319 eius
2700 1264 2793 1302 ore
2844 1252 3037 1301 nudam
3074 1262 3255 1303 voi-cm
3308 1246 3569 1314 arripere,
3619 1258 3673 1300 ut
3706 1260 3771 1301 eo
3829 1247 4008 1313 eici-Io

2448 1344 2744 1397 Ecclesiam
2784 1349 3069 1408 OCCUpCltl,
3114 1351 3169 1393 et
3228 1338 3369 1402 inde,
3426 1347 3571 1391 utex
3621 1340 3852 1410 quodam
3885 1354 4013 1405 pro-

2446 1434 2770 1502 pugnaculo,
2802 1441 3025 1487 caeteras
3052 1431 3407 1498 populentur;
3442 1430 3610 1485 multo
3642 1432 3813 1485 satius
3842 1430 4010 1485 fuisse

2445 1538 2604 1578 unam
2640 1538 2845 1586 vocem,
2888 1522 3153 1576 sententia
3208 1523 3257 1575 in
3300 1532 3411 1578 luto
3455 1522 3647 1591 posita,
3683 1523 4011 1589 praetermit~

2446 1625 2578 1677 tere,
2608 1631 2767 1684 quam
2803 1614 3097 1669 Ecclesiam
3151 1622 3299 1667 tanto
3334 1614 3570 1684 periculo
3597 1615 3850 1682 obiicere.
3891 1614 4009 1671 Non

2445 1706 2649 1774 placuit
2683 1707 2794 1761 ha'e
2848 1704 3021 1759 oratio
3058 1704 3425 1769 audientibus,
3467 1720 3692 1773 eamque
3741 1717 3799 1758 ut
3853 1708 4011 1777 longe

2448 1800 2665 1867 petitam
2711 1807 2763 1853 et
2795 1796 3132 1852 cavillantem
3179 1793 3500 1863 reiecerunt,
3560 1798 3845 1868 ipsumque
3874 1796 4014 1852 Gre-

2447 1890 2651 1957 gorium
2680 1889 3005 1943 clamoribus
3041 1886 3283 1942 insectati
3314 1896 3456 1949 sunt,
3492 1902 3547 1942 ut
3570 1889 3794 1959 ignaviae
3830 1887 4002 1955 magis

2446 1998 2605 2051 quam
2636 1998 2781 2035 Satine
2819 1981 3078 2035 doctrinm
3100 1981 3489 2036 consulentem.
3546 1981 3725 2051 Longe
3748 1981 3893 2035 enim
3923 1995 4012 2034 sa-

2447 2074 2553 2128 tias
2577 2090 2693 2128 esse
2719 2072 3027 2127 Catholicos
3052 2074 3275 2128 veritate
3297 2072 3630 2141 praedicanda
3659 2076 3823 2138 tueri,
3846 2089 4010 2143 quam

2445 2182 2539 2220 eos
2565 2167 2666 2223 hoc
2691 2175 3109 2236 temperamento
3149 2164 3431 2219 debilitare
3452 2204 3467 2228 ,
3496 2179 3594 2218 nec
3627 2165 3843 2221 interim
3873 2168 4009 2221 alie-

2445 2272 2543 2313 HOS
2568 2272 2862 2314 assumere.

2519 2350 2604 2405 ιν.
2645 2351 2781 2418 Quid
2823 2349 3016 2405 deinde
3042 2348 3239 2402 dixerit
3278 2355 3330 2401 et
3362 2347 3591 2400 audierit
3615 2347 3932 2417 Gregorius,
3958 2356 4016 2402 et

2446 2442 2717 2512 quomodo
2770 2451 2965 2510 praeter
3002 2439 3213 2493 modum
3244 2452 3303 2492 ac
3351 2448 3543 2507 przeter
3589 2439 3804 2491 solitum
3866 2440 4011 2491 indi-

2447 2543 2640 2603 gnatus
2674 2532 2764 2597 sit,
2794 2541 2850 2584 ut
2878 2530 3087 2601 longius
3110 2544 3171 2584 ac
3199 2530 3341 2583 dictu
3377 2543 3480 2584 non
3508 2527 3902 2591 necessarium,
3933 2528 4010 2582 si-

2447 2624 2541 2678 let.
2576 2623 2684 2677 lloc
2725 2631 2929 2673 tantum
2963 2622 3111 2672 addit
3149 2620 3339 2674 missos
3380 2634 3408 2673 a
3439 2634 3496 2673 se
3536 2619 3781 2673 homines
3836 2617 4010 2676 factos

2445 2732 2583 2771 esse.
2627 2714 2731 2784 Sed
2768 2730 2795 2765 a
2822 2712 3017 2765 Basilio
3048 2712 3199 2779 petit,
3253 2721 3310 2765 ut
3336 2712 3522 2766 doceat
3549 2728 3607 2766 se
3629 2727 3911 2783 quousque
3948 2715 4003 2767 in

2447 2804 2810 2875 diSputatione
2837 2795 2901 2854 de
2954 2799 3187 2868 Spiritus
3219 2800 3389 2852 sancti
3423 2801 3702 2855 divinitate
3734 2804 4009 2871 progredi,

2447 2909 2686 2965 quasque
2718 2907 2871 2946 voces
2908 2898 3245 2961 usurpare,et
3270 2903 3551 2959 quousque
3583 2894 3882 2945 teconomia
3928 2893 4005 2945 uti

2447 2989 2752 3042 conveniat.
2784 2986 2960 3055 Atque
2990 2986 3039 3039 id
3084 2984 3296 3053 quidem
3347 2981 3499 3050 petit.
3530 2998 3632 3035 non
3690 2998 3782 3036 sua
3817 2998 4006 3048 causa,

2446 3094 2604 3148 quem
2640 3079 2880 3132 omnium
2937 3078 3297 3132 miserrimum
3344 3073 3457 3128 iure
3497 3086 3551 3128 et
3604 3074 4014 3129 stolidissimum

2446 3171 2670 3236 fatetur,
2697 3173 2739 3226 si
2777 3172 2983 3226 dubitet
3010 3171 3134 3239 quid
3165 3167 3394 3222 Basilius
3440 3169 3671 3233 sentiat;
3718 3170 3809 3222 sed
3843 3178 3899 3221 ut
3923 3182 4015 3223 reo

2447 3264 2703 3333 spondeat
2726 3262 3239 3317 contradicentibus.

2515 3353 2771 3422 Quamvis
2800 3352 3088 3421 Gregorius
3126 3354 3283 3423 huius
3333 3356 3592 3412 molestia:
3619 3354 3866 3407 nuntium
3897 3368 4008 3408 non

2446 3448 2562 3503 sine
2590 3460 2780 3517 magna
2808 3445 3090 3509 cautione,
3125 3448 3439 3515 magnisque
3494 3448 3695 3500 auzoris
3740 3444 4019 3513 significa-

2448 3540 2683 3592 tionibus
2710 3536 3007 3606 perscribat
3038 3552 3051 3601 ;
3089 3550 3173 3590 res
3208 3548 3383 3593 tamen
3424 3538 3618 3593 accidit
3654 3537 3852 3591 Basilio
3882 3550 4013 3604 per-

2448 3628 2693 3681 molesta.
2727 3626 2909 3682 Mirari
2945 3643 3002 3682 se
3028 3627 3099 3682 ait
3132 3627 3234 3698 (Δ),
3267 3646 3369 3683 non
3403 3632 3542 3699 quod
3570 3630 3863 3681 monachus
3897 3627 4017 3679 haec

2446 3718 2694 3781 dixisset,
2747 3719 2836 3771 sed
2882 3720 3022 3786 quod
3070 3721 3514 3787 germanissimus
3568 3721 3766 3772 fratres
3801 3732 3929 3770 suos
3958 3724 4017 3769 et

2446 3810 2656 3864 amicos
2696 3802 2971 3862 habuisset
3016 3809 3308 3873 auditores,
3356 3808 3441 3863 vel
3498 3809 3671 3876 potius
3699 3805 4017 3875 discipulos.

2448 3901 2544 3955 llis
2593 3900 2915 3970 respondere
2970 3913 3194 3969 prorsus
3222 3898 3409 3953 inutile
3443 3899 3756 3964 arbitratur,
3805 3907 3861 3951 et
3888 3910 4016 3951 cum

2448 3994 2564 4063 ipso
2593 3991 2852 4061 Gregorio
2903 3989 3209 4060 expostulat
3237 3991 3377 4059 quod
3434 3992 3499 4045 ad
3531 4005 3588 4045 se
3634 4006 3737 4044 non
3780 3989 4005 4052 veniat;

2447 4084 2648 4137 aditum
2684 4084 2955 4136 enimnon
3000 4081 3274 4137 habituras
3305 4082 3618 4142 calumnias.
3666 4082 3710 4135 si
3746 4093 3996 4147 magnam

2448 4175 2570 4226 anni
2598 4184 2803 4241 portent
2839 4173 2997 4227 simul
3033 4174 3391 4228 traducerent.
3426 4174 3614 4241 llogat,
3652 4181 3708 4225 ut
3731 4174 3918 4226 saltem
3954 4183 4019 4225 se

2448 4266 2498 4318 in
2524 4266 2797 4334 proposito
2826 4266 3125 4319 certamine
3167 4265 3406 4331 adiuvet,
3441 4274 3493 4318 et
3522 4265 3592 4321 ei.
3626 4265 3714 4332 qui
3745 4273 3871 4317 tunc
3898 4261 4008 4316 bel-

2447 4355 2553 4408 lutu
2587 4355 2868 4417 inferebat,
2911 4370 3091 4409 secum
3123 4365 3395 4408 occurrat.
3451 4353 3646 4419 Sperat
3693 4368 3752 4408 se
3781 4354 4017 4419 eiectum

2449 4447 2513 4499 iri
2536 4456 2626 4499 aut
2653 4444 2852 4513 aliquid
2885 4446 3101 4515 gravius
3135 4460 3444 4515 passurum,
3500 4446 3682 4513 sicque
3704 4445 4015 4499 calumnias

2450 4554 2668 4606 operum
2705 4538 3014 4591 testimonio
3042 4537 3418 4592 refutaturum.
3447 4535 3718 4602 Quantum
3742 4536 4012 4605 Gregorio

782 4624 974 4693 prodat
1012 4622 1351 4686 disserendo,
1404 4621 1538 4675 alter
1562 4622 1922 4677 connivendo.
1966 4622 2099 4675 Tum
2136 4622 2343 4693 Grcgo-
2379 4633 2421 4687 Ι)
2453 4634 2727 4693 tribueret,
2762 4630 3082 4699 perspicitur
3106 4645 3169 4684 ex
3199 4628 3592 4699 perhonorifica
3631 4627 3891 4682 invitandi
3921 4644 4007 4682 ra-

784 4718 931 4770 rius:
967 4714 1112 4769 Unde
1133 4716 1249 4778 hoc,
1279 4732 1306 4768 ο
1338 4732 1466 4767 rana
1504 4715 1681 4781 homo,
1723 4727 1770 4769 et
1801 4716 2103 4785 arrogantia
2131 4716 2344 4769 Dat/mn

779 4815 825 4858 et
852 4807 1092 4860 Abiron?
1122 4807 1257 4859 unde
1309 4807 1451 4859 nobis
1504 4807 1809 4877 dogmatum
1855 4804 2217 4875 promulgator
2256 4823 2341 4859 ve-

780 4898 896 4950 nis?
927 4897 1136 4952 Siccine
1167 4911 1429 4952 tantarum
1460 4915 1630 4952 rerum
1654 4898 1884 4966 judicem
1910 4900 2126 4965 teipsum
2152 4897 2344 4965 efficis?

779 4990 852 5043 ibi
890 4991 1182 5043 monachus
1216 4991 1468 5044 advenire
1494 5007 1551 5045 se
1583 4991 1717 5045 dixit
1740 5004 1802 5043 ex
1830 5000 2095 5044 conventu
2125 4987 2183 5043 S.
2234 4988 2346 5043 Eu-

782 5081 1007 5149 psychii,
1037 5096 1099 5134 ac
1129 5083 1396 5135 audivisse
1420 5098 1537 5136 cum
1567 5082 1795 5136 Basilius
1818 5082 1885 5136 de
1918 5081 2076 5135 Patre
2118 5081 2336 5149 quidem

777 5180 830 5225 et
856 5170 990 5225 Filio
1022 5171 1248 5225 miriﬁce
1272 5173 1581 5237 dissereret,
1602 5183 1655 5225 at
1684 5173 1942 5241 Spiritum
1973 5183 2223 5227 sanctum
2256 5172 2345 5225 de-

779 5269 1068 5327 torqueret.
1103 5258 1157 5312 lu
1188 5276 1293 5329 quo
1320 5262 1576 5316 Basiliam
1609 5263 1960 5330 comparabat
2001 5277 2121 5315 cum
2158 5260 2338 5314 ﬂuviis

779 5358 961 5415 petras
1025 5352 1473 5418 prmtereuntibus
1529 5362 1582 5406 et
1643 5367 1863 5405 arenam
1925 5353 2339 5405 exeavantibus.

778 5438 918 5503 Quin
958 5442 1118 5494 etiam
1149 5446 1420 5511 quaerebat
1444 5459 1510 5498 ex
1538 5444 1826 5515 Gregorio,
1855 5461 1953 5501 cur
1982 5447 2097 5516 ipse
2126 5446 2341 5513 quidem

779 5528 951 5595 palam
992 5542 1045 5584 et
1069 5545 1250 5600 aperte
1274 5532 1531 5604 Spiritum
1564 5537 1862 5606 appellaret.
1893 5537 2082 5600 Deum,
2110 5537 2343 5592 Basilius

780 5634 908 5675 vero
931 5623 1145 5690 politice
1176 5628 1345 5695 magis
1378 5642 1532 5697 quam
1564 5630 1648 5699 pie
1679 5630 1965 5686 veritatem
1991 5627 2344 5699 prmdiearet?

850 5764 924 5829 (a)
961 5762 1102 5835 gNaz.
1140 5780 1225 5835 ep.
1250 5766 1339 5820 26.

877 5838 923 5899 υ)
960 5833 1084 5886 Ibitl.

852 5838 923 5973 is;
957 5838 1084 5958 liii:

2451 4723 2611 4776 tione.
2655 4722 2715 4775 Si
2744 4723 2879 4775 enim
2909 4731 3111 4775 tantum
3142 4737 3417 4789 apparens,
3452 4720 3623 4790 inquit
3651 4719 3727 4790 (η.
3761 4718 3837 4787 9),
3887 4735 4012 4788 sup-

2446 4816 2639 4883 prime;
2696 4815 2853 4881 ipsius
2894 4815 3162 4882 impetum,
3216 4828 3403 4882 eosque
3446 4814 3534 4882 qui
3574 4813 3641 4864 ad
3678 4812 3869 4879 patria
3928 4828 4007 4865 ru

2448 4905 2743 4957 auertendas
2774 4906 3095 4971 conspirant,
3156 4903 3456 4973 dissipabis,
3510 4907 3600 4957 ubi
3646 4902 3771 4970 ipsis
3828 4914 4009 4955 notum

2448 4997 2629 5064 feceris
2664 5006 2731 5062 te,
2767 4995 2858 5050 Dei
2885 4998 3080 5065 gratia,
3113 4998 3276 5049 nostri
3311 5006 3467 5048 cintus
3496 4996 3677 5046 ducem
3708 5008 3839 5056 esse,
3872 5004 3973 5048 etc

2524 5088 2819 5157 negaverat
2846 5086 3138 5156 Gregorius
3164 5096 3219 5140 ut
3249 5088 3406 5141 simul
3430 5088 3806 5151 convenirent;
3840 5102 4011 5155 quan-

2451 5194 2608 5247 quam
2646 5179 2693 5231 id
2723 5178 2934 5247 quidem
2971 5180 3021 5231 in
3052 5177 3296 5246 epistola,
3321 5192 3479 5247 quam
3513 5176 3669 5232 modo
3700 5178 4007 5239 retulimus,

2456 5285 2556 5323 non
2590 5279 2738 5339 rogat
2772 5286 2785 5335 ;
2817 5270 2907 5324 sed
2939 5268 3075 5325 forte
3101 5271 3150 5325 id
3179 5269 3356 5341 baiqu
3374 5268 3611 5338 epistolae
3648 5269 3697 5322 in
3732 5270 4003 5323 mandatis

2453 5362 2696 5415 dederat.
2739 5360 3001 5415 Libenter
3035 5363 3225 5416 annuit
3275 5360 3525 5425 Basilius,
3572 5361 3709 5415 side
3756 5360 4006 5415 Ecclesiit

2448 5450 2850 5504 deliberandum
2884 5453 2951 5505 sit
2982 5468 2997 5517 ;
3034 5467 3190 5507 secus
3234 5465 3380 5513 vero,
3417 5451 3461 5504 si
3490 5449 3773 5503 calumnia:
3794 5448 4009 5501 diluen-

2455 5540 2552 5592 dre.
2611 5540 2856 5593 Dolorem
2892 5539 3079 5594 Basilii
3115 5540 3287 5595 sensit
3333 5539 3629 5609 Gregorius
3653 5538 3743 5607 (ε),
3776 5550 4011 5604 eumque

2451 5648 2554 5686 non
2611 5632 2726 5685 sine
2800 5633 2967 5686 amica
3024 5632 3441 5702 reprehensione
3506 5628 3782 5685 admonuit
3842 5627 4011 5684 satius

2525 5771 2599 5837 (ὀ)
2636 5771 2803 5837 Epist.
2834 5770 2923 5824 71.

2525 5846 2594 5911 (ε)
2635 5841 2764 5899 Naz.
2797 5856 2879 5911 ep.
2913 5840 3003 5894 Q7.
