4214 6484
1464 398 1620 451 VITA
1658 400 1714 452 S.
1759 394 2019 449 BASiLlI.

3235 421 3399 461 LXXIII

188 509 331 565 fuisse
382 506 754 560 incommodis
796 506 1018 566 mederi,
1050 521 1211 575 quam
1263 508 1548 561 consilium
1596 506 1742 560 danti
1780 511 1817 563 Α
1850 521 1955 574 quo
1982 515 2126 573 patet
2172 505 2469 561 Palladium
2505 513 2722 565 ininime
2777 527 2841 563 es
2879 528 3100 567 numero
3134 516 3407 571 obtrecta-

186 610 501 655 succeasere.
538 594 819 651 Caeterum
849 606 1129 649 venturum
1164 613 1219 651 se
1255 596 1517 667 promittit
1551 609 1602 653 et
1642 596 1742 649 Ba-

185 695 290 746 silio
315 690 445 741 duce
481 686 727 743 libenter
771 688 1170 743 dimicaturum.
1197 690 1340 755 Quos
1367 687 1591 742 Basilius
1621 704 1742 758 ger-

186 780 509 837 tenuissimus
563 780 774 834 fratres
820 790 873 833 et
916 780 1117 837 amicos
1171 790 1345 845 vocnt,
1388 780 1441 833 Iri
1492 782 1743 835 videntur

188 874 412 927 intonachi
444 873 787 927 Nazianzeni
819 871 1019 938 fuisse;
1052 876 1211 940 idque
1243 883 1387 942 patet
1413 886 1478 927 ex
1508 873 1591 928 his
1624 887 1741 925 ver-

190 968 301 1018 bis:
335 965 441 1035 Ego
469 966 675 1032 igitur,
723 966 765 1018 si
806 968 1025 1019 necdum
1075 967 1225 1018 istius
1258 963 1506 1033 fratribus
1533 979 1659 1017 mea!
1680 962 1743 1014 de

190 1058 281 1112 Deo
313 1056 585 1111 sententia:
618 1058 1034 1124 experimentum
1078 1057 1219 1123 dedi,
1264 1071 1326 1110 ne
1371 1073 1504 1111 nunc
1538 1055 1740 1127 quidem

185 1149 329 1201 huth
360 1149 498 1217 quod
535 1151 913 1217 respondeant.

244 1239 484 1309 Gregorii
519 1240 693 1292 verba
729 1239 781 1290 in
828 1235 1073 1292 convivio
1124 1238 1285 1293 citata
1322 1239 1666 1307 reperiuntur
1690 1234 1741 1288 in

186 1333 410 1385 oratione
438 1340 664 1395 octava,
704 1343 865 1398 quam
910 1331 1274 1399 pronuntiavit
1305 1344 1447 1384 anno
1473 1328 1579 1382 372
1622 1342 1741 1381 cum

186 1422 391 1491 abjectis
423 1420 664 1477 Sasintis
692 1422 1088 1478 Nazianzenam
1128 1421 1418 1475 Ecclesiam
1456 1421 1555 1475 sub
1591 1428 1744 1487 patre

188 1514 456 1580 regendam
490 1516 765 1584 suscepit.
822 1516 926 1567 Sed
954 1523 1130 1565 tamen
1172 1527 1239 1565 ex
1272 1513 1446 1578 aliqua
1486 1508 1587 1561 alia
1625 1523 1744 1561 ora-

192 1604 321 1657 tione
351 1605 642 1673 desumpta
678 1620 819 1666 essc,
879 1602 1069 1655 merito
1122 1603 1311 1655 statuit
1346 1600 1742 1653 Tillemontius.

188 1693 285 1748 Non
311 1699 451 1749 enim
479 1696 687 1747 mirum
728 1702 821 1746 aut
852 1693 1245 1746 incommodum
1293 1690 1464 1743 videri
1491 1690 1670 1755 debet,
1698 1690 1741 1745 si

187 1788 411 1841 eamdem
437 1786 774 1840 sententiam
809 1800 911 1839 non
950 1784 1115 1839 semel
1161 1782 1502 1850 usurpaverit
1543 1782 1743 1853 Grego-

1858 607 2027 649 torum
2085 597 2264 651 Basilii
2328 595 2513 651 fuisse.
2565 599 2705 652 Idem
2754 599 3035 653 dicendum
3068 601 3133 655 de
3190 602 3403 667 Diania,

1853 688 2006 754 cujus
2063 703 2125 739 ιχ
2162 700 2412 741 sermone
2465 701 2787 756 cognoverat
2836 690 3159 745 Athanasius
3207 695 3405 750 frustra

1852 778 2141 832 monachos
2175 780 2533 834 Ctesarienses
2586 782 2811 835 turbari.
2869 781 3107 836 Notantla
3165 781 3405 848 ejusdem

1852 871 2087 943 cpistan
2116 873 2227 923 hmc
2258 873 2418 926 verba
2453 890 2464 924 :
2500 870 2667 934 Αὐτὸς
2695 874 2791 941 μὲν
2822 877 2948 944 γὰρ,
2977 873 3051 937 ὼς
3073 872 3405 944 τεθάρρηκα,

1855 967 1963 1025 τοῖς
1990 961 2303 1015 ἀσθενοῦσιν
2338 964 2567 1034 ἀσθενὴς
2597 963 2824 1030 γίνεται.
2868 966 2949 1017 ἵνα
2997 982 3124 1028 τους
3170 965 3409 1028 ἀσθενεῖς

1855 1056 2111 1126 κερδήσῃ
2136 1057 2181 1106 οἱ
2208 1054 2263 1106 δὲ
2289 1056 2559 1125 ἀγαπητοὶ
2593 1054 2746 1126 ἡμῶν
2783 1057 3173 1121 ἀποϐλέποντες
3209 1059 3287 1120 εἰς
3324 1058 3411 1110 τὸν

1854 1150 2054 1201 σκοπὸν
2083 1147 2179 1217 τῆς
2204 1145 2460 1217 ἀληθείας
2486 1147 2667 1211 αὑτοῦ,
2727 1147 2819 1200 καὶ
2843 1148 2939 1217 τὴν
2966 1150 3293 1221 οἰκονομίαν,
3326 1148 3409 1201 ὁο-

1856 1237 2164 1303 ξαζέτωσαν
2185 1238 2276 1291 τὸν
2312 1237 2511 1308 Κύριον
2532 1238 2619 1290 τὸν
2645 1238 2907 1291 δεδωκότα
2944 1242 3008 1307 τῇ
3053 1239 3415 1311 Καππαδοκίᾳ

1852 1330 2086 1383 τοιοῦτον
2151 1329 2463 1393 ἐπίσκοπον,
2519 1322 2627 1379 οἷον
2694 1330 2786 1382 καὶ
2816 1329 3019 1397 ἑκάστη
3069 1328 3219 1399 χώρα
3273 1331 3415 1402 ἔχειν

1854 1422 2092 1493 εὔχεται.
2122 1421 2241 1489 Ipse
2274 1423 2409 1475 enim
2447 1419 2740 1490 (Basilius),
2776 1430 2830 1471 ut
2863 1422 3085 1488 conﬁdo,
3116 1437 3232 1473 cum
3262 1424 3412 1489 inﬁr-

1853 1517 1948 1568 mis
1978 1513 2304 1578 inﬁrmatur,
2340 1522 2395 1563 ut
2428 1511 2666 1579 inﬁrmos
2688 1510 3003 1577 lucrifaciat.
3033 1511 3218 1565 Dilecti
3243 1524 3413 1565 autem

1856 1604 2022 1657 nostri
2066 1601 2392 1669 respicientes
2440 1602 2507 1651 ad
2554 1601 2876 1665 propositum
2916 1601 3148 1654 veritatis
3194 1599 3337 1653 illius
3369 1612 3415 1653 et

1853 1696 2213 1757 teconomiam,
2257 1692 2550 1762 gloriﬁcent
2592 1691 2892 1755 Dominum,
2932 1691 3020 1760 qui
3061 1692 3215 1743 talem
3274 1691 3415 1745 dedit

1853 1784 2193 1851 Cappadocia:
2217 1785 2534 1852 epismpum,
2563 1782 2767 1850 qualem
2800 1797 3121 1851 unuqua‘que
3161 1782 3297 1849 regio
3325 1798 3416 1834 cu-

193 1882 313 1939 rius.
337 1893 459 1932 eum
486 1880 799 1948 praesertim
858 1889 1022 1929 totam
1054 1876 1195 1928 hanc
1238 1876 1544 1943 historiam,
1591 1890 1750 1943 quam
1786 1869 1827 1921 Ii
1857 1878 1927 1944 pit
1961 1877 2166 1929 habere,
2224 1877 2279 1929 In
2335 1879 2578 1931 eamdem
2618 1877 2941 1928 sententiam
3004 1876 3059 1930 S,
3091 1874 3417 1929 Athanasius

192 1972 333 2023 modo
360 1972 743 2033 narravimus,
786 1971 907 2022 huic
942 1983 1080 2022 anno
1107 1968 1204 2022 571
1231 1970 1553 2025 necessaria:
1590 1966 1753 2019 ratio-

192 2076 276 2115 nes
327 2062 613 2115 adtlicant.
662 2062 870 2115 Nullum
901 2064 1041 2115 enim
1077 2061 1218 2115 aliud
1251 2070 1459 2128 tempus
1485 2061 1746 2122 occurrit,

195 2154 241 2207 in
276 2170 377 2220 quo
403 2156 706 2207 instantem
761 2154 967 2209 hostem
993 2154 1382 2219 exspectaverit
1417 2150 1667 2214 Basilius,
1702 2162 1755 2205 et

191 2245 421 2300 exsilium
449 2258 544 2299 aut
578 2247 784 2317 aliquid
834 2248 1049 2313 gravius
1098 2262 1163 2300 ex
1200 2244 1381 2314 [ιι-ωηο
1432 2245 1750 2311 Sperawrit.

189 2343 721 2411 Appmpinquzmtent
768 2340 1007 2391 Valentis
1033 2338 1317 2390 adventum
1353 2332 1755 2405 designatGrc—

191 2437 357 2503 gorius
383 2434 485 2501 la),
515 2450 647 2487 cum
680 2431 754 2484 ait
805 2432 854 2483 in
903 2430 1170 2492 convivio,
1224 2431 1401 2499 ingens
1436 2429 1572 2481 circa
1604 2426 1756 2480 Basi-

188 2526 302 2578 liam
328 2543 437 2581 esse
460 2524 687 2585 bellum,
718 2522 897 2575 vicinis
926 2525 1165 2577 omnibus
1209 2522 1373 2588 captis
1418 2534 1464 2573 et
1501 2520 1752 2589 subjuga-

187 2612 587 2677 tis.Pra:tere'a,
633 2615 675 2667 si
698 2612 808 2680 jam
857 2613 1085 2668 Basilius
1128 2630 1246 2667 cum
1276 2612 1496 2667 Valente
1536 2612 1755 2680 ejusque

192 2703 441 2757 ministris
498 2713 843 2773 pugnasset,
898 2718 1024 2755 num
1067 2702 1294 2771 ignavia:
1332 2701 1539 2753 crimen
1590 2701 1752 2752 futuri

190 2795 341 2862 prazlii
385 2792 770 2864 promissione
814 2791 1144 2862 repelleret?
1191 2790 1396 2856 Quibus
1439 2791 1582 2843 enim
1614 2788 1757 2842 illius

194 2888 336 2940 fidem
366 2888 654 2955 praeterita
687 2886 985 2941 certamina
1013 2899 1118 2938 non
1145 2884 1557 2952 approbassem,
1588 2881 1755 2934 multa

196 2980 359 3031 minus
390 2983 639 3032 nonduin
674 2981 961 3035 commissa
993 2980 1376 3049 approbarent.
1403 2977 1579 3030 Aliam
1611 2975 1756 3028 addit

199 3070 445 3123 rationem
487 3068 871 3121 Tillcmontins
899 3088 911 3121 :
940 3069 1147 3123 scilicet
1178 3068 1432 3121 Basilium
1462 3075 1580 3135 post
1611 3063 1758 3117 Sasi-

1856 1966 2091 2035 loquitur
2140 1967 2191 2018 in
2252 1967 2478 2034 epistola
2530 1970 2595 2022 ad
2646 1964 2909 2022 Joannem
2957 1974 3010 2019 et
3051 1967 3414 2021 Antiochum:

1857 2059 2003 2112 Πάνυ
2038 2057 2092 2111 δὲ
2120 2058 2438 2128 τεθαύμακα
2468 2060 2563 2129 τὴν
2593 2061 2903 2132 Θρασύτητα
2948 2059 3054 2113 τῶν
3102 2058 3417 2130 τολμώντων

1854 2153 2032 2205 λαλεῖν
2060 2155 2198 2206 κατὰ
2230 2151 2321 2205 τοῦ
2351 2153 2630 2222 ἀγαπητοῦ
2673 2153 2847 2222 ἡμῶν,
2879 2152 2971 2207 τοῦ
3017 2152 3229 2223 ἀληθῶς
3284 2149 3418 2205 Θεοῦ

1855 2244 2063 2305 δούλου,
2092 2244 2366 2297 Βασιλείου
2388 2243 2479 2297 τοῦ
2503 2245 2820 2297 ἐπισκόπου·
2849 2247 2910 2298 ὲκ
2926 2246 3033 2316 γὰρ
3055 2248 3150 2316 τῆς
3166 2246 3421 2315 τοιαύτης

1858 2334 2119 2405 φλυαρίας
2143 2336 2455 2404 ἐλέγχεσθαι
2484 2336 2820 2408 δυνήσονται,
2842 2335 2917 2400 ὼς
2948 2337 3065 2389 οὐδὲ
3099 2336 3205 2389 τῶν
3240 2336 3416 2392 Ποιτὲ-

1860 2444 1967 2496 ρων
1984 2425 2299 2494 ἀγαπῶντες
2327 2428 2425 2497 τὴν
2439 2429 2743 2498 ὁμολογίαν.
2762 2427 2989 2481 Omnino
3021 2429 3181 2479 miror
3207 2428 3419 2480 temeri-

1856 2531 2231 2582 tatemeorum,
2259 2519 2346 2583 qui
2390 2518 2576 2570 dilecto
2623 2530 2821 2579 nostra,
2892 2535 3008 2572 vero
3046 2518 3139 2571 Dei
3193 2516 3419 2587 fatnulo,

1858 2611 2060 2665 Basilio
2096 2613 2335 2679 episcopo
2362 2612 2648 2663 obtrectare
2692 2610 2884 2663 audent
2914 2626 2929 2661 :
2974 2627 3037 2663 ex
3065 2610 3253 2662 talibus
3280 2609 3419 2662 enim

1858 2705 2005 2769 nugis
2032 2705 2182 2772 argui
2222 2711 2487 2770 poterunt,
2544 2702 2680 2771 quod
2713 2717 2772 2753 ne
2803 2698 3023 2753 Patrum
3066 2701 3268 2769 quidem
3296 2700 3421 2751 dili-

1858 2804 1980 2862 gunt
2025 2795 2422 2861 confessionem.

1931 2885 2221 2938 Palladium
2263 2887 2535 2940 existimat
2583 2886 2958 2940 Tillemoutius
3008 2900 3126 2941 eum
3165 2898 3285 2939 esse
3329 2883 3422 2953 qui

1859 2978 2076 3046 scripsit
2130 2976 2303 3029 Vitam
2354 2980 2528 3031 sancti
2559 2978 2777 3032 Joannis
2803 2978 3188 3047 Chrysostomi.
3225 2978 3271 3031 Is
3301 2993 3422 3029 cum

1861 3068 2165 3122 Innocentio
2207 3068 2334 3121 Italo
2355 3068 2647 3121 solitariam
2672 3070 2830 3119 vitam
2864 3068 3072 3137 agebat.
3112 3068 3189 3120 Ad
3218 3077 3425 3120 utrum-

198 3178 402 3217 menses
441 3161 729 3215 molestias
780 3160 959 3213 dicere
1008 3176 1113 3213 non
1154 3161 1415 3229 potuisse,
1476 3178 1528 3211 se
1563 3158 1755 3211 nullius
1787 3202 1829 3259 ε
1862 3176 1967 3230 que
1992 3171 2170 3214 exstat
2210 3162 2392 3216 Basilii
2426 3163 2651 3230 epistola
2703 3162 2826 3217 259.
2860 3162 3188 3217 Antiochum
3241 3170 3421 3215 autem

198 3248 288 3299 sibi
328 3250 378 3300 in
415 3246 737 3315 Gregorium
771 3264 930 3316 neque
958 3249 1103 3315 parvi
1150 3265 1308 3317 neque
1336 3249 1553 3317 majoris
1584 3250 1757 3301 delicti

201 3356 299 3393 esse
330 3342 629 3393 conscium.
693 3338 795 3391 Sed
857 3356 961 3393 non
996 3339 1149 3391 video
1197 3354 1291 3390 (ιιι-
1335 3338 1566 3392 Basilius
1598 3340 1759 3391 etiam

202 3443 309 3502 post
366 3434 563 3487 turbas
615 3430 953 3485 Sasimenses
1005 3434 1141 3485 hanc
1203 3432 1454 3486 amicitia:
1488 3448 1758 3501 nunquam

205 3528 400 3580 violata-
441 3526 659 3577 Iaudem
714 3524 815 3577 sibi
860 3524 1137 3577 vindicare
1177 3538 1283 3577 non
1325 3524 1579 3592 potuerit,
1638 3539 1759 3578 cum

200 3620 495 3687 pnesertim
536 3617 650 3684 ipse
690 3615 980 3683 Gregorius
1034 3616 1273 3685 pluribus
1333 3616 1462 3670 locis
1503 3616 1579 3685 (ὁ)
1618 3616 1762 3668 dicat

199 3710 491 3763 amicitiam
552 3707 657 3762 hac
715 3708 768 3761 itt
829 3722 887 3761 re
943 3704 1199 3761 Basiliutn
1270 3706 1490 3776 Spiritui
1543 3705 1753 3771 postha-

199 3796 259 3851 bn
268 3799 370 3852 isse
380 3840 394 3853 .

267 3888 325 3944 V.
390 3888 781 3943 Mouachorum
839 3890 904 3943 de
957 3888 1155 3942 Basilio
1189 3886 1421 3956 querela:
1473 3886 1539 3941 ad
1590 3886 1761 3941 sancti

206 3980 484 4034 Athanasii
516 3992 679 4034 aures
714 3989 1096 4047 pervenerunt,
1124 3978 1280 4048 eique
1308 3979 1645 4033 occasionem
1674 3977 1764 4033 tle-

205 4068 393 4123 dcrnnt
420 4068 606 4122 Basilii
649 4068 985 4123 defendendi.
1008 4066 1141 4122 Nam
1172 4083 1293 4122 cum
1317 4068 1364 4123 ei
1395 4068 1614 4121 Dianius
1642 4069 1763 4137 qui-

205 4161 316 4213 dam
351 4161 584 4216 dixisset
620 4158 913 4213 monachos
957 4160 1318 4214 Ctesarienscs
1349 4173 1667 4214 succensere
1712 4169 1765 4213 et

205 4252 467 4307 obluctari
501 4251 723 4316 Basilio,
751 4250 974 4319 scripsit
1005 4250 1086 4306 eis
1136 4251 1479 4315 Athanasius,
1515 4261 1569 4304 ut
1624 4250 1761 4318 patri

208 4346 493 4400 obedireut
523 4356 777 4412 tanquam
836 4342 952 4407 filii,
1003 4356 1102 4397 nec
1135 4343 1183 4397 ei
1222 4342 1635 4424 obluctarentpr
1664 4343 1761 4396 do-

208 4440 366 4492 centi.
407 4437 466 4491 Si
494 4439 638 4491 enim
669 4446 951 4506 suspectus
1007 4444 1153 4489 esset
1191 4435 1420 4489 Basilius
1473 4436 1525 4489 in
1552 4436 1615 4488 iis
1649 4451 1767 4503 qua:

1864 3254 2155 3308 verisimile
2174 3265 2258 3309 est
2280 3255 2452 3309 Sancti
2479 3256 2692 3310 Eusebii
2726 3257 3124 3311 Samosatensis
3151 3256 3333 3309 fratris
3362 3254 3425 3308 fl-

1864 3347 1991 3400 lium
2019 3363 2157 3411 esse,
2183 3350 2247 3401 de
2264 3364 2369 3416 quo
2392 3348 2526 3403 alius
2550 3359 2795 3403 occurret
2820 3348 3032 3401 dicendi
3061 3347 3229 3402 locus.

1933 3441 2077 3507 Quos
2116 3441 2442 3495 Athanasius
2479 3449 2633 3493 vocat
2679 3440 3042 3492 C:esarienses
3089 3438 3382 3493 monachos
3409 3479 3423 3503 ,

1865 3535 2022 3588 valde
2058 3535 2241 3587 dubito
2272 3544 2451 3585 utrum
2485 3548 2549 3586 ex
2586 3532 2903 3586 C:es:tricnsi
2949 3535 3279 3587 monasterio
3307 3530 3423 3586 fue-

1866 3628 1992 3692 rint,
2023 3644 2088 3680 an
2118 3642 2181 3681 ex
2214 3628 2334 3681 aliis
2363 3627 2712 3695 Cappadocia:
2741 3627 3103 3681 monasteriis.
3144 3624 3274 3680 Nam
3309 3626 3426 3681 Ca:-

1864 3719 2132 3771 sarienscs
2177 3728 2369 3772 ascette
2414 3718 2661 3771 videntur
2708 3716 2906 3772 Basilio
2955 3733 3168 3786 semper
3209 3717 3425 3770 amicis-

1866 3812 1988 3865 simi
2022 3810 2221 3877 fuisse;
2257 3822 2453 3866 etcum
2488 3812 2683 3865 factam
2714 3812 2763 3865 ei
2790 3812 2857 3864 ab
2885 3810 3116 3864 Eusebio
3160 3810 3418 3879 episcopo

1869 3903 2115 3971 injuriam
2148 3903 2281 3956 ultra
2302 3904 2466 3973 legem
2485 3913 2539 3957 et
2572 3903 2785 3956 modum
2808 3900 3167 3966 defenderint,
3196 3917 3414 3957 eorum-

1870 4011 1979 4063 que
2011 3997 2247 4050 studium
2280 3995 2535 4049 enituerit
2556 3994 2608 4047 in
2643 3994 3000 4060 promovenda
3034 3994 3172 4047 illius
3193 3995 3421 4047 electio-

1869 4100 1968 4152 ne;
2002 4086 2293 4139 verisimile
2319 4100 2421 4137 non
2454 4094 2535 4138 est
2565 4094 2673 4136 tam
2696 4084 2803 4137 cito
2823 4100 2916 4137 eos
2933 4087 2999 4137 ab
3026 4085 3118 4139 illo
3146 4084 3427 4139 abaliena-

1869 4189 1953 4230 tos
1994 4176 2178 4235 fuisse.
2224 4184 2278 4227 et
2330 4174 2551 4243 ignaviae
2598 4174 2799 4229 crimen
2850 4175 3116 4239 intulisse,
3151 4189 3262 4227 tum
3306 4188 3430 4228 cum

1868 4281 1925 4319 se
1964 4266 2030 4318 ad
2063 4264 2437 4334 gravissimum
2464 4275 2733 4319 certamen
2773 4262 2986 4317 fortiter
3010 4273 3247 4331 pararet.

1944 4356 2143 4410 Practer
2167 4358 2262 4410 hos
2292 4358 2726 4425 reprehensores,
2754 4356 2843 4409 alii
2874 4356 3036 4409 etiam
3066 4358 3203 4412 inter
3229 4356 3429 4413 Callio-

1874 4450 2004 4503 h’cos
2034 4449 2312 4513 exstitere,
2346 4450 2511 4517 quiet
2560 4450 2819 4503 Basiliunt
2847 4458 2901 4501 et
2945 4448 3261 4519 Gregorium
3316 4466 3423 4504 non

208 4532 267 4584 ad
302 4531 590 4585 veritatem
630 4539 896 4597 spectant,
928 4527 1248 4582 laudabilem
1277 4527 1392 4581 fore
1422 4541 1605 4580 eorum
1637 4541 1765 4580 con-
1800 4540 1844 4595 υ
1874 4540 2191 4605 timiditatis,
2237 4542 2329 4594 sed
2373 4541 2666 4609 impietatis
2718 4550 3076 4603 accusarem,
3122 4556 3183 4595 ac
3230 4556 3298 4595 ne
3341 4543 3429 4611 pie

211 4623 525 4676 tentionetn.
560 4618 664 4672 Sed
686 4622 730 4674 si
756 4620 1032 4673 confidunt
1071 4619 1331 4687 (eamdem
1356 4618 1455 4672 sibi
1508 4618 1761 4672 fiduciam

209 4728 323 4767 esse
348 4712 448 4781 ait)
478 4725 600 4765 eum
624 4724 744 4764 esse
769 4713 931 4764 decus
982 4719 1035 4765 et
1083 4722 1457 4763 ornamentum
1514 4707 1766 4762 Ecclesia:

212 4818 267 4854 ac
311 4803 484 4871 magis
510 4815 611 4871 pro
645 4802 871 4853 veritate
918 4809 1148 4863 certare,
1196 4808 1251 4852 et
1283 4812 1376 4851 eos
1398 4798 1487 4861 qui
1513 4797 1753 4851 dectrina

215 4894 451 4964 indigent
513 4894 781 4957 edocere;
835 4906 1168 4961 nequaquam
1218 4904 1339 4944 cum
1373 4889 1461 4942 tali
1514 4891 1628 4941 viro
1673 4904 1768 4957 pu-

212 4986 482 5056 gnandutn
508 4999 651 5050 esse,
703 4986 796 5039 sed
848 4985 1021 5051 potius
1054 4984 1247 5037 bonam
1304 4981 1444 5035 illius
1479 4980 1762 5034 conscien-

215 5080 335 5131 tiam
368 5077 792 5147 approbandam.
835 5074 950 5127 Non
985 5084 1158 5129 exstat
1194 5076 1306 5129 huic
1342 5072 1619 5125 Athanasii
1655 5071 1769 5139 epi-

215 5168 341 5221 stola
380 5168 449 5220 ad
483 5167 779 5221 monachos
806 5164 1184 5229 Caesarienscs,
1234 5162 1324 5217 sed
1374 5163 1486 5215 haec
1529 5161 1770 5215 eruimus

216 5278 275 5315 ex
309 5262 427 5315 aliis
458 5262 525 5314 ad
574 5258 869 5313 Palladium
912 5260 1284 5329 presbyterum
1338 5256 1556 5323 litteris,
1612 5272 1767 5323 quem

216 5354 557 5417 Athanasius,
586 5352 824 5420 acceptis
868 5353 935 5405 ab
995 5351 1085 5405 illo
1118 5351 1305 5403 eadem
1340 5350 1406 5403 de
1436 5365 1494 5403 re
1550 5348 1770 5408 litteris,

223 5454 385 5515 rogat,
420 5445 621 5513 utipse
681 5443 847 5497 etiam
878 5443 1083 5497 scribat
1138 5445 1202 5495 ad
1246 5441 1536 5496 monachos
1594 5441 1771 5494 Caesa—

223 5553 439 5602 rtcuses,
475 5550 540 5589 ac
576 5536 680 5589 sibi
742 5535 795 5587 in
836 5534 913 5589 eis
939 5534 1214 5590 flectendis
1240 5549 1455 5605 operam
1481 5546 1658 5588 navet.
1691 5534 1769 5587 Ex

279 5714 352 5785 (c)
382 5714 511 5769 Nat.
537 5728 625 5784 cp.
653 5712 746 5767 26.

282 5779 351 5856 (ὁ)
386 5790 475 5841 Ur.
508 5779 647 5851 5,11
671 5798 754 5838 or.
796 5779 887 5833 20.

1879 4633 2093 4702 quidem
2158 4632 2298 4701 loqui
2342 4633 2750 4697 existimarent;
2800 4648 2903 4686 non
2975 4634 3116 4700 qttod
3166 4632 3429 4685 divinita-

1877 4735 1981 4776 tem
2046 4723 2218 4776 sancti
2271 4720 2510 4789 Spiritus
2562 4722 2628 4774 ab
2688 4722 2766 4775 eis
2820 4721 3041 4789 negari,
3102 4722 3194 4774 sed
3253 4722 3428 4789 potius

1870 4812 2011 4880 quod
2075 4828 2169 4865 eos
2230 4813 2283 4864 itt
2342 4812 2443 4865 hoc
2503 4810 2748 4878 dogmate
2812 4810 3151 4878 praedicando
3216 4810 3427 4879 longius

1874 4904 1998 4957 ferri
2052 4906 2354 4958 crederent.
2411 4900 2561 4957 Unde
2617 4903 2909 4974 Gregorius
2952 4903 3021 4974 (c)
3072 4913 3224 4971 rogat
3272 4903 3429 4956 Basi-

1874 4998 2000 5049 littm
2034 5006 2089 5049 ut
2114 5009 2170 5049 se
2200 4996 2414 5059 doceat,
2439 5011 2704 5065 quousque
2739 4997 2794 5049 in
2833 4996 3170 5065 pra'dicanda
3200 4995 3431 5063 Spiritus

1875 5086 2046 5147 sancti
2070 5086 2341 5138 divinitate
2381 5086 2643 5153 progredi,
2698 5101 2925 5154 quasque
2974 5099 3122 5137 voces
3152 5099 3429 5151 usurpare,

1875 5188 1921 5230 et
1948 5192 2209 5244 quousque
2241 5177 2525 5230 tecouamia
2559 5178 2633 5228 uti
2673 5180 2977 5238 conveniat,
3010 5173 3261 5227 nimirum
3296 5183 3435 5227 utet

1877 5269 1941 5321 iis
1976 5269 2289 5331 satisfierct,
2321 5268 2410 5335 qui
2454 5267 2876 5337 nimimnjcjune
2894 5265 3233 5319 divinitatem
3256 5266 3428 5319 sancti

1878 5360 2111 5425 Spiritus
2149 5360 2453 5427 praedicari,
2488 5368 2543 5414 et
2576 5360 2639 5412 iis
2688 5360 2775 5427 qui
2823 5358 2943 5427 plus
2978 5373 3131 5427 aequo
3160 5357 3307 5412 illum
3330 5373 3425 5411 ex-

1882 5448 1998 5501 tolli
2028 5450 2414 5515 querebantur.
2471 5448 2718 5503 Nonnulli
2772 5450 2859 5502 his
2912 5449 3241 5515 temporibus
3286 5448 3431 5501 fere-

1880 5546 2073 5593 bantur
2139 5541 2395 5608 Spirituut
2453 5552 2694 5594 sanctum
2751 5539 2895 5592 Patri
2952 5549 3003 5593 et
3046 5538 3181 5593 Filio
3228 5552 3437 5608 praepov

1957 5715 2024 5783 te)
2060 5711 2187 5767 Naz.
2221 5728 2302 5781 cp.
2328 5712 2416 5766 9.6.
