4214 6478
792 389 947 432 LXXIV

2083 379 2605 441 PllOLEGOMENA.

791 512 944 592 nere,
974 509 1057 592 ut_
1086 507 1230 568 patet
1260 514 1341 592 ex
1375 498 1560 592 Basilii
1611 499 1836 568 epistola
1988 518 2162 572 neque
2218 504 2357 561 hanc
2385 514 2431 568 Α
2462 506 2600 575 piam
2638 508 2918 580 reliquisse
2949 509 3175 582 Nyssam
3199 517 3548 573 conveniendi
3575 534 3695 574 cum
3712 519 4016 592 episcOpis;

790 589 1223 644 criminationem
1256 591 1368 660 ipse
1411 591 1640 645 Basilius
1669 592 1873 663 effugit.
1920 591 2197 648 Neminem
2225 611 2356 653 sane

796 679 900 734 hoc
929 680 1222 737 insaniisse
1247 698 1435 736 errore
1466 685 1785 739 crediderim
1809 701 1823 747 ;
1861 687 1955 740 sed
1991 687 2088 743 bos
2113 704 2356 746 rmnores

787 773 1116 842 spargebant
1140 773 1641 842 Pneumatomachi,
1674 776 1861 842 sicque
1887 775 2061 832 fncmn
2095 776 2348 835 inlirmio-

792 865 945 920 ribus
983 867 1179 920 animis
1209 864 1499 923 faciebant.
1525 866 1704 934 Quare
1732 866 2047 923 adhibenda:
2073 871 2351 928 cautiones

787 966 966 1026 erant,
998 975 1099 1013 non
1143 959 1315 1012 solum
1351 972 1416 1011 ne
1459 974 1563 1026 qua
1596 960 1822 1013 daretur
1853 975 1982 1014 ansa
2031 960 2352 1018 Pnemnato-

786 1052 1016 1115 tnachis,
1037 1049 1128 1103 sed
1161 1053 1322 1103 etiam
1353 1059 1410 1102 ut
1433 1050 1660 1103 infirmis
1683 1050 2076 1104 consuleretur.
2102 1051 2159 1106 S.
2184 1055 2353 1108 Atha-

787 1144 992 1206 nasius,
1028 1141 1117 1210 qui
1180 1159 1266 1198 res
1306 1142 1357 1195 in
1417 1140 1753 1209 Cappadocia
1822 1150 1997 1208 gestas
2049 1158 2113 1196 ex
2164 1145 2348 1200 auditu

782 1243 1031 1298 noverat,
1059 1235 1271 1288 videtur
1308 1232 1652 1287 existimasse
1704 1232 1961 1286 Basilium
2010 1234 2346 1290 infirmorum

779 1342 941 1382 causa
972 1329 1204 1384 studium
1225 1325 1570 1380 defendendrc
1593 1325 1824 1393 Spiritus
1847 1327 2018 1380 sancti
2053 1328 2347 1382 divinitatis

787 1431 1138 1490 temperasse.
1173 1420 1427 1472 Aitenim
1461 1419 1524 1472 de
1565 1417 1763 1473 Basilio
1800 1439 1812 1474 :
1844 1418 1975 1474 Cum
2007 1421 2230 1489 inﬁrmis
2261 1419 2344 1472 in-

778 1514 1043 1582 firmatur,
1077 1522 1128 1565 ut
1165 1511 1742 1580 inﬁrmoslncrifaciat.

1355 1628 1581 1683 CAPUT
1624 1627 1763 1681 XIX.

777 1719 814 1774 Ι.
840 1721 995 1777 Circa
1035 1723 1132 1775 hnc
1153 1731 1351 1786 tentpns
1390 1719 1580 1788 Ngssa'
1602 1721 1878 1789 ordinatur
1906 1720 2174 1789 episcopus
2206 1719 2340 1775 Gre-

843 1795 1025 1859 gorius
1061 1791 1248 1843 Basilii
1272 1792 1457 1856 frater.
1495 1791 1556 1846 ll.
1599 1788 1835 1859 Basilius
1888 1788 2163 1843 Eustochio
2203 1791 2343 1859 ejus-

2459 601 2818 659 ordinationis
2861 612 3071 674 tempus
3115 605 3255 660 intra
3299 608 3634 677 angustiores
3665 613 3843 667 adhuc
3884 609 4023 664 lines

2457 693 2834 765 contrahitur,
2861 711 2958 752 nec
2989 697 3164 751 serius
3195 700 3408 756 videtur
3432 700 3722 770 contigisse
3757 717 4022 761 autumno

2455 783 2580 837 anni
2604 784 2728 838 371.

2525 875 2587 929 ll.
2623 875 2886 933 Videntur
2910 878 3123 949 scripta:
3153 889 3278 932 ante
3308 881 3662 954 Cappadocia:
3691 882 4014 944 divisionem

2453 968 2694 1035 epistolae
2734 968 2800 1022 72
2827 983 2882 1024 et
2914 972 3002 1037 73,
3036 972 3102 1026 ad
3152 971 3477 1043 Hesychium
3527 986 3582 1030 et
3609 973 4011 1035 Callisthenem.

2454 1057 2636 1115 Laesus
2659 1061 2727 1115 ab
2758 1059 3033 1117 Eustachii
3065 1064 3234 1118 servis
3259 1061 3612 1120 Callisthenes
3631 1107 3646 1129 ,
3672 1065 3758 1119 vir
3799 1080 4016 1135 potens,

2449 1160 2631 1218 atque,
2662 1160 2719 1204 ut
2756 1151 3044 1204 verisimile
3074 1164 3175 1216 est,
3225 1154 3277 1208 in
3319 1169 3512 1223 magna
3543 1158 3717 1228 aliqua
3749 1155 4018 1225 dignitate

2449 1243 2792 1308 constitutus,
2817 1256 3007 1309 pinnas
3043 1259 3073 1296 a
3107 1244 3320 1298 famulis
3369 1254 3421 1298 et
3455 1246 3601 1300 beris
3645 1258 3885 1314 repetere
3918 1263 4016 1304 vo-

2449 1332 2566 1386 luit.
2595 1332 2738 1386 Misit
2785 1332 3031 1398 militem,
3066 1349 3172 1403 quo
3221 1337 3273 1391 in
3305 1337 3464 1392 domo
3496 1335 3770 1393 Enetocltii
3803 1337 4011 1394 nullum

2447 1425 2783 1479 contumelia:
2811 1439 2983 1494 genus
3012 1427 3319 1485 omittebat.
3355 1429 3551 1484 Servos
3579 1429 3631 1481 in
3667 1445 3789 1483 enm
3832 1431 4015 1486 locum

2444 1515 2634 1570 adduci
2655 1514 2884 1581 volebat,
2914 1515 3004 1570 ubi
3043 1517 3293 1585 injuriam
3325 1520 3586 1585 fecerant,
3623 1528 3681 1572 ut
3716 1520 3786 1574 ibi
3821 1538 4018 1590 pinnas

2448 1607 2837 1672 persolverent.
2868 1608 3020 1662 Servi
3047 1611 3111 1661 ad
3134 1608 3390 1663 Basilium
3421 1610 3736 1682 confugiunt
3762 1613 3854 1679 qni
3890 1623 4014 1668 sta-

2447 1700 2540 1752 tim
2587 1699 2779 1754 scribit
2825 1699 3157 1755 Callistheni.
3191 1698 3240 1755 ls
3274 1701 3668 1769 perbonoritice
3698 1703 4009 1771 respondet,

2445 1808 2508 1846 ac
2535 1793 2697 1846 totius
2731 1794 2806 1846 rei
2832 1794 3118 1848 arbitrium
3148 1791 3347 1848 Basilio
3378 1793 3684 1857 committit,
3709 1795 3791 1849 sic
3829 1803 4010 1848 tamen

843 1858 2340 1951 ‘Il‘ﬁ‘f'P'ﬂl’afW‘t’ff'ff'i'{'ft’€fﬁ‘f§f;_!l!j__9?!°ffllffff
2375 1855 2413 1909 Β
2445 1889 2502 1933 ut
2532 1895 2744 1951 poenam
2779 1897 2882 1935 non
2914 1884 3235 1948 remitteret,
3272 1883 3508 1938 sedeam
3538 1881 3722 1937 Basilii
3761 1884 4008 1940 auctori-

844 1933 1055 1999 scripta'
1087 1931 1150 1984 ab
1181 1949 1238 1984 eo
1279 1933 1510 2000 episloila'
1541 1935 1603 2000 9h
1643 1931 1948 2000 divisionem
1996 1929 2341 2000 Cappadorim

848 2020 989 2070 anno
1018 2001 1115 2055 571
1154 1999 1494 2070 exeunte._lV.
1536 1999 1816 2052 Thernsins
1841 2000 1936 2053 hoc
1957 1999 2339 2070 anno'regebat

844 2069 1256 2136 Cappadociam.
1297 2070 1356 2122 ν.
1388 2068 1635 2138 Elpidius
1669 2070 1783 2139 ejus
1807 2087 2055 2124 assessor.
2089 2068 2340 2125 V|._The-

843 2141 986 2194 rasio
1013 2141 1245 2210 dignitas
1272 2142 1582 2210 abrogatur,
1602 2141 1679 2195 vel
1711 2157 1823 2194 eam
1844 2153 2019 2208 sponte
2055 2142 2264 2210 abjicit.

840 2254 880 2307 l.
933 2254 1238 2309 Bcl‘erenda
1290 2256 1354 2308 ad
1412 2256 1513 2308 hoc
1544 2265 1754 2321 tempus
1801 2251 2013 2307 videtur
2067 2254 2337 2310 ordinatio

770 2345 810 2400 S
858 2345 1106 2418 Gregorii
1143 2345 1392 2417 Nysseni,
1429 2348 1479 2398 in
1518 2360 1624 2413 qua
1653 2360 1757 2398 non
1791 2343 1962 2398 solum
1995 2360 2236 2401 summus
2261 2348 2334 2417 (a)

766 2439 981 2494 exstitit
1033 2453 1329 2492 consensus
1377 2437 1753 2505 episcoporum
1791 2434 2181 2504 Cappadociae,
2239 2440 2334 2493 sed

764 2531 930 2585 etiam
970 2545 1178 2585 summa
1239 2528 1544 2584 constantia
1596 2528 1647 2582 in
1698 2527 2021 2596 imponenda
2074 2525 2335 2599 Gregorio

765 2623 928 2694 hujus
976 2623 1160 2678 oneris
1216 2621 1537 2692 suscipiendi
1584 2620 1928 2675 necessitate.
1978 2618 2085 2675 Sed
2144 2637 2335 2691 quam-

765 2716 847 2769 vis
903 2714 1037 2769 nihil
1081 2714 1340 2770 omissum
1399 2722 1548 2768 esset
1615 2727 1790 2781 neque
1844 2727 2109 2781 parvum,
2160 2728 2334 2781 neque

768 2821 1046 2876 magnum,
1078 2807 1224 2876 quod
1269 2805 1484 2875 quidem
1517 2804 1584 2858 ad
1627 2817 1865 2857 canones
1899 2804 2186 2868 attineret;
2227 2819 2331 2857 non

765 2911 942 2954 tamen
975 2898 1352 2955 hmretieorum
1376 2896 1785 2955 criminationes
1812 2893 2328 2966 eﬂ'ugitCregorius.

762 2989 987 3063 Negotia
1015 2991 1064 3046 ei
1097 2991 1464 3047 exhibuerunt
1485 2990 1558 3061 (b)
1590 3002 1733 3043 anno
1763 2986 1891 3055 574,
1921 2997 2174 3058 tanquam
2197 3002 2332 3057 pra:-

761 3093 851 3138 ter
875 3098 1115 3138 canones
1147 3083 1435 3145 ordinatio,
1475 3093 1640 3152 atque
1691 3081 1832 3136 hanc
1876 3081 2023 3137 illius
2078 3079 2328 3150 ejiciendi

761 3191 950 3230 ansam
979 3173 1323 3244 arripuerunt
1345 3173 1416 3245 (c)
1445 3191 1586 3228 anno
1611 3177 1736 3231 575.
1783 3175 1935 3232 Unde
1968 3172 2200 3228 Basilius
2251 3170 2330 3241 (ιι)
2359 3200 2405 3262 C

761 3277 825 3323 ut
852 3266 1072 3322 fratrem
1103 3265 1376 3331 defendat,
1409 3264 1486 3320 sic
1503 3265 1741 3335 loquitur
1774 3265 2015 3319 onmium
2047 3265 2330 3334 Cappado-

759 3360 861 3414 cia:
906 3359 1283 3430 episcoporum
1319 3357 1537 3414 nomine
1570 3376 1583 3413 :
1640 3356 1882 3411 Venimus
1926 3372 2105 3409 omnes
2139 3355 2331 3421 ampli-

760 3452 936 3508 tudini
959 3462 1063 3506 tua!
1096 3450 1421 3522 supplices...
1460 3453 1542 3506 sin
1589 3461 1764 3504 autem
1817 3459 1891 3504 est
1931 3448 2132 3518 aliquid
2181 3447 2330 3500 aliud

760 3544 1099 3605 canonicum,
1124 3543 1262 3613 quod
1291 3543 1530 3598 examine
1568 3543 1823 3613 indigeat,
1870 3542 2027 3611 idque
2055 3539 2331 3609 magnani-

757 3635 917 3687 mitas
946 3643 1039 3687 tua
1061 3635 1249 3688 audire
1269 3652 1330 3688 ac
1350 3635 1597 3703 judicare
1640 3634 1772 3699 vult,
1804 3650 1897 3688 nos
1943 3649 2118 3687 omnes
2152 3632 2332 3686 adesse

758 3740 966 3778 necesse
993 3733 1094 3787 est,
1121 3725 1250 3795 quia
1276 3724 1320 3776 si
1343 3724 1471 3792 quid
1501 3723 1677 3788 deﬁcit
1704 3739 1882 3774 eorum
1920 3737 2037 3792 quae
2064 3723 2133 3774 ad
2172 3736 2333 3774 cano-

759 3835 851 3872 nes
877 3825 1148 3886 spectant;
1181 3814 1387 3887 culpam
1414 3814 1670 3868 sustinent
1689 3813 1780 3884 qui
1811 3815 2136 3877 ordinavere,
2167 3829 2266 3866 non
2287 3815 2330 3868 is

757 3914 852 3985 qui
883 3913 1236 3968 ministerium
1271 3910 1532 3979 suscipere
1576 3909 1882 3962 necessitate
1925 3907 2064 3960 omni
2094 3916 2326 3959 coactus.

830 4005 1082 4061 Nondum
1114 4005 1402 4075 episcopus
1432 4013 1550 4058 erat
1586 4002 1901 4071 Gregorius.
1933 4015 2053 4055 cum
2092 4013 2210 4054 sese
2244 3999 2328 4052 in-

758 4097 1044 4166 terposuit,
1076 4106 1135 4149 ut
1159 4112 1345 4166 pacem
1370 4097 1512 4149 inter
1535 4095 1758 4149 fratrem
1793 4103 1848 4148 et
1878 4100 2127 4162 patruum
2162 4091 2328 4145 alios-

755 4204 864 4258 que
888 4187 1242 4258 Cappadocia:
1272 4187 1552 4256 episcoms
1571 4185 1884 4240 conciliaret
1903 4182 1993 4254 (e).
2014 4180 2165 4237 Tune
2183 4181 2326 4237 enim

757 4282 994 4336 Basilius
1026 4297 1148 4335 cum
1182 4297 1267 4342 eo,
1291 4287 1350 4334 ut
1379 4294 1501 4333 cum
1548 4276 1766 4330 homine
1795 4276 2026 4344 negotiis
2062 4291 2233 4329 vacuo
2273 4282 2330 4329 et

759 4374 963 4435 solute.
988 4371 1387 4441 expostulabat,
1402 4369 1544 4440 quod
1564 4368 1748 4422 nonad
1772 4381 1830 4421 se
1848 4381 2040 4420 novam
2059 4367 2223 4421 vitam
2250 4367 2330 4420 in—

755 4481 1002 4537 gressum
1031 4465 1150 4531 opis
1181 4463 1419 4518 ferenda:
1459 4475 1621 4516 causa
1669 4458 1898 4514 veniret.
1946 4456 2152 4511 Deinde
2199 4472 2328 4511 vero

754 4563 900 4614 inter
921 4559 1297 4628 episcoporum
1323 4553 1677 4624 Cappadociae
1701 4551 2065 4607 dissensiones
2102 4548 2325 4604 minime
2355 4555 2400 4611 ι)

752 4649 1068 4705 collocanda
1105 4647 1397 4710 ordinatio,
1431 4660 1552 4715 qua:
1587 4659 1799 4699 summo
1827 4650 1910 4696 est
1952 4647 2168 4710 peracta
2198 4654 2322 4694 con-

753 4750 940 4793 sensu:
977 4738 1054 4791 Ad
1098 4739 1239 4792 hanc
1279 4745 1458 4790 autem
1494 4735 1809 4804 dignitatem
1846 4732 1952 4802 jam
2000 4741 2322 4800 pervenerat

753 4831 1078 4902 Gregorius,
1125 4847 1248 4885 cum
1299 4828 1674 4899 cognominem
1709 4841 1906 4888 suum,
1951 4825 2319 4880 Sasimensem

754 4925 1066 4995 episcopum
1122 4937 1314 4977 recens
1365 4921 1694 4984 ordinatum,
1730 4918 1915 4974 invisit
1958 4928 2082 4973 ante
2109 4917 2320 4974 Pascha

751 5016 879 5069 anni
910 5015 1016 5070 372
1040 5012 1129 5083 (Ῑ).
1184 5012 1366 5080 Quare
1394 5011 1535 5066 intra
1587 5011 1712 5065 illud
1744 5020 1975 5079 tempus,
2003 5009 2143 5079 quod
2171 5024 2200 5061 a
2231 5022 2319 5076 pa-

752 5108 1058 5162 cilleatione
1081 5102 1439 5176 Cappadocia:
1470 5117 1643 5173 usque
1679 5103 1743 5157 ad
1773 5101 2137 5157 Sasimensem
2175 5099 2321 5154 ordi-

751 5199 1026 5253 nationem
1046 5196 1269 5260 eﬂluxit,
1302 5193 1542 5267 Nyssena
1571 5193 1840 5249 ordinatio
1863 5191 2194 5248 collocanda.
2213 5189 2321 5246 Sed

751 5307 876 5345 cum
903 5291 1211 5345 dominatus
1233 5289 1556 5343 Arianorum
1587 5301 1682 5358 per
1707 5296 1872 5340 totam
1901 5285 2156 5346 hiemem,
2185 5296 2316 5352 prte-

751 5379 926 5435 scntia
961 5381 1321 5449 imperatoris,
1340 5395 1403 5435 ac
1425 5378 1619 5434 deinde
1639 5384 1942 5433 consecutze.
1967 5390 2031 5430 ex
2055 5373 2318 5428 divisione

751 5472 1106 5543 Cappadocae
1154 5473 1514 5528 dissensiones
1547 5485 1654 5527 non
1685 5470 1972 5526 videantur
1999 5466 2193 5524 Basilio
2221 5481 2315 5522 co-

820 5639 898 5703 fa)
930 5641 1024 5705 Ep.
1051 5639 1176 5696 τλῇς.

818 5709 896 5779 (ἐν)
930 5711 1023 5776 Ep.
1056 5711 1178 5764 190.

825 5779 899 5848 (c)
938 5781 1033 5846 Ep.
1063 5781 1190 5834 939.

818 5852 898 5917 an
941 5851 1030 5923 ep.
1057 5849 1183 5906 22:5.

2444 1984 2552 2029 tate
2577 1975 2916 2044 comprobari
2948 1975 3128 2030 vellet.
3168 1976 3383 2031 Gratias
3411 1977 3458 2032 ei
3488 1976 3598 2047 agit
3626 1975 3856 2032 Basilius
3900 1977 4005 2049 (g),

2443 2083 2506 2122 ac
2539 2083 2724 2123 servos
2744 2083 2808 2122 eo
2839 2068 3127 2121 adductum
3159 2067 3222 2120 iri
3269 2069 3558 2137 promittit,
3600 2069 3690 2123 ubi
3748 2069 4010 2136 injuriam

2439 2159 2708 2224 fecerant,
2737 2160 2779 2215 si
2813 2160 2861 2214 id
2891 2157 3241 2214 Callisthenis
3297 2158 3480 2214 animo
3521 2159 3687 2213 fixum
3719 2169 3773 2214 et
3810 2161 4007 2215 immo-

2441 2261 2552 2305 tum
2587 2253 2793 2307 sedeat.
2831 2251 2936 2304 Sed
2968 2265 3089 2304 cum
3130 2264 3192 2303 ea
3246 2264 3334 2302 res
3384 2250 3594 2317 magnis
3647 2248 4012 2303 incommodis

2438 2344 2671 2397 obnoxia
2722 2342 2812 2405 sit,
2864 2350 3019 2411 rogat
3050 2353 3106 2394 ut
3141 2340 3352 2395 Sasima
3398 2341 3678 2405 sistantur,
3711 2356 3884 2410 eoque
3915 2354 4011 2394 ve-

2438 2436 2593 2489 niens
2642 2433 2998 2489 Callisthenes
3029 2433 3322 2503 potentiam
3372 2449 3523 2487 suam
3562 2431 3720 2488 simul
3767 2443 3824 2486 et
3865 2432 4006 2486 leni-

2439 2537 2600 2581 tatem
2637 2525 2910 2591 ostendat,
2959 2525 3256 2580 itn-olnmes
3295 2524 3634 2579 dimittenda.
3682 2524 4006 2594 Quanquam

2436 2637 2506 2677 ne
2531 2620 2580 2674 id
2607 2619 2823 2690 quidem
2853 2620 3098 2674 concedit
3124 2617 3458 2682 Callistheni,
3482 2618 3582 2672 nisi
3601 2619 3742 2686 quod
3774 2629 4000 2682 metuat,

2437 2730 2505 2768 ne
2528 2712 2653 2782 quid
2679 2712 2968 2767 iracundiae
2994 2712 3045 2764 in
3081 2709 3198 2779 ejus
3219 2711 3381 2764 corde
3420 2709 3596 2763 minus
3618 2711 3830 2764 coctum
3873 2711 4008 2763 resi-

2435 2804 2577 2857 deat.
2610 2802 2776 2856 Multo
2796 2803 2938 2856 enim
2974 2803 3283 2871 praeclarius
3315 2802 3602 2863 facturum,
3628 2801 3671 2854 si
3705 2800 4005 2855 vindictam

2434 2893 2535 2949 sibi
2566 2893 2864 2962 permittat.
2897 2891 3122 2946 Etiamsi
3151 2891 3295 2946 enim
3323 2892 3558 2962 iurasset
3602 2905 3662 2947 se
3714 2907 3900 2948 servos
3934 2894 4004 2948 ad

2435 3000 2647 3056 poenam
2673 2985 2996 3038 traditurum
3028 2984 3321 3037 secundum
3363 2982 3539 3054 leges;
3587 2985 3810 3054 periurii
3844 2999 4000 3039 reum

2437 3094 2541 3134 non
2577 3077 2840 3142 futurum,
2875 3077 2920 3132 si
2948 3091 3014 3130 ex
3059 3076 3266 3144 legibus
3311 3077 3712 3138 ecclesiasticis,
3742 3092 3861 3145 quae
3894 3089 4001 3129 non

2440 3171 2665 3226 minoris
2726 3179 2850 3225 sunt
2893 3168 3052 3239 pretii
3107 3184 3266 3239 quam
3326 3170 3546 3233 civiles,
3609 3167 3903 3235 puniantur
3948 3173 4006 3221 et

2435 3265 2812 3320 emendentur.
2839 3261 3065 3316 Videtur
3090 3263 3203 3316 hmc
3231 3261 3454 3331 epistola
3489 3275 3584 3328 per
3605 3259 3850 3313 eumdem
3890 3258 4006 3313 dia-

2431 3371 2627 3410 conum
2672 3355 2853 3419 missa,
2889 3368 2985 3424 per
3009 3368 3166 3422 quem
3213 3363 3266 3406 et
3316 3349 3538 3420 epistola
3570 3349 3637 3403 ad
3667 3348 4000 3419 Elesychium

2435 3446 2600 3500 missa
2642 3455 2745 3499 est.
2780 3443 2935 3499 Hunc
2967 3453 3121 3514 rogat
3148 3441 3395 3505 Basilius,
3422 3448 3479 3494 ut
3504 3439 3605 3495 sibi
3642 3439 3694 3492 in
3731 3437 4000 3509 placando

2429 3536 2775 3600 Callisthene,
2795 3537 2878 3589 vel
2907 3551 3003 3602 per
3023 3550 3082 3589 se
3106 3534 3186 3588 vel
3214 3548 3311 3602 per
3333 3532 3536 3587 amicos
3564 3546 3784 3601 operam
3815 3540 3998 3584 navet.

2434 3627 2546 3682 Sibi
2571 3626 2715 3681 cnim
2747 3624 3187 3680 molestissimum
3233 3625 3495 3687 futurum,
3533 3622 3577 3676 si
3605 3622 3671 3676 iis
3707 3620 3798 3690 qui
3827 3622 3893 3674 ad
3941 3637 4003 3676 se

2439 3717 2796 3790 confugerunt
2825 3716 3082 3787 prodesse
3119 3729 3225 3769 non
3275 3713 3464 3784 possit.
3500 3712 3627 3768 llaec
3658 3722 3838 3768 autem
3871 3721 4001 3767 ante

2431 3811 2751 3866 divisionem
2772 3808 3130 3880 Cappadocia:
3150 3807 3396 3863 evenisse
3422 3805 3674 3878 c0njicio,
3705 3814 3994 3877 propterea

2432 3903 2576 3972 quod
2608 3903 2740 3971 petit
2765 3901 3020 3969 Basilius,
3049 3908 3110 3954 ut
3151 3899 3316 3965 servi,
3370 3913 3506 3969 quos
3554 3897 3608 3953 in
3653 3898 3812 3953 fidem
3842 3911 3997 3951 suam

2433 4003 2728 4062 receperat,
2770 3993 2979 4048 Sasima
3012 4006 3181 4060 usque
3217 3991 3503 4046 sistantur.
3540 3990 3593 4044 Id
3634 3989 3778 4043 enim
3828 4003 3994 4058 argu-

2430 4094 2615 4138 mento
2644 4095 2728 4138 est
2757 4085 2994 4138 nondum
3027 4085 3126 4137 hoc
3151 4083 3402 4151 oppidum
3440 4083 3492 4136 in
3525 4081 3700 4135 aliena
3725 4079 3849 4148 jura
3879 4097 3998 4136 ees-

2430 4179 2567 4233 sisse
2597 4193 2613 4230 :
2645 4190 2746 4229 nec
2774 4175 3015 4244 profecto
3048 4173 3330 4229 charitatis
3371 4172 3548 4228 Basilii
3575 4182 3632 4226 et
3665 4173 3832 4227 animi
3889 4173 3996 4229 for-

2433 4268 2682 4325 titudinis
2701 4268 2912 4329 fuisset,
2949 4266 3210 4336 ejusmodi
3242 4264 3488 4320 homines
3519 4264 3792 4327 deserere.
3831 4273 3995 4331 atque

2433 4361 2486 4415 in
2514 4360 2697 4432 gratiae
2727 4368 2780 4414 et
2802 4358 3046 4413 beneficii
3086 4356 3203 4412 loco
3237 4365 3440 4426 petere,
3473 4364 3703 4409 utextra
3731 4354 3994 4410 ditionem

2431 4464 2486 4506 et
2511 4451 2869 4519 patrocinium
2898 4466 3053 4503 suum
3076 4449 3438 4504 abducontnr.

2504 4544 2588 4597 Ill.
2617 4542 2750 4597 Cum
2796 4556 3021 4612 peregre
3068 4549 3214 4594 esset
3261 4539 3489 4594 Basilius
3540 4553 3724 4594 mense
3771 4535 3993 4593 Octobri

2429 4645 2661 4690 exeunte
2707 4644 2799 4688 aut
2846 4634 3063 4688 ineunte
3113 4631 3425 4697 Novembri,
3458 4648 3521 4688 ac
3566 4630 3829 4687 ecclesias
3867 4644 3996 4686 suas

2431 4728 2695 4790 visitaret,
2750 4727 2834 4782 vel
2876 4726 3062 4797 Nyssa:
3117 4725 3424 4795 episcopum
3479 4725 3792 4786 ordinaret,
3834 4723 3992 4780 scri-

2428 4835 2587 4890 psere
2614 4818 2691 4890 (Ii)
2718 4819 2782 4873 ad
2801 4834 2922 4873 eum
2944 4816 3328 4883 Cmsarienses,
3351 4826 3405 4871 et
3429 4817 3493 4870 ad
3527 4829 3683 4884 opem
3713 4815 3814 4870 sibi
3847 4817 3992 4870 cele-

2430 4914 2563 4968 riter
2603 4912 2877 4966 ferendam
2915 4910 3087 4980 patria
3117 4909 3408 4965 revocavit.
3440 4905 3615 4963 Ilediit
3644 4906 3853 4973 statim,
3881 4921 3990 4960 non

2428 5021 2523 5075 spe
2552 5004 2737 5059 auxilii
2785 5003 3011 5069 ferendi,
3051 5001 3144 5058 sed
3193 5019 3258 5057 ne
3294 5002 3537 5055 desertos
3566 5013 3624 5054 se
3652 5000 3721 5054 ab
3748 5014 3815 5054 eo
3842 4999 3992 5052 cives

2426 5104 2801 5166 quererentur.
2827 5093 3029 5149 Luctus
3057 5108 3243 5148 eorum
3267 5099 3322 5146 et
3354 5088 3557 5145 doloris
3583 5104 3770 5152 causa,
3794 5086 3991 5141 divisio

2424 5188 2797 5260 Cappadociae,
2828 5203 2894 5243 ex
2929 5203 3034 5255 qua
3066 5187 3198 5241 duas
3226 5182 3531 5254 provincias
3563 5179 3740 5236 elfeeit
3770 5178 3988 5242 Valens,

2424 5286 2570 5336 velut
2600 5282 2643 5336 si
2671 5281 2791 5350 quis
2817 5295 3014 5352 equum
3040 5288 3133 5333 aut
3175 5275 3365 5331 bovem
3395 5289 3549 5328 suum
3578 5272 3712 5327 duas
3734 5271 3786 5325 in
3807 5280 3992 5340 partes

2423 5376 2691 5438 dividens,
2737 5373 2876 5428 duos
2917 5387 3013 5444 pro
3037 5385 3142 5425 uno
3175 5367 3276 5423 sibi
3322 5367 3522 5421 habere
3555 5365 3818 5419 videatur.
3852 5362 3989 5416 Cum

2423 5467 2659 5521 edictum
2709 5473 2856 5519 esset
2905 5473 2963 5518 ut
3010 5460 3244 5516 maxima
3295 5474 3420 5529 pars
3459 5455 3623 5512 curia:
3674 5454 3990 5511 Podandutu

2496 5638 2564 5705 (ρ)
2599 5639 2691 5707 Ep.
2721 5637 2809 5691 58.

2524 5704 2565 5773 fl
2593 5704 2720 5762 an.
2749 5723 2829 5763 or.
2862 5704 2913 5761 5.

2500 5778 2578 5849 (ρ)
2607 5779 2771 5842 κρίκε.
2806 5777 2895 5830 73.

2500 5850 2576 5916 (ἡ)
2608 5849 2701 5918 Ep.
2732 5849 2823 5905 7s.
