  <div class='ocr_page' id='page_1' title='image "/cluster/home/n/w/nwhite01/storage/ocr_20150623/29/uva.x004321530/098.png"; bbox 0 0 4214 6506; ppageno 0'>
   <div class='ocr_carea' id='block_1_1' title="bbox 1436 409 1996 476">
    <p class='ocr_par' dir='ltr' id='par_1_1' title="bbox 1436 409 1996 476">
     <span class='ocr_line' id='line_1_1' title="bbox 1436 409 1996 476; baseline 0.018 -13"><span class='ocrx_word' id='word_1_1' title='bbox 1436 409 1595 464; x_wconf 74' lang='lat' dir='ltr'><strong>Vl&#39;l‘A</strong></span> <span class='ocrx_word' id='word_1_2' title='bbox 1637 410 1692 465; x_wconf 84' lang='lat' dir='ltr'><strong>S.</strong></span> <span class='ocrx_word' id='word_1_3' title='bbox 1733 411 1817 466; x_wconf 75' lang='lat' dir='ltr'><strong>BA</strong></span> <span class='ocrx_word' id='word_1_4' title='bbox 1827 415 1996 476; x_wconf 84' lang='lat' dir='ltr'><strong>SlLll.</strong></span> 
     </span>
    </p>
   </div>
   <div class='ocr_carea' id='block_1_2' title="bbox 3242 447 3382 486">
    <p class='ocr_par' dir='ltr' id='par_1_2' title="bbox 3242 447 3382 486">
     <span class='ocr_line' id='line_1_2' title="bbox 3242 447 3382 486; baseline 0 0"><span class='ocrx_word' id='word_1_5' title='bbox 3242 447 3382 486; x_wconf 72' lang='grc' dir='ltr'>ιιιν</span> 
     </span>
    </p>
   </div>
   <div class='ocr_carea' id='block_1_3' title="bbox 195 519 3384 608">
    <p class='ocr_par' dir='ltr' id='par_1_3' title="bbox 195 519 3384 608">
     <span class='ocr_line' id='line_1_3' title="bbox 195 519 3384 608; baseline 0.002 -34"><span class='ocrx_word' id='word_1_6' title='bbox 195 519 560 587; x_wconf 76' lang='lat' dir='ltr'><strong>transferretur,</strong></span> <span class='ocrx_word' id='word_1_7' title='bbox 586 536 754 590; x_wconf 90' lang='lat' dir='ltr'><strong>quem</strong></span> <span class='ocrx_word' id='word_1_8' title='bbox 803 522 974 578; x_wconf 88' lang='lat' dir='ltr'><strong>locum</strong></span> <span class='ocrx_word' id='word_1_9' title='bbox 1010 536 1288 594; x_wconf 88' lang='lat' dir='ltr'><strong>comparat</strong></span> <span class='ocrx_word' id='word_1_10' title='bbox 1327 525 1554 582; x_wconf 81' lang='lat' dir='ltr'><strong>Basilius</strong></span> <span class='ocrx_word' id='word_1_11' title='bbox 1603 543 1723 581; x_wconf 92' lang='lat' dir='ltr'><strong>cum</strong></span> <span class='ocrx_word' id='word_1_12' title='bbox 1755 538 1799 590; x_wconf 80' lang='grc' dir='ltr'><strong>Α</strong></span> <span class='ocrx_word' id='word_1_13' title='bbox 1831 530 1933 587; x_wconf 79' lang='lat' dir='ltr'><strong>Tot</strong></span> <span class='ocrx_word' id='word_1_14' title='bbox 1965 536 2108 588; x_wconf 82' lang='lat' dir='ltr'><strong>enim</strong></span> <span class='ocrx_word' id='word_1_15' title='bbox 2147 537 2340 592; x_wconf 67' lang='lat' dir='ltr'><strong>linem</strong></span> <span class='ocrx_word' id='word_1_16' title='bbox 2370 537 2420 592; x_wconf 77' lang='lat' dir='ltr'>in</span> <span class='ocrx_word' id='word_1_17' title='bbox 2450 538 2624 593; x_wconf 67' lang='lat' dir='ltr'><strong>aulam</strong></span> <span class='ocrx_word' id='word_1_18' title='bbox 2660 549 2858 608; x_wconf 44' lang='lat' dir='ltr'><strong>missa},</strong></span> <span class='ocrx_word' id='word_1_19' title='bbox 2908 544 3140 600; x_wconf 69' lang='lat' dir='ltr'><strong>nondum</strong></span> <span class='ocrx_word' id='word_1_20' title='bbox 3167 547 3384 604; x_wconf 63' lang='lat' dir='ltr'><strong>venisse</strong></span> 
     </span>
    </p>
   </div>
   <div class='ocr_carea' id='block_1_4' title="bbox 195 611 1723 684">
    <p class='ocr_par' dir='ltr' id='par_1_4' title="bbox 195 611 1723 684">
     <span class='ocr_line' id='line_1_4' title="bbox 195 611 1723 684; baseline 0.002 -17"><span class='ocrx_word' id='word_1_21' title='bbox 195 613 338 667; x_wconf 85' lang='lat' dir='ltr'><strong>L‘cadc</strong></span> <span class='ocrx_word' id='word_1_22' title='bbox 358 611 644 680; x_wconf 82' lang='lat' dir='ltr'><strong>Laconico,</strong></span> <span class='ocrx_word' id='word_1_23' title='bbox 701 625 797 668; x_wconf 87' lang='lat' dir='ltr'><strong>aut</strong></span> <span class='ocrx_word' id='word_1_24' title='bbox 847 615 1114 669; x_wconf 87' lang='lat' dir='ltr'><strong>barathris</strong></span> <span class='ocrx_word' id='word_1_25' title='bbox 1162 616 1264 670; x_wconf 82' lang='lat' dir='ltr'><strong>illis</strong></span> <span class='ocrx_word' id='word_1_26' title='bbox 1308 631 1426 684; x_wconf 67' lang='lat' dir='ltr'><strong>quae</strong></span> <span class='ocrx_word' id='word_1_27' title='bbox 1453 619 1723 673; x_wconf 81' lang='lat' dir='ltr'><strong>Charonta</strong></span> 
     </span>
    </p>
   </div>
   <div class='ocr_carea' id='block_1_5' title="bbox 193 705 1726 779">
    <p class='ocr_par' dir='ltr' id='par_1_5' title="bbox 193 705 1726 779">
     <span class='ocr_line' id='line_1_5' title="bbox 193 705 1726 779; baseline 0.003 -21"><span class='ocrx_word' id='word_1_28' title='bbox 193 705 500 764; x_wconf 87' lang='lat' dir='ltr'><strong>dicebantur,</strong></span> <span class='ocrx_word' id='word_1_29' title='bbox 533 714 645 758; x_wconf 93' lang='lat' dir='ltr'><strong>tum</strong></span> <span class='ocrx_word' id='word_1_30' title='bbox 676 720 812 761; x_wconf 86' lang='lat' dir='ltr'><strong>vero</strong></span> <span class='ocrx_word' id='word_1_31' title='bbox 851 721 978 776; x_wconf 86' lang='lat' dir='ltr'><strong>pars</strong></span> <span class='ocrx_word' id='word_1_32' title='bbox 1027 717 1247 762; x_wconf 78' lang='lat' dir='ltr'><strong>senatus</strong></span> <span class='ocrx_word' id='word_1_33' title='bbox 1291 724 1394 762; x_wconf 85' lang='lat' dir='ltr'><strong>non</strong></span> <span class='ocrx_word' id='word_1_34' title='bbox 1444 709 1726 779; x_wconf 75' lang='lat' dir='ltr'><strong>ignobilior</strong></span> 
     </span>
    </p>
   </div>
   <div class='ocr_carea' id='block_1_6' title="bbox 193 795 1727 867">
    <p class='ocr_par' dir='ltr' id='par_1_6' title="bbox 193 795 1727 867">
     <span class='ocr_line' id='line_1_6' title="bbox 193 795 1727 867; baseline 0.002 -20"><span class='ocrx_word' id='word_1_35' title='bbox 193 797 345 864; x_wconf 76' lang='lat' dir='ltr'><strong>[ngam</strong></span> <span class='ocrx_word' id='word_1_36' title='bbox 366 799 502 863; x_wconf 87' lang='lat' dir='ltr'><strong>cepit</strong></span> <span class='ocrx_word' id='word_1_37' title='bbox 523 811 650 850; x_wconf 91' lang='lat' dir='ltr'><strong>cum</strong></span> <span class='ocrx_word' id='word_1_38' title='bbox 690 798 949 852; x_wconf 78' lang='lat' dir='ltr'><strong>uxoribus</strong></span> <span class='ocrx_word' id='word_1_39' title='bbox 983 805 1036 849; x_wconf 91' lang='lat' dir='ltr'><strong>et</strong></span> <span class='ocrx_word' id='word_1_40' title='bbox 1065 795 1223 862; x_wconf 79' lang='lat' dir='ltr'><strong>focis,</strong></span> <span class='ocrx_word' id='word_1_41' title='bbox 1245 809 1559 867; x_wconf 87' lang='lat' dir='ltr'><strong>perpetuum</strong></span> <span class='ocrx_word' id='word_1_42' title='bbox 1587 801 1727 854; x_wconf 81' lang='lat' dir='ltr'><strong>exsi-</strong></span> 
     </span>
    </p>
   </div>
   <div class='ocr_carea' id='block_1_7' title="bbox 192 887 1726 956">
    <p class='ocr_par' dir='ltr' id='par_1_7' title="bbox 192 887 1726 956">
     <span class='ocr_line' id='line_1_7' title="bbox 192 887 1726 956; baseline 0.005 -18"><span class='ocrx_word' id='word_1_43' title='bbox 192 888 296 941; x_wconf 90' lang='lat' dir='ltr'><strong>lium</strong></span> <span class='ocrx_word' id='word_1_44' title='bbox 320 888 436 942; x_wconf 83' lang='lat' dir='ltr'><strong>huic</strong></span> <span class='ocrx_word' id='word_1_45' title='bbox 461 887 576 942; x_wconf 89' lang='lat' dir='ltr'><strong>luco</strong></span> <span class='ocrx_word' id='word_1_46' title='bbox 615 887 1052 956; x_wconf 65' lang='lat' dir='ltr'><strong>praeferens(al:</strong></span> <span class='ocrx_word' id='word_1_47' title='bbox 1103 888 1192 941; x_wconf 90' lang='lat' dir='ltr'><strong>alii</strong></span> <span class='ocrx_word' id='word_1_48' title='bbox 1223 891 1435 944; x_wconf 84' lang='lat' dir='ltr'><strong>abducti</strong></span> <span class='ocrx_word' id='word_1_49' title='bbox 1466 905 1530 946; x_wconf 91' lang='lat' dir='ltr'><strong>eo</strong></span> <span class='ocrx_word' id='word_1_50' title='bbox 1575 889 1726 946; x_wconf 79' lang='lat' dir='ltr'><strong>fuere</strong></span> 
     </span>
    </p>
   </div>
   <div class='ocr_carea' id='block_1_8' title="bbox 193 979 1728 1048">
    <p class='ocr_par' dir='ltr' id='par_1_8' title="bbox 193 979 1728 1048">
     <span class='ocr_line' id='line_1_8' title="bbox 193 979 1728 1048; baseline 0.005 -19"><span class='ocrx_word' id='word_1_51' title='bbox 193 991 237 1030; x_wconf 89' lang='lat' dir='ltr'><strong>ut</strong></span> <span class='ocrx_word' id='word_1_52' title='bbox 259 981 462 1048; x_wconf 81' lang='lat' dir='ltr'><strong>captivi,</strong></span> <span class='ocrx_word' id='word_1_53' title='bbox 499 979 874 1034; x_wconf 86' lang='lat' dir='ltr'><strong>miserandum</strong></span> <span class='ocrx_word' id='word_1_54' title='bbox 901 979 1152 1033; x_wconf 86' lang='lat' dir='ltr'><strong>omnibus</strong></span> <span class='ocrx_word' id='word_1_55' title='bbox 1198 981 1560 1048; x_wconf 85' lang='lat' dir='ltr'><strong>spectaculum</strong></span> <span class='ocrx_word' id='word_1_56' title='bbox 1586 991 1728 1036; x_wconf 87' lang='lat' dir='ltr'><strong>:ter-</strong></span> 
     </span>
    </p>
   </div>
   <div class='ocr_carea' id='block_1_9' title="bbox 193 1070 1727 1140">
    <p class='ocr_par' dir='ltr' id='par_1_9' title="bbox 193 1070 1727 1140">
     <span class='ocr_line' id='line_1_9' title="bbox 193 1070 1727 1140; baseline 0.004 -19"><span class='ocrx_word' id='word_1_57' title='bbox 193 1071 252 1123; x_wconf 86' lang='lat' dir='ltr'><strong>tia</strong></span> <span class='ocrx_word' id='word_1_58' title='bbox 288 1086 403 1140; x_wconf 86' lang='lat' dir='ltr'><strong>pars</strong></span> <span class='ocrx_word' id='word_1_59' title='bbox 432 1073 483 1124; x_wconf 91' lang='lat' dir='ltr'><strong>in</strong></span> <span class='ocrx_word' id='word_1_60' title='bbox 546 1071 686 1125; x_wconf 86' lang='lat' dir='ltr'><strong>urbe</strong></span> <span class='ocrx_word' id='word_1_61' title='bbox 722 1070 907 1125; x_wconf 88' lang='lat' dir='ltr'><strong>relicta</strong></span> <span class='ocrx_word' id='word_1_62' title='bbox 933 1080 1038 1135; x_wconf 88' lang='lat' dir='ltr'><strong>est,</strong></span> <span class='ocrx_word' id='word_1_63' title='bbox 1092 1072 1462 1126; x_wconf 82' lang='lat' dir='ltr'><strong>miserabiliter</strong></span> <span class='ocrx_word' id='word_1_64' title='bbox 1505 1086 1727 1140; x_wconf 79' lang='lat' dir='ltr'><strong>gemens</strong></span> 
     </span>
    </p>
   </div>
   <div class='ocr_carea' id='block_1_10' title="bbox 191 1161 1724 1232">
    <p class='ocr_par' dir='ltr' id='par_1_10' title="bbox 191 1161 1724 1232">
     <span class='ocr_line' id='line_1_10' title="bbox 191 1161 1724 1232; baseline 0.003 -19"><span class='ocrx_word' id='word_1_65' title='bbox 191 1162 484 1229; x_wconf 72' lang='lat' dir='ltr'><strong>collegarum</strong></span> <span class='ocrx_word' id='word_1_66' title='bbox 507 1161 782 1223; x_wconf 72' lang='lat' dir='ltr'><strong>discessu,</strong></span> <span class='ocrx_word' id='word_1_67' title='bbox 811 1177 872 1215; x_wconf 90' lang='lat' dir='ltr'><strong>ac</strong></span> <span class='ocrx_word' id='word_1_68' title='bbox 887 1165 1198 1217; x_wconf 90' lang='lat' dir='ltr'><strong>sustinendo</strong></span> <span class='ocrx_word' id='word_1_69' title='bbox 1224 1163 1557 1232; x_wconf 84' lang='lat' dir='ltr'><strong>negotiorqu</strong></span> <span class='ocrx_word' id='word_1_70' title='bbox 1575 1166 1724 1218; x_wconf 88' lang='lat' dir='ltr'><strong>oneri</strong></span> 
     </span>
    </p>
   </div>
   <div class='ocr_carea' id='block_1_11' title="bbox 191 1253 1727 1324">
    <p class='ocr_par' dir='ltr' id='par_1_11' title="bbox 191 1253 1727 1324">
     <span class='ocr_line' id='line_1_11' title="bbox 191 1253 1727 1324; baseline 0.003 -17"><span class='ocrx_word' id='word_1_71' title='bbox 191 1268 389 1322; x_wconf 89' lang='lat' dir='ltr'><strong>prorsus</strong></span> <span class='ocrx_word' id='word_1_72' title='bbox 424 1254 614 1322; x_wconf 82' lang='lat' dir='ltr'><strong>impar.</strong></span> <span class='ocrx_word' id='word_1_73' title='bbox 645 1253 839 1308; x_wconf 72' lang='lat' dir='ltr'><strong>Civilis</strong></span> <span class='ocrx_word' id='word_1_74' title='bbox 863 1265 1036 1309; x_wconf 61' lang='lat' dir='ltr'><strong>coetus</strong></span> <span class='ocrx_word' id='word_1_75' title='bbox 1061 1256 1129 1309; x_wconf 90' lang='lat' dir='ltr'><strong>ob</strong></span> <span class='ocrx_word' id='word_1_76' title='bbox 1159 1270 1218 1308; x_wconf 90' lang='lat' dir='ltr'><strong>ea</strong></span> <span class='ocrx_word' id='word_1_77' title='bbox 1252 1271 1370 1324; x_wconf 69' lang='lat' dir='ltr'><strong>quae</strong></span> <span class='ocrx_word' id='word_1_78' title='bbox 1394 1257 1727 1322; x_wconf 89' lang='lat' dir='ltr'><strong>magistrati-</strong></span> 
     </span>
    </p>
   </div>
   <div class='ocr_carea' id='block_1_12' title="bbox 189 1345 1728 1409">
    <p class='ocr_par' dir='ltr' id='par_1_12' title="bbox 189 1345 1728 1409">
     <span class='ocr_line' id='line_1_12' title="bbox 189 1345 1728 1409; baseline 0.003 -10"><span class='ocrx_word' id='word_1_79' title='bbox 189 1349 275 1401; x_wconf 89' lang='lat' dir='ltr'><strong>bus</strong></span> <span class='ocrx_word' id='word_1_80' title='bbox 304 1348 632 1409; x_wconf 87' lang='lat' dir='ltr'><strong>acciderant,</strong></span> <span class='ocrx_word' id='word_1_81' title='bbox 682 1347 866 1403; x_wconf 91' lang='lat' dir='ltr'><strong>animo</strong></span> <span class='ocrx_word' id='word_1_82' title='bbox 910 1348 1221 1409; x_wconf 86' lang='lat' dir='ltr'><strong>concidens,</strong></span> <span class='ocrx_word' id='word_1_83' title='bbox 1265 1345 1471 1401; x_wconf 86' lang='lat' dir='ltr'><strong>relictis</strong></span> <span class='ocrx_word' id='word_1_84' title='bbox 1505 1348 1728 1404; x_wconf 86' lang='lat' dir='ltr'><strong>urbanis</strong></span> 
     </span>
    </p>
   </div>
   <div class='ocr_carea' id='block_1_13' title="bbox 192 1441 1730 1510">
    <p class='ocr_par' dir='ltr' id='par_1_13' title="bbox 192 1441 1730 1510">
     <span class='ocr_line' id='line_1_13' title="bbox 192 1441 1730 1510; baseline 0.001 -16"><span class='ocrx_word' id='word_1_85' title='bbox 192 1442 389 1503; x_wconf 71' lang='lat' dir='ltr'><strong>mdibns,</strong></span> <span class='ocrx_word' id='word_1_86' title='bbox 431 1456 525 1508; x_wconf 89' lang='lat' dir='ltr'><strong>per</strong></span> <span class='ocrx_word' id='word_1_87' title='bbox 557 1456 724 1508; x_wconf 72' lang='lat' dir='ltr'><strong>agros</strong></span> <span class='ocrx_word' id='word_1_88' title='bbox 753 1453 808 1496; x_wconf 90' lang='lat' dir='ltr'><strong>et</strong></span> <span class='ocrx_word' id='word_1_89' title='bbox 837 1457 960 1496; x_wconf 85' lang='lat' dir='ltr'><strong>rura</strong></span> <span class='ocrx_word' id='word_1_90' title='bbox 989 1442 1304 1510; x_wconf 74' lang='lat' dir='ltr'><strong>vagabatur.</strong></span> <span class='ocrx_word' id='word_1_91' title='bbox 1335 1441 1520 1510; x_wconf 87' lang='lat' dir='ltr'><strong>Itaque</strong></span> <span class='ocrx_word' id='word_1_92' title='bbox 1551 1442 1730 1498; x_wconf 72' lang='lat' dir='ltr'><strong>Caesa-</strong></span> 
     </span>
    </p>
   </div>
   <div class='ocr_carea' id='block_1_14' title="bbox 189 1534 1726 1602">
    <p class='ocr_par' dir='ltr' id='par_1_14' title="bbox 189 1534 1726 1602">
     <span class='ocr_line' id='line_1_14' title="bbox 189 1534 1726 1602; baseline -0.001 -14"><span class='ocrx_word' id='word_1_93' title='bbox 189 1550 263 1588; x_wconf 87' lang='lat' dir='ltr'><strong>rea</strong></span> <span class='ocrx_word' id='word_1_94' title='bbox 295 1537 339 1587; x_wconf 91' lang='lat' dir='ltr'><strong>in</strong></span> <span class='ocrx_word' id='word_1_95' title='bbox 371 1535 574 1587; x_wconf 87' lang='lat' dir='ltr'><strong>tristem</strong></span> <span class='ocrx_word' id='word_1_96' title='bbox 608 1535 958 1590; x_wconf 83' lang='lat' dir='ltr'><strong>solitudinem</strong></span> <span class='ocrx_word' id='word_1_97' title='bbox 989 1534 1199 1588; x_wconf 89' lang='lat' dir='ltr'><strong>redacta</strong></span> <span class='ocrx_word' id='word_1_98' title='bbox 1248 1543 1400 1598; x_wconf 85' lang='lat' dir='ltr'><strong>erat,</strong></span> <span class='ocrx_word' id='word_1_99' title='bbox 1435 1534 1590 1590; x_wconf 66' lang='lat' dir='ltr'><strong>nullae</strong></span> <span class='ocrx_word' id='word_1_100' title='bbox 1617 1534 1726 1602; x_wconf 87' lang='lat' dir='ltr'><strong>jam</strong></span> 
     </span>
    </p>
   </div>
   <div class='ocr_carea' id='block_1_15' title="bbox 189 1624 1725 1690">
    <p class='ocr_par' dir='ltr' id='par_1_15' title="bbox 189 1624 1725 1690">
     <span class='ocr_line' id='line_1_15' title="bbox 189 1624 1725 1690; baseline -0.004 -9"><span class='ocrx_word' id='word_1_101' title='bbox 189 1624 742 1690; x_wconf 67' lang='lat' dir='ltr'><strong>nocturnmlucernte,</strong></span> <span class='ocrx_word' id='word_1_102' title='bbox 794 1627 937 1681; x_wconf 77' lang='lat' dir='ltr'><strong>nulla</strong></span> <span class='ocrx_word' id='word_1_103' title='bbox 977 1624 1305 1680; x_wconf 88' lang='lat' dir='ltr'><strong>eruditorum</strong></span> <span class='ocrx_word' id='word_1_104' title='bbox 1353 1625 1627 1680; x_wconf 84' lang='lat' dir='ltr'><strong>hominum</strong></span> <span class='ocrx_word' id='word_1_105' title='bbox 1674 1625 1725 1676; x_wconf 90' lang='lat' dir='ltr'><strong>in</strong></span> 
     </span>
    </p>
   </div>
   <div class='ocr_carea' id='block_1_16' title="bbox 187 1714 1725 1787">
    <p class='ocr_par' dir='ltr' id='par_1_16' title="bbox 187 1714 1725 1787">
     <span class='ocr_line' id='line_1_16' title="bbox 187 1714 1725 1787; baseline 0 -21"><span class='ocrx_word' id='word_1_106' title='bbox 187 1715 286 1768; x_wconf 79' lang='lat' dir='ltr'><strong>foro</strong></span> <span class='ocrx_word' id='word_1_107' title='bbox 304 1714 586 1786; x_wconf 87' lang='lat' dir='ltr'><strong>colloquia,</strong></span> <span class='ocrx_word' id='word_1_108' title='bbox 614 1718 836 1772; x_wconf 89' lang='lat' dir='ltr'><strong>occlusa</strong></span> <span class='ocrx_word' id='word_1_109' title='bbox 873 1714 1144 1787; x_wconf 77' lang='lat' dir='ltr'><strong>gymnasia</strong></span> <span class='ocrx_word' id='word_1_110' title='bbox 1171 1755 1185 1779; x_wconf 92' lang='lat'><strong>,</strong></span> <span class='ocrx_word' id='word_1_111' title='bbox 1212 1715 1357 1768; x_wconf 87' lang='lat' dir='ltr'><strong>nulla</strong></span> <span class='ocrx_word' id='word_1_112' title='bbox 1392 1715 1725 1770; x_wconf 86' lang='lat' dir='ltr'><strong>necessaria-</strong></span> 
     </span>
    </p>
   </div>
   <div class='ocr_carea' id='block_1_17' title="bbox 191 1802 1701 1875">
    <p class='ocr_par' dir='ltr' id='par_1_17' title="bbox 191 1802 1701 1875">
     <span class='ocr_line' id='line_1_17' title="bbox 191 1802 1701 1875; baseline -0.001 -19"><span class='ocrx_word' id='word_1_113' title='bbox 191 1820 288 1856; x_wconf 81' lang='lat' dir='ltr'><strong>rum</strong></span> <span class='ocrx_word' id='word_1_114' title='bbox 317 1821 489 1860; x_wconf 90' lang='lat' dir='ltr'><strong>rerum</strong></span> <span class='ocrx_word' id='word_1_115' title='bbox 530 1808 778 1875; x_wconf 75' lang='lat' dir='ltr'><strong>provisio</strong></span> <span class='ocrx_word' id='word_1_116' title='bbox 807 1822 868 1860; x_wconf 89' lang='lat' dir='ltr'><strong>ac</strong></span> <span class='ocrx_word' id='word_1_117' title='bbox 901 1802 1179 1872; x_wconf 87' lang='lat' dir='ltr'><strong>dispositio</strong></span> <span class='ocrx_word' id='word_1_118' title='bbox 1201 1844 1218 1870; x_wconf 95' lang='lat'><strong>,</strong></span> <span class='ocrx_word' id='word_1_119' title='bbox 1242 1805 1335 1859; x_wconf 90' lang='lat' dir='ltr'><strong>sed</strong></span> <span class='ocrx_word' id='word_1_120' title='bbox 1371 1819 1474 1857; x_wconf 91' lang='lat' dir='ltr'><strong>una</strong></span> <span class='ocrx_word' id='word_1_121' title='bbox 1510 1818 1613 1856; x_wconf 81' lang='lat' dir='ltr'><strong>vox</strong></span> <span class='ocrx_word' id='word_1_122' title='bbox 1637 1818 1701 1855; x_wconf 89' lang='lat' dir='ltr'><strong>an</strong></span> 
     </span>
    </p>
   </div>
   <div class='ocr_carea' id='block_1_18' title="bbox 185 1883 1802 1964">
    <p class='ocr_par' dir='ltr' id='par_1_18' title="bbox 185 1883 1802 1964">
     <span class='ocr_line' id='line_1_18' title="bbox 185 1883 1802 1964; baseline -0.001 -15"><span class='ocrx_word' id='word_1_123' title='bbox 185 1894 431 1960; x_wconf 81' lang='lat' dir='ltr'><strong>dicbatur,</strong></span> <span class='ocrx_word' id='word_1_124' title='bbox 462 1907 782 1952; x_wconf 80' lang='lat' dir='ltr'><strong>exactorum</strong></span> <span class='ocrx_word' id='word_1_125' title='bbox 814 1907 866 1950; x_wconf 88' lang='lat' dir='ltr'><strong>et</strong></span> <span class='ocrx_word' id='word_1_126' title='bbox 897 1910 1083 1948; x_wconf 86' lang='lat' dir='ltr'><strong>eorum</strong></span> <span class='ocrx_word' id='word_1_127' title='bbox 1110 1912 1138 1948; x_wconf 90' lang='lat' dir='ltr'><strong>a</strong></span> <span class='ocrx_word' id='word_1_128' title='bbox 1171 1895 1363 1963; x_wconf 89' lang='lat' dir='ltr'><strong>quibus</strong></span> <span class='ocrx_word' id='word_1_129' title='bbox 1391 1894 1726 1964; x_wconf 77' lang='lat' dir='ltr'><strong>exigebatur,</strong></span> <span class='ocrx_word' id='word_1_130' title='bbox 1762 1883 1802 1940; x_wconf 81' lang='grc' dir='ltr'><strong>Β</strong></span> 
     </span>
    </p>
   </div>
   <div class='ocr_carea' id='block_1_19' title="bbox 189 1985 1014 2058">
    <p class='ocr_par' dir='ltr' id='par_1_19' title="bbox 189 1985 1014 2058">
     <span class='ocr_line' id='line_1_19' title="bbox 189 1985 1014 2058; baseline 0.002 -19"><span class='ocrx_word' id='word_1_131' title='bbox 189 1988 362 2056; x_wconf 86' lang='lat' dir='ltr'><strong>quique</strong></span> <span class='ocrx_word' id='word_1_132' title='bbox 391 1985 623 2058; x_wconf 80' lang='lat' dir='ltr'><strong>ﬂagellis</strong></span> <span class='ocrx_word' id='word_1_133' title='bbox 648 1987 1014 2042; x_wconf 76' lang='lat' dir='ltr'><strong>caedebantur.</strong></span> 
     </span>
    </p>
   </div>
   <div class='ocr_carea' id='block_1_20' title="bbox 249 2075 1733 2146">
    <p class='ocr_par' dir='ltr' id='par_1_20' title="bbox 249 2075 1733 2146">
     <span class='ocr_line' id='line_1_20' title="bbox 249 2075 1733 2146; baseline -0.002 -14"><span class='ocrx_word' id='word_1_134' title='bbox 249 2076 503 2145; x_wconf 84' lang='lat' dir='ltr'><strong>Quantum</strong></span> <span class='ocrx_word' id='word_1_135' title='bbox 541 2078 748 2132; x_wconf 86' lang='lat' dir='ltr'><strong>Basilio</strong></span> <span class='ocrx_word' id='word_1_136' title='bbox 801 2077 1056 2129; x_wconf 87' lang='lat' dir='ltr'><strong>inusserit</strong></span> <span class='ocrx_word' id='word_1_137' title='bbox 1093 2075 1312 2139; x_wconf 85' lang='lat' dir='ltr'><strong>doloris,</strong></span> <span class='ocrx_word' id='word_1_138' title='bbox 1367 2077 1554 2146; x_wconf 74' lang='lat' dir='ltr'><strong>patriae</strong></span> <span class='ocrx_word' id='word_1_139' title='bbox 1590 2076 1733 2130; x_wconf 89' lang='lat' dir='ltr'><strong>cala-</strong></span> 
     </span>
    </p>
   </div>
   <div class='ocr_carea' id='block_1_21' title="bbox 189 2167 1737 2240">
    <p class='ocr_par' dir='ltr' id='par_1_21' title="bbox 189 2167 1737 2240">
     <span class='ocr_line' id='line_1_21' title="bbox 189 2167 1737 2240; baseline -0.002 -16"><span class='ocrx_word' id='word_1_140' title='bbox 189 2171 359 2235; x_wconf 88' lang='lat' dir='ltr'><strong>mitas,</strong></span> <span class='ocrx_word' id='word_1_141' title='bbox 388 2171 626 2240; x_wconf 82' lang='lat' dir='ltr'><strong>perspici</strong></span> <span class='ocrx_word' id='word_1_142' title='bbox 653 2177 828 2237; x_wconf 86' lang='lat' dir='ltr'><strong>potest</strong></span> <span class='ocrx_word' id='word_1_143' title='bbox 857 2169 1116 2221; x_wconf 79' lang='lat' dir='ltr'><strong>extribus</strong></span> <span class='ocrx_word' id='word_1_144' title='bbox 1154 2167 1349 2222; x_wconf 82' lang='lat' dir='ltr'><strong>litteris</strong></span> <span class='ocrx_word' id='word_1_145' title='bbox 1383 2168 1457 2238; x_wconf 75' lang='grc' dir='ltr'><strong>(ὁ)</strong></span> <span class='ocrx_word' id='word_1_146' title='bbox 1494 2183 1556 2222; x_wconf 93' lang='lat' dir='ltr'><strong>ea</strong></span> <span class='ocrx_word' id='word_1_147' title='bbox 1584 2168 1650 2223; x_wconf 91' lang='lat' dir='ltr'><strong>de</strong></span> <span class='ocrx_word' id='word_1_148' title='bbox 1680 2184 1737 2222; x_wconf 84' lang='lat' dir='ltr'><strong>re</strong></span> 
     </span>
    </p>
   </div>
   <div class='ocr_carea' id='block_1_22' title="bbox 187 2257 1736 2331">
    <p class='ocr_par' dir='ltr' id='par_1_22' title="bbox 187 2257 1736 2331">
     <span class='ocr_line' id='line_1_22' title="bbox 187 2257 1736 2331; baseline -0.003 -16"><span class='ocrx_word' id='word_1_149' title='bbox 187 2262 399 2331; x_wconf 85' lang='lat' dir='ltr'><strong>scriptis.</strong></span> <span class='ocrx_word' id='word_1_150' title='bbox 427 2262 745 2327; x_wconf 80' lang='lat' dir='ltr'><strong>Antequam</strong></span> <span class='ocrx_word' id='word_1_151' title='bbox 781 2259 982 2313; x_wconf 87' lang='lat' dir='ltr'><strong>rediret</strong></span> <span class='ocrx_word' id='word_1_152' title='bbox 1005 2257 1329 2326; x_wconf 70' lang='lat' dir='ltr'><strong>Caasaream,</strong></span> <span class='ocrx_word' id='word_1_153' title='bbox 1353 2259 1572 2328; x_wconf 81' lang='lat' dir='ltr'><strong>scripsit</strong></span> <span class='ocrx_word' id='word_1_154' title='bbox 1600 2257 1736 2311; x_wconf 81' lang='lat' dir='ltr'><strong>Mar-</strong></span> 
     </span>
    </p>
   </div>
   <div class='ocr_carea' id='block_1_23' title="bbox 189 2348 1736 2410">
    <p class='ocr_par' dir='ltr' id='par_1_23' title="bbox 189 2348 1736 2410">
     <span class='ocr_line' id='line_1_23' title="bbox 189 2348 1736 2410; baseline -0.005 -2"><span class='ocrx_word' id='word_1_155' title='bbox 189 2353 390 2408; x_wconf 80' lang='lat' dir='ltr'><strong>tiniano.</strong></span> <span class='ocrx_word' id='word_1_156' title='bbox 420 2350 532 2405; x_wconf 84' lang='lat' dir='ltr'><strong>llac</strong></span> <span class='ocrx_word' id='word_1_157' title='bbox 566 2351 719 2402; x_wconf 75' lang='lat' dir='ltr'><strong>enim</strong></span> <span class='ocrx_word' id='word_1_158' title='bbox 753 2350 1104 2406; x_wconf 82' lang='lat' dir='ltr'><strong>excusatione</strong></span> <span class='ocrx_word' id='word_1_159' title='bbox 1126 2350 1312 2410; x_wconf 80' lang='lat' dir='ltr'><strong>utitur,</strong></span> <span class='ocrx_word' id='word_1_160' title='bbox 1345 2366 1438 2402; x_wconf 89' lang='lat' dir='ltr'><strong>cur</strong></span> <span class='ocrx_word' id='word_1_161' title='bbox 1459 2365 1561 2402; x_wconf 90' lang='lat' dir='ltr'><strong>non</strong></span> <span class='ocrx_word' id='word_1_162' title='bbox 1587 2348 1736 2400; x_wconf 88' lang='lat' dir='ltr'><strong>illum</strong></span> 
     </span>
    </p>
   </div>
   <div class='ocr_carea' id='block_1_24' title="bbox 192 2437 1736 2510">
    <p class='ocr_par' dir='ltr' id='par_1_24' title="bbox 192 2437 1736 2510">
     <span class='ocr_line' id='line_1_24' title="bbox 192 2437 1736 2510; baseline -0.003 -16"><span class='ocrx_word' id='word_1_163' title='bbox 192 2442 350 2504; x_wconf 83' lang='lat' dir='ltr'><strong>adeat,</strong></span> <span class='ocrx_word' id='word_1_164' title='bbox 384 2447 526 2508; x_wconf 88' lang='lat' dir='ltr'><strong>quod</strong></span> <span class='ocrx_word' id='word_1_165' title='bbox 562 2440 760 2510; x_wconf 74' lang='lat' dir='ltr'><strong>patria-</strong></span> <span class='ocrx_word' id='word_1_166' title='bbox 791 2455 919 2494; x_wconf 83' lang='lat' dir='ltr'><strong>voce</strong></span> <span class='ocrx_word' id='word_1_167' title='bbox 949 2452 1282 2494; x_wconf 89' lang='lat' dir='ltr'><strong>accersatur.</strong></span> <span class='ocrx_word' id='word_1_168' title='bbox 1324 2437 1475 2504; x_wconf 86' lang='lat' dir='ltr'><strong>Quod</strong></span> <span class='ocrx_word' id='word_1_169' title='bbox 1519 2440 1736 2505; x_wconf 77' lang='lat' dir='ltr'><strong>quidem</strong></span> 
     </span>
    </p>
   </div>
   <div class='ocr_carea' id='block_1_25' title="bbox 191 2531 1740 2601">
    <p class='ocr_par' dir='ltr' id='par_1_25' title="bbox 191 2531 1740 2601">
     <span class='ocr_line' id='line_1_25' title="bbox 191 2531 1740 2601; baseline 0 -16"><span class='ocrx_word' id='word_1_170' title='bbox 191 2543 480 2601; x_wconf 80' lang='lat' dir='ltr'><strong>argumento</strong></span> <span class='ocrx_word' id='word_1_171' title='bbox 501 2543 597 2586; x_wconf 88' lang='lat' dir='ltr'><strong>est</strong></span> <span class='ocrx_word' id='word_1_172' title='bbox 627 2532 1003 2586; x_wconf 76' lang='lat' dir='ltr'><strong>Martinianum</strong></span> <span class='ocrx_word' id='word_1_173' title='bbox 1032 2551 1136 2589; x_wconf 91' lang='lat' dir='ltr'><strong>non</strong></span> <span class='ocrx_word' id='word_1_174' title='bbox 1174 2534 1329 2601; x_wconf 84' lang='lat' dir='ltr'><strong>longe</strong></span> <span class='ocrx_word' id='word_1_175' title='bbox 1359 2531 1633 2584; x_wconf 79' lang='lat' dir='ltr'><strong>habitasse</strong></span> <span class='ocrx_word' id='word_1_176' title='bbox 1669 2532 1740 2584; x_wconf 87' lang='lat' dir='ltr'><strong>ab</strong></span> 
     </span>
    </p>
   </div>
   <div class='ocr_carea' id='block_1_26' title="bbox 191 2623 1742 2688">
    <p class='ocr_par' dir='ltr' id='par_1_26' title="bbox 191 2623 1742 2688">
     <span class='ocr_line' id='line_1_26' title="bbox 191 2623 1742 2688; baseline 0.001 -13"><span class='ocrx_word' id='word_1_177' title='bbox 191 2638 246 2678; x_wconf 83' lang='lat' dir='ltr'><strong>co</strong></span> <span class='ocrx_word' id='word_1_178' title='bbox 274 2623 404 2688; x_wconf 88' lang='lat' dir='ltr'><strong>loco,</strong></span> <span class='ocrx_word' id='word_1_179' title='bbox 438 2626 527 2679; x_wconf 88' lang='lat' dir='ltr'><strong>ubi</strong></span> <span class='ocrx_word' id='word_1_180' title='bbox 569 2636 701 2678; x_wconf 89' lang='lat' dir='ltr'><strong>tunc</strong></span> <span class='ocrx_word' id='word_1_181' title='bbox 728 2626 1043 2678; x_wconf 87' lang='lat' dir='ltr'><strong>versabatur</strong></span> <span class='ocrx_word' id='word_1_182' title='bbox 1096 2623 1344 2679; x_wconf 85' lang='lat' dir='ltr'><strong>Basilius.</strong></span> <span class='ocrx_word' id='word_1_183' title='bbox 1390 2623 1518 2676; x_wconf 83' lang='lat' dir='ltr'><strong>Erat</strong></span> <span class='ocrx_word' id='word_1_184' title='bbox 1546 2623 1634 2677; x_wconf 89' lang='lat' dir='ltr'><strong>ille</strong></span> <span class='ocrx_word' id='word_1_185' title='bbox 1663 2625 1742 2676; x_wconf 86' lang='lat' dir='ltr'><strong>vir</strong></span> 
     </span>
    </p>
   </div>
   <div class='ocr_carea' id='block_1_27' title="bbox 191 2716 1742 2785">
    <p class='ocr_par' dir='ltr' id='par_1_27' title="bbox 191 2716 1742 2785">
     <span class='ocr_line' id='line_1_27' title="bbox 191 2716 1742 2785; baseline 0.001 -15"><span class='ocrx_word' id='word_1_186' title='bbox 191 2719 319 2771; x_wconf 91' lang='lat' dir='ltr'><strong>omni</strong></span> <span class='ocrx_word' id='word_1_187' title='bbox 351 2719 678 2773; x_wconf 86' lang='lat' dir='ltr'><strong>eruditionis</strong></span> <span class='ocrx_word' id='word_1_188' title='bbox 703 2719 860 2772; x_wconf 84' lang='lat' dir='ltr'><strong>laude</strong></span> <span class='ocrx_word' id='word_1_189' title='bbox 886 2716 1280 2780; x_wconf 89' lang='lat' dir='ltr'><strong>cutnulatus,et</strong></span> <span class='ocrx_word' id='word_1_190' title='bbox 1310 2733 1428 2770; x_wconf 89' lang='lat' dir='ltr'><strong>cmn</strong></span> <span class='ocrx_word' id='word_1_191' title='bbox 1458 2717 1742 2785; x_wconf 88' lang='lat' dir='ltr'><strong>plurimmn</strong></span> 
     </span>
    </p>
   </div>
   <div class='ocr_carea' id='block_1_28' title="bbox 193 2806 1746 2876">
    <p class='ocr_par' dir='ltr' id='par_1_28' title="bbox 193 2806 1746 2876">
     <span class='ocr_line' id='line_1_28' title="bbox 193 2806 1746 2876; baseline 0.001 -14"><span class='ocrx_word' id='word_1_192' title='bbox 193 2819 353 2876; x_wconf 80' lang='lat' dir='ltr'><strong>posset</strong></span> <span class='ocrx_word' id='word_1_193' title='bbox 389 2811 528 2875; x_wconf 89' lang='lat' dir='ltr'><strong>apud</strong></span> <span class='ocrx_word' id='word_1_194' title='bbox 570 2811 989 2876; x_wconf 88' lang='lat' dir='ltr'><strong>imperatorem,</strong></span> <span class='ocrx_word' id='word_1_195' title='bbox 1035 2806 1195 2862; x_wconf 87' lang='lat' dir='ltr'><strong>ﬂebili</strong></span> <span class='ocrx_word' id='word_1_196' title='bbox 1237 2815 1496 2862; x_wconf 86' lang='lat' dir='ltr'><strong>malorum</strong></span> <span class='ocrx_word' id='word_1_197' title='bbox 1545 2810 1746 2863; x_wconf 85' lang='lat' dir='ltr'><strong>descri-</strong></span> 
     </span>
    </p>
   </div>
   <div class='ocr_carea' id='block_1_29' title="bbox 194 2896 1744 2965">
    <p class='ocr_par' dir='ltr' id='par_1_29' title="bbox 194 2896 1744 2965">
     <span class='ocr_line' id='line_1_29' title="bbox 194 2896 1744 2965; baseline 0.001 -17"><span class='ocrx_word' id='word_1_198' title='bbox 194 2905 354 2965; x_wconf 72' lang='lat' dir='ltr'><strong>ptione</strong></span> <span class='ocrx_word' id='word_1_199' title='bbox 380 2907 619 2950; x_wconf 86' lang='lat' dir='ltr'><strong>conatur</strong></span> <span class='ocrx_word' id='word_1_200' title='bbox 647 2898 696 2947; x_wconf 84' lang='lat' dir='ltr'><strong>ci</strong></span> <span class='ocrx_word' id='word_1_201' title='bbox 726 2896 1044 2964; x_wconf 83' lang='lat' dir='ltr'><strong>persuadere</strong></span> <span class='ocrx_word' id='word_1_202' title='bbox 1077 2897 1325 2958; x_wconf 87' lang='lat' dir='ltr'><strong>Basilius,</strong></span> <span class='ocrx_word' id='word_1_203' title='bbox 1362 2907 1416 2950; x_wconf 94' lang='lat' dir='ltr'><strong>ut</strong></span> <span class='ocrx_word' id='word_1_204' title='bbox 1455 2898 1536 2951; x_wconf 85' lang='lat' dir='ltr'><strong>vel</strong></span> <span class='ocrx_word' id='word_1_205' title='bbox 1578 2899 1744 2965; x_wconf 88' lang='lat' dir='ltr'><strong>impe-</strong></span> 
     </span>
    </p>
   </div>
   <div class='ocr_carea' id='block_1_30' title="bbox 195 2989 1741 3058">
    <p class='ocr_par' dir='ltr' id='par_1_30' title="bbox 195 2989 1741 3058">
     <span class='ocr_line' id='line_1_30' title="bbox 195 2989 1741 3058; baseline 0 -18"><span class='ocrx_word' id='word_1_206' title='bbox 195 2999 405 3041; x_wconf 87' lang='lat' dir='ltr'><strong>ratorem</strong></span> <span class='ocrx_word' id='word_1_207' title='bbox 442 2990 630 3052; x_wconf 84' lang='lat' dir='ltr'><strong>adeat,</strong></span> <span class='ocrx_word' id='word_1_208' title='bbox 661 2989 798 3054; x_wconf 89' lang='lat' dir='ltr'><strong>quod</strong></span> <span class='ocrx_word' id='word_1_209' title='bbox 820 2989 1034 3058; x_wconf 89' lang='lat' dir='ltr'><strong>quidem</strong></span> <span class='ocrx_word' id='word_1_210' title='bbox 1055 2990 1551 3045; x_wconf 83' lang='lat' dir='ltr'><strong>commodissimum</strong></span> <span class='ocrx_word' id='word_1_211' title='bbox 1581 2989 1741 3053; x_wconf 78' lang='lat' dir='ltr'><strong>foret,</strong></span> 
     </span>
    </p>
   </div>
   <div class='ocr_carea' id='block_1_31' title="bbox 195 3080 1748 3149">
    <p class='ocr_par' dir='ltr' id='par_1_31' title="bbox 195 3080 1748 3149">
     <span class='ocr_line' id='line_1_31' title="bbox 195 3080 1748 3149; baseline 0.001 -16"><span class='ocrx_word' id='word_1_212' title='bbox 195 3096 248 3133; x_wconf 89' lang='lat' dir='ltr'><strong>ac</strong></span> <span class='ocrx_word' id='word_1_213' title='bbox 284 3080 590 3134; x_wconf 77' lang='lat' dir='ltr'><strong>Martini-ani</strong></span> <span class='ocrx_word' id='word_1_214' title='bbox 631 3080 887 3149; x_wconf 71' lang='lat' dir='ltr'><strong>prazclaro</strong></span> <span class='ocrx_word' id='word_1_215' title='bbox 923 3084 1044 3137; x_wconf 68' lang='lat' dir='ltr'><strong>vitae</strong></span> <span class='ocrx_word' id='word_1_216' title='bbox 1087 3083 1332 3136; x_wconf 88' lang='lat' dir='ltr'><strong>instituto</strong></span> <span class='ocrx_word' id='word_1_217' title='bbox 1376 3082 1610 3135; x_wconf 77' lang='lat' dir='ltr'><strong>maxime</strong></span> <span class='ocrx_word' id='word_1_218' title='bbox 1660 3083 1748 3135; x_wconf 74' lang='lat' dir='ltr'><strong>de»</strong></span> 
     </span>
    </p>
   </div>
   <div class='ocr_carea' id='block_1_32' title="bbox 194 3170 1744 3241">
    <p class='ocr_par' dir='ltr' id='par_1_32' title="bbox 194 3170 1744 3241">
     <span class='ocr_line' id='line_1_32' title="bbox 194 3170 1744 3241; baseline 0.002 -18"><span class='ocrx_word' id='word_1_219' title='bbox 194 3187 381 3234; x_wconf 86' lang='lat' dir='ltr'><strong>corum,</strong></span> <span class='ocrx_word' id='word_1_220' title='bbox 408 3172 491 3224; x_wconf 85' lang='lat' dir='ltr'><strong>vel</strong></span> <span class='ocrx_word' id='word_1_221' title='bbox 531 3170 750 3236; x_wconf 85' lang='lat' dir='ltr'><strong>saltem,</strong></span> <span class='ocrx_word' id='word_1_222' title='bbox 780 3174 825 3226; x_wconf 91' lang='lat' dir='ltr'><strong>si</strong></span> <span class='ocrx_word' id='word_1_223' title='bbox 870 3173 921 3227; x_wconf 89' lang='lat' dir='ltr'><strong>id</strong></span> <span class='ocrx_word' id='word_1_224' title='bbox 974 3173 1023 3228; x_wconf 91' lang='lat' dir='ltr'><strong>ei</strong></span> <span class='ocrx_word' id='word_1_225' title='bbox 1057 3186 1218 3241; x_wconf 86' lang='lat' dir='ltr'><strong>grave</strong></span> <span class='ocrx_word' id='word_1_226' title='bbox 1250 3172 1321 3224; x_wconf 87' lang='lat' dir='ltr'><strong>sit</strong></span> <span class='ocrx_word' id='word_1_227' title='bbox 1367 3180 1477 3224; x_wconf 83' lang='lat' dir='ltr'><strong>tuin</strong></span> <span class='ocrx_word' id='word_1_228' title='bbox 1525 3183 1744 3240; x_wconf 89' lang='lat' dir='ltr'><strong>propter</strong></span> 
     </span>
    </p>
   </div>
   <div class='ocr_carea' id='block_1_33' title="bbox 197 3267 1745 3336">
    <p class='ocr_par' dir='ltr' id='par_1_33' title="bbox 197 3267 1745 3336">
     <span class='ocr_line' id='line_1_33' title="bbox 197 3267 1745 3336; baseline 0.001 -18"><span class='ocrx_word' id='word_1_229' title='bbox 197 3267 308 3321; x_wconf 75' lang='lat' dir='ltr'><strong>antri</strong></span> <span class='ocrx_word' id='word_1_230' title='bbox 342 3275 748 3336; x_wconf 78' lang='lat' dir='ltr'><strong>tempestatem,</strong></span> <span class='ocrx_word' id='word_1_231' title='bbox 784 3279 891 3320; x_wconf 87' lang='lat' dir='ltr'><strong>tum</strong></span> <span class='ocrx_word' id='word_1_232' title='bbox 915 3277 1134 3336; x_wconf 87' lang='lat' dir='ltr'><strong>propter</strong></span> <span class='ocrx_word' id='word_1_233' title='bbox 1160 3274 1395 3326; x_wconf 70' lang='lat' dir='ltr'><strong>aetatem,</strong></span> <span class='ocrx_word' id='word_1_234' title='bbox 1420 3267 1606 3336; x_wconf 73' lang='lat' dir='ltr'><strong>patria:</strong></span> <span class='ocrx_word' id='word_1_235' title='bbox 1637 3281 1745 3320; x_wconf 63' lang='lat' dir='ltr'><strong>sua:</strong></span> 
     </span>
    </p>
   </div>
   <div class='ocr_carea' id='block_1_34' title="bbox 195 3358 1746 3430">
    <p class='ocr_par' dir='ltr' id='par_1_34' title="bbox 195 3358 1746 3430">
     <span class='ocr_line' id='line_1_34' title="bbox 195 3358 1746 3430; baseline 0.002 -20"><span class='ocrx_word' id='word_1_236' title='bbox 195 3358 498 3414; x_wconf 80' lang='lat' dir='ltr'><strong>litterarum</strong></span> <span class='ocrx_word' id='word_1_237' title='bbox 550 3362 860 3430; x_wconf 66' lang='lat' dir='ltr'><strong>praesidium</strong></span> <span class='ocrx_word' id='word_1_238' title='bbox 920 3360 1230 3428; x_wconf 84' lang='lat' dir='ltr'><strong>impertiat,</strong></span> <span class='ocrx_word' id='word_1_239' title='bbox 1283 3375 1346 3413; x_wconf 91' lang='lat' dir='ltr'><strong>ac</strong></span> <span class='ocrx_word' id='word_1_240' title='bbox 1401 3375 1532 3413; x_wconf 80' lang='lat' dir='ltr'><strong>voce</strong></span> <span class='ocrx_word' id='word_1_241' title='bbox 1570 3375 1662 3412; x_wconf 87' lang='lat' dir='ltr'><strong>sua</strong></span> <span class='ocrx_word' id='word_1_242' title='bbox 1694 3368 1746 3413; x_wconf 91' lang='lat' dir='ltr'><strong>et</strong></span> 
     </span>
    </p>
   </div>
   <div class='ocr_carea' id='block_1_35' title="bbox 193 3448 1747 3520">
    <p class='ocr_par' dir='ltr' id='par_1_35' title="bbox 193 3448 1747 3520">
     <span class='ocr_line' id='line_1_35' title="bbox 193 3448 1747 3520; baseline -0.002 -19"><span class='ocrx_word' id='word_1_243' title='bbox 193 3450 318 3517; x_wconf 81' lang='lat' dir='ltr'><strong>jnsta</strong></span> <span class='ocrx_word' id='word_1_244' title='bbox 357 3449 441 3505; x_wconf 80' lang='lat' dir='ltr'><strong>illa</strong></span> <span class='ocrx_word' id='word_1_245' title='bbox 482 3451 698 3506; x_wconf 87' lang='lat' dir='ltr'><strong>dicendi</strong></span> <span class='ocrx_word' id='word_1_246' title='bbox 734 3451 1004 3517; x_wconf 81' lang='lat' dir='ltr'><strong>libertate,</strong></span> <span class='ocrx_word' id='word_1_247' title='bbox 1055 3465 1213 3520; x_wconf 87' lang='lat' dir='ltr'><strong>quam</strong></span> <span class='ocrx_word' id='word_1_248' title='bbox 1257 3466 1349 3504; x_wconf 85' lang='lat' dir='ltr'><strong>sua</strong></span> <span class='ocrx_word' id='word_1_249' title='bbox 1398 3451 1471 3503; x_wconf 88' lang='lat' dir='ltr'><strong>illi</strong></span> <span class='ocrx_word' id='word_1_250' title='bbox 1505 3450 1609 3501; x_wconf 89' lang='lat' dir='ltr'><strong>vita</strong></span> <span class='ocrx_word' id='word_1_251' title='bbox 1647 3448 1747 3500; x_wconf 81' lang='lat' dir='ltr'><strong>da-</strong></span> 
     </span>
    </p>
   </div>
   <div class='ocr_carea' id='block_1_36' title="bbox 197 3539 1749 3611">
    <p class='ocr_par' dir='ltr' id='par_1_36' title="bbox 197 3539 1749 3611">
     <span class='ocr_line' id='line_1_36' title="bbox 197 3539 1749 3611; baseline -0.001 -19"><span class='ocrx_word' id='word_1_252' title='bbox 197 3540 294 3604; x_wconf 88' lang='lat' dir='ltr'><strong>bat,</strong></span> <span class='ocrx_word' id='word_1_253' title='bbox 322 3544 582 3597; x_wconf 87' lang='lat' dir='ltr'><strong>omnibus</strong></span> <span class='ocrx_word' id='word_1_254' title='bbox 609 3544 866 3605; x_wconf 87' lang='lat' dir='ltr'><strong>declaret,</strong></span> <span class='ocrx_word' id='word_1_255' title='bbox 895 3551 1025 3611; x_wconf 89' lang='lat' dir='ltr'><strong>quot</strong></span> <span class='ocrx_word' id='word_1_256' title='bbox 1053 3551 1108 3596; x_wconf 89' lang='lat' dir='ltr'><strong>et</strong></span> <span class='ocrx_word' id='word_1_257' title='bbox 1140 3553 1337 3610; x_wconf 87' lang='lat' dir='ltr'><strong>quanta</strong></span> <span class='ocrx_word' id='word_1_258' title='bbox 1385 3541 1519 3592; x_wconf 89' lang='lat' dir='ltr'><strong>mala</strong></span> <span class='ocrx_word' id='word_1_259' title='bbox 1546 3554 1613 3592; x_wconf 78' lang='lat' dir='ltr'><strong>ex</strong></span> <span class='ocrx_word' id='word_1_260' title='bbox 1650 3539 1749 3591; x_wconf 90' lang='lat' dir='ltr'><strong>ltoc</strong></span> 
     </span>
    </p>
   </div>
   <div class='ocr_carea' id='block_1_37' title="bbox 197 3633 1415 3701">
    <p class='ocr_par' dir='ltr' id='par_1_37' title="bbox 197 3633 1415 3701">
     <span class='ocr_line' id='line_1_37' title="bbox 197 3633 1415 3701; baseline -0.003 -15"><span class='ocrx_word' id='word_1_261' title='bbox 197 3633 486 3687; x_wconf 68' lang='lat' dir='ltr'><strong>dividenda:</strong></span> <span class='ocrx_word' id='word_1_262' title='bbox 521 3634 872 3701; x_wconf 69' lang='lat' dir='ltr'><strong>Cappadocia:</strong></span> <span class='ocrx_word' id='word_1_263' title='bbox 893 3633 1117 3687; x_wconf 85' lang='lat' dir='ltr'><strong>consilio</strong></span> <span class='ocrx_word' id='word_1_264' title='bbox 1150 3633 1415 3685; x_wconf 85' lang='lat' dir='ltr'><strong>oriantur.</strong></span> 
     </span>
    </p>
   </div>
   <div class='ocr_carea' id='block_1_38' title="bbox 255 3719 1749 3790">
    <p class='ocr_par' dir='ltr' id='par_1_38' title="bbox 255 3719 1749 3790">
     <span class='ocr_line' id='line_1_38' title="bbox 255 3719 1749 3790; baseline 0 -16"><span class='ocrx_word' id='word_1_265' title='bbox 255 3721 419 3777; x_wconf 87' lang='lat' dir='ltr'><strong>Probe</strong></span> <span class='ocrx_word' id='word_1_266' title='bbox 454 3723 674 3776; x_wconf 82' lang='lat' dir='ltr'><strong>videbat</strong></span> <span class='ocrx_word' id='word_1_267' title='bbox 716 3722 942 3776; x_wconf 86' lang='lat' dir='ltr'><strong>Basilius</strong></span> <span class='ocrx_word' id='word_1_268' title='bbox 993 3722 1076 3775; x_wconf 88' lang='lat' dir='ltr'><strong>his</strong></span> <span class='ocrx_word' id='word_1_269' title='bbox 1117 3722 1301 3790; x_wconf 70' lang='lat' dir='ltr'><strong>patriae</strong></span> <span class='ocrx_word' id='word_1_270' title='bbox 1353 3719 1749 3776; x_wconf 84' lang='lat' dir='ltr'><strong>calamitatibus</strong></span> 
     </span>
    </p>
   </div>
   <div class='ocr_carea' id='block_1_39' title="bbox 199 3811 1744 3881">
    <p class='ocr_par' dir='ltr' id='par_1_39' title="bbox 199 3811 1744 3881">
     <span class='ocr_line' id='line_1_39' title="bbox 199 3811 1744 3881; baseline -0.001 -16"><span class='ocrx_word' id='word_1_271' title='bbox 199 3814 560 3868; x_wconf 69' lang='lat' dir='ltr'><strong>necessitatem</strong></span> <span class='ocrx_word' id='word_1_272' title='bbox 592 3812 695 3866; x_wconf 81' lang='lat' dir='ltr'><strong>sibi</strong></span> <span class='ocrx_word' id='word_1_273' title='bbox 723 3813 918 3881; x_wconf 87' lang='lat' dir='ltr'><strong>imponi</strong></span> <span class='ocrx_word' id='word_1_274' title='bbox 946 3812 996 3865; x_wconf 85' lang='lat' dir='ltr'><strong>iit</strong></span> <span class='ocrx_word' id='word_1_275' title='bbox 1027 3812 1203 3865; x_wconf 85' lang='lat' dir='ltr'><strong>aulam</strong></span> <span class='ocrx_word' id='word_1_276' title='bbox 1239 3811 1646 3881; x_wconf 79' lang='lat' dir='ltr'><strong>proﬁciscendi,</strong></span> <span class='ocrx_word' id='word_1_277' title='bbox 1681 3826 1744 3864; x_wconf 83' lang='lat' dir='ltr'><strong>ac</strong></span> 
     </span>
    </p>
   </div>
   <div class='ocr_carea' id='block_1_40' title="bbox 200 3901 1743 3970">
    <p class='ocr_par' dir='ltr' id='par_1_40' title="bbox 200 3901 1743 3970">
     <span class='ocr_line' id='line_1_40' title="bbox 200 3901 1743 3970; baseline -0.001 -15"><span class='ocrx_word' id='word_1_278' title='bbox 200 3906 492 3970; x_wconf 87' lang='lat' dir='ltr'><strong>potentibus</strong></span> <span class='ocrx_word' id='word_1_279' title='bbox 523 3904 715 3958; x_wconf 85' lang='lat' dir='ltr'><strong>amicis</strong></span> <span class='ocrx_word' id='word_1_280' title='bbox 739 3902 944 3970; x_wconf 82' lang='lat' dir='ltr'><strong>singula</strong></span> <span class='ocrx_word' id='word_1_281' title='bbox 979 3903 1256 3957; x_wconf 87' lang='lat' dir='ltr'><strong>narrandi.</strong></span> <span class='ocrx_word' id='word_1_282' title='bbox 1294 3901 1400 3955; x_wconf 87' lang='lat' dir='ltr'><strong>Sed</strong></span> <span class='ocrx_word' id='word_1_283' title='bbox 1432 3917 1552 3956; x_wconf 89' lang='lat' dir='ltr'><strong>cum</strong></span> <span class='ocrx_word' id='word_1_284' title='bbox 1595 3902 1743 3954; x_wconf 87' lang='lat' dir='ltr'><strong>illum</strong></span> 
     </span>
    </p>
   </div>
   <div class='ocr_carea' id='block_1_41' title="bbox 201 3993 1746 4062">
    <p class='ocr_par' dir='ltr' id='par_1_41' title="bbox 201 3993 1746 4062">
     <span class='ocr_line' id='line_1_41' title="bbox 201 3993 1746 4062; baseline -0.003 -16"><span class='ocrx_word' id='word_1_285' title='bbox 201 3997 430 4062; x_wconf 87' lang='lat' dir='ltr'><strong>corporis</strong></span> <span class='ocrx_word' id='word_1_286' title='bbox 482 3997 698 4050; x_wconf 83' lang='lat' dir='ltr'><strong>intirma</strong></span> <span class='ocrx_word' id='word_1_287' title='bbox 757 3995 1024 4058; x_wconf 80' lang='lat' dir='ltr'><strong>valetudo,</strong></span> <span class='ocrx_word' id='word_1_288' title='bbox 1063 4009 1126 4048; x_wconf 88' lang='lat' dir='ltr'><strong>ac</strong></span> <span class='ocrx_word' id='word_1_289' title='bbox 1196 3993 1561 4046; x_wconf 80' lang='lat' dir='ltr'><strong>Ecclesiarum</strong></span> <span class='ocrx_word' id='word_1_290' title='bbox 1618 4006 1746 4044; x_wconf 90' lang='lat' dir='ltr'><strong>cura</strong></span> 
     </span>
    </p>
   </div>
   <div class='ocr_carea' id='block_1_42' title="bbox 204 4084 1748 4154">
    <p class='ocr_par' dir='ltr' id='par_1_42' title="bbox 204 4084 1748 4154">
     <span class='ocr_line' id='line_1_42' title="bbox 204 4084 1748 4154; baseline -0.002 -14"><span class='ocrx_word' id='word_1_291' title='bbox 204 4089 476 4148; x_wconf 86' lang='lat' dir='ltr'><strong>detineret,</strong></span> <span class='ocrx_word' id='word_1_292' title='bbox 511 4090 703 4144; x_wconf 75' lang='lat' dir='ltr'><strong>scribit</strong></span> <span class='ocrx_word' id='word_1_293' title='bbox 735 4088 800 4141; x_wconf 83' lang='lat' dir='ltr'><strong>ad</strong></span> <span class='ocrx_word' id='word_1_294' title='bbox 854 4088 987 4140; x_wconf 88' lang='lat' dir='ltr'><strong>duos</strong></span> <span class='ocrx_word' id='word_1_295' title='bbox 1041 4088 1092 4137; x_wconf 86' lang='lat' dir='ltr'><strong>in</strong></span> <span class='ocrx_word' id='word_1_296' title='bbox 1150 4087 1268 4137; x_wconf 83' lang='lat' dir='ltr'><strong>aula</strong></span> <span class='ocrx_word' id='word_1_297' title='bbox 1301 4095 1546 4154; x_wconf 83' lang='lat' dir='ltr'><strong>potentes</strong></span> <span class='ocrx_word' id='word_1_298' title='bbox 1577 4084 1748 4147; x_wconf 86' lang='lat' dir='ltr'><strong>viros,</strong></span> 
     </span>
    </p>
   </div>
   <div class='ocr_carea' id='block_1_43' title="bbox 203 4173 1746 4250">
    <p class='ocr_par' dir='ltr' id='par_1_43' title="bbox 203 4173 1746 4250">
     <span class='ocr_line' id='line_1_43' title="bbox 203 4173 1746 4250; baseline -0.006 -19"><span class='ocrx_word' id='word_1_299' title='bbox 203 4179 486 4250; x_wconf 74' lang='lat' dir='ltr'><strong>Aburgiutn</strong></span> <span class='ocrx_word' id='word_1_300' title='bbox 533 4189 588 4230; x_wconf 89' lang='lat' dir='ltr'><strong>et</strong></span> <span class='ocrx_word' id='word_1_301' title='bbox 638 4179 1001 4249; x_wconf 82' lang='lat' dir='ltr'><strong>Sophronium</strong></span> <span class='ocrx_word' id='word_1_302' title='bbox 1048 4173 1362 4240; x_wconf 77' lang='lat' dir='ltr'><strong>Magistrum</strong></span> <span class='ocrx_word' id='word_1_303' title='bbox 1413 4173 1746 4234; x_wconf 81' lang='lat' dir='ltr'><strong>ciliciorum;</strong></span> 
     </span>
    </p>
   </div>
   <div class='ocr_carea' id='block_1_44' title="bbox 204 4265 1752 4339">
    <p class='ocr_par' dir='ltr' id='par_1_44' title="bbox 204 4265 1752 4339">
     <span class='ocr_line' id='line_1_44' title="bbox 204 4265 1752 4339; baseline -0.004 -17"><span class='ocrx_word' id='word_1_304' title='bbox 204 4282 393 4339; x_wconf 87' lang='lat' dir='ltr'><strong>eosque</strong></span> <span class='ocrx_word' id='word_1_305' title='bbox 449 4269 775 4334; x_wconf 86' lang='lat' dir='ltr'><strong>obtestatur,</strong></span> <span class='ocrx_word' id='word_1_306' title='bbox 833 4277 889 4322; x_wconf 91' lang='lat' dir='ltr'><strong>ut</strong></span> <span class='ocrx_word' id='word_1_307' title='bbox 941 4266 1210 4321; x_wconf 89' lang='lat' dir='ltr'><strong>communi</strong></span> <span class='ocrx_word' id='word_1_308' title='bbox 1271 4265 1456 4328; x_wconf 72' lang='lat' dir='ltr'><strong>patria:</strong></span> <span class='ocrx_word' id='word_1_309' title='bbox 1506 4271 1752 4332; x_wconf 87' lang='lat' dir='ltr'><strong>(uterque</strong></span> 
     </span>
    </p>
   </div>
   <div class='ocr_carea' id='block_1_45' title="bbox 205 4354 1756 4431">
    <p class='ocr_par' dir='ltr' id='par_1_45' title="bbox 205 4354 1756 4431">
     <span class='ocr_line' id='line_1_45' title="bbox 205 4354 1756 4431; baseline -0.003 -19"><span class='ocrx_word' id='word_1_310' title='bbox 205 4363 333 4416; x_wconf 89' lang='lat' dir='ltr'><strong>enim</strong></span> <span class='ocrx_word' id='word_1_311' title='bbox 392 4359 681 4431; x_wconf 61' lang='lat' dir='ltr'><strong>Cappadox</strong></span> <span class='ocrx_word' id='word_1_312' title='bbox 743 4359 878 4428; x_wconf 82' lang='lat' dir='ltr'><strong>erat)</strong></span> <span class='ocrx_word' id='word_1_313' title='bbox 942 4357 1248 4413; x_wconf 84' lang='lat' dir='ltr'><strong>tristissimo</strong></span> <span class='ocrx_word' id='word_1_314' title='bbox 1299 4355 1463 4407; x_wconf 73' lang='lat' dir='ltr'><strong>exitio</strong></span> <span class='ocrx_word' id='word_1_315' title='bbox 1512 4354 1756 4422; x_wconf 76' lang='lat' dir='ltr'><strong>collapsa:</strong></span> 
     </span>
    </p>
   </div>
   <div class='ocr_carea' id='block_1_46' title="bbox 207 4454 583 4520">
    <p class='ocr_par' dir='ltr' id='par_1_46' title="bbox 207 4454 583 4520">
     <span class='ocr_line' id='line_1_46' title="bbox 207 4454 583 4520; baseline 0.005 -16"><span class='ocrx_word' id='word_1_316' title='bbox 207 4467 347 4520; x_wconf 83' lang='lat' dir='ltr'><strong>opem</strong></span> <span class='ocrx_word' id='word_1_317' title='bbox 385 4454 583 4508; x_wconf 77' lang='lat' dir='ltr'><strong>ferant.</strong></span> 
     </span>
    </p>
   </div>
   <div class='ocr_carea' id='block_1_47' title="bbox 1830 623 3384 703">
    <p class='ocr_par' dir='ltr' id='par_1_47' title="bbox 1830 623 3384 703">
     <span class='ocr_line' id='line_1_47' title="bbox 1830 623 3384 703; baseline 0.01 -26"><span class='ocrx_word' id='word_1_318' title='bbox 1830 623 2110 681; x_wconf 82' lang='lat' dir='ltr'><strong>Valentem</strong></span> <span class='ocrx_word' id='word_1_319' title='bbox 2150 629 2400 697; x_wconf 89' lang='lat' dir='ltr'><strong>probant.</strong></span> <span class='ocrx_word' id='word_1_320' title='bbox 2452 630 2571 686; x_wconf 83' lang='lat' dir='ltr'><strong>.lam</strong></span> <span class='ocrx_word' id='word_1_321' title='bbox 2609 633 2783 687; x_wconf 80' lang='lat' dir='ltr'><strong>hiems</strong></span> <span class='ocrx_word' id='word_1_322' title='bbox 2834 638 3109 703; x_wconf 88' lang='lat' dir='ltr'><strong>inceperat</strong></span> <span class='ocrx_word' id='word_1_323' title='bbox 3151 647 3243 692; x_wconf 87' lang='lat' dir='ltr'><strong>aut</strong></span> <span class='ocrx_word' id='word_1_324' title='bbox 3271 640 3384 693; x_wconf 88' lang='lat' dir='ltr'><strong>sal-</strong></span> 
     </span>
    </p>
   </div>
   <div class='ocr_carea' id='block_1_48' title="bbox 1829 720 3380 786">
    <p class='ocr_par' dir='ltr' id='par_1_48' title="bbox 1829 720 3380 786">
     <span class='ocr_line' id='line_1_48' title="bbox 1829 720 3380 786; baseline 0.01 -16"><span class='ocrx_word' id='word_1_325' title='bbox 1829 726 1934 771; x_wconf 89' lang='lat' dir='ltr'><strong>tem</strong></span> <span class='ocrx_word' id='word_1_326' title='bbox 1969 720 2309 786; x_wconf 87' lang='lat' dir='ltr'><strong>imminebat,</strong></span> <span class='ocrx_word' id='word_1_327' title='bbox 2348 739 2469 777; x_wconf 92' lang='lat' dir='ltr'><strong>cum</strong></span> <span class='ocrx_word' id='word_1_328' title='bbox 2501 726 2667 780; x_wconf 88' lang='lat' dir='ltr'><strong>tristis</strong></span> <span class='ocrx_word' id='word_1_329' title='bbox 2695 728 2916 782; x_wconf 84' lang='lat' dir='ltr'><strong>nuntius</strong></span> <span class='ocrx_word' id='word_1_330' title='bbox 2944 726 3140 784; x_wconf 85' lang='lat' dir='ltr'><strong>Basilio</strong></span> <span class='ocrx_word' id='word_1_331' title='bbox 3165 730 3380 786; x_wconf 87' lang='lat' dir='ltr'><strong>allatus.</strong></span> 
     </span>
    </p>
   </div>
   <div class='ocr_carea' id='block_1_49' title="bbox 1827 807 3384 885">
    <p class='ocr_par' dir='ltr' id='par_1_49' title="bbox 1827 807 3384 885">
     <span class='ocr_line' id='line_1_49' title="bbox 1827 807 3384 885; baseline 0.01 -24"><span class='ocrx_word' id='word_1_332' title='bbox 1827 807 1977 874; x_wconf 85' lang='lat' dir='ltr'><strong>Quod</strong></span> <span class='ocrx_word' id='word_1_333' title='bbox 2003 810 2145 864; x_wconf 85' lang='lat' dir='ltr'><strong>enim</strong></span> <span class='ocrx_word' id='word_1_334' title='bbox 2186 815 2378 867; x_wconf 90' lang='lat' dir='ltr'><strong>metuit</strong></span> <span class='ocrx_word' id='word_1_335' title='bbox 2406 813 2639 871; x_wconf 81' lang='lat' dir='ltr'><strong>Basilius</strong></span> <span class='ocrx_word' id='word_1_336' title='bbox 2662 816 2740 885; x_wconf 76' lang='grc' dir='ltr'><strong>(ά)</strong></span> <span class='ocrx_word' id='word_1_337' title='bbox 2782 834 2849 874; x_wconf 89' lang='lat' dir='ltr'><strong>ne</strong></span> <span class='ocrx_word' id='word_1_338' title='bbox 2883 819 3264 876; x_wconf 74' lang='lat' dir='ltr'><strong>Martinianum</strong></span> <span class='ocrx_word' id='word_1_339' title='bbox 3288 823 3384 876; x_wconf 80' lang='lat' dir='ltr'><strong>de-</strong></span> 
     </span>
    </p>
   </div>
   <div class='ocr_carea' id='block_1_50' title="bbox 1829 904 3383 976">
    <p class='ocr_par' dir='ltr' id='par_1_50' title="bbox 1829 904 3383 976">
     <span class='ocr_line' id='line_1_50' title="bbox 1829 904 3383 976; baseline 0.01 -26"><span class='ocrx_word' id='word_1_340' title='bbox 1829 905 2025 951; x_wconf 89' lang='lat' dir='ltr'><strong>terreat</strong></span> <span class='ocrx_word' id='word_1_341' title='bbox 2054 908 2346 968; x_wconf 85' lang='lat' dir='ltr'><strong>tempestas</strong></span> <span class='ocrx_word' id='word_1_342' title='bbox 2381 904 2505 957; x_wconf 83' lang='lat' dir='ltr'><strong>anni</strong></span> <span class='ocrx_word' id='word_1_343' title='bbox 2533 913 2622 956; x_wconf 90' lang='lat' dir='ltr'><strong>aut</strong></span> <span class='ocrx_word' id='word_1_344' title='bbox 2643 915 2795 970; x_wconf 69' lang='lat' dir='ltr'><strong>retas,</strong></span> <span class='ocrx_word' id='word_1_345' title='bbox 2822 910 3107 976; x_wconf 87' lang='lat' dir='ltr'><strong>quominus</strong></span> <span class='ocrx_word' id='word_1_346' title='bbox 3130 911 3183 965; x_wconf 90' lang='lat' dir='ltr'><strong>in</strong></span> <span class='ocrx_word' id='word_1_347' title='bbox 3209 912 3383 966; x_wconf 89' lang='lat' dir='ltr'><strong>aulam</strong></span> 
     </span>
    </p>
   </div>
   <div class='ocr_carea' id='block_1_51' title="bbox 1828 989 3387 1071">
    <p class='ocr_par' dir='ltr' id='par_1_51' title="bbox 1828 989 3387 1071">
     <span class='ocr_line' id='line_1_51' title="bbox 1828 989 3387 1071; baseline 0.008 -28"><span class='ocrx_word' id='word_1_348' title='bbox 1828 989 2238 1058; x_wconf 79' lang='lat' dir='ltr'><strong>proﬁciscatur;</strong></span> <span class='ocrx_word' id='word_1_349' title='bbox 2271 993 2323 1046; x_wconf 93' lang='lat' dir='ltr'><strong>id</strong></span> <span class='ocrx_word' id='word_1_350' title='bbox 2365 996 2432 1048; x_wconf 94' lang='lat' dir='ltr'><strong>de</strong></span> <span class='ocrx_word' id='word_1_351' title='bbox 2461 1005 2647 1049; x_wconf 73' lang='lat' dir='ltr'><strong>:estate</strong></span> <span class='ocrx_word' id='word_1_352' title='bbox 2693 998 2895 1052; x_wconf 90' lang='lat' dir='ltr'><strong>homini</strong></span> <span class='ocrx_word' id='word_1_353' title='bbox 2940 1009 3098 1056; x_wconf 62' lang='lat' dir='ltr'><strong>atate</strong></span> <span class='ocrx_word' id='word_1_354' title='bbox 3129 1016 3387 1071; x_wconf 85' lang='lat' dir='ltr'><strong>provecto</strong></span> 
     </span>
    </p>
   </div>
   <div class='ocr_carea' id='block_1_52' title="bbox 1829 1079 3388 1162">
    <p class='ocr_par' dir='ltr' id='par_1_52' title="bbox 1829 1079 3388 1162">
     <span class='ocr_line' id='line_1_52' title="bbox 1829 1079 3388 1162; baseline 0.01 -30"><span class='ocrx_word' id='word_1_355' title='bbox 1829 1079 2029 1134; x_wconf 91' lang='lat' dir='ltr'><strong>dictum</strong></span> <span class='ocrx_word' id='word_1_356' title='bbox 2078 1096 2182 1136; x_wconf 90' lang='lat' dir='ltr'><strong>non</strong></span> <span class='ocrx_word' id='word_1_357' title='bbox 2228 1083 2464 1140; x_wconf 85' lang='lat' dir='ltr'><strong>videtur.</strong></span> <span class='ocrx_word' id='word_1_358' title='bbox 2505 1085 2610 1140; x_wconf 88' lang='lat' dir='ltr'><strong>Sed</strong></span> <span class='ocrx_word' id='word_1_359' title='bbox 2647 1097 2820 1142; x_wconf 86' lang='lat' dir='ltr'><strong>tamen</strong></span> <span class='ocrx_word' id='word_1_360' title='bbox 2869 1105 2974 1145; x_wconf 92' lang='lat' dir='ltr'><strong>non</strong></span> <span class='ocrx_word' id='word_1_361' title='bbox 3009 1092 3230 1147; x_wconf 89' lang='lat' dir='ltr'><strong>multum</strong></span> <span class='ocrx_word' id='word_1_362' title='bbox 3262 1109 3388 1162; x_wconf 88' lang='lat' dir='ltr'><strong>pro-</strong></span> 
     </span>
    </p>
   </div>
   <div class='ocr_carea' id='block_1_53' title="bbox 1829 1173 3393 1255">
    <p class='ocr_par' dir='ltr' id='par_1_53' title="bbox 1829 1173 3393 1255">
     <span class='ocr_line' id='line_1_53' title="bbox 1829 1173 3393 1255; baseline 0.01 -30"><span class='ocrx_word' id='word_1_363' title='bbox 1829 1181 2068 1227; x_wconf 86' lang='lat' dir='ltr'><strong>cesserat</strong></span> <span class='ocrx_word' id='word_1_364' title='bbox 2122 1173 2332 1240; x_wconf 87' lang='lat' dir='ltr'><strong>biems,</strong></span> <span class='ocrx_word' id='word_1_365' title='bbox 2387 1177 2658 1245; x_wconf 88' lang='lat' dir='ltr'><strong>siquidem</strong></span> <span class='ocrx_word' id='word_1_366' title='bbox 2706 1180 2934 1236; x_wconf 85' lang='lat' dir='ltr'><strong>Basilius</strong></span> <span class='ocrx_word' id='word_1_367' title='bbox 2983 1191 3108 1239; x_wconf 89' lang='lat' dir='ltr'><strong>tunc</strong></span> <span class='ocrx_word' id='word_1_368' title='bbox 3161 1200 3393 1255; x_wconf 79' lang='lat' dir='ltr'><strong>peregre</strong></span> 
     </span>
    </p>
   </div>
   <div class='ocr_carea' id='block_1_54' title="bbox 1828 1265 3388 1340">
    <p class='ocr_par' dir='ltr' id='par_1_54' title="bbox 1828 1265 3388 1340">
     <span class='ocr_line' id='line_1_54' title="bbox 1828 1265 3388 1340; baseline 0.008 -23"><span class='ocrx_word' id='word_1_369' title='bbox 1828 1274 1965 1319; x_wconf 91' lang='lat' dir='ltr'><strong>erat.</strong></span> <span class='ocrx_word' id='word_1_370' title='bbox 1996 1265 2191 1319; x_wconf 86' lang='lat' dir='ltr'><strong>Eadem</strong></span> <span class='ocrx_word' id='word_1_371' title='bbox 2234 1267 2283 1319; x_wconf 91' lang='lat' dir='ltr'><strong>in</strong></span> <span class='ocrx_word' id='word_1_372' title='bbox 2315 1267 2585 1324; x_wconf 87' lang='lat' dir='ltr'><strong>Ecclesias</strong></span> <span class='ocrx_word' id='word_1_373' title='bbox 2615 1270 2971 1340; x_wconf 57' lang='lat' dir='ltr'><strong>Cappadocia;</strong></span> <span class='ocrx_word' id='word_1_374' title='bbox 3029 1276 3246 1329; x_wconf 88' lang='lat' dir='ltr'><strong>inducta</strong></span> <span class='ocrx_word' id='word_1_375' title='bbox 3285 1279 3388 1330; x_wconf 91' lang='lat' dir='ltr'><strong>im-</strong></span> 
     </span>
    </p>
   </div>
   <div class='ocr_carea' id='block_1_55' title="bbox 1829 1359 3391 1426">
    <p class='ocr_par' dir='ltr' id='par_1_55' title="bbox 1829 1359 3391 1426">
     <span class='ocr_line' id='line_1_55' title="bbox 1829 1359 3391 1426; baseline 0.008 -18"><span class='ocrx_word' id='word_1_376' title='bbox 1829 1359 2059 1410; x_wconf 73' lang='lat' dir='ltr'><strong>mutatio</strong></span> <span class='ocrx_word' id='word_1_377' title='bbox 2090 1373 2233 1411; x_wconf 89' lang='lat' dir='ltr'><strong>anno</strong></span> <span class='ocrx_word' id='word_1_378' title='bbox 2271 1359 2373 1413; x_wconf 70' lang='lat'><strong>572</strong></span> <span class='ocrx_word' id='word_1_379' title='bbox 2405 1360 2646 1426; x_wconf 81' lang='lat' dir='ltr'><strong>ineunte,</strong></span> <span class='ocrx_word' id='word_1_380' title='bbox 2684 1371 2740 1416; x_wconf 90' lang='lat' dir='ltr'><strong>nt</strong></span> <span class='ocrx_word' id='word_1_381' title='bbox 2790 1364 2927 1417; x_wconf 80' lang='lat' dir='ltr'><strong>infra</strong></span> <span class='ocrx_word' id='word_1_382' title='bbox 2959 1365 3275 1420; x_wconf 78' lang='lat' dir='ltr'><strong>videbimus.</strong></span> <span class='ocrx_word' id='word_1_383' title='bbox 3321 1370 3391 1422; x_wconf 79' lang='lat' dir='ltr'><strong>At</strong></span> 
     </span>
    </p>
   </div>
   <div class='ocr_carea' id='block_1_56' title="bbox 1829 1446 3391 1520">
    <p class='ocr_par' dir='ltr' id='par_1_56' title="bbox 1829 1446 3391 1520">
     <span class='ocr_line' id='line_1_56' title="bbox 1829 1446 3391 1520; baseline 0.008 -20"><span class='ocrx_word' id='word_1_384' title='bbox 1829 1446 2005 1501; x_wconf 88' lang='lat' dir='ltr'><strong>civilis</strong></span> <span class='ocrx_word' id='word_1_385' title='bbox 2035 1449 2226 1504; x_wconf 81' lang='lat' dir='ltr'><strong>divisio</strong></span> <span class='ocrx_word' id='word_1_386' title='bbox 2275 1451 2694 1506; x_wconf 66' lang='lat' dir='ltr'><strong>ecclesiasticam</strong></span> <span class='ocrx_word' id='word_1_387' title='bbox 2735 1456 3048 1520; x_wconf 86' lang='lat' dir='ltr'><strong>antecessit,</strong></span> <span class='ocrx_word' id='word_1_388' title='bbox 3096 1466 3232 1511; x_wconf 87' lang='lat' dir='ltr'><strong>teste</strong></span> <span class='ocrx_word' id='word_1_389' title='bbox 3259 1455 3391 1512; x_wconf 76' lang='lat' dir='ltr'><strong>Gre-</strong></span> 
     </span>
    </p>
   </div>
   <div class='ocr_carea' id='block_1_57' title="bbox 1828 1538 2470 1612">
    <p class='ocr_par' dir='ltr' id='par_1_57' title="bbox 1828 1538 2470 1612">
     <span class='ocr_line' id='line_1_57' title="bbox 1828 1538 2470 1612; baseline 0.005 -22"><span class='ocrx_word' id='word_1_390' title='bbox 1828 1538 1981 1605; x_wconf 87' lang='lat' dir='ltr'><strong>gorio</strong></span> <span class='ocrx_word' id='word_1_391' title='bbox 2015 1538 2355 1595; x_wconf 81' lang='lat' dir='ltr'><strong>Nazianzeno</strong></span> <span class='ocrx_word' id='word_1_392' title='bbox 2380 1540 2470 1612; x_wconf 81' lang='grc' dir='ltr'><strong>(ε).</strong></span> 
     </span>
    </p>
   </div>
   <div class='ocr_carea' id='block_1_58' title="bbox 1909 1628 3392 1705">
    <p class='ocr_par' dir='ltr' id='par_1_58' title="bbox 1909 1628 3392 1705">
     <span class='ocr_line' id='line_1_58' title="bbox 1909 1628 3392 1705; baseline 0.01 -26"><span class='ocrx_word' id='word_1_393' title='bbox 1909 1628 1997 1682; x_wconf 78' lang='grc' dir='ltr'><strong>ιν.</strong></span> <span class='ocrx_word' id='word_1_394' title='bbox 2027 1628 2136 1684; x_wconf 89' lang='lat' dir='ltr'><strong>lloc</strong></span> <span class='ocrx_word' id='word_1_395' title='bbox 2159 1647 2301 1686; x_wconf 87' lang='lat' dir='ltr'><strong>anno</strong></span> <span class='ocrx_word' id='word_1_396' title='bbox 2347 1633 2484 1698; x_wconf 75' lang='grc'><strong>571,</strong></span> <span class='ocrx_word' id='word_1_397' title='bbox 2516 1641 2780 1689; x_wconf 85' lang='lat' dir='ltr'><strong>rectorem</strong></span> <span class='ocrx_word' id='word_1_398' title='bbox 2825 1634 3178 1705; x_wconf 68' lang='lat' dir='ltr'><strong>Cappadociae</strong></span> <span class='ocrx_word' id='word_1_399' title='bbox 3230 1641 3392 1694; x_wconf 82' lang='lat' dir='ltr'><strong>fuisse</strong></span> 
     </span>
    </p>
   </div>
   <div class='ocr_carea' id='block_1_59' title="bbox 1830 1714 3400 1800">
    <p class='ocr_par' dir='ltr' id='par_1_59' title="bbox 1830 1714 3400 1800">
     <span class='ocr_line' id='line_1_59' title="bbox 1830 1714 3400 1800; baseline 0.01 -32"><span class='ocrx_word' id='word_1_400' title='bbox 1830 1714 2150 1770; x_wconf 86' lang='lat' dir='ltr'><strong>Therasium</strong></span> <span class='ocrx_word' id='word_1_401' title='bbox 2175 1721 2550 1787; x_wconf 78' lang='lat' dir='ltr'><strong>cognoscimus</strong></span> <span class='ocrx_word' id='word_1_402' title='bbox 2577 1738 2642 1776; x_wconf 75' lang='lat' dir='ltr'><strong>ex</strong></span> <span class='ocrx_word' id='word_1_403' title='bbox 2668 1725 2895 1791; x_wconf 82' lang='lat' dir='ltr'><strong>epistola</strong></span> <span class='ocrx_word' id='word_1_404' title='bbox 2939 1725 3027 1789; x_wconf 84' lang='lat'><strong>77,</strong></span> <span class='ocrx_word' id='word_1_405' title='bbox 3069 1727 3120 1778; x_wconf 90' lang='lat' dir='ltr'><strong>in</strong></span> <span class='ocrx_word' id='word_1_406' title='bbox 3153 1742 3255 1793; x_wconf 86' lang='lat' dir='ltr'><strong>qua</strong></span> <span class='ocrx_word' id='word_1_407' title='bbox 3277 1730 3400 1800; x_wconf 75' lang='lat' dir='ltr'><strong>ejus</strong></span> 
     </span>
    </p>
   </div>
   <div class='ocr_carea' id='block_1_60' title="bbox 1830 1811 3395 1880">
    <p class='ocr_par' dir='ltr' id='par_1_60' title="bbox 1830 1811 3395 1880">
     <span class='ocr_line' id='line_1_60' title="bbox 1830 1811 3395 1880; baseline 0.009 -21"><span class='ocrx_word' id='word_1_408' title='bbox 1830 1823 2158 1863; x_wconf 78' lang='lat' dir='ltr'><strong>assessorem</strong></span> <span class='ocrx_word' id='word_1_409' title='bbox 2215 1819 2365 1880; x_wconf 88' lang='lat' dir='ltr'><strong>rogat</strong></span> <span class='ocrx_word' id='word_1_410' title='bbox 2388 1811 2638 1880; x_wconf 87' lang='lat' dir='ltr'><strong>Basilius,</strong></span> <span class='ocrx_word' id='word_1_411' title='bbox 2661 1825 2718 1867; x_wconf 92' lang='lat' dir='ltr'><strong>ut</strong></span> <span class='ocrx_word' id='word_1_412' title='bbox 2739 1832 2842 1869; x_wconf 92' lang='lat' dir='ltr'><strong>non</strong></span> <span class='ocrx_word' id='word_1_413' title='bbox 2873 1817 3114 1871; x_wconf 85' lang='lat' dir='ltr'><strong>discedat</strong></span> <span class='ocrx_word' id='word_1_414' title='bbox 3138 1820 3203 1870; x_wconf 89' lang='lat' dir='ltr'><strong>ab</strong></span> <span class='ocrx_word' id='word_1_415' title='bbox 3228 1820 3395 1873; x_wconf 81' lang='lat' dir='ltr'><strong>adrni-</strong></span> 
     </span>
    </p>
   </div>
   <div class='ocr_carea' id='block_1_61' title="bbox 1835 1899 3397 1971">
    <p class='ocr_par' dir='ltr' id='par_1_61' title="bbox 1835 1899 3397 1971">
     <span class='ocr_line' id='line_1_61' title="bbox 1835 1899 3397 1971; baseline 0.009 -21"><span class='ocrx_word' id='word_1_416' title='bbox 1835 1899 2001 1952; x_wconf 88' lang='lat' dir='ltr'><strong>rando</strong></span> <span class='ocrx_word' id='word_1_417' title='bbox 2057 1899 2340 1964; x_wconf 87' lang='lat' dir='ltr'><strong>Therasio,</strong></span> <span class='ocrx_word' id='word_1_418' title='bbox 2372 1902 2584 1971; x_wconf 88' lang='lat' dir='ltr'><strong>sibique</strong></span> <span class='ocrx_word' id='word_1_419' title='bbox 2640 1905 2892 1958; x_wconf 85' lang='lat' dir='ltr'><strong>decorum</strong></span> <span class='ocrx_word' id='word_1_420' title='bbox 2947 1921 3068 1960; x_wconf 91' lang='lat' dir='ltr'><strong>esse</strong></span> <span class='ocrx_word' id='word_1_421' title='bbox 3121 1909 3397 1964; x_wconf 79' lang='lat' dir='ltr'><strong>exiStimet</strong></span> 
     </span>
    </p>
   </div>
   <div class='ocr_carea' id='block_1_62' title="bbox 1833 1995 3395 2061">
    <p class='ocr_par' dir='ltr' id='par_1_62' title="bbox 1833 1995 3395 2061">
     <span class='ocr_line' id='line_1_62' title="bbox 1833 1995 3395 2061; baseline 0.006 -18"><span class='ocrx_word' id='word_1_422' title='bbox 1833 2004 1953 2043; x_wconf 83' lang='lat' dir='ltr'><strong>cum</strong></span> <span class='ocrx_word' id='word_1_423' title='bbox 1984 2002 2047 2044; x_wconf 88' lang='lat' dir='ltr'><strong>eo</strong></span> <span class='ocrx_word' id='word_1_424' title='bbox 2077 2000 2256 2044; x_wconf 76' lang='lat' dir='ltr'><strong>tantas</strong></span> <span class='ocrx_word' id='word_1_425' title='bbox 2288 2008 2444 2046; x_wconf 70' lang='lat' dir='ltr'><strong>cura:</strong></span> <span class='ocrx_word' id='word_1_426' title='bbox 2491 1996 2705 2060; x_wconf 83' lang='lat' dir='ltr'><strong>partiri.</strong></span> <span class='ocrx_word' id='word_1_427' title='bbox 2738 1995 2940 2061; x_wconf 79' lang='lat' dir='ltr'><strong>Quibus</strong></span> <span class='ocrx_word' id='word_1_428' title='bbox 2985 1999 3163 2053; x_wconf 83' lang='lat' dir='ltr'><strong>verbis</strong></span> <span class='ocrx_word' id='word_1_429' title='bbox 3193 2000 3395 2052; x_wconf 76' lang='lat' dir='ltr'><strong>indica-</strong></span> 
     </span>
    </p>
   </div>
   <div class='ocr_carea' id='block_1_63' title="bbox 1835 2082 3396 2158">
    <p class='ocr_par' dir='ltr' id='par_1_63' title="bbox 1835 2082 3396 2158">
     <span class='ocr_line' id='line_1_63' title="bbox 1835 2082 3396 2158; baseline 0.009 -25"><span class='ocrx_word' id='word_1_430' title='bbox 1835 2090 1921 2133; x_wconf 89' lang='lat' dir='ltr'><strong>tur</strong></span> <span class='ocrx_word' id='word_1_431' title='bbox 1951 2082 2296 2149; x_wconf 84' lang='lat' dir='ltr'><strong>gravissimas</strong></span> <span class='ocrx_word' id='word_1_432' title='bbox 2350 2086 2612 2152; x_wconf 88' lang='lat' dir='ltr'><strong>quasdam</strong></span> <span class='ocrx_word' id='word_1_433' title='bbox 2656 2102 2720 2140; x_wconf 88' lang='lat' dir='ltr'><strong>ac</strong></span> <span class='ocrx_word' id='word_1_434' title='bbox 2776 2089 2999 2143; x_wconf 91' lang='lat' dir='ltr'><strong>minime</strong></span> <span class='ocrx_word' id='word_1_435' title='bbox 3049 2090 3396 2158; x_wconf 85' lang='lat' dir='ltr'><strong>quotidianas</strong></span> 
     </span>
    </p>
   </div>
   <div class='ocr_carea' id='block_1_64' title="bbox 1834 2172 3395 2253">
    <p class='ocr_par' dir='ltr' id='par_1_64' title="bbox 1834 2172 3395 2253">
     <span class='ocr_line' id='line_1_64' title="bbox 1834 2172 3395 2253; baseline 0.008 -28"><span class='ocrx_word' id='word_1_436' title='bbox 1834 2172 2169 2227; x_wconf 82' lang='lat' dir='ltr'><strong>dillicultates</strong></span> <span class='ocrx_word' id='word_1_437' title='bbox 2189 2175 2400 2242; x_wconf 77' lang='lat' dir='ltr'><strong>praesidi</strong></span> <span class='ocrx_word' id='word_1_438' title='bbox 2426 2176 2698 2231; x_wconf 88' lang='lat' dir='ltr'><strong>incidisse.</strong></span> <span class='ocrx_word' id='word_1_439' title='bbox 2727 2178 2996 2233; x_wconf 61' lang='lat' dir='ltr'><strong>Praeterea</strong></span> <span class='ocrx_word' id='word_1_440' title='bbox 3025 2198 3148 2236; x_wconf 88' lang='lat' dir='ltr'><strong>cum</strong></span> <span class='ocrx_word' id='word_1_441' title='bbox 3184 2182 3395 2253; x_wconf 82' lang='lat' dir='ltr'><strong>Cappa-</strong></span> 
     </span>
    </p>
   </div>
   <div class='ocr_carea' id='block_1_65' title="bbox 1837 2260 3397 2339">
    <p class='ocr_par' dir='ltr' id='par_1_65' title="bbox 1837 2260 3397 2339">
     <span class='ocr_line' id='line_1_65' title="bbox 1837 2260 3397 2339; baseline 0.009 -25"><span class='ocrx_word' id='word_1_442' title='bbox 1837 2261 2007 2316; x_wconf 69' lang='lat' dir='ltr'><strong>docia:</strong></span> <span class='ocrx_word' id='word_1_443' title='bbox 2043 2262 2312 2317; x_wconf 83' lang='lat' dir='ltr'><strong>divisione</strong></span> <span class='ocrx_word' id='word_1_444' title='bbox 2341 2267 2545 2333; x_wconf 89' lang='lat' dir='ltr'><strong>optime</strong></span> <span class='ocrx_word' id='word_1_445' title='bbox 2565 2280 2865 2335; x_wconf 73' lang='lat' dir='ltr'><strong>congruunt</strong></span> <span class='ocrx_word' id='word_1_446' title='bbox 2890 2280 2938 2324; x_wconf 89' lang='lat' dir='ltr'><strong>et</strong></span> <span class='ocrx_word' id='word_1_447' title='bbox 2979 2281 3187 2339; x_wconf 86' lang='lat' dir='ltr'><strong>tempus</strong></span> <span class='ocrx_word' id='word_1_448' title='bbox 3216 2260 3397 2327; x_wconf 51' lang='lat' dir='ltr'><strong>hibcr;</strong></span> 
     </span>
    </p>
   </div>
   <div class='ocr_carea' id='block_1_66' title="bbox 1841 2353 3398 2430">
    <p class='ocr_par' dir='ltr' id='par_1_66' title="bbox 1841 2353 3398 2430">
     <span class='ocr_line' id='line_1_66' title="bbox 1841 2353 3398 2430; baseline 0.008 -26"><span class='ocrx_word' id='word_1_449' title='bbox 1841 2367 1990 2417; x_wconf 91' lang='lat' dir='ltr'><strong>nntn,</strong></span> <span class='ocrx_word' id='word_1_450' title='bbox 2032 2365 2138 2420; x_wconf 87' lang='lat' dir='ltr'><strong>quo</strong></span> <span class='ocrx_word' id='word_1_451' title='bbox 2158 2353 2270 2406; x_wconf 66' lang='lat' dir='ltr'><strong>haec</strong></span> <span class='ocrx_word' id='word_1_452' title='bbox 2299 2356 2503 2424; x_wconf 85' lang='lat' dir='ltr'><strong>scripta</strong></span> <span class='ocrx_word' id='word_1_453' title='bbox 2535 2367 2618 2410; x_wconf 90' lang='lat' dir='ltr'><strong>est</strong></span> <span class='ocrx_word' id='word_1_454' title='bbox 2650 2359 2971 2426; x_wconf 86' lang='lat' dir='ltr'><strong>cpistola,et</strong></span> <span class='ocrx_word' id='word_1_455' title='bbox 3005 2377 3124 2427; x_wconf 64' lang='lat' dir='ltr'><strong>qua:</strong></span> <span class='ocrx_word' id='word_1_456' title='bbox 3153 2363 3398 2430; x_wconf 80' lang='lat' dir='ltr'><strong>leguntur</strong></span> 
     </span>
    </p>
   </div>
   <div class='ocr_carea' id='block_1_67' title="bbox 1839 2441 3396 2508">
    <p class='ocr_par' dir='ltr' id='par_1_67' title="bbox 1839 2441 3396 2508">
     <span class='ocr_line' id='line_1_67' title="bbox 1839 2441 3396 2508; baseline 0.008 -13"><span class='ocrx_word' id='word_1_457' title='bbox 1839 2443 1892 2496; x_wconf 92' lang='lat' dir='ltr'><strong>in</strong></span> <span class='ocrx_word' id='word_1_458' title='bbox 1919 2444 2042 2497; x_wconf 86' lang='lat' dir='ltr'><strong>line.</strong></span> <span class='ocrx_word' id='word_1_459' title='bbox 2098 2441 2228 2496; x_wconf 80' lang='lat' dir='ltr'><strong>Nam</strong></span> <span class='ocrx_word' id='word_1_460' title='bbox 2262 2459 2382 2498; x_wconf 87' lang='lat' dir='ltr'><strong>cum</strong></span> <span class='ocrx_word' id='word_1_461' title='bbox 2420 2447 2584 2499; x_wconf 91' lang='lat' dir='ltr'><strong>multa</strong></span> <span class='ocrx_word' id='word_1_462' title='bbox 2638 2449 2867 2503; x_wconf 80' lang='lat' dir='ltr'><strong>Basilius</strong></span> <span class='ocrx_word' id='word_1_463' title='bbox 2901 2451 3126 2507; x_wconf 83' lang='lat' dir='ltr'><strong>haberet</strong></span> <span class='ocrx_word' id='word_1_464' title='bbox 3173 2454 3396 2508; x_wconf 83' lang='lat' dir='ltr'><strong>dicenda</strong></span> 
     </span>
    </p>
   </div>
   <div class='ocr_carea' id='block_1_68' title="bbox 1839 2535 3397 2609">
    <p class='ocr_par' dir='ltr' id='par_1_68' title="bbox 1839 2535 3397 2609">
     <span class='ocr_line' id='line_1_68' title="bbox 1839 2535 3397 2609; baseline 0.006 -21"><span class='ocrx_word' id='word_1_465' title='bbox 1839 2535 1984 2589; x_wconf 89' lang='lat' dir='ltr'><strong>etde</strong></span> <span class='ocrx_word' id='word_1_466' title='bbox 2020 2535 2222 2599; x_wconf 89' lang='lat' dir='ltr'><strong>multis,</strong></span> <span class='ocrx_word' id='word_1_467' title='bbox 2260 2551 2322 2589; x_wconf 89' lang='lat' dir='ltr'><strong>ea</strong></span> <span class='ocrx_word' id='word_1_468' title='bbox 2352 2537 2403 2590; x_wconf 91' lang='lat' dir='ltr'><strong>in</strong></span> <span class='ocrx_word' id='word_1_469' title='bbox 2437 2553 2786 2608; x_wconf 66' lang='lat' dir='ltr'><strong>congressum</strong></span> <span class='ocrx_word' id='word_1_470' title='bbox 2817 2541 3047 2609; x_wconf 80' lang='lat' dir='ltr'><strong>distniit,</strong></span> <span class='ocrx_word' id='word_1_471' title='bbox 3083 2559 3188 2598; x_wconf 90' lang='lat' dir='ltr'><strong>non</strong></span> <span class='ocrx_word' id='word_1_472' title='bbox 3225 2552 3397 2599; x_wconf 93' lang='lat' dir='ltr'><strong>tutum</strong></span> 
     </span>
    </p>
   </div>
   <div class='ocr_carea' id='block_1_69' title="bbox 1841 2627 3399 2703">
    <p class='ocr_par' dir='ltr' id='par_1_69' title="bbox 1841 2627 3399 2703">
     <span class='ocr_line' id='line_1_69' title="bbox 1841 2627 3399 2703; baseline 0.006 -23"><span class='ocrx_word' id='word_1_473' title='bbox 1841 2641 1962 2681; x_wconf 91' lang='lat' dir='ltr'><strong>esse</strong></span> <span class='ocrx_word' id='word_1_474' title='bbox 2014 2627 2332 2682; x_wconf 76' lang='lat' dir='ltr'><strong>existimans</strong></span> <span class='ocrx_word' id='word_1_475' title='bbox 2380 2629 2622 2698; x_wconf 86' lang='lat' dir='ltr'><strong>epistolis</strong></span> <span class='ocrx_word' id='word_1_476' title='bbox 2669 2647 2755 2688; x_wconf 89' lang='lat' dir='ltr'><strong>res</strong></span> <span class='ocrx_word' id='word_1_477' title='bbox 2815 2634 3081 2703; x_wconf 75' lang='lat' dir='ltr'><strong>ejusmodi</strong></span> <span class='ocrx_word' id='word_1_478' title='bbox 3141 2637 3399 2690; x_wconf 88' lang='lat' dir='ltr'><strong>commit-</strong></span> 
     </span>
    </p>
   </div>
   <div class='ocr_carea' id='block_1_70' title="bbox 1845 2727 1974 2772">
    <p class='ocr_par' dir='ltr' id='par_1_70' title="bbox 1845 2727 1974 2772">
     <span class='ocr_line' id='line_1_70' title="bbox 1845 2727 1974 2772; baseline 0.016 -2"><span class='ocrx_word' id='word_1_479' title='bbox 1845 2727 1974 2772; x_wconf 89' lang='lat' dir='ltr'><strong>tere.</strong></span> 
     </span>
    </p>
   </div>
   <div class='ocr_carea' id='block_1_71' title="bbox 1913 2808 3402 2885">
    <p class='ocr_par' dir='ltr' id='par_1_71' title="bbox 1913 2808 3402 2885">
     <span class='ocr_line' id='line_1_71' title="bbox 1913 2808 3402 2885; baseline 0.009 -26"><span class='ocrx_word' id='word_1_480' title='bbox 1913 2808 2040 2872; x_wconf 64' lang='lat' dir='ltr'><strong>Quae</strong></span> <span class='ocrx_word' id='word_1_481' title='bbox 2073 2808 2122 2860; x_wconf 92' lang='lat' dir='ltr'><strong>in</strong></span> <span class='ocrx_word' id='word_1_482' title='bbox 2158 2808 2257 2862; x_wconf 93' lang='lat' dir='ltr'><strong>hac</strong></span> <span class='ocrx_word' id='word_1_483' title='bbox 2282 2812 2505 2878; x_wconf 90' lang='lat' dir='ltr'><strong>epistola</strong></span> <span class='ocrx_word' id='word_1_484' title='bbox 2547 2813 2612 2867; x_wconf 89' lang='lat' dir='ltr'><strong>de</strong></span> <span class='ocrx_word' id='word_1_485' title='bbox 2645 2815 3026 2870; x_wconf 80' lang='lat' dir='ltr'><strong>communibus</strong></span> <span class='ocrx_word' id='word_1_486' title='bbox 3053 2817 3402 2885; x_wconf 64' lang='lat' dir='ltr'><strong>Cappadociae</strong></span> 
     </span>
    </p>
   </div>
   <div class='ocr_carea' id='block_1_72' title="bbox 1843 2898 3405 2962">
    <p class='ocr_par' dir='ltr' id='par_1_72' title="bbox 1843 2898 3405 2962">
     <span class='ocr_line' id='line_1_72' title="bbox 1843 2898 3405 2962; baseline 0.007 -12"><span class='ocrx_word' id='word_1_487' title='bbox 1843 2898 2102 2951; x_wconf 87' lang='lat' dir='ltr'><strong>molestiis</strong></span> <span class='ocrx_word' id='word_1_488' title='bbox 2131 2899 2459 2962; x_wconf 86' lang='lat' dir='ltr'><strong>indicantur,</strong></span> <span class='ocrx_word' id='word_1_489' title='bbox 2497 2918 2558 2955; x_wconf 91' lang='lat' dir='ltr'><strong>ea</strong></span> <span class='ocrx_word' id='word_1_490' title='bbox 2597 2906 2774 2958; x_wconf 89' lang='lat' dir='ltr'><strong>minus</strong></span> <span class='ocrx_word' id='word_1_491' title='bbox 2809 2908 3088 2961; x_wconf 89' lang='lat' dir='ltr'><strong>commode</strong></span> <span class='ocrx_word' id='word_1_492' title='bbox 3119 2907 3405 2962; x_wconf 71' lang='lat' dir='ltr'><strong>Tillemon—</strong></span> 
     </span>
    </p>
   </div>
   <div class='ocr_carea' id='block_1_73' title="bbox 1845 2988 3400 3067">
    <p class='ocr_par' dir='ltr' id='par_1_73' title="bbox 1845 2988 3400 3067">
     <span class='ocr_line' id='line_1_73' title="bbox 1845 2988 3400 3067; baseline 0.008 -26"><span class='ocrx_word' id='word_1_493' title='bbox 1845 2988 1948 3041; x_wconf 86' lang='lat' dir='ltr'><strong>tius</strong></span> <span class='ocrx_word' id='word_1_494' title='bbox 1987 2989 2053 3043; x_wconf 89' lang='lat' dir='ltr'><strong>de</strong></span> <span class='ocrx_word' id='word_1_495' title='bbox 2101 2992 2333 3059; x_wconf 88' lang='lat' dir='ltr'><strong>propriis</strong></span> <span class='ocrx_word' id='word_1_496' title='bbox 2390 2992 2638 3048; x_wconf 86' lang='lat' dir='ltr'><strong>Therasii</strong></span> <span class='ocrx_word' id='word_1_497' title='bbox 2698 2998 2930 3066; x_wconf 85' lang='lat' dir='ltr'><strong>negotiis</strong></span> <span class='ocrx_word' id='word_1_498' title='bbox 2987 2999 3400 3067; x_wconf 77' lang='lat' dir='ltr'><strong>interpretatur,</strong></span> 
     </span>
    </p>
   </div>
   <div class='ocr_carea' id='block_1_74' title="bbox 1845 3082 3404 3151">
    <p class='ocr_par' dir='ltr' id='par_1_74' title="bbox 1845 3082 3404 3151">
     <span class='ocr_line' id='line_1_74' title="bbox 1845 3082 3404 3151; baseline 0.008 -19"><span class='ocrx_word' id='word_1_499' title='bbox 1845 3094 2003 3146; x_wconf 86' lang='lat' dir='ltr'><strong>quem</strong></span> <span class='ocrx_word' id='word_1_500' title='bbox 2044 3090 2096 3134; x_wconf 85' lang='lat' dir='ltr'><strong>et</strong></span> <span class='ocrx_word' id='word_1_501' title='bbox 2125 3082 2444 3149; x_wconf 69' lang='lat' dir='ltr'><strong>praefectura</strong></span> <span class='ocrx_word' id='word_1_502' title='bbox 2497 3084 2784 3151; x_wconf 81' lang='lat' dir='ltr'><strong>dejectum,</strong></span> <span class='ocrx_word' id='word_1_503' title='bbox 2831 3102 2953 3140; x_wconf 90' lang='lat' dir='ltr'><strong>cum</strong></span> <span class='ocrx_word' id='word_1_504' title='bbox 2988 3088 3100 3142; x_wconf 47' lang='lat' dir='ltr'><strong>haec</strong></span> <span class='ocrx_word' id='word_1_505' title='bbox 3141 3093 3404 3143; x_wconf 87' lang='lat' dir='ltr'><strong>scribere-</strong></span> 
     </span>
    </p>
   </div>
   <div class='ocr_carea' id='block_1_75' title="bbox 1849 3171 3402 3247">
    <p class='ocr_par' dir='ltr' id='par_1_75' title="bbox 1849 3171 3402 3247">
     <span class='ocr_line' id='line_1_75' title="bbox 1849 3171 3402 3247; baseline 0.006 -25"><span class='ocrx_word' id='word_1_506' title='bbox 1849 3179 1935 3222; x_wconf 92' lang='lat' dir='ltr'><strong>tur</strong></span> <span class='ocrx_word' id='word_1_507' title='bbox 1962 3171 2207 3236; x_wconf 86' lang='lat' dir='ltr'><strong>epistola,</strong></span> <span class='ocrx_word' id='word_1_508' title='bbox 2240 3181 2294 3225; x_wconf 91' lang='lat' dir='ltr'><strong>et</strong></span> <span class='ocrx_word' id='word_1_509' title='bbox 2324 3174 2376 3225; x_wconf 89' lang='lat' dir='ltr'><strong>in</strong></span> <span class='ocrx_word' id='word_1_510' title='bbox 2425 3173 2690 3242; x_wconf 82' lang='lat' dir='ltr'><strong>judicium</strong></span> <span class='ocrx_word' id='word_1_511' title='bbox 2740 3187 2987 3231; x_wconf 84' lang='lat' dir='ltr'><strong>vocatum</strong></span> <span class='ocrx_word' id='word_1_512' title='bbox 3040 3179 3204 3232; x_wconf 78' lang='lat' dir='ltr'><strong>fuisse</strong></span> <span class='ocrx_word' id='word_1_513' title='bbox 3232 3191 3402 3247; x_wconf 91' lang='lat' dir='ltr'><strong>putat.</strong></span> 
     </span>
    </p>
   </div>
   <div class='ocr_carea' id='block_1_76' title="bbox 1854 3261 3405 3336">
    <p class='ocr_par' dir='ltr' id='par_1_76' title="bbox 1854 3261 3405 3336">
     <span class='ocr_line' id='line_1_76' title="bbox 1854 3261 3405 3336; baseline 0.005 -21"><span class='ocrx_word' id='word_1_514' title='bbox 1854 3261 1999 3316; x_wconf 89' lang='lat' dir='ltr'><strong>Unde</strong></span> <span class='ocrx_word' id='word_1_515' title='bbox 2032 3264 2192 3314; x_wconf 80' lang='lat' dir='ltr'><strong>etiam</strong></span> <span class='ocrx_word' id='word_1_516' title='bbox 2233 3261 2376 3315; x_wconf 92' lang='lat' dir='ltr'><strong>illius</strong></span> <span class='ocrx_word' id='word_1_517' title='bbox 2402 3267 2763 3331; x_wconf 84' lang='lat' dir='ltr'><strong>patrocinium</strong></span> <span class='ocrx_word' id='word_1_518' title='bbox 2790 3281 2819 3319; x_wconf 93' lang='lat' dir='ltr'><strong>a</strong></span> <span class='ocrx_word' id='word_1_519' title='bbox 2845 3266 3042 3318; x_wconf 90' lang='lat' dir='ltr'><strong>Basilio</strong></span> <span class='ocrx_word' id='word_1_520' title='bbox 3083 3267 3134 3319; x_wconf 94' lang='lat' dir='ltr'><strong>in</strong></span> <span class='ocrx_word' id='word_1_521' title='bbox 3179 3269 3405 3336; x_wconf 86' lang='lat' dir='ltr'><strong>epistola</strong></span> 
     </span>
    </p>
   </div>
   <div class='ocr_carea' id='block_1_77' title="bbox 1847 3350 3405 3420">
    <p class='ocr_par' dir='ltr' id='par_1_77' title="bbox 1847 3350 3405 3420">
     <span class='ocr_line' id='line_1_77' title="bbox 1847 3350 3405 3420; baseline 0.003 -16"><span class='ocrx_word' id='word_1_522' title='bbox 1847 3350 1915 3404; x_wconf 81' lang='lat'><strong><em>96</em></strong></span> <span class='ocrx_word' id='word_1_523' title='bbox 1939 3351 2135 3418; x_wconf 88' lang='lat' dir='ltr'><strong>suscipi</strong></span> <span class='ocrx_word' id='word_1_524' title='bbox 2167 3351 2466 3405; x_wconf 82' lang='lat' dir='ltr'><strong>existimat.</strong></span> <span class='ocrx_word' id='word_1_525' title='bbox 2493 3351 2598 3406; x_wconf 91' lang='lat' dir='ltr'><strong>Sed</strong></span> <span class='ocrx_word' id='word_1_526' title='bbox 2629 3354 2823 3420; x_wconf 83' lang='lat' dir='ltr'><strong>Eliam,</strong></span> <span class='ocrx_word' id='word_1_527' title='bbox 2851 3370 2955 3409; x_wconf 89' lang='lat' dir='ltr'><strong>non</strong></span> <span class='ocrx_word' id='word_1_528' title='bbox 2991 3355 3310 3411; x_wconf 87' lang='lat' dir='ltr'><strong>Therasimn</strong></span> <span class='ocrx_word' id='word_1_529' title='bbox 3354 3359 3405 3411; x_wconf 91' lang='lat' dir='ltr'><strong>in</strong></span> 
     </span>
    </p>
   </div>
   <div class='ocr_carea' id='block_1_78' title="bbox 1849 3442 3415 3510">
    <p class='ocr_par' dir='ltr' id='par_1_78' title="bbox 1849 3442 3415 3510">
     <span class='ocr_line' id='line_1_78' title="bbox 1849 3442 3415 3510; baseline 0.002 -13"><span class='ocrx_word' id='word_1_530' title='bbox 1849 3442 1938 3496; x_wconf 89' lang='lat' dir='ltr'><strong>illa</strong></span> <span class='ocrx_word' id='word_1_531' title='bbox 1961 3443 2188 3510; x_wconf 88' lang='lat' dir='ltr'><strong>epistola</strong></span> <span class='ocrx_word' id='word_1_532' title='bbox 2214 3443 2284 3498; x_wconf 84' lang='lat'><strong>96</strong></span> <span class='ocrx_word' id='word_1_533' title='bbox 2313 3445 2681 3499; x_wconf 85' lang='lat' dir='ltr'><strong>commendari</strong></span> <span class='ocrx_word' id='word_1_534' title='bbox 2727 3445 2866 3498; x_wconf 76' lang='lat' dir='ltr'><strong>infra</strong></span> <span class='ocrx_word' id='word_1_535' title='bbox 2903 3445 3221 3499; x_wconf 83' lang='lat' dir='ltr'><strong>videbimus.</strong></span> <span class='ocrx_word' id='word_1_536' title='bbox 3258 3447 3415 3500; x_wconf 69' lang='lat' dir='ltr'><strong>Nunc</strong></span> 
     </span>
    </p>
   </div>
   <div class='ocr_carea' id='block_1_79' title="bbox 1847 3536 3410 3604">
    <p class='ocr_par' dir='ltr' id='par_1_79' title="bbox 1847 3536 3410 3604">
     <span class='ocr_line' id='line_1_79' title="bbox 1847 3536 3410 3604; baseline 0.003 -18"><span class='ocrx_word' id='word_1_537' title='bbox 1847 3545 2028 3587; x_wconf 84' lang='lat' dir='ltr'><strong>autem</strong></span> <span class='ocrx_word' id='word_1_538' title='bbox 2059 3536 2193 3589; x_wconf 90' lang='lat' dir='ltr'><strong>satis</strong></span> <span class='ocrx_word' id='word_1_539' title='bbox 2215 3545 2296 3591; x_wconf 91' lang='lat' dir='ltr'><strong>est</strong></span> <span class='ocrx_word' id='word_1_540' title='bbox 2329 3537 2620 3590; x_wconf 82' lang='lat' dir='ltr'><strong>observare</strong></span> <span class='ocrx_word' id='word_1_541' title='bbox 2653 3551 2990 3604; x_wconf 89' lang='lat' dir='ltr'><strong>nequaquam</strong></span> <span class='ocrx_word' id='word_1_542' title='bbox 3027 3537 3234 3604; x_wconf 59' lang='lat' dir='ltr'><strong>praesidi</strong></span> <span class='ocrx_word' id='word_1_543' title='bbox 3260 3539 3410 3591; x_wconf 88' lang='lat' dir='ltr'><strong>abro-</strong></span> 
     </span>
    </p>
   </div>
   <div class='ocr_carea' id='block_1_80' title="bbox 1848 3627 3411 3699">
    <p class='ocr_par' dir='ltr' id='par_1_80' title="bbox 1848 3627 3411 3699">
     <span class='ocr_line' id='line_1_80' title="bbox 1848 3627 3411 3699; baseline 0.003 -21"><span class='ocrx_word' id='word_1_544' title='bbox 1848 3637 2026 3694; x_wconf 80' lang='lat' dir='ltr'><strong>gatam</strong></span> <span class='ocrx_word' id='word_1_545' title='bbox 2058 3629 2222 3682; x_wconf 77' lang='lat' dir='ltr'><strong>fuisse</strong></span> <span class='ocrx_word' id='word_1_546' title='bbox 2249 3629 2648 3696; x_wconf 67' lang='lat' dir='ltr'><strong>prmfectnram,</strong></span> <span class='ocrx_word' id='word_1_547' title='bbox 2681 3643 2803 3680; x_wconf 89' lang='lat' dir='ltr'><strong>cum</strong></span> <span class='ocrx_word' id='word_1_548' title='bbox 2849 3627 3079 3683; x_wconf 87' lang='lat' dir='ltr'><strong>Basilius</strong></span> <span class='ocrx_word' id='word_1_549' title='bbox 3117 3631 3254 3684; x_wconf 84' lang='lat' dir='ltr'><strong>hanc</strong></span> <span class='ocrx_word' id='word_1_550' title='bbox 3294 3635 3411 3699; x_wconf 59' lang='lat' dir='ltr'><strong>epiv</strong></span> 
     </span>
    </p>
   </div>
   <div class='ocr_carea' id='block_1_81' title="bbox 1850 3716 3414 3781">
    <p class='ocr_par' dir='ltr' id='par_1_81' title="bbox 1850 3716 3414 3781">
     <span class='ocr_line' id='line_1_81' title="bbox 1850 3716 3414 3781; baseline 0.002 -11"><span class='ocrx_word' id='word_1_551' title='bbox 1850 3717 2048 3771; x_wconf 84' lang='lat' dir='ltr'><strong>stolam</strong></span> <span class='ocrx_word' id='word_1_552' title='bbox 2076 3717 2139 3770; x_wconf 81' lang='lat'><strong>7&#39;7</strong></span> <span class='ocrx_word' id='word_1_553' title='bbox 2178 3718 2456 3771; x_wconf 86' lang='lat' dir='ltr'><strong>scriberet.</strong></span> <span class='ocrx_word' id='word_1_554' title='bbox 2489 3716 2746 3772; x_wconf 87' lang='lat' dir='ltr'><strong>llortatur</strong></span> <span class='ocrx_word' id='word_1_555' title='bbox 2780 3717 2920 3770; x_wconf 86' lang='lat' dir='ltr'><strong>enim</strong></span> <span class='ocrx_word' id='word_1_556' title='bbox 2971 3731 3319 3781; x_wconf 87' lang='lat' dir='ltr'><strong>assessorem,</strong></span> <span class='ocrx_word' id='word_1_557' title='bbox 3356 3729 3414 3773; x_wconf 88' lang='lat' dir='ltr'><strong>ut</strong></span> 
     </span>
    </p>
   </div>
   <div class='ocr_carea' id='block_1_82' title="bbox 1859 3811 3414 3880">
    <p class='ocr_par' dir='ltr' id='par_1_82' title="bbox 1859 3811 3414 3880">
     <span class='ocr_line' id='line_1_82' title="bbox 1859 3811 3414 3880; baseline -0.001 -14"><span class='ocrx_word' id='word_1_558' title='bbox 1859 3813 2269 3867; x_wconf 86' lang='lat' dir='ltr'><strong>cumTherasio</strong></span> <span class='ocrx_word' id='word_1_559' title='bbox 2323 3822 2502 3866; x_wconf 88' lang='lat' dir='ltr'><strong>tantas</strong></span> <span class='ocrx_word' id='word_1_560' title='bbox 2555 3825 2716 3866; x_wconf 87' lang='lat' dir='ltr'><strong>curas</strong></span> <span class='ocrx_word' id='word_1_561' title='bbox 2765 3812 3045 3880; x_wconf 89' lang='lat' dir='ltr'><strong>partiatur,</strong></span> <span class='ocrx_word' id='word_1_562' title='bbox 3092 3827 3154 3865; x_wconf 91' lang='lat' dir='ltr'><strong>ac</strong></span> <span class='ocrx_word' id='word_1_563' title='bbox 3187 3811 3414 3866; x_wconf 85' lang='lat' dir='ltr'><strong>libenter</strong></span> 
     </span>
    </p>
   </div>
   <div class='ocr_carea' id='block_1_83' title="bbox 1856 3904 3416 3973">
    <p class='ocr_par' dir='ltr' id='par_1_83' title="bbox 1856 3904 3416 3973">
     <span class='ocr_line' id='line_1_83' title="bbox 1856 3904 3416 3973; baseline -0.001 -15"><span class='ocrx_word' id='word_1_564' title='bbox 1856 3905 2120 3973; x_wconf 84' lang='lat' dir='ltr'><strong>ejusmodi</strong></span> <span class='ocrx_word' id='word_1_565' title='bbox 2149 3905 2489 3960; x_wconf 86' lang='lat' dir='ltr'><strong>occasionem</strong></span> <span class='ocrx_word' id='word_1_566' title='bbox 2534 3904 2815 3973; x_wconf 88' lang='lat' dir='ltr'><strong>suscipiat,</strong></span> <span class='ocrx_word' id='word_1_567' title='bbox 2869 3920 2934 3956; x_wconf 76' lang='lat' dir='ltr'><strong>ex</strong></span> <span class='ocrx_word' id='word_1_568' title='bbox 2987 3919 3092 3972; x_wconf 87' lang='lat' dir='ltr'><strong>qua</strong></span> <span class='ocrx_word' id='word_1_569' title='bbox 3127 3914 3178 3956; x_wconf 92' lang='lat' dir='ltr'><strong>et</strong></span> <span class='ocrx_word' id='word_1_570' title='bbox 3211 3904 3416 3956; x_wconf 83' lang='lat' dir='ltr'><strong>amicos</strong></span> 
     </span>
    </p>
   </div>
   <div class='ocr_carea' id='block_1_84' title="bbox 1859 3994 3410 4051">
    <p class='ocr_par' dir='ltr' id='par_1_84' title="bbox 1859 3994 3410 4051">
     <span class='ocr_line' id='line_1_84' title="bbox 1859 3994 3410 4051; baseline 0.003 -7"><span class='ocrx_word' id='word_1_571' title='bbox 1859 3996 2042 4048; x_wconf 85' lang='lat' dir='ltr'><strong>videre</strong></span> <span class='ocrx_word' id='word_1_572' title='bbox 2065 4003 2118 4048; x_wconf 91' lang='lat' dir='ltr'><strong>et</strong></span> <span class='ocrx_word' id='word_1_573' title='bbox 2153 3995 2220 4048; x_wconf 87' lang='lat' dir='ltr'><strong>ah</strong></span> <span class='ocrx_word' id='word_1_574' title='bbox 2255 3997 2334 4050; x_wconf 88' lang='lat' dir='ltr'><strong>eis</strong></span> <span class='ocrx_word' id='word_1_575' title='bbox 2370 3994 2539 4048; x_wconf 78' lang='lat' dir='ltr'><strong>videri</strong></span> <span class='ocrx_word' id='word_1_576' title='bbox 2591 3995 2770 4051; x_wconf 91' lang='lat' dir='ltr'><strong>liceat.</strong></span> <span class='ocrx_word' id='word_1_577' title='bbox 2813 3995 2969 4048; x_wconf 86' lang='lat' dir='ltr'><strong>Initio</strong></span> <span class='ocrx_word' id='word_1_578' title='bbox 3011 3995 3221 4047; x_wconf 82' lang='lat' dir='ltr'><strong>dixerat</strong></span> <span class='ocrx_word' id='word_1_579' title='bbox 3260 4009 3319 4049; x_wconf 92' lang='lat' dir='ltr'><strong>se</strong></span> <span class='ocrx_word' id='word_1_580' title='bbox 3348 4010 3410 4048; x_wconf 78' lang='lat' dir='ltr'><strong>ex</strong></span> 
     </span>
    </p>
   </div>
   <div class='ocr_carea' id='block_1_85' title="bbox 1855 4083 3414 4154">
    <p class='ocr_par' dir='ltr' id='par_1_85' title="bbox 1855 4083 3414 4154">
     <span class='ocr_line' id='line_1_85' title="bbox 1855 4083 3414 4154; baseline -0.001 -15"><span class='ocrx_word' id='word_1_581' title='bbox 1855 4085 2037 4154; x_wconf 83' lang='lat' dir='ltr'><strong>magni</strong></span> <span class='ocrx_word' id='word_1_582' title='bbox 2068 4085 2318 4140; x_wconf 86' lang='lat' dir='ltr'><strong>Therasii</strong></span> <span class='ocrx_word' id='word_1_583' title='bbox 2368 4084 2684 4152; x_wconf 62' lang='lat' dir='ltr'><strong>praefectura</strong></span> <span class='ocrx_word' id='word_1_584' title='bbox 2744 4083 2867 4136; x_wconf 89' lang='lat' dir='ltr'><strong>illud</strong></span> <span class='ocrx_word' id='word_1_585' title='bbox 2914 4084 3181 4137; x_wconf 83' lang='lat' dir='ltr'><strong>commodi</strong></span> <span class='ocrx_word' id='word_1_586' title='bbox 3227 4099 3414 4152; x_wconf 88' lang='lat' dir='ltr'><strong>perce-</strong></span> 
     </span>
    </p>
   </div>
   <div class='ocr_carea' id='block_1_86' title="bbox 1856 4173 3417 4244">
    <p class='ocr_par' dir='ltr' id='par_1_86' title="bbox 1856 4173 3417 4244">
     <span class='ocr_line' id='line_1_86' title="bbox 1856 4173 3417 4244; baseline -0.001 -15"><span class='ocrx_word' id='word_1_587' title='bbox 1856 4178 2013 4244; x_wconf 89' lang='lat' dir='ltr'><strong>pisse,</strong></span> <span class='ocrx_word' id='word_1_588' title='bbox 2052 4186 2108 4230; x_wconf 88' lang='lat' dir='ltr'><strong>ut</strong></span> <span class='ocrx_word' id='word_1_589' title='bbox 2137 4192 2276 4239; x_wconf 67' lang='lat' dir='ltr'><strong>smne</strong></span> <span class='ocrx_word' id='word_1_590' title='bbox 2304 4185 2442 4229; x_wconf 85' lang='lat' dir='ltr'><strong>nunc</strong></span> <span class='ocrx_word' id='word_1_591' title='bbox 2474 4189 2799 4230; x_wconf 90' lang='lat' dir='ltr'><strong>assessorem</strong></span> <span class='ocrx_word' id='word_1_592' title='bbox 2832 4174 3037 4228; x_wconf 79' lang='lat' dir='ltr'><strong>videret</strong></span> <span class='ocrx_word' id='word_1_593' title='bbox 3063 4189 3077 4228; x_wconf 93' lang='lat'><strong>:</strong></span> <span class='ocrx_word' id='word_1_594' title='bbox 3113 4173 3301 4228; x_wconf 83' lang='lat' dir='ltr'><strong>Verum</strong></span> <span class='ocrx_word' id='word_1_595' title='bbox 3321 4177 3417 4228; x_wconf 83' lang='lat' dir='ltr'><strong>hoc</strong></span> 
     </span>
    </p>
   </div>
   <div class='ocr_carea' id='block_1_87' title="bbox 1855 4266 3419 4337">
    <p class='ocr_par' dir='ltr' id='par_1_87' title="bbox 1855 4266 3419 4337">
     <span class='ocr_line' id='line_1_87' title="bbox 1855 4266 3419 4337; baseline -0.001 -16"><span class='ocrx_word' id='word_1_596' title='bbox 1855 4270 2022 4337; x_wconf 81' lang='lat' dir='ltr'><strong>ipsum</strong></span> <span class='ocrx_word' id='word_1_597' title='bbox 2061 4270 2350 4333; x_wconf 71' lang='lat' dir='ltr'><strong>antistitum,</strong></span> <span class='ocrx_word' id='word_1_598' title='bbox 2373 4267 2565 4335; x_wconf 83' lang='lat' dir='ltr'><strong>inquit,</strong></span> <span class='ocrx_word' id='word_1_599' title='bbox 2593 4267 2812 4334; x_wconf 72' lang='lat' dir='ltr'><strong>prwside</strong></span> <span class='ocrx_word' id='word_1_600' title='bbox 2831 4266 3041 4330; x_wconf 70' lang='lat' dir='ltr'><strong>privati.</strong></span> <span class='ocrx_word' id='word_1_601' title='bbox 3063 4267 3262 4319; x_wconf 83' lang='lat' dir='ltr'><strong>Aberat</strong></span> <span class='ocrx_word' id='word_1_602' title='bbox 3288 4280 3419 4334; x_wconf 81' lang='lat' dir='ltr'><strong>ergo</strong></span> 
     </span>
    </p>
   </div>
   <div class='ocr_carea' id='block_1_88' title="bbox 1859 4356 3417 4427">
    <p class='ocr_par' dir='ltr' id='par_1_88' title="bbox 1859 4356 3417 4427">
     <span class='ocr_line' id='line_1_88' title="bbox 1859 4356 3417 4427; baseline -0.003 -15"><span class='ocrx_word' id='word_1_603' title='bbox 1859 4361 1925 4412; x_wconf 88' lang='lat' dir='ltr'><strong>ad</strong></span> <span class='ocrx_word' id='word_1_604' title='bbox 1957 4370 2164 4426; x_wconf 88' lang='lat' dir='ltr'><strong>tempus</strong></span> <span class='ocrx_word' id='word_1_605' title='bbox 2188 4375 2411 4427; x_wconf 67' lang='lat' dir='ltr'><strong>praeses,</strong></span> <span class='ocrx_word' id='word_1_606' title='bbox 2439 4375 2537 4412; x_wconf 90' lang='lat' dir='ltr'><strong>nec</strong></span> <span class='ocrx_word' id='word_1_607' title='bbox 2558 4359 2776 4412; x_wconf 88' lang='lat' dir='ltr'><strong>dubium</strong></span> <span class='ocrx_word' id='word_1_608' title='bbox 2795 4369 2909 4412; x_wconf 88' lang='lat' dir='ltr'><strong>crat</strong></span> <span class='ocrx_word' id='word_1_609' title='bbox 2938 4356 3151 4420; x_wconf 76' lang='lat' dir='ltr'><strong>Basilio,</strong></span> <span class='ocrx_word' id='word_1_610' title='bbox 3178 4358 3302 4423; x_wconf 88' lang='lat' dir='ltr'><strong>quin</strong></span> <span class='ocrx_word' id='word_1_611' title='bbox 3331 4371 3417 4408; x_wconf 89' lang='lat' dir='ltr'><strong>rc-</strong></span> 
     </span>
    </p>
   </div>
   <div class='ocr_carea' id='block_1_89' title="bbox 1861 4447 3419 4512">
    <p class='ocr_par' dir='ltr' id='par_1_89' title="bbox 1861 4447 3419 4512">
     <span class='ocr_line' id='line_1_89' title="bbox 1861 4447 3419 4512; baseline -0.004 -8"><span class='ocrx_word' id='word_1_612' title='bbox 1861 4452 2067 4504; x_wconf 90' lang='lat' dir='ltr'><strong>diturus</strong></span> <span class='ocrx_word' id='word_1_613' title='bbox 2095 4459 2241 4504; x_wconf 91' lang='lat' dir='ltr'><strong>esset</strong></span> <span class='ocrx_word' id='word_1_614' title='bbox 2274 4449 2610 4512; x_wconf 65' lang='lat' dir='ltr'><strong>Ges-aream;</strong></span> <span class='ocrx_word' id='word_1_615' title='bbox 2633 4449 2776 4502; x_wconf 88' lang='lat' dir='ltr'><strong>unde</strong></span> <span class='ocrx_word' id='word_1_616' title='bbox 2799 4464 3127 4503; x_wconf 84' lang='lat' dir='ltr'><strong>assessorem</strong></span> <span class='ocrx_word' id='word_1_617' title='bbox 3148 4447 3419 4507; x_wconf 87' lang='lat' dir='ltr'><strong>hortatur,</strong></span> 
     </span>
    </p>
   </div>
   <div class='ocr_carea' id='block_1_90' title="bbox 274 4535 3425 4615">
    <p class='ocr_par' dir='ltr' id='par_1_90' title="bbox 274 4535 3425 4615">
     <span class='ocr_line' id='line_1_90' title="bbox 274 4535 3425 4615; baseline -0.003 -18"><span class='ocrx_word' id='word_1_618' title='bbox 274 4542 383 4596; x_wconf 82' lang='lat' dir='ltr'><strong>Non</strong></span> <span class='ocrx_word' id='word_1_619' title='bbox 412 4556 622 4597; x_wconf 86' lang='lat' dir='ltr'><strong>tantum</strong></span> <span class='ocrx_word' id='word_1_620' title='bbox 652 4539 828 4609; x_wconf 85' lang='lat' dir='ltr'><strong>gratia</strong></span> <span class='ocrx_word' id='word_1_621' title='bbox 871 4548 924 4593; x_wconf 91' lang='lat' dir='ltr'><strong>et</strong></span> <span class='ocrx_word' id='word_1_622' title='bbox 961 4542 1282 4596; x_wconf 83' lang='lat' dir='ltr'><strong>auctoritate</strong></span> <span class='ocrx_word' id='word_1_623' title='bbox 1311 4537 1477 4594; x_wconf 87' lang='lat' dir='ltr'><strong>valuit</strong></span> <span class='ocrx_word' id='word_1_624' title='bbox 1503 4535 1733 4591; x_wconf 86' lang='lat' dir='ltr'><strong>Basilius</strong></span> <span class='ocrx_word' id='word_1_625' title='bbox 1789 4562 1831 4615; x_wconf 76' lang='grc' dir='ltr'><strong>υ</strong></span> <span class='ocrx_word' id='word_1_626' title='bbox 1864 4552 1922 4593; x_wconf 89' lang='lat' dir='ltr'><strong>ut</strong></span> <span class='ocrx_word' id='word_1_627' title='bbox 1953 4540 2018 4592; x_wconf 89' lang='lat' dir='ltr'><strong>ab</strong></span> <span class='ocrx_word' id='word_1_628' title='bbox 2064 4553 2128 4593; x_wconf 90' lang='lat' dir='ltr'><strong>eo</strong></span> <span class='ocrx_word' id='word_1_629' title='bbox 2161 4557 2265 4594; x_wconf 86' lang='lat' dir='ltr'><strong>non</strong></span> <span class='ocrx_word' id='word_1_630' title='bbox 2317 4540 2581 4601; x_wconf 83' lang='lat' dir='ltr'><strong>discedat,</strong></span> <span class='ocrx_word' id='word_1_631' title='bbox 2613 4552 2677 4592; x_wconf 91' lang='lat' dir='ltr'><strong>ac</strong></span> <span class='ocrx_word' id='word_1_632' title='bbox 2733 4540 2958 4593; x_wconf 76' lang='lat' dir='ltr'><strong>libenter</strong></span> <span class='ocrx_word' id='word_1_633' title='bbox 3005 4539 3054 4590; x_wconf 91' lang='lat' dir='ltr'><strong>in</strong></span> <span class='ocrx_word' id='word_1_634' title='bbox 3105 4553 3170 4591; x_wconf 84' lang='lat' dir='ltr'><strong>eo</strong></span> <span class='ocrx_word' id='word_1_635' title='bbox 3221 4547 3425 4606; x_wconf 87' lang='lat' dir='ltr'><strong>perstet</strong></span> 
     </span>
    </p>
   </div>
   <div class='ocr_carea' id='block_1_91' title="bbox 213 4629 1756 4700">
    <p class='ocr_par' dir='ltr' id='par_1_91' title="bbox 213 4629 1756 4700">
     <span class='ocr_line' id='line_1_91' title="bbox 213 4629 1756 4700; baseline -0.002 -15"><span class='ocrx_word' id='word_1_636' title='bbox 213 4633 650 4688; x_wconf 86' lang='lat' dir='ltr'><strong>utcalamitatem</strong></span> <span class='ocrx_word' id='word_1_637' title='bbox 683 4631 821 4684; x_wconf 88' lang='lat' dir='ltr'><strong>hanc</strong></span> <span class='ocrx_word' id='word_1_638' title='bbox 847 4645 875 4682; x_wconf 88' lang='lat' dir='ltr'><strong>a</strong></span> <span class='ocrx_word' id='word_1_639' title='bbox 903 4639 1070 4700; x_wconf 87' lang='lat' dir='ltr'><strong>patria</strong></span> <span class='ocrx_word' id='word_1_640' title='bbox 1108 4641 1377 4686; x_wconf 80' lang='lat' dir='ltr'><strong>averteret</strong></span> <span class='ocrx_word' id='word_1_641' title='bbox 1414 4649 1425 4682; x_wconf 93' lang='lat'>:</span> <span class='ocrx_word' id='word_1_642' title='bbox 1455 4629 1546 4683; x_wconf 88' lang='lat' dir='ltr'><strong>sed</strong></span> <span class='ocrx_word' id='word_1_643' title='bbox 1580 4639 1756 4683; x_wconf 88' lang='lat' dir='ltr'><strong>tatnen</strong></span> 
     </span>
    </p>
   </div>
   <div class='ocr_carea' id='block_1_92' title="bbox 213 4721 1758 4792">
    <p class='ocr_par' dir='ltr' id='par_1_92' title="bbox 213 4721 1758 4792">
     <span class='ocr_line' id='line_1_92' title="bbox 213 4721 1758 4792; baseline -0.001 -18"><span class='ocrx_word' id='word_1_644' title='bbox 213 4722 439 4792; x_wconf 80' lang='lat' dir='ltr'><strong>aliquam</strong></span> <span class='ocrx_word' id='word_1_645' title='bbox 477 4723 599 4777; x_wconf 86' lang='lat' dir='ltr'><strong>mali</strong></span> <span class='ocrx_word' id='word_1_646' title='bbox 635 4721 952 4776; x_wconf 88' lang='lat' dir='ltr'><strong>levationem</strong></span> <span class='ocrx_word' id='word_1_647' title='bbox 1001 4721 1210 4775; x_wconf 86' lang='lat' dir='ltr'><strong>videtur</strong></span> <span class='ocrx_word' id='word_1_648' title='bbox 1247 4731 1588 4777; x_wconf 85' lang='lat' dir='ltr'><strong>consecutus.</strong></span> <span class='ocrx_word' id='word_1_649' title='bbox 1623 4721 1758 4774; x_wconf 81' lang='lat' dir='ltr'><strong>Nam</strong></span> 
     </span>
    </p>
   </div>
   <div class='ocr_carea' id='block_1_93' title="bbox 217 4811 1745 4883">
    <p class='ocr_par' dir='ltr' id='par_1_93' title="bbox 217 4811 1745 4883">
     <span class='ocr_line' id='line_1_93' title="bbox 217 4811 1745 4883; baseline -0.001 -13"><span class='ocrx_word' id='word_1_650' title='bbox 217 4831 346 4870; x_wconf 88' lang='lat' dir='ltr'><strong>unus</strong></span> <span class='ocrx_word' id='word_1_651' title='bbox 367 4830 435 4868; x_wconf 80' lang='lat' dir='ltr'><strong>ex</strong></span> <span class='ocrx_word' id='word_1_652' title='bbox 467 4817 778 4883; x_wconf 90' lang='lat' dir='ltr'><strong>potentibus</strong></span> <span class='ocrx_word' id='word_1_653' title='bbox 801 4812 988 4866; x_wconf 84' lang='lat' dir='ltr'><strong>amicis</strong></span> <span class='ocrx_word' id='word_1_654' title='bbox 1012 4814 1076 4866; x_wconf 86' lang='lat' dir='ltr'><strong>ad</strong></span> <span class='ocrx_word' id='word_1_655' title='bbox 1101 4829 1237 4882; x_wconf 89' lang='lat' dir='ltr'><strong>quos</strong></span> <span class='ocrx_word' id='word_1_656' title='bbox 1270 4814 1485 4882; x_wconf 89' lang='lat' dir='ltr'><strong>scripsit</strong></span> <span class='ocrx_word' id='word_1_657' title='bbox 1503 4811 1592 4881; x_wconf 89' lang='lat' dir='ltr'><strong>(c),</strong></span> <span class='ocrx_word' id='word_1_658' title='bbox 1617 4811 1745 4869; x_wconf 70' lang='grc' dir='ltr'>ιὐτιε</span> 
     </span>
    </p>
   </div>
   <div class='ocr_carea' id='block_1_94' title="bbox 217 4905 1764 4978">
    <p class='ocr_par' dir='ltr' id='par_1_94' title="bbox 217 4905 1764 4978">
     <span class='ocr_line' id='line_1_94' title="bbox 217 4905 1764 4978; baseline -0.001 -18"><span class='ocrx_word' id='word_1_659' title='bbox 217 4908 496 4978; x_wconf 82' lang='lat' dir='ltr'><strong>Aburgins,</strong></span> <span class='ocrx_word' id='word_1_660' title='bbox 535 4905 791 4974; x_wconf 59' lang='lat' dir='ltr'><strong>praefecto</strong></span> <span class='ocrx_word' id='word_1_661' title='bbox 841 4905 1191 4960; x_wconf 89' lang='lat' dir='ltr'><strong>humanitatis</strong></span> <span class='ocrx_word' id='word_1_662' title='bbox 1214 4907 1560 4960; x_wconf 79' lang='lat' dir='ltr'><strong>ostendenda:</strong></span> <span class='ocrx_word' id='word_1_663' title='bbox 1608 4920 1764 4959; x_wconf 83' lang='lat' dir='ltr'><strong>oeca-</strong></span> 
     </span>
    </p>
   </div>
   <div class='ocr_carea' id='block_1_95' title="bbox 219 4995 1762 5053">
    <p class='ocr_par' dir='ltr' id='par_1_95' title="bbox 219 4995 1762 5053">
     <span class='ocr_line' id='line_1_95' title="bbox 219 4995 1762 5053; baseline 0.001 -2"><span class='ocrx_word' id='word_1_664' title='bbox 219 5001 414 5053; x_wconf 81' lang='lat' dir='ltr'><strong>stoncm</strong></span> <span class='ocrx_word' id='word_1_665' title='bbox 451 4996 905 5050; x_wconf 69' lang='lat' dir='ltr'><strong>subministravit.</strong></span> <span class='ocrx_word' id='word_1_666' title='bbox 933 4995 1092 5050; x_wconf 78' lang='lat' dir='ltr'><strong>Forte</strong></span> <span class='ocrx_word' id='word_1_667' title='bbox 1125 4999 1235 5053; x_wconf 64' lang='lat' dir='ltr'><strong>hinc</strong></span> <span class='ocrx_word' id='word_1_668' title='bbox 1281 4999 1589 5052; x_wconf 86' lang='lat' dir='ltr'><strong>humanitas</strong></span> <span class='ocrx_word' id='word_1_669' title='bbox 1621 4997 1673 5049; x_wconf 90' lang='lat' dir='ltr'><strong>in</strong></span> <span class='ocrx_word' id='word_1_670' title='bbox 1698 5013 1762 5052; x_wconf 85' lang='lat' dir='ltr'><strong>eo</strong></span> 
     </span>
    </p>
   </div>
   <div class='ocr_carea' id='block_1_96' title="bbox 219 5089 1765 5158">
    <p class='ocr_par' dir='ltr' id='par_1_96' title="bbox 219 5089 1765 5158">
     <span class='ocr_line' id='line_1_96' title="bbox 219 5089 1765 5158; baseline 0.002 -19"><span class='ocrx_word' id='word_1_671' title='bbox 219 5092 380 5158; x_wconf 79' lang='lat' dir='ltr'><strong>posita</strong></span> <span class='ocrx_word' id='word_1_672' title='bbox 412 5091 534 5155; x_wconf 80' lang='lat' dir='ltr'><strong>fuit,</strong></span> <span class='ocrx_word' id='word_1_673' title='bbox 563 5089 707 5158; x_wconf 85' lang='lat' dir='ltr'><strong>quod</strong></span> <span class='ocrx_word' id='word_1_674' title='bbox 737 5093 973 5144; x_wconf 77' lang='lat' dir='ltr'><strong>secunda</strong></span> <span class='ocrx_word' id='word_1_675' title='bbox 1004 5091 1317 5158; x_wconf 88' lang='lat' dir='ltr'><strong>metropolis</strong></span> <span class='ocrx_word' id='word_1_676' title='bbox 1363 5106 1466 5142; x_wconf 88' lang='lat' dir='ltr'><strong>non</strong></span> <span class='ocrx_word' id='word_1_677' title='bbox 1503 5089 1765 5153; x_wconf 85' lang='lat' dir='ltr'><strong>Podandi,</strong></span> 
     </span>
    </p>
   </div>
   <div class='ocr_carea' id='block_1_97' title="bbox 219 5159 1765 5251">
    <p class='ocr_par' dir='ltr' id='par_1_97' title="bbox 219 5159 1765 5251">
     <span class='ocr_line' id='line_1_97' title="bbox 219 5159 1765 5251; baseline 0 -18"><span class='ocrx_word' id='word_1_678' title='bbox 219 5193 269 5234; x_wconf 89' lang='lat' dir='ltr'><strong>ut</strong></span> <span class='ocrx_word' id='word_1_679' title='bbox 295 5182 471 5251; x_wconf 87' lang='lat' dir='ltr'><strong>primo</strong></span> <span class='ocrx_word' id='word_1_680' title='bbox 501 5179 771 5234; x_wconf 89' lang='lat' dir='ltr'><strong>sancitum</strong></span> <span class='ocrx_word' id='word_1_681' title='bbox 805 5159 1118 5244; x_wconf 49' lang='lat' dir='ltr'><strong>l&#39;uet&#39;;it,&#39;sed</strong></span> <span class='ocrx_word' id='word_1_682' title='bbox 1155 5179 1362 5235; x_wconf 84' lang='lat' dir='ltr'><strong>meliori</strong></span> <span class='ocrx_word' id='word_1_683' title='bbox 1389 5180 1442 5234; x_wconf 93' lang='lat' dir='ltr'><strong>iu</strong></span> <span class='ocrx_word' id='word_1_684' title='bbox 1474 5177 1765 5239; x_wconf 53' lang='lat' dir='ltr'><strong>loco,Tva-</strong></span> 
     </span>
    </p>
   </div>
   <div class='ocr_carea' id='block_1_98' title="bbox 218 5271 643 5327">
    <p class='ocr_par' dir='ltr' id='par_1_98' title="bbox 218 5271 643 5327">
     <span class='ocr_line' id='line_1_98' title="bbox 218 5271 643 5327; baseline 0.005 -5"><span class='ocrx_word' id='word_1_685' title='bbox 218 5273 293 5326; x_wconf 87' lang='lat' dir='ltr'><strong>nis</strong></span> <span class='ocrx_word' id='word_1_686' title='bbox 321 5271 643 5327; x_wconf 88' lang='lat' dir='ltr'><strong>constituta.</strong></span> 
     </span>
    </p>
   </div>
   <div class='ocr_carea' id='block_1_99' title="bbox 282 5361 1766 5434">
    <p class='ocr_par' dir='ltr' id='par_1_99' title="bbox 282 5361 1766 5434">
     <span class='ocr_line' id='line_1_99' title="bbox 282 5361 1766 5434; baseline -0.001 -20"><span class='ocrx_word' id='word_1_687' title='bbox 282 5361 402 5418; x_wconf 77' lang='lat' dir='ltr'><strong>llazc</strong></span> <span class='ocrx_word' id='word_1_688' title='bbox 433 5375 616 5416; x_wconf 89' lang='lat' dir='ltr'><strong>autem</strong></span> <span class='ocrx_word' id='word_1_689' title='bbox 653 5376 795 5416; x_wconf 86' lang='lat' dir='ltr'><strong>anno</strong></span> <span class='ocrx_word' id='word_1_690' title='bbox 844 5361 942 5415; x_wconf 76' lang='lat'><strong>571</strong></span> <span class='ocrx_word' id='word_1_691' title='bbox 993 5371 1142 5434; x_wconf 85' lang='lat' dir='ltr'><strong>gesta</strong></span> <span class='ocrx_word' id='word_1_692' title='bbox 1174 5376 1313 5425; x_wconf 87' lang='lat' dir='ltr'><strong>esse,</strong></span> <span class='ocrx_word' id='word_1_693' title='bbox 1346 5373 1630 5431; x_wconf 88' lang='lat' dir='ltr'><strong>antequam</strong></span> <span class='ocrx_word' id='word_1_694' title='bbox 1668 5361 1766 5414; x_wconf 81' lang='lat' dir='ltr'><strong>Va-</strong></span> 
     </span>
    </p>
   </div>
   <div class='ocr_carea' id='block_1_100' title="bbox 220 5451 1759 5522">
    <p class='ocr_par' dir='ltr' id='par_1_100' title="bbox 220 5451 1759 5522">
     <span class='ocr_line' id='line_1_100' title="bbox 220 5451 1759 5522; baseline 0.001 -17"><span class='ocrx_word' id='word_1_695' title='bbox 220 5451 323 5508; x_wconf 83' lang='lat' dir='ltr'><strong>lens</strong></span> <span class='ocrx_word' id='word_1_696' title='bbox 350 5455 656 5509; x_wconf 64' lang='lat' dir='ltr'><strong>Ca&#39;sarcam</strong></span> <span class='ocrx_word' id='word_1_697' title='bbox 687 5455 916 5517; x_wconf 80' lang='lat' dir='ltr'><strong>veniret,</strong></span> <span class='ocrx_word' id='word_1_698' title='bbox 948 5455 1080 5509; x_wconf 85' lang='lat' dir='ltr'><strong>satis</strong></span> <span class='ocrx_word' id='word_1_699' title='bbox 1105 5468 1171 5506; x_wconf 76' lang='lat' dir='ltr'><strong>ex</strong></span> <span class='ocrx_word' id='word_1_700' title='bbox 1212 5454 1366 5508; x_wconf 86' lang='lat' dir='ltr'><strong>dictis</strong></span> <span class='ocrx_word' id='word_1_701' title='bbox 1421 5452 1759 5522; x_wconf 69' lang='lat' dir='ltr'><strong>perspicitur.</strong></span> 
     </span>
    </p>
   </div>
   <div class='ocr_carea' id='block_1_101' title="bbox 285 5655 588 5724">
    <p class='ocr_par' dir='ltr' id='par_1_101' title="bbox 285 5655 588 5724">
     <span class='ocr_line' id='line_1_101' title="bbox 285 5655 588 5724; baseline 0.003 -21"><span class='ocrx_word' id='word_1_702' title='bbox 285 5657 353 5720; x_wconf 81' lang='lat' dir='ltr'><strong>(rt)</strong></span> <span class='ocrx_word' id='word_1_703' title='bbox 378 5655 471 5724; x_wconf 65' lang='lat' dir='ltr'><strong>Ep.</strong></span> <span class='ocrx_word' id='word_1_704' title='bbox 502 5655 588 5708; x_wconf 68' lang='lat'><strong>73$.</strong></span> 
     </span>
    </p>
   </div>
   <div class='ocr_carea' id='block_1_102' title="bbox 285 5723 918 5793">
    <p class='ocr_par' dir='ltr' id='par_1_102' title="bbox 285 5723 918 5793">
     <span class='ocr_line' id='line_1_102' title="bbox 285 5723 918 5793; baseline 0.005 -19"><span class='ocrx_word' id='word_1_705' title='bbox 285 5729 353 5790; x_wconf 53' lang='lat' dir='ltr'><strong>to;</strong></span> <span class='ocrx_word' id='word_1_706' title='bbox 376 5723 544 5790; x_wconf 52' lang='lat' dir='ltr'><strong>tam.</strong></span> <span class='ocrx_word' id='word_1_707' title='bbox 586 5725 674 5790; x_wconf 72' lang='lat' dir='ltr'><strong>ri,</strong></span> <span class='ocrx_word' id='word_1_708' title='bbox 709 5725 797 5793; x_wconf 74' lang='grc' dir='ltr'><strong>τε»,</strong></span> <span class='ocrx_word' id='word_1_709' title='bbox 832 5725 918 5779; x_wconf 78' lang='lat' dir='ltr'><strong>7o.</strong></span> 
     </span>
    </p>
   </div>
   <div class='ocr_carea' id='block_1_103' title="bbox 285 5795 606 5864">
    <p class='ocr_par' dir='ltr' id='par_1_103' title="bbox 285 5795 606 5864">
     <span class='ocr_line' id='line_1_103' title="bbox 285 5795 606 5864; baseline 0.006 -18"><span class='ocrx_word' id='word_1_710' title='bbox 285 5802 350 5864; x_wconf 63' lang='grc' dir='ltr'><strong>(ε)</strong></span> <span class='ocrx_word' id='word_1_711' title='bbox 378 5795 476 5864; x_wconf 70' lang='lat' dir='ltr'><strong>Ep.</strong></span> <span class='ocrx_word' id='word_1_712' title='bbox 517 5797 606 5850; x_wconf 65' lang='grc' dir='ltr'><strong>τε.</strong></span> 
     </span>
    </p>
   </div>
   <div class='ocr_carea' id='block_1_104' title="bbox 1864 4624 3421 4694">
    <p class='ocr_par' dir='ltr' id='par_1_104' title="bbox 1864 4624 3421 4694">
     <span class='ocr_line' id='line_1_104' title="bbox 1864 4624 3421 4694; baseline -0.003 -11"><span class='ocrx_word' id='word_1_713' title='bbox 1864 4641 2120 4691; x_wconf 89' lang='lat' dir='ltr'><strong>munere,</strong></span> <span class='ocrx_word' id='word_1_714' title='bbox 2170 4645 2236 4682; x_wconf 69' lang='lat' dir='ltr'><strong>ea</strong></span> <span class='ocrx_word' id='word_1_715' title='bbox 2298 4643 2404 4694; x_wconf 88' lang='lat' dir='ltr'><strong>quo</strong></span> <span class='ocrx_word' id='word_1_716' title='bbox 2458 4627 2810 4681; x_wconf 85' lang='lat' dir='ltr'><strong>videndorum</strong></span> <span class='ocrx_word' id='word_1_717' title='bbox 2867 4627 3160 4680; x_wconf 84' lang='lat' dir='ltr'><strong>amicorum</strong></span> <span class='ocrx_word' id='word_1_718' title='bbox 3209 4624 3421 4678; x_wconf 78' lang='lat' dir='ltr'><strong>ocCasio</strong></span> 
     </span>
    </p>
   </div>
   <div class='ocr_carea' id='block_1_105' title="bbox 1863 4731 2134 4776">
    <p class='ocr_par' dir='ltr' id='par_1_105' title="bbox 1863 4731 2134 4776">
     <span class='ocr_line' id='line_1_105' title="bbox 1863 4731 2134 4776; baseline 0.007 -2"><span class='ocrx_word' id='word_1_719' title='bbox 1863 4731 2134 4776; x_wconf 86' lang='lat' dir='ltr'><strong>nascatur.</strong></span> 
     </span>
    </p>
   </div>
   <div class='ocr_carea' id='block_1_106' title="bbox 1934 4807 3426 4876">
    <p class='ocr_par' dir='ltr' id='par_1_106' title="bbox 1934 4807 3426 4876">
     <span class='ocr_line' id='line_1_106' title="bbox 1934 4807 3426 4876; baseline -0.003 -13"><span class='ocrx_word' id='word_1_720' title='bbox 1934 4809 1998 4863; x_wconf 84' lang='lat' dir='ltr'><strong>V.</strong></span> <span class='ocrx_word' id='word_1_721' title='bbox 2031 4811 2180 4864; x_wconf 83' lang='lat' dir='ltr'><strong>liunc</strong></span> <span class='ocrx_word' id='word_1_722' title='bbox 2215 4819 2391 4864; x_wconf 89' lang='lat' dir='ltr'><strong>autem</strong></span> <span class='ocrx_word' id='word_1_723' title='bbox 2442 4824 2766 4863; x_wconf 86' lang='lat' dir='ltr'><strong>assessorem</strong></span> <span class='ocrx_word' id='word_1_724' title='bbox 2811 4807 3072 4876; x_wconf 84' lang='lat' dir='ltr'><strong>Elpidinm</strong></span> <span class='ocrx_word' id='word_1_725' title='bbox 3099 4807 3280 4870; x_wconf 77' lang='lat' dir='ltr'><strong>fuisse,</strong></span> <span class='ocrx_word' id='word_1_726' title='bbox 3323 4821 3426 4858; x_wconf 80' lang='lat' dir='ltr'><strong>non</strong></span> 
     </span>
    </p>
   </div>
   <div class='ocr_carea' id='block_1_107' title="bbox 1865 4896 3423 4969">
    <p class='ocr_par' dir='ltr' id='par_1_107' title="bbox 1865 4896 3423 4969">
     <span class='ocr_line' id='line_1_107' title="bbox 1865 4896 3423 4969; baseline -0.004 -12"><span class='ocrx_word' id='word_1_727' title='bbox 1865 4904 2108 4958; x_wconf 88' lang='lat' dir='ltr'><strong>obscuris</strong></span> <span class='ocrx_word' id='word_1_728' title='bbox 2155 4903 2285 4957; x_wconf 84' lang='lat' dir='ltr'><strong>mihi</strong></span> <span class='ocrx_word' id='word_1_729' title='bbox 2329 4905 2514 4956; x_wconf 88' lang='lat' dir='ltr'><strong>videor</strong></span> <span class='ocrx_word' id='word_1_730' title='bbox 2542 4900 2814 4969; x_wconf 81' lang='lat' dir='ltr'><strong>conjicere</strong></span> <span class='ocrx_word' id='word_1_731' title='bbox 2856 4902 3170 4955; x_wconf 84' lang='lat' dir='ltr'><strong>rationibus.</strong></span> <span class='ocrx_word' id='word_1_732' title='bbox 3205 4896 3423 4966; x_wconf 70' lang='lat' dir='ltr'><strong>Natum</strong></span> 
     </span>
    </p>
   </div>
   <div class='ocr_carea' id='block_1_108' title="bbox 1868 4993 3420 5063">
    <p class='ocr_par' dir='ltr' id='par_1_108' title="bbox 1868 4993 3420 5063">
     <span class='ocr_line' id='line_1_108' title="bbox 1868 4993 3420 5063; baseline -0.003 -16"><span class='ocrx_word' id='word_1_733' title='bbox 1868 4993 2106 5062; x_wconf 73' lang='lat' dir='ltr'><strong>Elpidius</strong></span> <span class='ocrx_word' id='word_1_734' title='bbox 2132 4997 2184 5048; x_wconf 88' lang='lat' dir='ltr'><strong>in</strong></span> <span class='ocrx_word' id='word_1_735' title='bbox 2203 4994 2539 5063; x_wconf 84' lang='lat' dir='ltr'><strong>Cappadocia</strong></span> <span class='ocrx_word' id='word_1_736' title='bbox 2564 5009 2812 5063; x_wconf 75' lang='lat' dir='ltr'><strong>magnum</strong></span> <span class='ocrx_word' id='word_1_737' title='bbox 2838 4994 3047 5061; x_wconf 80' lang='lat' dir='ltr'><strong>aliquod</strong></span> <span class='ocrx_word' id='word_1_738' title='bbox 3073 5008 3265 5046; x_wconf 82' lang='lat' dir='ltr'><strong>mnttns</strong></span> <span class='ocrx_word' id='word_1_739' title='bbox 3297 4994 3420 5061; x_wconf 82' lang='lat' dir='ltr'><strong>abji-</strong></span> 
     </span>
    </p>
   </div>
   <div class='ocr_carea' id='block_1_109' title="bbox 1867 5083 3433 5154">
    <p class='ocr_par' dir='ltr' id='par_1_109' title="bbox 1867 5083 3433 5154">
     <span class='ocr_line' id='line_1_109' title="bbox 1867 5083 3433 5154; baseline 0 -16"><span class='ocrx_word' id='word_1_740' title='bbox 1867 5100 1992 5140; x_wconf 83' lang='lat' dir='ltr'><strong>cet&#39;c</strong></span> <span class='ocrx_word' id='word_1_741' title='bbox 2019 5099 2073 5139; x_wconf 88' lang='lat' dir='ltr'><strong>et</strong></span> <span class='ocrx_word' id='word_1_742' title='bbox 2101 5085 2434 5154; x_wconf 82' lang='lat' dir='ltr'><strong>Cappadocia</strong></span> <span class='ocrx_word' id='word_1_743' title='bbox 2463 5086 2750 5140; x_wconf 85' lang='lat' dir='ltr'><strong>abscedere</strong></span> <span class='ocrx_word' id='word_1_744' title='bbox 2778 5083 3008 5147; x_wconf 84' lang='lat' dir='ltr'><strong>volebat,</strong></span> <span class='ocrx_word' id='word_1_745' title='bbox 3037 5099 3142 5151; x_wconf 88' lang='lat' dir='ltr'><strong>quo</strong></span> <span class='ocrx_word' id='word_1_746' title='bbox 3194 5095 3433 5150; x_wconf 73' lang='lat' dir='ltr'><strong>tempore</strong></span> 
     </span>
    </p>
   </div>
   <div class='ocr_carea' id='block_1_110' title="bbox 1871 5174 3438 5245">
    <p class='ocr_par' dir='ltr' id='par_1_110' title="bbox 1871 5174 3438 5245">
     <span class='ocr_line' id='line_1_110' title="bbox 1871 5174 3438 5245; baseline -0.004 -15"><span class='ocrx_word' id='word_1_747' title='bbox 1871 5175 2116 5230; x_wconf 78' lang='lat' dir='ltr'><strong>infausta:</strong></span> <span class='ocrx_word' id='word_1_748' title='bbox 2146 5191 2229 5230; x_wconf 88' lang='lat' dir='ltr'><strong>res</strong></span> <span class='ocrx_word' id='word_1_749' title='bbox 2272 5187 2428 5230; x_wconf 87' lang='lat' dir='ltr'><strong>erant</strong></span> <span class='ocrx_word' id='word_1_750' title='bbox 2462 5174 2856 5245; x_wconf 85' lang='lat' dir='ltr'><strong>Cappadocum,</strong></span> <span class='ocrx_word' id='word_1_751' title='bbox 2889 5191 2950 5228; x_wconf 88' lang='lat' dir='ltr'><strong>ac</strong></span> <span class='ocrx_word' id='word_1_752' title='bbox 2979 5175 3135 5243; x_wconf 85' lang='lat' dir='ltr'><strong>paulo</strong></span> <span class='ocrx_word' id='word_1_753' title='bbox 3175 5183 3292 5241; x_wconf 85' lang='lat' dir='ltr'><strong>post</strong></span> <span class='ocrx_word' id='word_1_754' title='bbox 3337 5175 3438 5226; x_wconf 90' lang='lat' dir='ltr'><strong>ltu-</strong></span> 
     </span>
    </p>
   </div>
   <div class='ocr_carea' id='block_1_111' title="bbox 1871 5267 3440 5337">
    <p class='ocr_par' dir='ltr' id='par_1_111' title="bbox 1871 5267 3440 5337">
     <span class='ocr_line' id='line_1_111' title="bbox 1871 5267 3440 5337; baseline -0.005 -14"><span class='ocrx_word' id='word_1_755' title='bbox 1871 5272 2180 5323; x_wconf 83' lang='lat' dir='ltr'><strong>manitatem</strong></span> <span class='ocrx_word' id='word_1_756' title='bbox 2219 5269 2450 5337; x_wconf 88' lang='lat' dir='ltr'><strong>aliquam</strong></span> <span class='ocrx_word' id='word_1_757' title='bbox 2486 5269 2538 5321; x_wconf 91' lang='lat' dir='ltr'><strong>in</strong></span> <span class='ocrx_word' id='word_1_758' title='bbox 2574 5268 2917 5337; x_wconf 88' lang='lat' dir='ltr'><strong>Cappadoces</strong></span> <span class='ocrx_word' id='word_1_759' title='bbox 2946 5284 2972 5320; x_wconf 89' lang='lat' dir='ltr'><strong>a</strong></span> <span class='ocrx_word' id='word_1_760' title='bbox 3005 5267 3250 5335; x_wconf 67' lang='lat' dir='ltr'><strong>prtel&#39;ecto</strong></span> <span class='ocrx_word' id='word_1_761' title='bbox 3290 5267 3440 5318; x_wconf 73' lang='lat' dir='ltr'><strong>exhi-</strong></span> 
     </span>
    </p>
   </div>
   <div class='ocr_carea' id='block_1_112' title="bbox 1873 5359 3436 5429">
    <p class='ocr_par' dir='ltr' id='par_1_112' title="bbox 1873 5359 3436 5429">
     <span class='ocr_line' id='line_1_112' title="bbox 1873 5359 3436 5429; baseline -0.004 -15"><span class='ocrx_word' id='word_1_762' title='bbox 1873 5362 2058 5424; x_wconf 86' lang='lat' dir='ltr'><strong>bitam,</strong></span> <span class='ocrx_word' id='word_1_763' title='bbox 2091 5362 2141 5414; x_wconf 90' lang='lat' dir='ltr'><strong>id</strong></span> <span class='ocrx_word' id='word_1_764' title='bbox 2176 5371 2278 5426; x_wconf 72' lang='lat' dir='ltr'><strong>est,</strong></span> <span class='ocrx_word' id='word_1_765' title='bbox 2298 5371 2355 5414; x_wconf 88' lang='lat' dir='ltr'><strong>ut</strong></span> <span class='ocrx_word' id='word_1_766' title='bbox 2388 5361 2721 5429; x_wconf 80' lang='lat' dir='ltr'><strong>conjicitnus,</strong></span> <span class='ocrx_word' id='word_1_767' title='bbox 2746 5373 3022 5428; x_wconf 80' lang='lat' dir='ltr'><strong>pOStquani</strong></span> <span class='ocrx_word' id='word_1_768' title='bbox 3051 5359 3331 5426; x_wconf 59' lang='lat' dir='ltr'><strong>praefectus</strong></span> <span class='ocrx_word' id='word_1_769' title='bbox 3353 5371 3436 5407; x_wconf 86' lang='lat' dir='ltr'><strong>se-</strong></span> 
     </span>
    </p>
   </div>
   <div class='ocr_carea' id='block_1_113' title="bbox 1874 5446 3438 5521">
    <p class='ocr_par' dir='ltr' id='par_1_113' title="bbox 1874 5446 3438 5521">
     <span class='ocr_line' id='line_1_113' title="bbox 1874 5446 3438 5521; baseline -0.005 -16"><span class='ocrx_word' id='word_1_770' title='bbox 1874 5453 2100 5505; x_wconf 79' lang='lat' dir='ltr'><strong>cundum</strong></span> <span class='ocrx_word' id='word_1_771' title='bbox 2153 5451 2505 5519; x_wconf 83' lang='lat' dir='ltr'><strong>metropolim,</strong></span> <span class='ocrx_word' id='word_1_772' title='bbox 2561 5467 2678 5521; x_wconf 71' lang='lat' dir='ltr'><strong>quae</strong></span> <span class='ocrx_word' id='word_1_773' title='bbox 2730 5449 2966 5506; x_wconf 67' lang='lat' dir='ltr'><strong>Potlatidt</strong></span> <span class='ocrx_word' id='word_1_774' title='bbox 3015 5449 3182 5500; x_wconf 76' lang='lat' dir='ltr'><strong>locata</strong></span> <span class='ocrx_word' id='word_1_775' title='bbox 3240 5446 3438 5509; x_wconf 58' lang='lat' dir='ltr'><strong>(uetuit,</strong></span> 
     </span>
    </p>
   </div>
   <div class='ocr_carea' id='block_1_114' title="bbox 1960 5654 2464 5721">
    <p class='ocr_par' dir='ltr' id='par_1_114' title="bbox 1960 5654 2464 5721">
     <span class='ocr_line' id='line_1_114' title="bbox 1960 5654 2464 5721; baseline -0.002 -16"><span class='ocrx_word' id='word_1_776' title='bbox 1960 5656 2036 5721; x_wconf 69' lang='grc' dir='ltr'><strong>(εἰ)</strong></span> <span class='ocrx_word' id='word_1_777' title='bbox 2073 5654 2168 5721; x_wconf 81' lang='lat' dir='ltr'><strong>Ep.</strong></span> <span class='ocrx_word' id='word_1_778' title='bbox 2198 5654 2284 5716; x_wconf 69' lang='grc'><strong>74,</strong></span> <span class='ocrx_word' id='word_1_779' title='bbox 2318 5672 2369 5706; x_wconf 85' lang='grc' dir='ltr'>ιι.</span> <span class='ocrx_word' id='word_1_780' title='bbox 2413 5654 2464 5707; x_wconf 77' lang='grc'><strong>5.</strong></span> 
     </span>
    </p>
   </div>
   <div class='ocr_carea' id='block_1_115' title="bbox 1976 5723 2406 5791">
    <p class='ocr_par' dir='ltr' id='par_1_115' title="bbox 1976 5723 2406 5791">
     <span class='ocr_line' id='line_1_115' title="bbox 1976 5723 2406 5791; baseline 0.012 -17"><span class='ocrx_word' id='word_1_781' title='bbox 1976 5731 2020 5791; x_wconf 87' lang='lat' dir='ltr'><strong>e)</strong></span> <span class='ocrx_word' id='word_1_782' title='bbox 2062 5723 2185 5776; x_wconf 70' lang='lat' dir='ltr'><strong>Naz.</strong></span> <span class='ocrx_word' id='word_1_783' title='bbox 2217 5741 2296 5776; x_wconf 86' lang='lat' dir='ltr'><strong>or.</strong></span> <span class='ocrx_word' id='word_1_784' title='bbox 2321 5724 2406 5779; x_wconf 63' lang='lat'><strong>“20.</strong></span> 
     </span>
    </p>
   </div>
   <div class='ocr_carea' id='block_1_116' title="bbox 1952 5727 2261 5864">
    <p class='ocr_par' dir='ltr' id='par_1_116' title="bbox 1952 5727 2261 5864">
     <span class='ocr_line' id='line_1_116' title="bbox 1952 5727 2261 5864; baseline 0.01 -2"><span class='ocrx_word' id='word_1_785' title='bbox 1952 5727 2020 5863; x_wconf 63' lang='lat' dir='ltr'><strong>l7}</strong></span> <span class='ocrx_word' id='word_1_786' title='bbox 2048 5727 2261 5864; x_wconf 43' lang='lat' dir='ltr'><strong>361‘s!</strong></span> 
     </span>
    </p>
   </div>
  </div>
