4214 6482
790 382 949 421 ωικί

789 574 841 628 in
876 575 1019 630 illum
1059 594 1408 647 assessorem,
1446 602 1604 657 quem
1642 604 1672 643 e
1705 590 2042 662 Cappadocia
2066 597 2355 656 abscedere

788 665 1166 723 molestissimo
1202 679 1437 741 tempore
1492 679 1840 735 meditantem
1891 681 2118 740 Basilius
2157 688 2226 742 ab
2254 690 2354 746 hoc

782 756 1009 812 consilio
1036 758 1089 813 in
1117 764 1273 830 epist.
1305 764 1375 819 77
1410 766 1747 827 dehortatur.
1780 770 1835 827 In
1863 788 2088 847 utraque
2126 780 2352 848 epistola

782 853 1208 919 praestantissimi
1236 858 1335 913 viri
1376 876 1460 915 res
1496 864 1675 934 agitur
1703 876 1755 921 et
1793 867 1985 926 Basilio
2013 872 2169 927 amici
2198 884 2251 928 et
2284 876 2349 930 ad

780 940 1157 999 sublevandam
1188 947 1575 1018 Cappadociam
1623 958 1854 1014 maxime
1883 960 2082 1020 idonei.
2113 963 2350 1036 Tempus

780 1032 917 1087 idem
941 1038 1219 1106 utriusque
1250 1042 1507 1111 epistolae,
1539 1063 1730 1118 magna
1766 1052 1995 1119 quadam
2039 1032 2348 1112 calamitate

779 1139 970 1183 recens
1009 1129 1061 1182 in
1113 1131 1503 1201 Cappadociam
1560 1140 1786 1199 invecta.
1843 1143 1984 1200 Idem
2037 1147 2087 1201 in
2121 1161 2347 1222 utraque

777 1215 1001 1283 epistola
1044 1225 1334 1278 assessoris
1383 1241 1598 1286 munus.
1649 1231 1821 1304 Rogat
1858 1237 2088 1291 amicum
2118 1239 2344 1298 Basilius

778 1307 831 1361 in
864 1317 1258 1382 septuagesima
1290 1320 1514 1386 septima
1545 1332 1601 1377 ut
1644 1340 1749 1380 non
1795 1328 2034 1384 discedat
2075 1331 2142 1386 ab
2173 1336 2343 1390 admi-

777 1402 947 1454 rando
975 1402 1255 1471 Thcrasio,
1287 1412 1383 1463 sed
1417 1427 1538 1467 cum
1577 1430 1641 1469 eo
1664 1427 1841 1473 tantas
1867 1435 2025 1475 curas
2056 1427 2335 1491 partiatur.

774 1491 830 1545 In
878 1501 1265 1565 septuagesima
1306 1516 1482 1558 autem
1514 1519 1700 1562 octava
1735 1512 1784 1563 id
1818 1513 1947 1579 agit,
1984 1524 2039 1567 ttt
2080 1516 2336 1584 Elpidius,

771 1598 837 1635 ex
854 1600 954 1652 quo
983 1594 1089 1640 tota
1119 1606 1246 1655 pene
1291 1593 1614 1657 publicarunt
1652 1601 1974 1667 negotiorum
2002 1620 2127 1656 cura
2153 1606 2338 1661 denen-

770 1675 878 1738 det,
905 1680 1090 1745 patria:
1134 1680 1459 1748 prmﬁciatur
1509 1695 1562 1740 et
1622 1688 1672 1742 in
1708 1688 2042 1761 Cappadocia
2087 1696 2337 1766 iubeatur

769 1781 1068 1823 remanere.

843 1859 994 1925 Quod
1026 1870 1202 1917 autem
1244 1876 1391 1935 rogat
1420 1866 1668 1934 Basilius.
1696 1883 1752 1927 ut
1788 1873 2022 1944 Elpidius
2053 1878 2332 1951 Cappado-

769 1947 865 2005 ciae
900 1954 1239 2022 praeﬁciatur,
1275 1974 1378 2012 non
1416 1960 1538 2015 inde
1571 1966 1811 2032 sequitur
1837 1984 1957 2024 eum
1983 1974 2259 2039 praesidem
2284 1983 2338 2029 et

770 2051 1033 2098 rectorem
1068 2047 1245 2116 potius
1295 2065 1454 2118 quam
1499 2068 1826 2111 assessorem
1878 2061 2121 2126 prmsidis
2150 2060 2332 2119 fuisse.

768 2130 902 2188 Nam
934 2149 1264 2192 assessorum
1293 2156 1484 2212 magna
1517 2157 1637 2199 erat
1675 2152 1991 2204 auctoritas.
2035 2151 2172 2205 [line
2198 2154 2333 2210 Gre-

767 2226 949 2293 gorius
996 2227 1364 2289 Nazianzenus
1410 2251 1739 2293 assessorem
1772 2251 1924 2296 vocat
1947 2243 2118 2316 ἀρχῆς
2147 2263 2334 2301 κοινω-

765 2316 857 2369 νόν
880 2317 931 2370 in
969 2318 1188 2387 epistola
1216 2322 1307 2387 48,
1340 2327 1675 2398 συνάρχοντα
1701 2330 1751 2385 in
1784 2334 1941 2403 epist.
1974 2335 2076 2391 126
2103 2352 2332 2409 eumque

764 2422 887 2461 cum
916 2412 1141 2477 praeside
1166 2413 1441 2485 conjungit
1476 2428 1529 2472 ut
1554 2419 1762 2475 Jolaum
1798 2439 1918 2479 cum
1950 2426 2188 2492 Hercule.
2209 2432 2334 2487 Pro-

766 2507 936 2553 retam
962 2515 1080 2554 cum
1123 2504 1502 2576 gubernatore,
1537 2511 1693 2582 epist.
1730 2513 1848 2568 H7.
1887 2517 2023 2582 Quin
2050 2520 2210 2574 etiam
2243 2536 2329 2576 as-

764 2604 1028 2646 sessorem
1076 2592 1339 2663 Elpidium
1372 2600 1554 2665 fuisse,
1596 2618 1701 2656 non
1733 2606 2013 2672 praesidem
2048 2610 2331 2665 conﬁrmat

762 2682 1009 2748 Basilius,
1042 2688 1165 2740 dum
1198 2689 1274 2742 ait
1312 2700 1474 2745 totam
1500 2706 1635 2760 pene
1665 2710 1840 2749 rerum
1873 2698 2202 2765 publicarum
2231 2716 2327 2756 cu-

761 2791 878 2829 ram
901 2790 966 2831 ex
991 2793 1056 2832 eo
1077 2782 1328 2849 pendere.
1372 2782 1425 2837 Id
1450 2784 1590 2838 enim
1636 2785 1703 2840 de
1733 2801 2008 2843 assessore
2053 2791 2182 2845 satis
2208 2802 2326 2861 apte

764 2867 981 2935 dicitur,
1011 2886 1131 2924 cum
1169 2887 1263 2941 pro
1293 2888 1388 2928 sua
1414 2877 1743 2944 experientia
1775 2893 1839 2935 ac
1863 2881 2132 2950 diligentia
2168 2883 2326 2953 pluri-

758 2974 876 3014 mas
904 2961 1388 3019 administrationis
1410 2976 1590 3034 partes
1617 2970 1878 3027 sustinet:
1901 2981 1957 3025 at
1978 2976 2043 3027 de
2066 2978 2318 3043 praeside,

757 3050 822 3103 ad
854 3067 1012 3122 quem
1042 3068 1246 3108 summa
1291 3056 1428 3110 redit
1470 3057 1632 3113 totius
1666 3062 1907 3128 regenda:
1932 3066 2249 3134 provinciae,
2270 3068 2318 3121 id

756 3157 886 3197 sane
917 3143 1092 3199 minus
1112 3148 1390 3202 commode
1421 3149 1708 3205 diceretur.

828 3233 911 3289 VI.
939 3233 1127 3291 Utrum
1169 3237 1396 3294 Basilius
1426 3242 1494 3296 ab
1533 3242 1741 3312 Elpidio
1764 3243 2147 3315 impetraverit.
2180 3261 2234 3303 ut
2264 3251 2315 3306 in

753 3320 1085 3391 Cappadocia
1115 3338 1442 3395 remaneret,
1488 3343 1577 3384 aut
1602 3347 1632 3386 a
1663 3334 1936 3403 praelecto,
1972 3346 2029 3391 ut
2054 3338 2315 3408 Elpidium

746 3412 961 3483 juberet
986 3430 1263 3470 remanere
1284 3458 1299 3482 ,
1331 3430 1568 3475 statuere
1600 3439 1701 3476 non
1735 3442 2034 3492 possumus.
2057 3431 2184 3487 Illud
2207 3449 2317 3487 cer-

754 3516 865 3560 tum
896 3516 951 3561 et
979 3511 1317 3578 perspicuum
1351 3522 1449 3575 est,
1479 3512 1797 3569 Therasium
1842 3517 2186 3589 Cappadocia:
2217 3527 2313 3579 ad-

752 3599 1203 3655 ministrationem
1232 3611 1324 3656 aut
1354 3616 1543 3673 sponte
1563 3606 1843 3675 abjecisse,
1871 3622 1962 3665 aut
2002 3613 2137 3668 hanc
2161 3617 2208 3668 ei
2238 3616 2316 3670 di-

750 3691 1010 3757 gnitatem
1063 3694 1370 3764 abrogatam
1425 3700 1588 3754 fuisse
1643 3716 1786 3757 anno
1820 3702 1916 3757 37l
1966 3717 2193 3760 exeunte
2226 3719 2312 3762 aut

751 3782 966 3839 ineunte
989 3785 1112 3840 572.
1138 3785 1271 3841 Nam
1309 3790 1534 3858 epistola
1579 3793 1669 3857 94,
1702 3809 1842 3850 anno
1872 3795 1977 3851 572
2007 3812 2110 3850 non
2151 3798 2315 3853 multo

749 3884 867 3941 post
900 3872 1136 3933 Valentis
1158 3892 1189 3932 e
1213 3879 1550 3948 Cappadocia
1583 3884 1879 3941 discessum
1903 3890 2103 3957 scripta
2136 3899 2217 3944 est
2247 3892 2313 3945 ad

749 3962 919 4018 Eliam
956 3966 1306 4036 Cappadocia:
1347 3982 1631 4041 rectorem,
1667 3978 1759 4044 qui
1794 3978 1857 4031 ad
1891 3981 2151 4050 regendos
2176 3981 2312 4051 Cap-

748 4057 998 4127 padoces,
1059 4058 1186 4114 licet
1234 4061 1465 4127 invitus,
1498 4064 1759 4122 adductus
1816 4068 2012 4136 fuerat,
2045 4081 2101 4126 ut
2145 4089 2307 4144 opera

748 4149 980 4218 collapsa
1010 4152 1360 4217 instauraret,
1387 4156 1501 4211 loca
1528 4176 1633 4214 non
1670 4162 1906 4216 habitata
1945 4164 2130 4220 incolis
2164 4182 2311 4222 com-

748 4239 940 4306 pleret,
978 4257 1082 4297 uno
1125 4248 1285 4301 verbo
1310 4248 1623 4305 solitudines
1665 4253 1714 4306 in
1757 4255 1917 4308 urbes
1954 4256 2307 4313 transforma-

747 4340 850 4386 ret.
880 4330 995 4386 Non
1024 4333 1134 4402 jam
1157 4352 1285 4404 ergo
1316 4338 1711 4409 Cappadociam
1745 4349 1962 4416 regebat
1995 4348 2304 4419 Therasius,

747 4424 841 4477 sed
868 4426 1155 4480 commissa
1187 4426 1362 4484 fuerat
1394 4432 1542 4498 Elite,
1576 4435 1666 4505 qui
1700 4450 1817 4490 eam
1859 4439 2222 4496 tristissimum
2250 4445 2301 4498 in

745 4524 943 4568 statum
991 4518 1258 4580 redactam
1312 4536 1610 4591 acceperat.
1648 4527 1799 4584 Unde
1847 4530 1991 4585 illum
2027 4546 2304 4602 comparat
2336 4554 2379 4611 υ
2409 4549 2727 4607 {cn-entiam
2756 4555 2871 4608 acie
2916 4556 3149 4619 rediens,

744 4603 976 4661 Basilius
995 4622 1115 4662 cum
1142 4609 1423 4681 Nauclero,
1448 4617 1536 4684 qui
1565 4632 1751 4675 navem
1780 4637 1948 4691 nuper
1971 4636 2303 4694 compactam

746 4700 800 4751 in
850 4715 1038 4769 magna
1079 4701 1341 4769 gubernat
1387 4716 1724 4777 tempestate.
1757 4712 1870 4768 Non
1926 4716 2142 4773 dubium
2196 4728 2300 4785 est,

745 4792 874 4857 quin
905 4805 1059 4846 suum
1099 4791 1355 4849 Therasio
1388 4806 1594 4869 tempus
1626 4802 1677 4855 in
1714 4804 2044 4873 Cappadocia
2068 4810 2299 4865 admini-

745 4884 961 4937 stranda
989 4886 1272 4941 emeritum
1304 4901 1406 4942 non
1439 4888 1615 4956 fuerit,
1653 4906 1772 4947 cum
1801 4894 1938 4951 hanc
1968 4900 2295 4967 provinciam

744 4970 981 5038 reliquit.
1031 4972 1293 5043 Sperabat
1339 4978 1482 5031 enim
1538 4980 1765 5037 Basilius
1823 4985 2081 5055 Elpidium
2122 4992 2189 5045 ab
2233 5005 2298 5045 eo

743 5077 849 5116 non
882 5064 1262 5135 discessurum,
1309 5079 1365 5125 et
1389 5072 1437 5125 ei
1479 5072 1529 5124 in
1564 5076 1816 5131 sanandis
1866 5083 2152 5148 provincia:
2184 5084 2299 5135 vul-

742 5156 963 5211 neribus
987 5172 1203 5226 operam
1233 5162 1501 5219 daturum.
1527 5164 1631 5220 Sed
1658 5177 1831 5222 tamen
1846 5172 2068 5235 _videtnr
2098 5190 2293 5228 annum

668 5272 671 5276 ν
737 5250 851 5318 jam
881 5252 1084 5307 rexisse
1101 5252 1512 5326 Cappadociam,
1538 5275 1657 5315 cum
1698 5262 1910 5319 decreta
1948 5278 2029 5322 est
2055 5268 2245 5323 divisio
2275 5286 2290 5323 :

745 5358 867 5397 nam
899 5359 1038 5412 stepe
1065 5344 1292 5403 Basilius
1315 5350 1389 5419 (a)
1420 5366 1745 5410 assessorem
1780 5356 1987 5412 viderat
2018 5359 2293 5427 Ctesarete,

741 5450 899 5503 quem
932 5444 1105 5493 tamen
1133 5454 1237 5495 non
1266 5442 1498 5509 videbat,
1527 5444 1627 5500 nisi
1662 5461 1860 5517 praeses
1884 5447 2177 5508 Caesaream
2209 5466 2297 5505 ve-

742 5529 898 5585 niret.

805 5666 881 5733 (a)
916 5666 1011 5732 Ερ.
1049 5669 1133 5722 77.

806 5736 878 5801 (ὁ)
917 5735 1071 5801 Nyss.
1107 5756 1121 5793 ι
1157 5739 1380 5797 Eunam.

808 5810 879 5864 tr)
916 5804 1236 5867 Thcodoret.
1260 5812 1352 5866 lib.
1381 5828 1451 5879 IV,
1480 5828 1528 5869 c.
1560 5815 1647 5869 t9.

2074 385 2603 449 PRliLEGOIIENA.

792 483 1030 555 Thyanis
1059 490 1355 548 constituit.
1393 491 1513 548 Haec
1554 504 1734 552 autem
1780 500 2006 557 miriﬁce
2031 508 2354 562 conveniunt
2381 518 2422 571 Α

3047 523 3274 583 CAPUT
3306 528 3422 584 XX.

2457 602 2496 658 I.
2535 606 2753 688 Initium
2772 618 3135 703 persecutionis
3165 624 3229 673 ab
3252 623 3835 703 adflent-uitrianogtm.
3854 630 3994 703 Enip

2522 679 2606 741 pio
2637 685 3044 758 communionem
3071 691 3288 758 denegat
3316 692 3565 747 Basilius.
3597 695 3654 749 Il.
3690 698 3877 754 Basilii
3905 679 4009 756 ee;-

2520 756 2689 801 tomen
2720 766 2857 834 cur-th
2878 756 3118 834 profecto
3143 756 3426 834 ac‘_deintte
3469 781 3583 816 cum
3616 771 3893 834 pra-posito
3923 789 4011 825 co-

2518 831 2758 896 q‘aornm.
2782 819 2880 896 _ll|.
2912 819 3032 877 Non
3066 828 3297 894 interfuit
3332 831 3411 883 Itis
3444 819 3639 894 prwt’ii's

2521 883 2740 965 Seriptte
2775 892 2827 942 in
2861 893 2958 965 hac
2995 883 3347 955 persecutione
3374 883 3705 961 epistolmv79

2534 954 2713 1042 Ife/ens
2740 962 2895 1012 semel
2921 954 3196 1042 etiamm
3228 970 3359 1042 venit
3393 954 3446 1023 in
3470 977 3749 1042 ecclesiam
3770 1019 3784 1042 ,
3818 990 3873 1030 nt
3904 978 4015 1031 Ba-

2518 1026 2634 1079 silio
2676 1028 3163 1113 [actamninjnr‘iam
3210 1041 3421 1113 δίη-εἱᾳιἶ
3469 1040 3548 1094 Ἠ.
3592 1026 3791 1100 Basilio
3821 1026 4012 1113 postea

2513 1111 2712 1175 panum
2762 1100 3173 1183 exsilii'inﬂigtt
3215 1106 3279 1158 ab
3330 1109 3543 1166 Arionis
3604 1100 3880 1183 impulsu},
3914 1100 4010 1171 sed

2516 1168 2658 1244 gravi
2712 1170 2903 1244 morbo
2934 1168 3258 1244 liliimgitnr
3296 1183 3599 1235 sententiam
3631 1168 4009 1244 nt'tttovreerl.

2523 1233 2722 1310 [iurans
2748 1233 3147 1310 statu‘it'ejirere
3174 1242 3450 1310 Basiliam,

2512 1308 2813 1391 ront'e'ritnr.
2855 1307 2983 1390 VIII.
3008 1307 3244 1391 Insignis
3264 1307 3493 1391 Gregorii
3519 1322 3660 1375 locus
3689 1307 4007 1391 explicatur,

2514 1390 2576 1424 an
2632 1372 2889 1431 Valentem
2922 1372 3330 1461 iterttnt'veen-isse
3364 1372 3420 1461 in
3443 1372 3710 1445 ecclesiam
3754 1372 4010 1461 probatu;

2510 1454 2629 1494 ante
2662 1456 2875 1517 mortem
2908 1449 3028 1511 ﬁlii.
3066 1449 3154 1503 IX.
3193 1450 3508 1510 Miracnlum
3533 1449 3857 1515 calamorum
3880 1465 3998 1517 CW-

2507 1528 2675 1652 sarrete
2706 1514 2919 1637 Luctum.
2966 1517 3034 1573 Χ.
3076 1518 3206 1575 Hm:
3249 1530 3532 1589 persecutio
3576 1531 3644 1584 ad
3673 1514 3866 1586 annum
3891 1514 4007 1590 ἓ).Ἱῖ

2507 1597 2561 1635 re
2588 1598 2705 1636 eren
2747 1601 2799 1638 a.

2507 1597 2799 1638 reterenaa.

2510 1715 2547 1770 Ι.
2575 1715 2841 1774 Hactenus
2879 1720 2930 1774 in
2974 1720 3031 1777 S.
3060 1724 3240 1779 Basilii
3282 1728 3589 1797 episcopatu
3634 1734 3833 1788 nullum
3864 1747 4003 1791 tem-

2366 1847 2406 1902 Β
2436 1820 2532 1873 pus
2562 1809 2819 1874 vidimus,
2848 1815 2988 1880 quod
3028 1829 3056 1867 a
3092 1818 3296 1885 magnis
3337 1822 3495 1876 rebus
3546 1826 3791 1887 gerendis
3831 1828 4004 1883 inter—

2438 1898 2743 1956 missionem
2778 1903 3045 1959 habuerit.
3083 1904 3187 1961 Sed
3224 1926 3361 1965 nunc
3392 1911 3718 1982 splendidius
3742 1917 4000 1985 quiddam

2435 1998 2487 2042 et
2520 1991 2778 2048 illustrius
2807 2000 3164 2052 enarrandum
3216 2005 3473 2067 occurrit,
3525 2016 3802 2076 propterea
3854 2013 4000 2079 quod

2436 2080 2636 2150 majore
2668 2086 2842 2140 sonitu
2869 2092 3144 2158 praedicari
3174 2094 3364 2161 solent,
3388 2112 3504 2166 quae
3536 2113 3630 2169 pro
3658 2099 3857 2156 Christi
3893 2101 4001 2158 ﬁde

2434 2172 2485 2227 in
2517 2176 2843 2242 gravissimis
2889 2182 3135 2247 periculis
3173 2185 3386 2242 fortiter
3414 2198 3467 2243 et
3494 2200 3804 2248 constanter
3838 2191 3997 2259 ﬁunt,

2431 2280 2589 2334 quam
2623 2280 2739 2335 quae
2766 2278 2857 2320 aut
2889 2270 2954 2323 ad
2987 2269 3319 2341 disciplinam
3367 2280 3657 2347 prudenter
3697 2282 4000 2338 decernun-

2433 2364 2541 2417 tur,
2573 2365 2663 2409 ant
2693 2357 2759 2411 ad
2794 2356 3069 2412 leniendas
3112 2361 3353 2421 inimicos
3398 2378 3453 2423 et
3490 2372 3851 2440 paciticandas
3893 2374 3996 2429 Ec-

2432 2444 2624 2500 clesias
2678 2448 2948 2516 sapienter
2979 2458 3033 2503 et
3078 2451 3347 2508 moderate
3388 2460 3762 2528 suscipiuntur.
3803 2463 3859 2518 In
3910 2464 3997 2521 his

2428 2536 2606 2590 Basilii
2646 2539 3026 2595 certaminibus
3066 2542 3425 2599 deseribcndis
3450 2548 3711 2616 praecipue
3744 2554 3997 2608 videntur

2428 2627 2633 2697 antiqui
2666 2632 2957 2698 scriptores
2982 2632 3325 2703 elaborasse;
3359 2638 3449 2691 sed
3481 2654 3602 2692 cum
3628 2640 3678 2693 in
3716 2646 3992 2702 nonnullis

2425 2717 2846 2775 circumstantiis
2896 2725 3071 2779 minus
3124 2727 3263 2781 inter
3296 2742 3353 2783 se
3408 2732 3771 2795 consentiant,
3809 2734 3989 2792 danda

2423 2818 2506 2863 est
2535 2824 2718 2879 opera,
2750 2820 2808 2865 ut
2834 2827 3012 2868 rerum
3041 2816 3306 2885 ordinem,
3330 2834 3489 2889 quam
3526 2822 3639 2876 licri
3669 2823 3864 2893 poterit
3896 2840 3992 2881 ac-

2420 2899 2777 2965 curatissime,
2805 2914 3110 2969 sequamur.

2490 2990 2561 3061 (b)
2582 2991 2879 3062 Imperator
2900 2991 3113 3062 Valens,
3142 3012 3259 3051 cum
3288 3003 3554 3070 prosperis
3580 3005 3838 3061 adversus
3858 3004 3986 3060 bar-

2419 3083 2578 3139 baros
2612 3087 2954 3142 successibus
2984 3088 3156 3145 elatus
3198 3097 3249 3145 tn
3294 3092 3564 3148 Orientem
3619 3095 3760 3152 lento
3792 3099 3987 3154 itinere

2344 3197 2386 3253 ο
2420 3175 2682 3240 tenderet,
2719 3179 2851 3233 satis
2881 3180 2968 3233 diu
3013 3182 3306 3252 interjcctis
3352 3184 3865 3257 Constantinopolim
3904 3191 3986 3245 in-

2420 3274 2499 3318 ter
2517 3274 2571 3318 et
2587 3267 2972 3336 Cappadociam
2996 3270 3123 3325 locis
3140 3288 3496 3331 commoratus
3515 3288 3614 3331 est.
3630 3278 3705 3333 Ac
3727 3282 3777 3333 in
3798 3280 3985 3355 Bithy-

2418 3356 2500 3409 nia
2524 3358 2735 3426 quidem
2767 3359 3043 3416 horrendze
3074 3363 3346 3432 ejusjussn
3373 3375 3503 3419 actae
3536 3378 3660 3420 sunt
3686 3372 3981 3439 tragoediae,

2414 3458 2573 3517 atque
2607 3450 2744 3504 hanc
2775 3452 3104 3520 provinciam
3141 3454 3430 3521 improviso
3470 3455 3666 3524 impetu
3694 3474 3983 3529 aggressus

2414 3542 2627 3610 penitus
2675 3545 2939 3611 vastavit;
2983 3545 3033 3599 in
3072 3543 3277 3601 Galatia
3316 3557 3492 3602 autem
3526 3548 3723 3603 nullam
3753 3568 3981 3622 prorsus

2415 3648 2617 3688 moram
2647 3637 2878 3704 invenit,
2910 3653 2975 3693 ac
3014 3639 3181 3695 levem
3226 3649 3279 3696 et
3327 3640 3574 3701 mobilem
3604 3655 3815 3714 gentem
3859 3646 3980 3704 sine

2413 3724 2629 3790 pulvere
2662 3728 2875 3781 devicit.
2916 3728 3005 3782 llis
3036 3731 3272 3787 victoriis
3305 3732 3518 3788 inﬂatus
3543 3749 3691 3803 spem
3716 3735 3974 3808 frangen-

2412 3812 2463 3866 di
2498 3814 2674 3869 Basilii
2703 3827 2759 3871 et
2778 3819 3044 3888 capiendae
3068 3822 3410 3890 Cappadocia
3435 3826 3783 3901 conccpit(c).
3818 3828 3973 3887 Hune

2412 3904 2553 3958 enim
2586 3908 2812 3974 primum
2835 3914 3046 3980 aggredi
3080 3929 3179 3967 non
3209 3930 3367 3969 ausus
3389 3925 3488 3979 est,
3530 3933 3595 3969 ne
3625 3918 3764 3973 illius
3790 3936 3975 3976 exem-

2411 3996 2553 4065 plum
2606 3998 2723 4055 aliis
2769 4003 2976 4058 animos
3030 4004 3246 4060 adderet
3278 4007 3376 4076 (tl).
3417 4004 3520 4059 Sed
3553 4022 3671 4062 cum
3718 4011 3973 4069 ﬁnitimos

2407 4101 2592 4144 omnes
2632 4090 2922 4162 impietatis
2944 4095 3150 4152 viribus
3188 4098 3504 4167 domuisset,
3533 4117 3595 4157 ac
3643 4106 3829 4161 ditioni
3858 4122 3971 4161 sua:

2408 4180 2724 4248 subiecisset
2748 4186 3002 4258 quidquid
3035 4190 3252 4244 obvium
3287 4191 3567 4260 habuerat,
3619 4207 3770 4268 turpe
3803 4209 3856 4252 et
3883 4200 3971 4253 in-

2406 4274 2621 4343 dignum
2647 4275 2871 4333 ducebat
2906 4280 2974 4333 ah
3000 4297 3104 4333 uno
3134 4282 3353 4336 homine
3388 4296 3441 4338 et
3472 4302 3571 4341 una
3603 4289 3821 4344 civitate
3852 4290 3973 4344 vin-

2403 4368 2472 4421 ci.
2502 4366 2683 4435 Itaque
2706 4383 2824 4423 cum
2871 4373 3201 4427 meminisset
3244 4388 3302 4429 se
3333 4390 3472 4433 anno
3505 4380 3630 4446 565,
3664 4395 3722 4434 re
3771 4380 3970 4440 inlecta

2402 4459 2469 4509 ah
2511 4459 2612 4512 hac
2641 4461 2771 4514 urbe
2803 4464 3134 4527 discessisse,
3164 4480 3281 4520 cum
3336 4471 3536 4541 majore
3586 4471 3860 4540 impietate
3904 4492 3970 4532 ac

3185 4570 3436 4628 acceptas
3484 4562 3666 4615 clades
3716 4578 3970 4634 reparare

2409 4640 2576 4694 voluit
2609 4643 2697 4715 (ε).
2729 4644 3070 4700 Prmcedebat
3098 4664 3214 4704 eum
3261 4650 3533 4707 Modestus
3564 4658 3796 4722 praetorii
3822 4673 3962 4724 pra:-

2407 4732 2595 4800 l'ectus,
2630 4736 2708 4788 vir
2736 4743 2789 4787 et
2823 4734 3108 4793 Catholicis
3139 4740 3375 4797 infensus
3401 4753 3455 4797 et
3481 4743 3694 4800 Ariauis
3727 4747 3965 4812 deditus,

2407 4821 2474 4875 ab
2496 4824 2667 4893 iisque
2697 4825 2996 4895 baptizatus
3028 4844 3042 4881 :
3075 4832 3164 4899 qui
3211 4832 3347 4886 hanc
3392 4848 3574 4888 curam
3601 4844 3655 4890 et
3703 4839 3967 4893 sollicitu-

2405 4912 2576 4969 dinem
2607 4917 2747 4969 inter
2790 4918 3084 4987 praecipuas
3111 4922 3594 4982 adminisuationis
3636 4943 3746 4982 sua:
3781 4941 3965 4998 partes

2397 5006 2714 5060 numerabat
2736 5047 2749 5067 ,
2779 5016 2836 5061 ut
2865 5010 3038 5067 nullus
3090 5013 3212 5067 ﬁdei
3256 5013 3502 5071 defensor
3532 5019 3671 5072 domi
3700 5031 3960 5086 maneret,

2396 5098 2487 5151 sed
2514 5097 2680 5167 pulsis
2716 5100 2964 5157 omnibus
2987 5104 3300 5159 orthodoxis
3329 5105 3733 5162 intruderentur
3762 5111 3964 5166 doctri-

2396 5203 2478 5242 na:
2506 5189 2840 5258 imperatoris
2879 5194 3273 5265 astipulatores,
3304 5196 3586 5267 impiurmn
3624 5201 3963 5270 syngrapha.

2400 5294 2515 5333 rum
2536 5293 2833 5349 exactores,
2868 5288 2946 5339 vel
2976 5287 3301 5341 deteriorum
3325 5293 3482 5344 etiam
3516 5293 3834 5363 scriptorum
3865 5310 3962 5349 su-

2396 5379 2594 5429 ctores.
2621 5373 2725 5427 Sed
2758 5382 2880 5429 ante
2909 5376 3079 5443 ipsum
3106 5376 3412 5444 praefectum
3443 5393 3701 5436 venerunt
3736 5382 3788 5436 in
3816 5383 3959 5455 Cap-

2396 5463 2671 5529 padociam
2700 5462 2880 5517 Ariani
2910 5468 3164 5536 episcopi,
3183 5483 3406 5538 quorum
3430 5470 3530 5527 dus
3560 5473 3770 5528 videtur
3791 5473 3958 5533 fuisse

2399 5550 2674 5622 Euippius.

2496 5688 2547 5755 d)
2590 5689 2714 5744 Naz.
2737 5707 2816 5744 or.
2846 5691 2934 5747 ΞΟ.

2496 5688 2547 5755 d)
2590 5689 2714 5744 Naz.
2737 5707 2816 5744 or.
2846 5691 2934 5747 ΞΟ.

2473 5688 2542 5827 ξι)
2585 5759 2736 5829 Nyss.
2767 5761 2908 5829 5B;
2946 5762 3074 5817 Νη.
3104 5763 3224 5819 548.
