  <div class='ocr_page' id='page_1' title='image "/cluster/home/n/w/nwhite01/storage/ocr_20150623/29/uva.x004321530/100.png"; bbox 0 0 4214 6506; ppageno 0'>
   <div class='ocr_carea' id='block_1_1' title="bbox 1456 428 2013 488">
    <p class='ocr_par' dir='ltr' id='par_1_1' title="bbox 1456 428 2013 488">
     <span class='ocr_line' id='line_1_1' title="bbox 1456 428 2013 488; baseline 0.005 -4"><span class='ocrx_word' id='word_1_1' title='bbox 1456 428 1609 485; x_wconf 75' lang='lat' dir='ltr'><strong>VITA</strong></span> <span class='ocrx_word' id='word_1_2' title='bbox 1650 431 1709 486; x_wconf 90' lang='lat' dir='ltr'><strong>S.</strong></span> <span class='ocrx_word' id='word_1_3' title='bbox 1744 430 2013 488; x_wconf 79' lang='lat' dir='ltr'><strong>BASILIL</strong></span> 
     </span>
    </p>
   </div>
   <div class='ocr_carea' id='block_1_2' title="bbox 3206 447 3390 491">
    <p class='ocr_par' dir='ltr' id='par_1_2' title="bbox 3206 447 3390 491">
     <span class='ocr_line' id='line_1_2' title="bbox 3206 447 3390 491; baseline -0.027 0"><span class='ocrx_word' id='word_1_4' title='bbox 3206 447 3390 491; x_wconf 66' lang='lat' dir='ltr'><strong>lISVll</strong></span> 
     </span>
    </p>
   </div>
   <div class='ocr_carea' id='block_1_3' title="bbox 254 538 3391 619">
    <p class='ocr_par' dir='ltr' id='par_1_3' title="bbox 254 538 3391 619">
     <span class='ocr_line' id='line_1_3' title="bbox 254 538 3391 619; baseline 0.003 -23"><span class='ocrx_word' id='word_1_5' title='bbox 254 538 554 597; x_wconf 71' lang='lat' dir='ltr'><strong>Numeratnr</strong></span> <span class='ocrx_word' id='word_1_6' title='bbox 575 556 604 593; x_wconf 92' lang='lat' dir='ltr'><strong>a</strong></span> <span class='ocrx_word' id='word_1_7' title='bbox 650 542 854 601; x_wconf 80' lang='lat' dir='ltr'><strong>Basilio</strong></span> <span class='ocrx_word' id='word_1_8' title='bbox 894 544 969 617; x_wconf 82' lang='grc' dir='ltr'><strong>(η)</strong></span> <span class='ocrx_word' id='word_1_9' title='bbox 997 544 1251 617; x_wconf 85' lang='lat' dir='ltr'><strong>Euippius</strong></span> <span class='ocrx_word' id='word_1_10' title='bbox 1281 546 1417 603; x_wconf 77' lang='lat' dir='ltr'><strong>inter</strong></span> <span class='ocrx_word' id='word_1_11' title='bbox 1445 547 1725 619; x_wconf 74' lang='lat' dir='ltr'><strong>signiferos</strong></span> <span class='ocrx_word' id='word_1_12' title='bbox 1752 556 1799 611; x_wconf 71' lang='grc' dir='ltr'>Α</span> <span class='ocrx_word' id='word_1_13' title='bbox 1826 550 2200 606; x_wconf 79' lang='lat' dir='ltr'><strong>lueretteorum</strong></span> <span class='ocrx_word' id='word_1_14' title='bbox 2226 549 2556 619; x_wconf 72' lang='lat' dir='ltr'><strong>exspectatio</strong></span> <span class='ocrx_word' id='word_1_15' title='bbox 2580 563 2787 605; x_wconf 82' lang='lat' dir='ltr'><strong>nmmos</strong></span> <span class='ocrx_word' id='word_1_16' title='bbox 2806 549 3069 604; x_wconf 80' lang='lat' dir='ltr'><strong>movebat.</strong></span> <span class='ocrx_word' id='word_1_17' title='bbox 3101 548 3212 604; x_wconf 85' lang='lat' dir='ltr'><strong>Cur</strong></span> <span class='ocrx_word' id='word_1_18' title='bbox 3242 558 3391 605; x_wconf 84' lang='lat' dir='ltr'><strong>tanto</strong></span> 
     </span>
    </p>
   </div>
   <div class='ocr_carea' id='block_1_4' title="bbox 199 632 1731 709">
    <p class='ocr_par' dir='ltr' id='par_1_4' title="bbox 199 632 1731 709">
     <span class='ocr_line' id='line_1_4' title="bbox 199 632 1731 709; baseline 0.004 -20"><span class='ocrx_word' id='word_1_19' title='bbox 199 634 423 698; x_wconf 61' lang='lat' dir='ltr'><strong>improba:</strong></span> <span class='ocrx_word' id='word_1_20' title='bbox 452 632 728 700; x_wconf 71' lang='lat' dir='ltr'><strong>factionis,</strong></span> <span class='ocrx_word' id='word_1_21' title='bbox 745 651 863 705; x_wconf 74' lang='lat' dir='ltr'><strong>qua:</strong></span> <span class='ocrx_word' id='word_1_22' title='bbox 884 637 1219 693; x_wconf 85' lang='lat' dir='ltr'><strong>Eustathium</strong></span> <span class='ocrx_word' id='word_1_23' title='bbox 1247 649 1297 693; x_wconf 90' lang='lat' dir='ltr'><strong>et</strong></span> <span class='ocrx_word' id='word_1_24' title='bbox 1320 639 1577 709; x_wconf 89' lang='lat' dir='ltr'><strong>plurimos</strong></span> <span class='ocrx_word' id='word_1_25' title='bbox 1601 640 1731 695; x_wconf 85' lang='lat' dir='ltr'><strong>alios</strong></span> 
     </span>
    </p>
   </div>
   <div class='ocr_carea' id='block_1_5' title="bbox 201 726 1730 802">
    <p class='ocr_par' dir='ltr' id='par_1_5' title="bbox 201 726 1730 802">
     <span class='ocr_line' id='line_1_5' title="bbox 201 726 1730 802; baseline 0.006 -24"><span class='ocrx_word' id='word_1_26' title='bbox 201 726 410 794; x_wconf 73' lang='lat' dir='ltr'><strong>deposuit</strong></span> <span class='ocrx_word' id='word_1_27' title='bbox 454 741 593 781; x_wconf 90' lang='lat' dir='ltr'><strong>anno</strong></span> <span class='ocrx_word' id='word_1_28' title='bbox 626 726 735 781; x_wconf 78' lang='lat'><strong>560</strong></span> <span class='ocrx_word' id='word_1_29' title='bbox 768 729 817 782; x_wconf 92' lang='lat' dir='ltr'><strong>in</strong></span> <span class='ocrx_word' id='word_1_30' title='bbox 858 731 1083 786; x_wconf 91' lang='lat' dir='ltr'><strong>concilio</strong></span> <span class='ocrx_word' id='word_1_31' title='bbox 1126 730 1730 802; x_wconf 83' lang='lat' dir='ltr'><strong>Constantinopolitano.</strong></span> 
     </span>
    </p>
   </div>
   <div class='ocr_carea' id='block_1_6' title="bbox 202 815 1733 891">
    <p class='ocr_par' dir='ltr' id='par_1_6' title="bbox 202 815 1733 891">
     <span class='ocr_line' id='line_1_6' title="bbox 202 815 1733 891; baseline 0.007 -24"><span class='ocrx_word' id='word_1_32' title='bbox 202 815 245 867; x_wconf 90' lang='lat' dir='ltr'><strong>In</strong></span> <span class='ocrx_word' id='word_1_33' title='bbox 273 815 372 882; x_wconf 73' lang='lat' dir='ltr'><strong>ejus</strong></span> <span class='ocrx_word' id='word_1_34' title='bbox 400 818 735 884; x_wconf 83' lang='lat' dir='ltr'><strong>potissimum</strong></span> <span class='ocrx_word' id='word_1_35' title='bbox 778 834 968 875; x_wconf 83' lang='lat' dir='ltr'><strong>nomen</strong></span> <span class='ocrx_word' id='word_1_36' title='bbox 1002 831 1289 891; x_wconf 91' lang='lat' dir='ltr'><strong>eruperunt</strong></span> <span class='ocrx_word' id='word_1_37' title='bbox 1316 822 1574 878; x_wconf 83' lang='lat' dir='ltr'><strong>Eustathii</strong></span> <span class='ocrx_word' id='word_1_38' title='bbox 1603 837 1733 891; x_wconf 84' lang='lat' dir='ltr'><strong>qne-</strong></span> 
     </span>
    </p>
   </div>
   <div class='ocr_carea' id='block_1_7' title="bbox 201 904 1730 974">
    <p class='ocr_par' dir='ltr' id='par_1_7' title="bbox 201 904 1730 974">
     <span class='ocr_line' id='line_1_7' title="bbox 201 904 1730 974; baseline 0.005 -17"><span class='ocrx_word' id='word_1_39' title='bbox 201 904 322 967; x_wconf 85' lang='lat' dir='ltr'><strong>rcl.e,</strong></span> <span class='ocrx_word' id='word_1_40' title='bbox 354 908 430 958; x_wconf 86' lang='lat' dir='ltr'><strong>vel</strong></span> <span class='ocrx_word' id='word_1_41' title='bbox 466 908 646 974; x_wconf 80' lang='lat' dir='ltr'><strong>potius</strong></span> <span class='ocrx_word' id='word_1_42' title='bbox 684 909 966 965; x_wconf 83' lang='lat' dir='ltr'><strong>horrenda:</strong></span> <span class='ocrx_word' id='word_1_43' title='bbox 998 911 1402 966; x_wconf 70' lang='lat' dir='ltr'><strong>criminationes</strong></span> <span class='ocrx_word' id='word_1_44' title='bbox 1432 911 1621 966; x_wconf 88' lang='lat' dir='ltr'><strong>litteris</strong></span> <span class='ocrx_word' id='word_1_45' title='bbox 1664 913 1730 965; x_wconf 92' lang='lat' dir='ltr'><strong>ad</strong></span> 
     </span>
    </p>
   </div>
   <div class='ocr_carea' id='block_1_8' title="bbox 202 996 1731 1073">
    <p class='ocr_par' dir='ltr' id='par_1_8' title="bbox 202 996 1731 1073">
     <span class='ocr_line' id='line_1_8' title="bbox 202 996 1731 1073; baseline 0.006 -26"><span class='ocrx_word' id='word_1_46' title='bbox 202 996 445 1050; x_wconf 82' lang='lat' dir='ltr'><strong>universas</strong></span> <span class='ocrx_word' id='word_1_47' title='bbox 476 996 751 1054; x_wconf 79' lang='lat' dir='ltr'><strong>Ecclesias</strong></span> <span class='ocrx_word' id='word_1_48' title='bbox 813 1000 988 1055; x_wconf 84' lang='lat' dir='ltr'><strong>missis</strong></span> <span class='ocrx_word' id='word_1_49' title='bbox 1036 1003 1379 1073; x_wconf 61' lang='lat' dir='ltr'><strong>consignatas.</strong></span> <span class='ocrx_word' id='word_1_50' title='bbox 1428 1002 1651 1057; x_wconf 76' lang='lat' dir='ltr'><strong>Videtur</strong></span> <span class='ocrx_word' id='word_1_51' title='bbox 1680 1004 1731 1056; x_wconf 89' lang='lat' dir='ltr'><strong>in</strong></span> 
     </span>
    </p>
   </div>
   <div class='ocr_carea' id='block_1_9' title="bbox 202 1084 1739 1163">
    <p class='ocr_par' dir='ltr' id='par_1_9' title="bbox 202 1084 1739 1163">
     <span class='ocr_line' id='line_1_9' title="bbox 202 1084 1739 1163; baseline 0.004 -24"><span class='ocrx_word' id='word_1_52' title='bbox 202 1084 378 1139; x_wconf 79' lang='lat' dir='ltr'><strong>Galatia</strong></span> <span class='ocrx_word' id='word_1_53' title='bbox 410 1090 689 1158; x_wconf 86' lang='lat' dir='ltr'><strong>episcopus</strong></span> <span class='ocrx_word' id='word_1_54' title='bbox 715 1091 897 1146; x_wconf 86' lang='lat' dir='ltr'><strong>luisse.</strong></span> <span class='ocrx_word' id='word_1_55' title='bbox 937 1091 1065 1146; x_wconf 80' lang='lat' dir='ltr'><strong>Nam</strong></span> <span class='ocrx_word' id='word_1_56' title='bbox 1091 1109 1212 1148; x_wconf 91' lang='lat' dir='ltr'><strong>cum</strong></span> <span class='ocrx_word' id='word_1_57' title='bbox 1241 1094 1465 1148; x_wconf 79' lang='lat' dir='ltr'><strong>Arianos</strong></span> <span class='ocrx_word' id='word_1_58' title='bbox 1486 1109 1517 1147; x_wconf 91' lang='lat' dir='ltr'><strong>e</strong></span> <span class='ocrx_word' id='word_1_59' title='bbox 1539 1094 1613 1163; x_wconf 89' lang='lat' dir='ltr'><strong>(b)</strong></span> <span class='ocrx_word' id='word_1_60' title='bbox 1636 1092 1739 1145; x_wconf 78' lang='lat' dir='ltr'><strong>Ga-</strong></span> 
     </span>
    </p>
   </div>
   <div class='ocr_carea' id='block_1_10' title="bbox 204 1176 1739 1252">
    <p class='ocr_par' dir='ltr' id='par_1_10' title="bbox 204 1176 1739 1252">
     <span class='ocr_line' id='line_1_10' title="bbox 204 1176 1739 1252; baseline 0.007 -24"><span class='ocrx_word' id='word_1_61' title='bbox 204 1176 309 1230; x_wconf 84' lang='lat' dir='ltr'><strong>latia</strong></span> <span class='ocrx_word' id='word_1_62' title='bbox 357 1180 725 1235; x_wconf 85' lang='lat' dir='ltr'><strong>accersivisset</strong></span> <span class='ocrx_word' id='word_1_63' title='bbox 759 1181 1104 1248; x_wconf 76' lang='lat' dir='ltr'><strong>Eustathius;</strong></span> <span class='ocrx_word' id='word_1_64' title='bbox 1159 1185 1391 1252; x_wconf 77' lang='lat' dir='ltr'><strong>exagitat</strong></span> <span class='ocrx_word' id='word_1_65' title='bbox 1431 1199 1548 1237; x_wconf 90' lang='lat' dir='ltr'><strong>eum</strong></span> <span class='ocrx_word' id='word_1_66' title='bbox 1592 1183 1739 1238; x_wconf 80' lang='lat' dir='ltr'><strong>Basi-</strong></span> 
     </span>
    </p>
   </div>
   <div class='ocr_carea' id='block_1_11' title="bbox 204 1268 1737 1345">
    <p class='ocr_par' dir='ltr' id='par_1_11' title="bbox 204 1268 1737 1345">
     <span class='ocr_line' id='line_1_11' title="bbox 204 1268 1737 1345; baseline 0.007 -24"><span class='ocrx_word' id='word_1_67' title='bbox 204 1268 288 1323; x_wconf 89' lang='lat' dir='ltr'><strong>lius</strong></span> <span class='ocrx_word' id='word_1_68' title='bbox 355 1272 486 1340; x_wconf 88' lang='lat' dir='ltr'><strong>quod</strong></span> <span class='ocrx_word' id='word_1_69' title='bbox 539 1274 630 1343; x_wconf 91' lang='lat' dir='ltr'><strong>qui</strong></span> <span class='ocrx_word' id='word_1_70' title='bbox 692 1273 820 1327; x_wconf 92' lang='lat' dir='ltr'><strong>olim</strong></span> <span class='ocrx_word' id='word_1_71' title='bbox 885 1274 1163 1345; x_wconf 83' lang='lat' dir='ltr'><strong>Euippium</strong></span> <span class='ocrx_word' id='word_1_72' title='bbox 1232 1276 1532 1344; x_wconf 84' lang='lat' dir='ltr'><strong>episcopum</strong></span> <span class='ocrx_word' id='word_1_73' title='bbox 1618 1291 1737 1333; x_wconf 85' lang='lat' dir='ltr'><strong>esse</strong></span> 
     </span>
    </p>
   </div>
   <div class='ocr_carea' id='block_1_12' title="bbox 204 1369 1734 1437">
    <p class='ocr_par' dir='ltr' id='par_1_12' title="bbox 204 1369 1734 1437">
     <span class='ocr_line' id='line_1_12' title="bbox 204 1369 1734 1437; baseline 0.007 -23"><span class='ocrx_word' id='word_1_74' title='bbox 204 1372 478 1431; x_wconf 82' lang='lat' dir='ltr'><strong>negaverat,</strong></span> <span class='ocrx_word' id='word_1_75' title='bbox 510 1380 650 1419; x_wconf 86' lang='lat' dir='ltr'><strong>nunc</strong></span> <span class='ocrx_word' id='word_1_76' title='bbox 679 1380 890 1431; x_wconf 89' lang='lat' dir='ltr'><strong>eorum,</strong></span> <span class='ocrx_word' id='word_1_77' title='bbox 923 1369 1011 1435; x_wconf 85' lang='lat' dir='ltr'><strong>qui</strong></span> <span class='ocrx_word' id='word_1_78' title='bbox 1062 1370 1127 1423; x_wconf 90' lang='lat' dir='ltr'><strong>ab</strong></span> <span class='ocrx_word' id='word_1_79' title='bbox 1180 1369 1270 1423; x_wconf 90' lang='lat' dir='ltr'><strong>illo</strong></span> <span class='ocrx_word' id='word_1_80' title='bbox 1303 1370 1528 1424; x_wconf 81' lang='lat' dir='ltr'><strong>ordinati</strong></span> <span class='ocrx_word' id='word_1_81' title='bbox 1586 1381 1734 1437; x_wconf 89' lang='lat' dir='ltr'><strong>sunt,</strong></span> 
     </span>
    </p>
   </div>
   <div class='ocr_carea' id='block_1_13' title="bbox 204 1456 1738 1528">
    <p class='ocr_par' dir='ltr' id='par_1_13' title="bbox 204 1456 1738 1528">
     <span class='ocr_line' id='line_1_13' title="bbox 204 1456 1738 1528; baseline 0.008 -24"><span class='ocrx_word' id='word_1_82' title='bbox 204 1456 591 1509; x_wconf 81' lang='lat' dir='ltr'><strong>communionem</strong></span> <span class='ocrx_word' id='word_1_83' title='bbox 640 1457 867 1513; x_wconf 79' lang='lat' dir='ltr'><strong>ambiat.</strong></span> <span class='ocrx_word' id='word_1_84' title='bbox 910 1460 1119 1514; x_wconf 84' lang='lat' dir='ltr'><strong>Initium</strong></span> <span class='ocrx_word' id='word_1_85' title='bbox 1159 1471 1335 1513; x_wconf 90' lang='lat' dir='ltr'><strong>autem</strong></span> <span class='ocrx_word' id='word_1_86' title='bbox 1374 1465 1628 1528; x_wconf 63' lang='lat' dir='ltr'><strong>praeclare</strong></span> <span class='ocrx_word' id='word_1_87' title='bbox 1660 1462 1738 1516; x_wconf 78' lang='lat' dir='ltr'><strong>la-</strong></span> 
     </span>
    </p>
   </div>
   <div class='ocr_carea' id='block_1_14' title="bbox 206 1546 1738 1621">
    <p class='ocr_par' dir='ltr' id='par_1_14' title="bbox 206 1546 1738 1621">
     <span class='ocr_line' id='line_1_14' title="bbox 206 1546 1738 1621; baseline 0.008 -25"><span class='ocrx_word' id='word_1_88' title='bbox 206 1557 407 1607; x_wconf 82' lang='lat' dir='ltr'><strong>etorum,</strong></span> <span class='ocrx_word' id='word_1_89' title='bbox 431 1562 543 1613; x_wconf 66' lang='lat' dir='ltr'><strong>qua:</strong></span> <span class='ocrx_word' id='word_1_90' title='bbox 579 1546 815 1605; x_wconf 71' lang='lat' dir='ltr'><strong>Basilius</strong></span> <span class='ocrx_word' id='word_1_91' title='bbox 848 1552 899 1605; x_wconf 90' lang='lat' dir='ltr'><strong>itt</strong></span> <span class='ocrx_word' id='word_1_92' title='bbox 929 1552 1028 1605; x_wconf 83' lang='lat' dir='ltr'><strong>hac</strong></span> <span class='ocrx_word' id='word_1_93' title='bbox 1054 1552 1423 1621; x_wconf 84' lang='lat' dir='ltr'><strong>persecutione</strong></span> <span class='ocrx_word' id='word_1_94' title='bbox 1461 1555 1651 1619; x_wconf 88' lang='lat' dir='ltr'><strong>edidit,</strong></span> <span class='ocrx_word' id='word_1_95' title='bbox 1670 1554 1738 1608; x_wconf 86' lang='lat' dir='ltr'><strong>ab</strong></span> 
     </span>
    </p>
   </div>
   <div class='ocr_carea' id='block_1_15' title="bbox 207 1636 1740 1702">
    <p class='ocr_par' dir='ltr' id='par_1_15' title="bbox 207 1636 1740 1702">
     <span class='ocr_line' id='line_1_15' title="bbox 207 1636 1740 1702; baseline 0.007 -15"><span class='ocrx_word' id='word_1_96' title='bbox 207 1636 340 1702; x_wconf 81' lang='lat' dir='ltr'><strong>hujus</strong></span> <span class='ocrx_word' id='word_1_97' title='bbox 368 1638 593 1693; x_wconf 80' lang='lat' dir='ltr'><strong>hominis</strong></span> <span class='ocrx_word' id='word_1_98' title='bbox 622 1641 858 1697; x_wconf 88' lang='lat' dir='ltr'><strong>adventu</strong></span> <span class='ocrx_word' id='word_1_99' title='bbox 883 1644 1178 1699; x_wconf 87' lang='lat' dir='ltr'><strong>ducendum</strong></span> <span class='ocrx_word' id='word_1_100' title='bbox 1218 1653 1322 1698; x_wconf 90' lang='lat' dir='ltr'><strong>est.</strong></span> <span class='ocrx_word' id='word_1_101' title='bbox 1356 1644 1485 1699; x_wconf 82' lang='lat' dir='ltr'><strong>Nam</strong></span> <span class='ocrx_word' id='word_1_102' title='bbox 1526 1662 1623 1700; x_wconf 91' lang='lat' dir='ltr'><strong>nec</strong></span> <span class='ocrx_word' id='word_1_103' title='bbox 1652 1648 1740 1699; x_wconf 83' lang='lat' dir='ltr'><strong>ca-</strong></span> 
     </span>
    </p>
   </div>
   <div class='ocr_carea' id='block_1_16' title="bbox 208 1728 1735 1800">
    <p class='ocr_par' dir='ltr' id='par_1_16' title="bbox 208 1728 1735 1800">
     <span class='ocr_line' id='line_1_16' title="bbox 208 1728 1735 1800; baseline 0.007 -21"><span class='ocrx_word' id='word_1_104' title='bbox 208 1729 361 1781; x_wconf 88' lang='lat' dir='ltr'><strong>nitiem</strong></span> <span class='ocrx_word' id='word_1_105' title='bbox 388 1728 615 1800; x_wconf 81' lang='lat' dir='ltr'><strong>Euippii,</strong></span> <span class='ocrx_word' id='word_1_106' title='bbox 654 1750 758 1788; x_wconf 87' lang='lat' dir='ltr'><strong>nec</strong></span> <span class='ocrx_word' id='word_1_107' title='bbox 780 1735 1129 1793; x_wconf 84' lang='lat' dir='ltr'><strong>eruditionem</strong></span> <span class='ocrx_word' id='word_1_108' title='bbox 1171 1737 1435 1792; x_wconf 79' lang='lat' dir='ltr'><strong>reveritus</strong></span> <span class='ocrx_word' id='word_1_109' title='bbox 1472 1746 1553 1791; x_wconf 90' lang='lat' dir='ltr'><strong>est</strong></span> <span class='ocrx_word' id='word_1_110' title='bbox 1585 1736 1735 1790; x_wconf 85' lang='lat' dir='ltr'><strong>Basi-</strong></span> 
     </span>
    </p>
   </div>
   <div class='ocr_carea' id='block_1_17' title="bbox 208 1816 1735 1894">
    <p class='ocr_par' dir='ltr' id='par_1_17' title="bbox 208 1816 1735 1894">
     <span class='ocr_line' id='line_1_17' title="bbox 208 1816 1735 1894; baseline 0.008 -29"><span class='ocrx_word' id='word_1_111' title='bbox 208 1816 309 1880; x_wconf 76' lang='lat' dir='ltr'><strong>lius,</strong></span> <span class='ocrx_word' id='word_1_112' title='bbox 340 1834 428 1872; x_wconf 88' lang='lat' dir='ltr'><strong>nec</strong></span> <span class='ocrx_word' id='word_1_113' title='bbox 457 1820 567 1889; x_wconf 89' lang='lat' dir='ltr'><strong>ipsa</strong></span> <span class='ocrx_word' id='word_1_114' title='bbox 616 1824 782 1877; x_wconf 83' lang='lat' dir='ltr'><strong>etiam</strong></span> <span class='ocrx_word' id='word_1_115' title='bbox 833 1823 1080 1877; x_wconf 77' lang='lat' dir='ltr'><strong>amicitia:</strong></span> <span class='ocrx_word' id='word_1_116' title='bbox 1117 1822 1260 1892; x_wconf 83' lang='lat' dir='ltr'><strong>jura,</strong></span> <span class='ocrx_word' id='word_1_117' title='bbox 1286 1842 1403 1894; x_wconf 66' lang='lat' dir='ltr'><strong>quae</strong></span> <span class='ocrx_word' id='word_1_118' title='bbox 1433 1841 1610 1880; x_wconf 81' lang='lat' dir='ltr'><strong>secum</strong></span> <span class='ocrx_word' id='word_1_119' title='bbox 1642 1826 1735 1878; x_wconf 90' lang='lat' dir='ltr'><strong>ha-</strong></span> 
     </span>
    </p>
   </div>
   <div class='ocr_carea' id='block_1_18' title="bbox 207 1887 1807 1985">
    <p class='ocr_par' dir='ltr' id='par_1_18' title="bbox 207 1887 1807 1985">
     <span class='ocr_line' id='line_1_18' title="bbox 207 1887 1807 1985; baseline 0.008 -27"><span class='ocrx_word' id='word_1_120' title='bbox 207 1905 368 1961; x_wconf 69' lang='lat' dir='ltr'><strong>lrehat:</strong></span> <span class='ocrx_word' id='word_1_121' title='bbox 407 1912 494 1964; x_wconf 88' lang='lat' dir='ltr'><strong>sed</strong></span> <span class='ocrx_word' id='word_1_122' title='bbox 523 1928 677 1966; x_wconf 87' lang='lat' dir='ltr'><strong>suam</strong></span> <span class='ocrx_word' id='word_1_123' title='bbox 712 1914 758 1967; x_wconf 92' lang='lat' dir='ltr'><strong>ei</strong></span> <span class='ocrx_word' id='word_1_124' title='bbox 793 1914 1214 1969; x_wconf 88' lang='lat' dir='ltr'><strong>communionem</strong></span> <span class='ocrx_word' id='word_1_125' title='bbox 1238 1926 1541 1970; x_wconf 87' lang='lat' dir='ltr'><strong>constanter</strong></span> <span class='ocrx_word' id='word_1_126' title='bbox 1569 1931 1731 1985; x_wconf 79' lang='lat' dir='ltr'><strong>nega-</strong></span> <span class='ocrx_word' id='word_1_127' title='bbox 1767 1887 1807 1945; x_wconf 71' lang='grc' dir='ltr'><strong><em>Β</em></strong></span> 
     </span>
    </p>
   </div>
   <div class='ocr_carea' id='block_1_19' title="bbox 206 1998 1735 2075">
    <p class='ocr_par' dir='ltr' id='par_1_19' title="bbox 206 1998 1735 2075">
     <span class='ocr_line' id='line_1_19' title="bbox 206 1998 1735 2075; baseline 0.01 -29"><span class='ocrx_word' id='word_1_128' title='bbox 206 1998 283 2056; x_wconf 85' lang='lat' dir='ltr'><strong>vit,</strong></span> <span class='ocrx_word' id='word_1_129' title='bbox 308 2009 356 2050; x_wconf 89' lang='lat' dir='ltr'><strong>ttt</strong></span> <span class='ocrx_word' id='word_1_130' title='bbox 383 2000 489 2068; x_wconf 89' lang='lat' dir='ltr'><strong>ipse</strong></span> <span class='ocrx_word' id='word_1_131' title='bbox 520 2012 710 2057; x_wconf 86' lang='lat' dir='ltr'><strong>narrat</strong></span> <span class='ocrx_word' id='word_1_132' title='bbox 745 2002 793 2054; x_wconf 89' lang='lat' dir='ltr'><strong>itt</strong></span> <span class='ocrx_word' id='word_1_133' title='bbox 821 2005 975 2071; x_wconf 64' lang='lat' dir='ltr'><strong>epist.</strong></span> <span class='ocrx_word' id='word_1_134' title='bbox 1005 2004 1122 2059; x_wconf 75' lang='grc'><strong>128.</strong></span> <span class='ocrx_word' id='word_1_135' title='bbox 1152 2004 1265 2059; x_wconf 80' lang='lat' dir='ltr'><strong>Non</strong></span> <span class='ocrx_word' id='word_1_136' title='bbox 1305 2007 1470 2060; x_wconf 91' lang='lat' dir='ltr'><strong>multo</strong></span> <span class='ocrx_word' id='word_1_137' title='bbox 1495 2016 1610 2075; x_wconf 83' lang='lat' dir='ltr'><strong>post</strong></span> <span class='ocrx_word' id='word_1_138' title='bbox 1638 2007 1735 2061; x_wconf 87' lang='lat' dir='ltr'><strong>ltus</strong></span> 
     </span>
    </p>
   </div>
   <div class='ocr_carea' id='block_1_20' title="bbox 208 2091 1733 2167">
    <p class='ocr_par' dir='ltr' id='par_1_20' title="bbox 208 2091 1733 2167">
     <span class='ocr_line' id='line_1_20' title="bbox 208 2091 1733 2167; baseline 0.009 -29"><span class='ocrx_word' id='word_1_139' title='bbox 208 2097 354 2144; x_wconf 79' lang='lat' dir='ltr'><strong>motus</strong></span> <span class='ocrx_word' id='word_1_140' title='bbox 381 2091 441 2145; x_wconf 87' lang='lat' dir='ltr'><strong>ad</strong></span> <span class='ocrx_word' id='word_1_141' title='bbox 478 2091 710 2146; x_wconf 88' lang='lat' dir='ltr'><strong>tribunal</strong></span> <span class='ocrx_word' id='word_1_142' title='bbox 739 2093 934 2147; x_wconf 81' lang='lat' dir='ltr'><strong>Christi</strong></span> <span class='ocrx_word' id='word_1_143' title='bbox 978 2106 1158 2165; x_wconf 86' lang='lat' dir='ltr'><strong>raptus</strong></span> <span class='ocrx_word' id='word_1_144' title='bbox 1197 2108 1279 2151; x_wconf 90' lang='lat' dir='ltr'><strong>est</strong></span> <span class='ocrx_word' id='word_1_145' title='bbox 1315 2097 1586 2167; x_wconf 83' lang='lat' dir='ltr'><strong>Euippins.</strong></span> <span class='ocrx_word' id='word_1_146' title='bbox 1616 2097 1733 2152; x_wconf 76' lang='lat' dir='ltr'><strong>Jzun</strong></span> 
     </span>
    </p>
   </div>
   <div class='ocr_carea' id='block_1_21' title="bbox 206 2181 1734 2259">
    <p class='ocr_par' dir='ltr' id='par_1_21' title="bbox 206 2181 1734 2259">
     <span class='ocr_line' id='line_1_21' title="bbox 206 2181 1734 2259; baseline 0.009 -29"><span class='ocrx_word' id='word_1_147' title='bbox 206 2181 324 2232; x_wconf 87' lang='lat' dir='ltr'><strong>enim</strong></span> <span class='ocrx_word' id='word_1_148' title='bbox 347 2184 563 2245; x_wconf 82' lang='lat' dir='ltr'><strong>obierat,</strong></span> <span class='ocrx_word' id='word_1_149' title='bbox 597 2198 723 2237; x_wconf 88' lang='lat' dir='ltr'><strong>eum</strong></span> <span class='ocrx_word' id='word_1_150' title='bbox 765 2185 1026 2240; x_wconf 84' lang='lat' dir='ltr'><strong>scriberet</strong></span> <span class='ocrx_word' id='word_1_151' title='bbox 1070 2185 1301 2243; x_wconf 83' lang='lat' dir='ltr'><strong>Basilius</strong></span> <span class='ocrx_word' id='word_1_152' title='bbox 1329 2204 1469 2243; x_wconf 91' lang='lat' dir='ltr'><strong>anno</strong></span> <span class='ocrx_word' id='word_1_153' title='bbox 1499 2189 1601 2244; x_wconf 77' lang='lat'><strong>573</strong></span> <span class='ocrx_word' id='word_1_154' title='bbox 1626 2191 1734 2259; x_wconf 86' lang='lat' dir='ltr'><strong>epi-</strong></span> 
     </span>
    </p>
   </div>
   <div class='ocr_carea' id='block_1_22' title="bbox 207 2272 1739 2349">
    <p class='ocr_par' dir='ltr' id='par_1_22' title="bbox 207 2272 1739 2349">
     <span class='ocr_line' id='line_1_22' title="bbox 207 2272 1739 2349; baseline 0.007 -26"><span class='ocrx_word' id='word_1_155' title='bbox 207 2272 368 2325; x_wconf 84' lang='lat' dir='ltr'><strong>slolant</strong></span> <span class='ocrx_word' id='word_1_156' title='bbox 391 2289 506 2327; x_wconf 79' lang='lat' dir='ltr'><strong>mox</strong></span> <span class='ocrx_word' id='word_1_157' title='bbox 532 2276 777 2329; x_wconf 82' lang='lat' dir='ltr'><strong>citatam.</strong></span> <span class='ocrx_word' id='word_1_158' title='bbox 804 2276 1257 2343; x_wconf 67' lang='lat' dir='ltr'><strong>Quemadmodum</strong></span> <span class='ocrx_word' id='word_1_159' title='bbox 1291 2281 1431 2334; x_wconf 88' lang='lat' dir='ltr'><strong>enint</strong></span> <span class='ocrx_word' id='word_1_160' title='bbox 1467 2282 1517 2335; x_wconf 90' lang='lat' dir='ltr'><strong>itt</strong></span> <span class='ocrx_word' id='word_1_161' title='bbox 1544 2283 1739 2349; x_wconf 82' lang='lat' dir='ltr'><strong>episto&#39;</strong></span> 
     </span>
    </p>
   </div>
   <div class='ocr_carea' id='block_1_23' title="bbox 206 2361 1732 2436">
    <p class='ocr_par' dir='ltr' id='par_1_23' title="bbox 206 2361 1732 2436">
     <span class='ocr_line' id='line_1_23' title="bbox 206 2361 1732 2436; baseline 0.007 -22"><span class='ocrx_word' id='word_1_162' title='bbox 206 2361 259 2416; x_wconf 89' lang='lat' dir='ltr'><strong>lis</strong></span> <span class='ocrx_word' id='word_1_163' title='bbox 287 2365 395 2417; x_wconf 88' lang='lat' dir='ltr'><strong>anni</strong></span> <span class='ocrx_word' id='word_1_164' title='bbox 418 2364 518 2419; x_wconf 84' lang='grc'><strong>576</strong></span> <span class='ocrx_word' id='word_1_165' title='bbox 550 2381 656 2419; x_wconf 91' lang='lat' dir='ltr'><strong>non</strong></span> <span class='ocrx_word' id='word_1_166' title='bbox 692 2369 975 2436; x_wconf 78' lang='lat' dir='ltr'><strong>exprobrat</strong></span> <span class='ocrx_word' id='word_1_167' title='bbox 996 2370 1273 2426; x_wconf 76' lang='lat' dir='ltr'><strong>Ettstathio</strong></span> <span class='ocrx_word' id='word_1_168' title='bbox 1304 2373 1732 2426; x_wconf 87' lang='lat' dir='ltr'><strong>communionem</strong></span> 
     </span>
    </p>
   </div>
   <div class='ocr_carea' id='block_1_24' title="bbox 205 2456 1732 2532">
    <p class='ocr_par' dir='ltr' id='par_1_24' title="bbox 205 2456 1732 2532">
     <span class='ocr_line' id='line_1_24' title="bbox 205 2456 1732 2532; baseline 0.005 -25"><span class='ocrx_word' id='word_1_169' title='bbox 205 2470 302 2507; x_wconf 84' lang='lat' dir='ltr'><strong>cum</strong></span> <span class='ocrx_word' id='word_1_170' title='bbox 325 2456 557 2525; x_wconf 79' lang='lat' dir='ltr'><strong>Euippio,</strong></span> <span class='ocrx_word' id='word_1_171' title='bbox 596 2460 693 2513; x_wconf 89' lang='lat' dir='ltr'><strong>sed</strong></span> <span class='ocrx_word' id='word_1_172' title='bbox 729 2475 851 2515; x_wconf 90' lang='lat' dir='ltr'><strong>cum</strong></span> <span class='ocrx_word' id='word_1_173' title='bbox 897 2461 1199 2517; x_wconf 89' lang='lat' dir='ltr'><strong>hominibus</strong></span> <span class='ocrx_word' id='word_1_174' title='bbox 1226 2464 1293 2515; x_wconf 90' lang='lat' dir='ltr'><strong>ab</strong></span> <span class='ocrx_word' id='word_1_175' title='bbox 1330 2462 1553 2532; x_wconf 85' lang='lat' dir='ltr'><strong>Euippio</strong></span> <span class='ocrx_word' id='word_1_176' title='bbox 1585 2464 1732 2516; x_wconf 84' lang='lat' dir='ltr'><strong>ordi-</strong></span> 
     </span>
    </p>
   </div>
   <div class='ocr_carea' id='block_1_25' title="bbox 205 2548 1734 2624">
    <p class='ocr_par' dir='ltr' id='par_1_25' title="bbox 205 2548 1734 2624">
     <span class='ocr_line' id='line_1_25' title="bbox 205 2548 1734 2624; baseline 0.005 -25"><span class='ocrx_word' id='word_1_177' title='bbox 205 2548 337 2609; x_wconf 85' lang='lat' dir='ltr'><strong>natis,</strong></span> <span class='ocrx_word' id='word_1_178' title='bbox 359 2550 489 2616; x_wconf 89' lang='lat' dir='ltr'><strong>quod</strong></span> <span class='ocrx_word' id='word_1_179' title='bbox 516 2562 839 2620; x_wconf 78' lang='lat' dir='ltr'><strong>argumento</strong></span> <span class='ocrx_word' id='word_1_180' title='bbox 877 2561 976 2615; x_wconf 87' lang='lat' dir='ltr'><strong>est,</strong></span> <span class='ocrx_word' id='word_1_181' title='bbox 1006 2553 1150 2605; x_wconf 89' lang='lat' dir='ltr'><strong>illum</strong></span> <span class='ocrx_word' id='word_1_182' title='bbox 1172 2554 1367 2607; x_wconf 89' lang='lat' dir='ltr'><strong>obiisse</strong></span> <span class='ocrx_word' id='word_1_183' title='bbox 1393 2571 1405 2617; x_wconf 88' lang='lat'><strong>;</strong></span> <span class='ocrx_word' id='word_1_184' title='bbox 1440 2555 1512 2607; x_wconf 85' lang='lat' dir='ltr'><strong>ita</strong></span> <span class='ocrx_word' id='word_1_185' title='bbox 1541 2554 1591 2607; x_wconf 90' lang='lat' dir='ltr'><strong>itt</strong></span> <span class='ocrx_word' id='word_1_186' title='bbox 1620 2554 1734 2624; x_wconf 86' lang='lat' dir='ltr'><strong>epi-</strong></span> 
     </span>
    </p>
   </div>
   <div class='ocr_carea' id='block_1_26' title="bbox 207 2639 1737 2713">
    <p class='ocr_par' dir='ltr' id='par_1_26' title="bbox 207 2639 1737 2713">
     <span class='ocr_line' id='line_1_26' title="bbox 207 2639 1737 2713; baseline 0.006 -23"><span class='ocrx_word' id='word_1_187' title='bbox 207 2639 314 2692; x_wconf 81' lang='lat' dir='ltr'><strong>stola</strong></span> <span class='ocrx_word' id='word_1_188' title='bbox 342 2641 576 2711; x_wconf 69' lang='lat' dir='ltr'><strong>H8qua:</strong></span> <span class='ocrx_word' id='word_1_189' title='bbox 617 2646 811 2713; x_wconf 89' lang='lat' dir='ltr'><strong>scripta</strong></span> <span class='ocrx_word' id='word_1_190' title='bbox 846 2654 927 2698; x_wconf 82' lang='lat' dir='ltr'><strong>est</strong></span> <span class='ocrx_word' id='word_1_191' title='bbox 952 2659 1089 2699; x_wconf 90' lang='lat' dir='ltr'><strong>anno</strong></span> <span class='ocrx_word' id='word_1_192' title='bbox 1110 2646 1235 2709; x_wconf 80' lang='lat'><strong>575,</strong></span> <span class='ocrx_word' id='word_1_193' title='bbox 1257 2646 1495 2700; x_wconf 82' lang='lat' dir='ltr'><strong>declarat</strong></span> <span class='ocrx_word' id='word_1_194' title='bbox 1529 2662 1587 2701; x_wconf 90' lang='lat' dir='ltr'><strong>se</strong></span> <span class='ocrx_word' id='word_1_195' title='bbox 1628 2664 1737 2701; x_wconf 89' lang='lat' dir='ltr'><strong>teut</strong></span> 
     </span>
    </p>
   </div>
   <div class='ocr_carea' id='block_1_27' title="bbox 208 2734 1741 2807">
    <p class='ocr_par' dir='ltr' id='par_1_27' title="bbox 208 2734 1741 2807">
     <span class='ocr_line' id='line_1_27' title="bbox 208 2734 1741 2807; baseline 0.007 -24"><span class='ocrx_word' id='word_1_196' title='bbox 208 2734 454 2789; x_wconf 78' lang='lat' dir='ltr'><strong>absurdam</strong></span> <span class='ocrx_word' id='word_1_197' title='bbox 472 2735 824 2803; x_wconf 78' lang='lat' dir='ltr'><strong>facturuat,si</strong></span> <span class='ocrx_word' id='word_1_198' title='bbox 850 2748 965 2805; x_wconf 85' lang='lat' dir='ltr'><strong>post</strong></span> <span class='ocrx_word' id='word_1_199' title='bbox 993 2748 1231 2804; x_wconf 82' lang='lat' dir='ltr'><strong>negatam</strong></span> <span class='ocrx_word' id='word_1_200' title='bbox 1256 2738 1483 2807; x_wconf 81' lang='lat' dir='ltr'><strong>Euippio</strong></span> <span class='ocrx_word' id='word_1_201' title='bbox 1510 2755 1741 2793; x_wconf 84' lang='lat' dir='ltr'><strong>commu-</strong></span> 
     </span>
    </p>
   </div>
   <div class='ocr_carea' id='block_1_28' title="bbox 209 2823 1741 2897">
    <p class='ocr_par' dir='ltr' id='par_1_28' title="bbox 209 2823 1741 2897">
     <span class='ocr_line' id='line_1_28' title="bbox 209 2823 1741 2897; baseline 0.01 -26"><span class='ocrx_word' id='word_1_202' title='bbox 209 2823 407 2891; x_wconf 81' lang='lat' dir='ltr'><strong>nionem,</strong></span> <span class='ocrx_word' id='word_1_203' title='bbox 429 2842 549 2881; x_wconf 88' lang='lat' dir='ltr'><strong>cum</strong></span> <span class='ocrx_word' id='word_1_204' title='bbox 580 2827 885 2879; x_wconf 85' lang='lat' dir='ltr'><strong>hominibus</strong></span> <span class='ocrx_word' id='word_1_205' title='bbox 901 2829 1037 2882; x_wconf 90' lang='lat' dir='ltr'><strong>idem</strong></span> <span class='ocrx_word' id='word_1_206' title='bbox 1057 2830 1277 2897; x_wconf 85' lang='lat' dir='ltr'><strong>Euippio</strong></span> <span class='ocrx_word' id='word_1_207' title='bbox 1300 2832 1668 2894; x_wconf 85' lang='lat' dir='ltr'><strong>sentientibus,</strong></span> <span class='ocrx_word' id='word_1_208' title='bbox 1692 2833 1741 2886; x_wconf 89' lang='lat' dir='ltr'><strong>id</strong></span> 
     </span>
    </p>
   </div>
   <div class='ocr_carea' id='block_1_29' title="bbox 207 2917 1742 2989">
    <p class='ocr_par' dir='ltr' id='par_1_29' title="bbox 207 2917 1742 2989">
     <span class='ocr_line' id='line_1_29' title="bbox 207 2917 1742 2989; baseline 0.007 -25"><span class='ocrx_word' id='word_1_209' title='bbox 207 2925 271 2966; x_wconf 73' lang='lat' dir='ltr'><strong>est</strong></span> <span class='ocrx_word' id='word_1_210' title='bbox 294 2930 400 2969; x_wconf 84' lang='lat' dir='ltr'><strong>cum</strong></span> <span class='ocrx_word' id='word_1_211' title='bbox 418 2917 637 2971; x_wconf 78' lang='lat' dir='ltr'><strong>Arianis</strong></span> <span class='ocrx_word' id='word_1_212' title='bbox 663 2933 757 2986; x_wconf 91' lang='lat' dir='ltr'><strong>per</strong></span> <span class='ocrx_word' id='word_1_213' title='bbox 781 2917 1131 2985; x_wconf 83' lang='lat' dir='ltr'><strong>Eustathium,</strong></span> <span class='ocrx_word' id='word_1_214' title='bbox 1158 2921 1247 2989; x_wconf 92' lang='lat' dir='ltr'><strong>qui</strong></span> <span class='ocrx_word' id='word_1_215' title='bbox 1275 2923 1477 2975; x_wconf 86' lang='lat' dir='ltr'><strong>medius</strong></span> <span class='ocrx_word' id='word_1_216' title='bbox 1502 2938 1620 2976; x_wconf 87' lang='lat' dir='ltr'><strong>esse</strong></span> <span class='ocrx_word' id='word_1_217' title='bbox 1637 2922 1742 2974; x_wconf 80' lang='lat' dir='ltr'><strong>Ca-</strong></span> 
     </span>
    </p>
   </div>
   <div class='ocr_carea' id='block_1_30' title="bbox 208 3009 1739 3081">
    <p class='ocr_par' dir='ltr' id='par_1_30' title="bbox 208 3009 1739 3081">
     <span class='ocr_line' id='line_1_30' title="bbox 208 3009 1739 3081; baseline 0.005 -22"><span class='ocrx_word' id='word_1_218' title='bbox 208 3009 404 3065; x_wconf 74' lang='lat' dir='ltr'><strong>tholicos</strong></span> <span class='ocrx_word' id='word_1_219' title='bbox 427 3012 569 3066; x_wconf 90' lang='lat' dir='ltr'><strong>inter</strong></span> <span class='ocrx_word' id='word_1_220' title='bbox 603 3010 898 3065; x_wconf 78' lang='lat' dir='ltr'><strong>ctArianos</strong></span> <span class='ocrx_word' id='word_1_221' title='bbox 933 3010 1155 3076; x_wconf 87' lang='lat' dir='ltr'><strong>volebat,</strong></span> <span class='ocrx_word' id='word_1_222' title='bbox 1175 3011 1421 3081; x_wconf 78' lang='lat' dir='ltr'><strong>conjungi</strong></span> <span class='ocrx_word' id='word_1_223' title='bbox 1453 3013 1739 3067; x_wconf 80' lang='lat' dir='ltr'><strong>videretur.</strong></span> 
     </span>
    </p>
   </div>
   <div class='ocr_carea' id='block_1_31' title="bbox 263 3101 1744 3173">
    <p class='ocr_par' dir='ltr' id='par_1_31' title="bbox 263 3101 1744 3173">
     <span class='ocr_line' id='line_1_31' title="bbox 263 3101 1744 3173; baseline 0.005 -22"><span class='ocrx_word' id='word_1_224' title='bbox 263 3101 497 3167; x_wconf 79' lang='lat' dir='ltr'><strong>Quamvis</strong></span> <span class='ocrx_word' id='word_1_225' title='bbox 533 3102 722 3172; x_wconf 64' lang='lat' dir='ltr'><strong>Basilii</strong></span> <span class='ocrx_word' id='word_1_226' title='bbox 772 3117 959 3171; x_wconf 67' lang='lat' dir='ltr'><strong>pugnae</strong></span> <span class='ocrx_word' id='word_1_227' title='bbox 992 3118 1110 3155; x_wconf 80' lang='lat' dir='ltr'><strong>cum</strong></span> <span class='ocrx_word' id='word_1_228' title='bbox 1162 3104 1367 3173; x_wconf 80' lang='lat' dir='ltr'><strong>magnis</strong></span> <span class='ocrx_word' id='word_1_229' title='bbox 1394 3106 1744 3171; x_wconf 80' lang='lat' dir='ltr'><strong>potestatibus</strong></span> 
     </span>
    </p>
   </div>
   <div class='ocr_carea' id='block_1_32' title="bbox 206 3193 1744 3259">
    <p class='ocr_par' dir='ltr' id='par_1_32' title="bbox 206 3193 1744 3259">
     <span class='ocr_line' id='line_1_32' title="bbox 206 3193 1744 3259; baseline 0.004 -16"><span class='ocrx_word' id='word_1_230' title='bbox 206 3206 293 3244; x_wconf 88' lang='lat' dir='ltr'><strong>non</strong></span> <span class='ocrx_word' id='word_1_231' title='bbox 324 3194 605 3248; x_wconf 83' lang='lat' dir='ltr'><strong>videantur</strong></span> <span class='ocrx_word' id='word_1_232' title='bbox 656 3203 780 3245; x_wconf 82' lang='lat' dir='ltr'><strong>ante</strong></span> <span class='ocrx_word' id='word_1_233' title='bbox 825 3208 1057 3246; x_wconf 88' lang='lat' dir='ltr'><strong>mensem</strong></span> <span class='ocrx_word' id='word_1_234' title='bbox 1082 3193 1430 3248; x_wconf 80' lang='lat' dir='ltr'><strong>Novembretn</strong></span> <span class='ocrx_word' id='word_1_235' title='bbox 1479 3196 1744 3259; x_wconf 76' lang='lat' dir='ltr'><strong>evenisse,</strong></span> 
     </span>
    </p>
   </div>
   <div class='ocr_carea' id='block_1_33' title="bbox 208 3281 1744 3357">
    <p class='ocr_par' dir='ltr' id='par_1_33' title="bbox 208 3281 1744 3357">
     <span class='ocr_line' id='line_1_33' title="bbox 208 3281 1744 3357; baseline 0.003 -22"><span class='ocrx_word' id='word_1_236' title='bbox 208 3283 420 3351; x_wconf 78' lang='lat' dir='ltr'><strong>(peregre</strong></span> <span class='ocrx_word' id='word_1_237' title='bbox 451 3285 602 3336; x_wconf 88' lang='lat' dir='ltr'><strong>enim</strong></span> <span class='ocrx_word' id='word_1_238' title='bbox 636 3292 754 3336; x_wconf 90' lang='lat' dir='ltr'><strong>erat</strong></span> <span class='ocrx_word' id='word_1_239' title='bbox 794 3281 1016 3337; x_wconf 80' lang='lat' dir='ltr'><strong>Basilius</strong></span> <span class='ocrx_word' id='word_1_240' title='bbox 1046 3286 1275 3338; x_wconf 89' lang='lat' dir='ltr'><strong>instante</strong></span> <span class='ocrx_word' id='word_1_241' title='bbox 1308 3285 1503 3357; x_wconf 89' lang='lat' dir='ltr'><strong>hieme)</strong></span> <span class='ocrx_word' id='word_1_242' title='bbox 1538 3285 1744 3356; x_wconf 86' lang='lat' dir='ltr'><strong>Euippii</strong></span> 
     </span>
    </p>
   </div>
   <div class='ocr_carea' id='block_1_34' title="bbox 206 3375 1750 3448">
    <p class='ocr_par' dir='ltr' id='par_1_34' title="bbox 206 3375 1750 3448">
     <span class='ocr_line' id='line_1_34' title="bbox 206 3375 1750 3448; baseline 0.003 -22"><span class='ocrx_word' id='word_1_243' title='bbox 206 3384 356 3428; x_wconf 79' lang='lat' dir='ltr'><strong>tanien</strong></span> <span class='ocrx_word' id='word_1_244' title='bbox 374 3376 645 3430; x_wconf 85' lang='lat' dir='ltr'><strong>adventus</strong></span> <span class='ocrx_word' id='word_1_245' title='bbox 681 3379 745 3429; x_wconf 89' lang='lat' dir='ltr'><strong>ad</strong></span> <span class='ocrx_word' id='word_1_246' title='bbox 770 3375 915 3429; x_wconf 89' lang='lat' dir='ltr'><strong>initia</strong></span> <span class='ocrx_word' id='word_1_247' title='bbox 943 3377 1269 3448; x_wconf 84' lang='lat' dir='ltr'><strong>Septembris</strong></span> <span class='ocrx_word' id='word_1_248' title='bbox 1300 3378 1629 3436; x_wconf 74' lang='lat' dir='ltr'><strong>referendus.</strong></span> <span class='ocrx_word' id='word_1_249' title='bbox 1662 3380 1750 3432; x_wconf 88' lang='lat' dir='ltr'><strong>Di-</strong></span> 
     </span>
    </p>
   </div>
   <div class='ocr_carea' id='block_1_35' title="bbox 205 3467 1748 3536">
    <p class='ocr_par' dir='ltr' id='par_1_35' title="bbox 205 3467 1748 3536">
     <span class='ocr_line' id='line_1_35' title="bbox 205 3467 1748 3536; baseline 0.003 -17"><span class='ocrx_word' id='word_1_250' title='bbox 205 3467 377 3520; x_wconf 79' lang='lat' dir='ltr'><strong>scinms</strong></span> <span class='ocrx_word' id='word_1_251' title='bbox 410 3469 561 3522; x_wconf 88' lang='lat' dir='ltr'><strong>enim</strong></span> <span class='ocrx_word' id='word_1_252' title='bbox 586 3483 650 3523; x_wconf 78' lang='lat' dir='ltr'><strong>ex</strong></span> <span class='ocrx_word' id='word_1_253' title='bbox 674 3467 931 3536; x_wconf 81' lang='lat' dir='ltr'><strong>Gregorio</strong></span> <span class='ocrx_word' id='word_1_254' title='bbox 970 3469 1305 3525; x_wconf 76' lang='lat' dir='ltr'><strong>Nazianzeno</strong></span> <span class='ocrx_word' id='word_1_255' title='bbox 1339 3472 1621 3526; x_wconf 65' lang='lat' dir='ltr'><strong>haereticos</strong></span> <span class='ocrx_word' id='word_1_256' title='bbox 1658 3471 1748 3524; x_wconf 89' lang='lat' dir='ltr'><strong>die</strong></span> 
     </span>
    </p>
   </div>
   <div class='ocr_carea' id='block_1_36' title="bbox 207 3556 1747 3629">
    <p class='ocr_par' dir='ltr' id='par_1_36' title="bbox 207 3556 1747 3629">
     <span class='ocr_line' id='line_1_36' title="bbox 207 3556 1747 3629; baseline -0.001 -18"><span class='ocrx_word' id='word_1_257' title='bbox 207 3557 322 3611; x_wconf 68' lang='lat' dir='ltr'><strong>les&quot;)</strong></span> <span class='ocrx_word' id='word_1_258' title='bbox 343 3557 395 3612; x_wconf 86' lang='lat' dir='ltr'><strong>S.</strong></span> <span class='ocrx_word' id='word_1_259' title='bbox 427 3559 852 3627; x_wconf 78' lang='lat' dir='ltr'><strong>Ettpsycltii,qui</strong></span> <span class='ocrx_word' id='word_1_260' title='bbox 882 3561 1135 3629; x_wconf 83' lang='lat' dir='ltr'><strong>septimus</strong></span> <span class='ocrx_word' id='word_1_261' title='bbox 1164 3571 1276 3614; x_wconf 86' lang='lat' dir='ltr'><strong>erat</strong></span> <span class='ocrx_word' id='word_1_262' title='bbox 1304 3558 1664 3627; x_wconf 82' lang='lat' dir='ltr'><strong>Septembris,</strong></span> <span class='ocrx_word' id='word_1_263' title='bbox 1696 3556 1747 3610; x_wconf 90' lang='lat' dir='ltr'><strong>itt</strong></span> 
     </span>
    </p>
   </div>
   <div class='ocr_carea' id='block_1_37' title="bbox 207 3648 1753 3719">
    <p class='ocr_par' dir='ltr' id='par_1_37' title="bbox 207 3648 1753 3719">
     <span class='ocr_line' id='line_1_37' title="bbox 207 3648 1753 3719; baseline 0.001 -18"><span class='ocrx_word' id='word_1_264' title='bbox 207 3648 389 3705; x_wconf 74' lang='lat' dir='ltr'><strong>insidiis</strong></span> <span class='ocrx_word' id='word_1_265' title='bbox 415 3651 710 3705; x_wconf 73' lang='lat' dir='ltr'><strong>cnlloratos</strong></span> <span class='ocrx_word' id='word_1_266' title='bbox 741 3650 903 3703; x_wconf 82' lang='lat' dir='ltr'><strong>fuisse</strong></span> <span class='ocrx_word' id='word_1_267' title='bbox 933 3652 1022 3719; x_wconf 89' lang='lat' dir='ltr'><strong>(c),</strong></span> <span class='ocrx_word' id='word_1_268' title='bbox 1067 3665 1409 3719; x_wconf 81' lang='lat' dir='ltr'><strong>magnumque</strong></span> <span class='ocrx_word' id='word_1_269' title='bbox 1431 3650 1570 3703; x_wconf 82' lang='lat' dir='ltr'><strong>circa</strong></span> <span class='ocrx_word' id='word_1_270' title='bbox 1600 3648 1753 3704; x_wconf 80' lang='lat' dir='ltr'><strong>Basi-</strong></span> 
     </span>
    </p>
   </div>
   <div class='ocr_carea' id='block_1_38' title="bbox 206 3739 1751 3804">
    <p class='ocr_par' dir='ltr' id='par_1_38' title="bbox 206 3739 1751 3804">
     <span class='ocr_line' id='line_1_38' title="bbox 206 3739 1751 3804; baseline 0.004 -13"><span class='ocrx_word' id='word_1_271' title='bbox 206 3741 314 3791; x_wconf 77' lang='lat' dir='ltr'><strong>liam</strong></span> <span class='ocrx_word' id='word_1_272' title='bbox 344 3743 608 3793; x_wconf 72' lang='lat' dir='ltr'><strong>exstitisse</strong></span> <span class='ocrx_word' id='word_1_273' title='bbox 636 3741 845 3804; x_wconf 79' lang='lat' dir='ltr'><strong>bellant,</strong></span> <span class='ocrx_word' id='word_1_274' title='bbox 877 3739 1192 3801; x_wconf 82' lang='lat' dir='ltr'><strong>cupientibus</strong></span> <span class='ocrx_word' id='word_1_275' title='bbox 1222 3740 1462 3794; x_wconf 80' lang='lat' dir='ltr'><strong>nimirum</strong></span> <span class='ocrx_word' id='word_1_276' title='bbox 1494 3740 1751 3797; x_wconf 75' lang='lat' dir='ltr'><strong>htereticis</strong></span> 
     </span>
    </p>
   </div>
   <div class='ocr_carea' id='block_1_39' title="bbox 206 3830 1753 3897">
    <p class='ocr_par' dir='ltr' id='par_1_39' title="bbox 206 3830 1753 3897">
     <span class='ocr_line' id='line_1_39' title="bbox 206 3830 1753 3897; baseline 0.002 -15"><span class='ocrx_word' id='word_1_277' title='bbox 206 3830 376 3883; x_wconf 67' lang='lat' dir='ltr'><strong>tendant</strong></span> <span class='ocrx_word' id='word_1_278' title='bbox 390 3841 437 3885; x_wconf 84' lang='lat' dir='ltr'><strong>et</strong></span> <span class='ocrx_word' id='word_1_279' title='bbox 463 3842 698 3897; x_wconf 81' lang='lat' dir='ltr'><strong>apertam</strong></span> <span class='ocrx_word' id='word_1_280' title='bbox 726 3847 892 3884; x_wconf 74' lang='lat' dir='ltr'><strong>vocem</strong></span> <span class='ocrx_word' id='word_1_281' title='bbox 919 3846 982 3885; x_wconf 79' lang='lat' dir='ltr'><strong>ea:</strong></span> <span class='ocrx_word' id='word_1_282' title='bbox 1010 3831 1267 3897; x_wconf 79' lang='lat' dir='ltr'><strong>ipsiusmet</strong></span> <span class='ocrx_word' id='word_1_283' title='bbox 1291 3831 1472 3886; x_wconf 78' lang='lat' dir='ltr'><strong>Basilii</strong></span> <span class='ocrx_word' id='word_1_284' title='bbox 1507 3850 1595 3887; x_wconf 87' lang='lat' dir='ltr'><strong>ore</strong></span> <span class='ocrx_word' id='word_1_285' title='bbox 1617 3835 1753 3886; x_wconf 79' lang='lat' dir='ltr'><strong>arri-</strong></span> 
     </span>
    </p>
   </div>
   <div class='ocr_carea' id='block_1_40' title="bbox 205 3922 1752 3994">
    <p class='ocr_par' dir='ltr' id='par_1_40' title="bbox 205 3922 1752 3994">
     <span class='ocr_line' id='line_1_40' title="bbox 205 3922 1752 3994; baseline 0.004 -22"><span class='ocrx_word' id='word_1_286' title='bbox 205 3938 323 3988; x_wconf 79' lang='lat' dir='ltr'><strong>pere,</strong></span> <span class='ocrx_word' id='word_1_287' title='bbox 347 3934 398 3976; x_wconf 76' lang='lat' dir='ltr'><strong>at</strong></span> <span class='ocrx_word' id='word_1_288' title='bbox 448 3924 562 3990; x_wconf 83' lang='lat' dir='ltr'><strong>ipse</strong></span> <span class='ocrx_word' id='word_1_289' title='bbox 589 3938 652 3976; x_wconf 80' lang='lat' dir='ltr'><strong>ea:</strong></span> <span class='ocrx_word' id='word_1_290' title='bbox 686 3922 918 3977; x_wconf 75' lang='lat' dir='ltr'><strong>Ecclesia</strong></span> <span class='ocrx_word' id='word_1_291' title='bbox 948 3923 1309 3992; x_wconf 72' lang='lat' dir='ltr'><strong>expelleretur,</strong></span> <span class='ocrx_word' id='word_1_292' title='bbox 1334 3926 1421 3994; x_wconf 85' lang='lat' dir='ltr'><strong>qui</strong></span> <span class='ocrx_word' id='word_1_293' title='bbox 1448 3924 1589 3978; x_wconf 83' lang='lat' dir='ltr'><strong>solus</strong></span> <span class='ocrx_word' id='word_1_294' title='bbox 1623 3941 1752 3991; x_wconf 80' lang='lat' dir='ltr'><strong>pene</strong></span> 
     </span>
    </p>
   </div>
   <div class='ocr_carea' id='block_1_41' title="bbox 207 4015 1753 4086">
    <p class='ocr_par' dir='ltr' id='par_1_41' title="bbox 207 4015 1753 4086">
     <span class='ocr_line' id='line_1_41' title="bbox 207 4015 1753 4086; baseline 0.003 -21"><span class='ocrx_word' id='word_1_295' title='bbox 207 4015 414 4070; x_wconf 69' lang='lat' dir='ltr'><strong>rm‘tatis</strong></span> <span class='ocrx_word' id='word_1_296' title='bbox 447 4016 710 4086; x_wconf 77' lang='lat' dir='ltr'><strong>igniculus</strong></span> <span class='ocrx_word' id='word_1_297' title='bbox 745 4016 990 4081; x_wconf 84' lang='lat' dir='ltr'><strong>restabat,</strong></span> <span class='ocrx_word' id='word_1_298' title='bbox 1026 4017 1207 4071; x_wconf 79' lang='lat' dir='ltr'><strong>vicinis</strong></span> <span class='ocrx_word' id='word_1_299' title='bbox 1239 4015 1473 4070; x_wconf 83' lang='lat' dir='ltr'><strong>omnibus</strong></span> <span class='ocrx_word' id='word_1_300' title='bbox 1499 4017 1664 4085; x_wconf 87' lang='lat' dir='ltr'><strong>raptis</strong></span> <span class='ocrx_word' id='word_1_301' title='bbox 1692 4033 1753 4069; x_wconf 89' lang='lat' dir='ltr'><strong>ac</strong></span> 
     </span>
    </p>
   </div>
   <div class='ocr_carea' id='block_1_42' title="bbox 204 4106 1754 4179">
    <p class='ocr_par' dir='ltr' id='par_1_42' title="bbox 204 4106 1754 4179">
     <span class='ocr_line' id='line_1_42' title="bbox 204 4106 1754 4179; baseline 0.001 -22"><span class='ocrx_word' id='word_1_302' title='bbox 204 4110 502 4176; x_wconf 75' lang='lat' dir='ltr'><strong>subjugalis.</strong></span> <span class='ocrx_word' id='word_1_303' title='bbox 564 4109 684 4163; x_wconf 74' lang='lat' dir='ltr'><strong>limc</strong></span> <span class='ocrx_word' id='word_1_304' title='bbox 723 4109 929 4163; x_wconf 87' lang='lat' dir='ltr'><strong>dicebat</strong></span> <span class='ocrx_word' id='word_1_305' title='bbox 969 4107 1258 4179; x_wconf 83' lang='lat' dir='ltr'><strong>Gregorius</strong></span> <span class='ocrx_word' id='word_1_306' title='bbox 1286 4117 1572 4176; x_wconf 86' lang='lat' dir='ltr'><strong>antequam</strong></span> <span class='ocrx_word' id='word_1_307' title='bbox 1605 4106 1754 4159; x_wconf 76' lang='lat' dir='ltr'><strong>Basi-</strong></span> 
     </span>
    </p>
   </div>
   <div class='ocr_carea' id='block_1_43' title="bbox 206 4198 1754 4268">
    <p class='ocr_par' dir='ltr' id='par_1_43' title="bbox 206 4198 1754 4268">
     <span class='ocr_line' id='line_1_43' title="bbox 206 4198 1754 4268; baseline 0.001 -18"><span class='ocrx_word' id='word_1_308' title='bbox 206 4198 316 4250; x_wconf 88' lang='lat' dir='ltr'><strong>liutn</strong></span> <span class='ocrx_word' id='word_1_309' title='bbox 356 4198 644 4267; x_wconf 66' lang='lat' dir='ltr'><strong>prtel&#39;eetus</strong></span> <span class='ocrx_word' id='word_1_310' title='bbox 678 4207 1033 4268; x_wconf 77' lang='lat' dir='ltr'><strong>oppugnatum</strong></span> <span class='ocrx_word' id='word_1_311' title='bbox 1070 4199 1332 4260; x_wconf 79' lang='lat' dir='ltr'><strong>venisset;</strong></span> <span class='ocrx_word' id='word_1_312' title='bbox 1371 4199 1527 4267; x_wconf 83' lang='lat' dir='ltr'><strong>idque</strong></span> <span class='ocrx_word' id='word_1_313' title='bbox 1551 4198 1754 4267; x_wconf 87' lang='lat' dir='ltr'><strong>perspi-</strong></span> 
     </span>
    </p>
   </div>
   <div class='ocr_carea' id='block_1_44' title="bbox 207 4287 1755 4358">
    <p class='ocr_par' dir='ltr' id='par_1_44' title="bbox 207 4287 1755 4358">
     <span class='ocr_line' id='line_1_44' title="bbox 207 4287 1755 4358; baseline 0.003 -17"><span class='ocrx_word' id='word_1_314' title='bbox 207 4289 358 4344; x_wconf 84' lang='lat' dir='ltr'><strong>cimus</strong></span> <span class='ocrx_word' id='word_1_315' title='bbox 389 4303 461 4342; x_wconf 72' lang='grc' dir='ltr'><strong>ει</strong></span> <span class='ocrx_word' id='word_1_316' title='bbox 506 4290 725 4356; x_wconf 76' lang='lat' dir='ltr'><strong>epistola</strong></span> <span class='ocrx_word' id='word_1_317' title='bbox 770 4291 831 4344; x_wconf 70' lang='grc' dir='ltr'><strong>τι</strong></span> <span class='ocrx_word' id='word_1_318' title='bbox 864 4288 1062 4354; x_wconf 84' lang='lat' dir='ltr'><strong>Basilii,</strong></span> <span class='ocrx_word' id='word_1_319' title='bbox 1097 4287 1279 4358; x_wconf 90' lang='lat' dir='ltr'><strong>inqua</strong></span> <span class='ocrx_word' id='word_1_320' title='bbox 1315 4288 1540 4344; x_wconf 83' lang='lat' dir='ltr'><strong>Basilius</strong></span> <span class='ocrx_word' id='word_1_321' title='bbox 1562 4290 1755 4345; x_wconf 83' lang='lat' dir='ltr'><strong>litteris</strong></span> 
     </span>
    </p>
   </div>
   <div class='ocr_carea' id='block_1_45' title="bbox 206 4380 1754 4450">
    <p class='ocr_par' dir='ltr' id='par_1_45' title="bbox 206 4380 1754 4450">
     <span class='ocr_line' id='line_1_45' title="bbox 206 4380 1754 4450; baseline 0.001 -16"><span class='ocrx_word' id='word_1_322' title='bbox 206 4380 434 4450; x_wconf 76' lang='lat' dir='ltr'><strong>Gregorii</strong></span> <span class='ocrx_word' id='word_1_323' title='bbox 474 4381 634 4434; x_wconf 87' lang='lat' dir='ltr'><strong>modo</strong></span> <span class='ocrx_word' id='word_1_324' title='bbox 690 4382 868 4437; x_wconf 87' lang='lat' dir='ltr'><strong>citatis</strong></span> <span class='ocrx_word' id='word_1_325' title='bbox 915 4382 1260 4450; x_wconf 85' lang='lat' dir='ltr'><strong>respondens,</strong></span> <span class='ocrx_word' id='word_1_326' title='bbox 1295 4382 1485 4434; x_wconf 78' lang='lat' dir='ltr'><strong>invitat</strong></span> <span class='ocrx_word' id='word_1_327' title='bbox 1528 4391 1754 4445; x_wconf 89' lang='lat' dir='ltr'><strong>eutn,ut</strong></span> 
     </span>
    </p>
   </div>
   <div class='ocr_carea' id='block_1_46' title="bbox 207 4472 1754 4541">
    <p class='ocr_par' dir='ltr' id='par_1_46' title="bbox 207 4472 1754 4541">
     <span class='ocr_line' id='line_1_46' title="bbox 207 4472 1754 4541; baseline 0.003 -18"><span class='ocrx_word' id='word_1_328' title='bbox 207 4473 294 4525; x_wconf 85' lang='lat' dir='ltr'><strong>sibi</strong></span> <span class='ocrx_word' id='word_1_329' title='bbox 327 4474 471 4529; x_wconf 88' lang='lat' dir='ltr'><strong>adsit</strong></span> <span class='ocrx_word' id='word_1_330' title='bbox 504 4472 571 4526; x_wconf 90' lang='lat' dir='ltr'><strong>ad</strong></span> <span class='ocrx_word' id='word_1_331' title='bbox 622 4475 946 4539; x_wconf 85' lang='lat' dir='ltr'><strong>propositum</strong></span> <span class='ocrx_word' id='word_1_332' title='bbox 986 4484 1280 4538; x_wconf 88' lang='lat' dir='ltr'><strong>certamen,</strong></span> <span class='ocrx_word' id='word_1_333' title='bbox 1315 4485 1479 4541; x_wconf 85' lang='lat' dir='ltr'><strong>seque</strong></span> <span class='ocrx_word' id='word_1_334' title='bbox 1526 4472 1754 4538; x_wconf 76' lang='lat' dir='ltr'><strong>ignavia:</strong></span> 
     </span>
    </p>
   </div>
   <div class='ocr_carea' id='block_1_47' title="bbox 1833 641 3392 713">
    <p class='ocr_par' dir='ltr' id='par_1_47' title="bbox 1833 641 3392 713">
     <span class='ocr_line' id='line_1_47' title="bbox 1833 641 3392 713; baseline 0 -18"><span class='ocrx_word' id='word_1_335' title='bbox 1833 653 1957 696; x_wconf 89' lang='lat' dir='ltr'><strong>ante</strong></span> <span class='ocrx_word' id='word_1_336' title='bbox 2003 641 2237 697; x_wconf 74' lang='lat' dir='ltr'><strong>lueretiel</strong></span> <span class='ocrx_word' id='word_1_337' title='bbox 2296 642 2659 713; x_wconf 77' lang='lat' dir='ltr'><strong>exploratores</strong></span> <span class='ocrx_word' id='word_1_338' title='bbox 2712 641 2978 704; x_wconf 88' lang='lat' dir='ltr'><strong>venirent,</strong></span> <span class='ocrx_word' id='word_1_339' title='bbox 3010 654 3113 694; x_wconf 91' lang='lat' dir='ltr'><strong>non</strong></span> <span class='ocrx_word' id='word_1_340' title='bbox 3163 641 3392 696; x_wconf 82' lang='lat' dir='ltr'><strong>obscura</strong></span> 
     </span>
    </p>
   </div>
   <div class='ocr_carea' id='block_1_48' title="bbox 1832 728 3391 802">
    <p class='ocr_par' dir='ltr' id='par_1_48' title="bbox 1832 728 3391 802">
     <span class='ocr_line' id='line_1_48' title="bbox 1832 728 3391 802; baseline 0.001 -17"><span class='ocrx_word' id='word_1_341' title='bbox 1832 745 1915 788; x_wconf 85' lang='lat' dir='ltr'><strong>est</strong></span> <span class='ocrx_word' id='word_1_342' title='bbox 1940 733 2093 787; x_wconf 88' lang='lat' dir='ltr'><strong>ratio.</strong></span> <span class='ocrx_word' id='word_1_343' title='bbox 2126 732 2259 787; x_wconf 88' lang='lat' dir='ltr'><strong>Cum</strong></span> <span class='ocrx_word' id='word_1_344' title='bbox 2293 748 2498 788; x_wconf 87' lang='lat' dir='ltr'><strong>summa</strong></span> <span class='ocrx_word' id='word_1_345' title='bbox 2520 741 2665 787; x_wconf 85' lang='lat' dir='ltr'><strong>esset</strong></span> <span class='ocrx_word' id='word_1_346' title='bbox 2690 730 2809 786; x_wconf 84' lang='lat' dir='ltr'><strong>festi</strong></span> <span class='ocrx_word' id='word_1_347' title='bbox 2848 728 2906 784; x_wconf 89' lang='lat' dir='ltr'><strong>S.</strong></span> <span class='ocrx_word' id='word_1_348' title='bbox 2935 729 3213 802; x_wconf 81' lang='lat' dir='ltr'><strong>Eupsychii</strong></span> <span class='ocrx_word' id='word_1_349' title='bbox 3249 730 3391 786; x_wconf 80' lang='lat' dir='ltr'><strong>cele-</strong></span> 
     </span>
    </p>
   </div>
   <div class='ocr_carea' id='block_1_49' title="bbox 1832 819 3392 891">
    <p class='ocr_par' dir='ltr' id='par_1_49' title="bbox 1832 819 3392 891">
     <span class='ocr_line' id='line_1_49' title="bbox 1832 819 3392 891; baseline -0.001 -13"><span class='ocrx_word' id='word_1_350' title='bbox 1832 823 2021 884; x_wconf 86' lang='lat' dir='ltr'><strong>britas,</strong></span> <span class='ocrx_word' id='word_1_351' title='bbox 2052 836 2115 876; x_wconf 89' lang='lat' dir='ltr'><strong>ac</strong></span> <span class='ocrx_word' id='word_1_352' title='bbox 2145 838 2332 891; x_wconf 91' lang='lat' dir='ltr'><strong>magna</strong></span> <span class='ocrx_word' id='word_1_353' title='bbox 2361 822 2633 877; x_wconf 87' lang='lat' dir='ltr'><strong>hominum</strong></span> <span class='ocrx_word' id='word_1_354' title='bbox 2668 820 2964 888; x_wconf 81' lang='lat' dir='ltr'><strong>frequentia</strong></span> <span class='ocrx_word' id='word_1_355' title='bbox 2999 834 3029 873; x_wconf 94' lang='lat' dir='ltr'><strong>e</strong></span> <span class='ocrx_word' id='word_1_356' title='bbox 3069 819 3262 874; x_wconf 82' lang='lat' dir='ltr'><strong>vicinis</strong></span> <span class='ocrx_word' id='word_1_357' title='bbox 3307 837 3392 877; x_wconf 82' lang='lat' dir='ltr'><strong>re-</strong></span> 
     </span>
    </p>
   </div>
   <div class='ocr_carea' id='block_1_50' title="bbox 1832 911 3388 987">
    <p class='ocr_par' dir='ltr' id='par_1_50' title="bbox 1832 911 3388 987">
     <span class='ocr_line' id='line_1_50' title="bbox 1832 911 3388 987; baseline -0.003 -18"><span class='ocrx_word' id='word_1_358' title='bbox 1832 916 2076 987; x_wconf 87' lang='lat' dir='ltr'><strong>gionibus</strong></span> <span class='ocrx_word' id='word_1_359' title='bbox 2099 914 2367 969; x_wconf 81' lang='lat' dir='ltr'><strong>conﬂuere</strong></span> <span class='ocrx_word' id='word_1_360' title='bbox 2387 913 2686 969; x_wconf 69' lang='lat' dir='ltr'><strong>Cresaream</strong></span> <span class='ocrx_word' id='word_1_361' title='bbox 2730 913 2793 964; x_wconf 92' lang='lat' dir='ltr'><strong>ad</strong></span> <span class='ocrx_word' id='word_1_362' title='bbox 2827 912 2967 964; x_wconf 91' lang='lat' dir='ltr'><strong>hunc</strong></span> <span class='ocrx_word' id='word_1_363' title='bbox 2998 911 3138 964; x_wconf 90' lang='lat' dir='ltr'><strong>diem</strong></span> <span class='ocrx_word' id='word_1_364' title='bbox 3163 912 3388 976; x_wconf 88' lang='lat' dir='ltr'><strong>soleret;</strong></span> 
     </span>
    </p>
   </div>
   <div class='ocr_carea' id='block_1_51' title="bbox 1834 1001 3388 1079">
    <p class='ocr_par' dir='ltr' id='par_1_51' title="bbox 1834 1001 3388 1079">
     <span class='ocr_line' id='line_1_51' title="bbox 1834 1001 3388 1079; baseline -0.005 -16"><span class='ocrx_word' id='word_1_365' title='bbox 1834 1008 2239 1079; x_wconf 69' lang='lat' dir='ltr'><strong>praeclarissima</strong></span> <span class='ocrx_word' id='word_1_366' title='bbox 2268 1015 2386 1061; x_wconf 91' lang='lat' dir='ltr'><strong>erat</strong></span> <span class='ocrx_word' id='word_1_367' title='bbox 2410 1006 2625 1061; x_wconf 89' lang='lat' dir='ltr'><strong>occasio</strong></span> <span class='ocrx_word' id='word_1_368' title='bbox 2653 1002 2966 1057; x_wconf 85' lang='lat' dir='ltr'><strong>observandi</strong></span> <span class='ocrx_word' id='word_1_369' title='bbox 2986 1001 3201 1069; x_wconf 88' lang='lat' dir='ltr'><strong>Basilii;</strong></span> <span class='ocrx_word' id='word_1_370' title='bbox 3232 1018 3388 1071; x_wconf 87' lang='lat' dir='ltr'><strong>quam</strong></span> 
     </span>
    </p>
   </div>
   <div class='ocr_carea' id='block_1_52' title="bbox 1834 1090 3392 1169">
    <p class='ocr_par' dir='ltr' id='par_1_52' title="bbox 1834 1090 3392 1169">
     <span class='ocr_line' id='line_1_52' title="bbox 1834 1090 3392 1169; baseline -0.005 -18"><span class='ocrx_word' id='word_1_371' title='bbox 1834 1100 2045 1169; x_wconf 85' lang='lat' dir='ltr'><strong>quidem</strong></span> <span class='ocrx_word' id='word_1_372' title='bbox 2086 1113 2187 1151; x_wconf 90' lang='lat' dir='ltr'><strong>non</strong></span> <span class='ocrx_word' id='word_1_373' title='bbox 2225 1096 2324 1149; x_wconf 91' lang='lat' dir='ltr'><strong>hoc</strong></span> <span class='ocrx_word' id='word_1_374' title='bbox 2352 1105 2561 1149; x_wconf 88' lang='lat' dir='ltr'><strong>tantum</strong></span> <span class='ocrx_word' id='word_1_375' title='bbox 2590 1110 2729 1147; x_wconf 91' lang='lat' dir='ltr'><strong>anno</strong></span> <span class='ocrx_word' id='word_1_376' title='bbox 2761 1092 3097 1159; x_wconf 83' lang='lat' dir='ltr'><strong>arripuerunt</strong></span> <span class='ocrx_word' id='word_1_377' title='bbox 3132 1090 3392 1155; x_wconf 72' lang='lat' dir='ltr'><strong>haeretici,</strong></span> 
     </span>
    </p>
   </div>
   <div class='ocr_carea' id='block_1_53' title="bbox 1835 1180 3391 1254">
    <p class='ocr_par' dir='ltr' id='par_1_53' title="bbox 1835 1180 3391 1254">
     <span class='ocr_line' id='line_1_53' title="bbox 1835 1180 3391 1254; baseline -0.006 -10"><span class='ocrx_word' id='word_1_378' title='bbox 1835 1189 1928 1244; x_wconf 86' lang='lat' dir='ltr'><strong>sed</strong></span> <span class='ocrx_word' id='word_1_379' title='bbox 1955 1189 2117 1243; x_wconf 90' lang='lat' dir='ltr'><strong>etiam</strong></span> <span class='ocrx_word' id='word_1_380' title='bbox 2142 1202 2283 1241; x_wconf 89' lang='lat' dir='ltr'><strong>anno</strong></span> <span class='ocrx_word' id='word_1_381' title='bbox 2314 1185 2417 1240; x_wconf 69' lang='grc'><strong>574</strong></span> <span class='ocrx_word' id='word_1_382' title='bbox 2447 1205 2459 1240; x_wconf 89' lang='lat'><strong>:</strong></span> <span class='ocrx_word' id='word_1_383' title='bbox 2491 1195 2648 1254; x_wconf 89' lang='lat' dir='ltr'><strong>atque</strong></span> <span class='ocrx_word' id='word_1_384' title='bbox 2683 1184 2820 1237; x_wconf 88' lang='lat' dir='ltr'><strong>haud</strong></span> <span class='ocrx_word' id='word_1_385' title='bbox 2855 1184 2965 1237; x_wconf 86' lang='lat' dir='ltr'><strong>scio</strong></span> <span class='ocrx_word' id='word_1_386' title='bbox 2991 1197 3053 1234; x_wconf 87' lang='lat' dir='ltr'><strong>an</strong></span> <span class='ocrx_word' id='word_1_387' title='bbox 3075 1180 3234 1235; x_wconf 88' lang='lat' dir='ltr'><strong>etiam</strong></span> <span class='ocrx_word' id='word_1_388' title='bbox 3265 1180 3391 1244; x_wconf 78' lang='lat'><strong>573,</strong></span> 
     </span>
    </p>
   </div>
   <div class='ocr_carea' id='block_1_54' title="bbox 1835 1272 3394 1345">
    <p class='ocr_par' dir='ltr' id='par_1_54' title="bbox 1835 1272 3394 1345">
     <span class='ocr_line' id='line_1_54' title="bbox 1835 1272 3394 1345; baseline -0.005 -11"><span class='ocrx_word' id='word_1_389' title='bbox 1835 1290 1892 1334; x_wconf 91' lang='lat' dir='ltr'><strong>ut</strong></span> <span class='ocrx_word' id='word_1_390' title='bbox 1913 1279 2050 1335; x_wconf 83' lang='lat' dir='ltr'><strong>infra</strong></span> <span class='ocrx_word' id='word_1_391' title='bbox 2081 1279 2317 1333; x_wconf 88' lang='lat' dir='ltr'><strong>diceums</strong></span> <span class='ocrx_word' id='word_1_392' title='bbox 2353 1278 2404 1331; x_wconf 92' lang='lat' dir='ltr'><strong>in</strong></span> <span class='ocrx_word' id='word_1_393' title='bbox 2439 1278 2613 1345; x_wconf 82' lang='lat' dir='ltr'><strong>capite</strong></span> <span class='ocrx_word' id='word_1_394' title='bbox 2643 1276 2933 1329; x_wconf 84' lang='lat' dir='ltr'><strong>tricesimo.</strong></span> <span class='ocrx_word' id='word_1_395' title='bbox 2966 1273 3115 1339; x_wconf 87' lang='lat' dir='ltr'><strong>Quod</strong></span> <span class='ocrx_word' id='word_1_396' title='bbox 3138 1272 3183 1326; x_wconf 91' lang='lat' dir='ltr'><strong>si</strong></span> <span class='ocrx_word' id='word_1_397' title='bbox 3220 1272 3394 1326; x_wconf 78' lang='lat' dir='ltr'><strong>luere-</strong></span> 
     </span>
    </p>
   </div>
   <div class='ocr_carea' id='block_1_55' title="bbox 1836 1363 3390 1439">
    <p class='ocr_par' dir='ltr' id='par_1_55' title="bbox 1836 1363 3390 1439">
     <span class='ocr_line' id='line_1_55' title="bbox 1836 1363 3390 1439; baseline -0.006 -14"><span class='ocrx_word' id='word_1_398' title='bbox 1836 1372 1927 1426; x_wconf 91' lang='lat' dir='ltr'><strong>tici</strong></span> <span class='ocrx_word' id='word_1_399' title='bbox 1968 1386 2110 1426; x_wconf 84' lang='lat' dir='ltr'><strong>anno</strong></span> <span class='ocrx_word' id='word_1_400' title='bbox 2164 1370 2290 1437; x_wconf 74' lang='grc'><strong>⁸574,</strong></span> <span class='ocrx_word' id='word_1_401' title='bbox 2321 1384 2428 1439; x_wconf 92' lang='lat' dir='ltr'><strong>quo</strong></span> <span class='ocrx_word' id='word_1_402' title='bbox 2480 1367 2678 1421; x_wconf 80' lang='lat' dir='ltr'><strong>Valens</strong></span> <span class='ocrx_word' id='word_1_403' title='bbox 2712 1369 2764 1420; x_wconf 88' lang='lat' dir='ltr'><strong>itt</strong></span> <span class='ocrx_word' id='word_1_404' title='bbox 2802 1365 3019 1421; x_wconf 88' lang='lat' dir='ltr'><strong>Oriente</strong></span> <span class='ocrx_word' id='word_1_405' title='bbox 3059 1363 3390 1429; x_wconf 83' lang='lat' dir='ltr'><strong>versabatur,</strong></span> 
     </span>
    </p>
   </div>
   <div class='ocr_carea' id='block_1_56' title="bbox 1835 1456 3390 1527">
    <p class='ocr_par' dir='ltr' id='par_1_56' title="bbox 1835 1456 3390 1527">
     <span class='ocr_line' id='line_1_56' title="bbox 1835 1456 3390 1527; baseline -0.006 -8"><span class='ocrx_word' id='word_1_406' title='bbox 1835 1464 2130 1519; x_wconf 64' lang='lat' dir='ltr'><strong>Casaream</strong></span> <span class='ocrx_word' id='word_1_407' title='bbox 2166 1462 2231 1516; x_wconf 90' lang='lat' dir='ltr'><strong>ad</strong></span> <span class='ocrx_word' id='word_1_408' title='bbox 2282 1462 2423 1516; x_wconf 89' lang='lat' dir='ltr'><strong>diem</strong></span> <span class='ocrx_word' id='word_1_409' title='bbox 2476 1460 2670 1514; x_wconf 78' lang='lat' dir='ltr'><strong>festum</strong></span> <span class='ocrx_word' id='word_1_410' title='bbox 2696 1458 2752 1513; x_wconf 89' lang='lat' dir='ltr'><strong>S.</strong></span> <span class='ocrx_word' id='word_1_411' title='bbox 2787 1456 3073 1527; x_wconf 78' lang='lat' dir='ltr'><strong>Eupsychii</strong></span> <span class='ocrx_word' id='word_1_412' title='bbox 3110 1466 3390 1521; x_wconf 88' lang='lat' dir='ltr'><strong>venerunt,</strong></span> 
     </span>
    </p>
   </div>
   <div class='ocr_carea' id='block_1_57' title="bbox 1836 1551 3393 1617">
    <p class='ocr_par' dir='ltr' id='par_1_57' title="bbox 1836 1551 3393 1617">
     <span class='ocr_line' id='line_1_57' title="bbox 1836 1551 3393 1617; baseline -0.004 -6"><span class='ocrx_word' id='word_1_413' title='bbox 1836 1566 1893 1611; x_wconf 93' lang='lat' dir='ltr'><strong>ut</strong></span> <span class='ocrx_word' id='word_1_414' title='bbox 1922 1555 2174 1610; x_wconf 82' lang='lat' dir='ltr'><strong>Basilittm</strong></span> <span class='ocrx_word' id='word_1_415' title='bbox 2212 1556 2583 1617; x_wconf 87' lang='lat' dir='ltr'><strong>observarent,</strong></span> <span class='ocrx_word' id='word_1_416' title='bbox 2628 1552 2797 1605; x_wconf 90' lang='lat' dir='ltr'><strong>multo</strong></span> <span class='ocrx_word' id='word_1_417' title='bbox 2845 1551 2894 1602; x_wconf 89' lang='lat' dir='ltr'><strong>id</strong></span> <span class='ocrx_word' id='word_1_418' title='bbox 2930 1552 3103 1606; x_wconf 89' lang='lat' dir='ltr'><strong>minus</strong></span> <span class='ocrx_word' id='word_1_419' title='bbox 3146 1552 3393 1605; x_wconf 87' lang='lat' dir='ltr'><strong>omittere</strong></span> 
     </span>
    </p>
   </div>
   <div class='ocr_carea' id='block_1_58' title="bbox 1837 1639 3396 1705">
    <p class='ocr_par' dir='ltr' id='par_1_58' title="bbox 1837 1639 3396 1705">
     <span class='ocr_line' id='line_1_58' title="bbox 1837 1639 3396 1705; baseline -0.005 -4"><span class='ocrx_word' id='word_1_420' title='bbox 1837 1646 1937 1701; x_wconf 89' lang='lat' dir='ltr'><strong>hoc</strong></span> <span class='ocrx_word' id='word_1_421' title='bbox 1960 1658 2101 1699; x_wconf 86' lang='lat' dir='ltr'><strong>anno</strong></span> <span class='ocrx_word' id='word_1_422' title='bbox 2127 1643 2224 1698; x_wconf 76' lang='lat'><strong>371</strong></span> <span class='ocrx_word' id='word_1_423' title='bbox 2276 1643 2594 1705; x_wconf 88' lang='lat' dir='ltr'><strong>debuerunt,</strong></span> <span class='ocrx_word' id='word_1_424' title='bbox 2641 1656 2761 1693; x_wconf 92' lang='lat' dir='ltr'><strong>cum</strong></span> <span class='ocrx_word' id='word_1_425' title='bbox 2806 1639 2983 1693; x_wconf 70' lang='lat' dir='ltr'><strong>Basilii</strong></span> <span class='ocrx_word' id='word_1_426' title='bbox 3033 1640 3320 1695; x_wconf 86' lang='lat' dir='ltr'><strong>acettsandi</strong></span> <span class='ocrx_word' id='word_1_427' title='bbox 3340 1648 3396 1693; x_wconf 88' lang='lat' dir='ltr'><strong>et</strong></span> 
     </span>
    </p>
   </div>
   <div class='ocr_carea' id='block_1_59' title="bbox 1835 1732 3394 1804">
    <p class='ocr_par' dir='ltr' id='par_1_59' title="bbox 1835 1732 3394 1804">
     <span class='ocr_line' id='line_1_59' title="bbox 1835 1732 3394 1804; baseline -0.004 -13"><span class='ocrx_word' id='word_1_428' title='bbox 1835 1738 2076 1803; x_wconf 85' lang='lat' dir='ltr'><strong>ejicieudi</strong></span> <span class='ocrx_word' id='word_1_429' title='bbox 2102 1737 2308 1804; x_wconf 83' lang='lat' dir='ltr'><strong>capiam</strong></span> <span class='ocrx_word' id='word_1_430' title='bbox 2338 1737 2490 1789; x_wconf 87' lang='lat' dir='ltr'><strong>daret</strong></span> <span class='ocrx_word' id='word_1_431' title='bbox 2533 1733 2867 1803; x_wconf 87' lang='lat' dir='ltr'><strong>imperatoris</strong></span> <span class='ocrx_word' id='word_1_432' title='bbox 2891 1733 2942 1785; x_wconf 89' lang='lat' dir='ltr'><strong>in</strong></span> <span class='ocrx_word' id='word_1_433' title='bbox 2968 1732 3189 1787; x_wconf 86' lang='lat' dir='ltr'><strong>lluititna</strong></span> <span class='ocrx_word' id='word_1_434' title='bbox 3215 1733 3394 1803; x_wconf 82' lang='lat' dir='ltr'><strong>aliqua</strong></span> 
     </span>
    </p>
   </div>
   <div class='ocr_carea' id='block_1_60' title="bbox 1837 1824 2760 1897">
    <p class='ocr_par' dir='ltr' id='par_1_60' title="bbox 1837 1824 2760 1897">
     <span class='ocr_line' id='line_1_60' title="bbox 1837 1824 2760 1897; baseline -0.008 -15"><span class='ocrx_word' id='word_1_435' title='bbox 1837 1828 2054 1897; x_wconf 78' lang='lat' dir='ltr'><strong>regione</strong></span> <span class='ocrx_word' id='word_1_436' title='bbox 2076 1824 2464 1881; x_wconf 87' lang='lat' dir='ltr'><strong>commorantis</strong></span> <span class='ocrx_word' id='word_1_437' title='bbox 2494 1824 2760 1879; x_wconf 88' lang='lat' dir='ltr'><strong>vicinitas.</strong></span> 
     </span>
    </p>
   </div>
   <div class='ocr_carea' id='block_1_61' title="bbox 1909 1914 3397 1986">
    <p class='ocr_par' dir='ltr' id='par_1_61' title="bbox 1909 1914 3397 1986">
     <span class='ocr_line' id='line_1_61' title="bbox 1909 1914 3397 1986; baseline -0.003 -13"><span class='ocrx_word' id='word_1_438' title='bbox 1909 1918 1972 1973; x_wconf 89' lang='lat' dir='ltr'><strong>ll.</strong></span> <span class='ocrx_word' id='word_1_439' title='bbox 2007 1918 2272 1986; x_wconf 82' lang='lat' dir='ltr'><strong>Denegata</strong></span> <span class='ocrx_word' id='word_1_440' title='bbox 2311 1916 2533 1986; x_wconf 82' lang='lat' dir='ltr'><strong>Euippio</strong></span> <span class='ocrx_word' id='word_1_441' title='bbox 2558 1914 2781 1983; x_wconf 84' lang='lat' dir='ltr'><strong>ejusque</strong></span> <span class='ocrx_word' id='word_1_442' title='bbox 2806 1914 3067 1970; x_wconf 86' lang='lat' dir='ltr'><strong>similibus</strong></span> <span class='ocrx_word' id='word_1_443' title='bbox 3091 1914 3397 1970; x_wconf 90' lang='lat' dir='ltr'><strong>communio</strong></span> 
     </span>
    </p>
   </div>
   <div class='ocr_carea' id='block_1_62' title="bbox 1842 2006 3397 2077">
    <p class='ocr_par' dir='ltr' id='par_1_62' title="bbox 1842 2006 3397 2077">
     <span class='ocr_line' id='line_1_62' title="bbox 1842 2006 3397 2077; baseline -0.005 -11"><span class='ocrx_word' id='word_1_444' title='bbox 1842 2010 2174 2066; x_wconf 72' lang='lat' dir='ltr'><strong>stomachum</strong></span> <span class='ocrx_word' id='word_1_445' title='bbox 2205 2009 2424 2062; x_wconf 81' lang='lat' dir='ltr'><strong>lncresis</strong></span> <span class='ocrx_word' id='word_1_446' title='bbox 2455 2008 2693 2077; x_wconf 86' lang='lat' dir='ltr'><strong>patronis</strong></span> <span class='ocrx_word' id='word_1_447' title='bbox 2728 2006 2907 2061; x_wconf 80' lang='lat' dir='ltr'><strong>facere</strong></span> <span class='ocrx_word' id='word_1_448' title='bbox 2933 2007 3132 2061; x_wconf 87' lang='lat' dir='ltr'><strong>dclmit.</strong></span> <span class='ocrx_word' id='word_1_449' title='bbox 3165 2007 3268 2061; x_wconf 85' lang='lat' dir='ltr'><strong>Sed</strong></span> <span class='ocrx_word' id='word_1_450' title='bbox 3314 2014 3397 2061; x_wconf 81' lang='lat' dir='ltr'><strong>ta-</strong></span> 
     </span>
    </p>
   </div>
   <div class='ocr_carea' id='block_1_63' title="bbox 1841 2099 3397 2172">
    <p class='ocr_par' dir='ltr' id='par_1_63' title="bbox 1841 2099 3397 2172">
     <span class='ocr_line' id='line_1_63' title="bbox 1841 2099 3397 2172; baseline -0.003 -15"><span class='ocrx_word' id='word_1_451' title='bbox 1841 2119 1961 2158; x_wconf 89' lang='lat' dir='ltr'><strong>men</strong></span> <span class='ocrx_word' id='word_1_452' title='bbox 1994 2104 2219 2172; x_wconf 87' lang='lat' dir='ltr'><strong>spatium</strong></span> <span class='ocrx_word' id='word_1_453' title='bbox 2254 2102 2469 2157; x_wconf 90' lang='lat' dir='ltr'><strong>interim</strong></span> <span class='ocrx_word' id='word_1_454' title='bbox 2512 2102 2695 2155; x_wconf 90' lang='lat' dir='ltr'><strong>habuit</strong></span> <span class='ocrx_word' id='word_1_455' title='bbox 2731 2100 2956 2155; x_wconf 88' lang='lat' dir='ltr'><strong>Basilius</strong></span> <span class='ocrx_word' id='word_1_456' title='bbox 2988 2100 3195 2154; x_wconf 88' lang='lat' dir='ltr'><strong>itineris</strong></span> <span class='ocrx_word' id='word_1_457' title='bbox 3227 2099 3397 2155; x_wconf 84' lang='lat' dir='ltr'><strong>alicu-</strong></span> 
     </span>
    </p>
   </div>
   <div class='ocr_carea' id='block_1_64' title="bbox 1836 2194 3399 2266">
    <p class='ocr_par' dir='ltr' id='par_1_64' title="bbox 1836 2194 3399 2266">
     <span class='ocr_line' id='line_1_64' title="bbox 1836 2194 3399 2266; baseline -0.001 -19"><span class='ocrx_word' id='word_1_458' title='bbox 1836 2195 1924 2266; x_wconf 83' lang='lat' dir='ltr'><strong>jus</strong></span> <span class='ocrx_word' id='word_1_459' title='bbox 1951 2195 2281 2258; x_wconf 78' lang='lat' dir='ltr'><strong>conﬁciendi,</strong></span> <span class='ocrx_word' id='word_1_460' title='bbox 2313 2209 2380 2247; x_wconf 77' lang='lat' dir='ltr'><strong>ex</strong></span> <span class='ocrx_word' id='word_1_461' title='bbox 2426 2208 2532 2264; x_wconf 89' lang='lat' dir='ltr'><strong>quo</strong></span> <span class='ocrx_word' id='word_1_462' title='bbox 2573 2210 2693 2249; x_wconf 91' lang='lat' dir='ltr'><strong>eum</strong></span> <span class='ocrx_word' id='word_1_463' title='bbox 2736 2194 2915 2248; x_wconf 85' lang='lat' dir='ltr'><strong>alllicti</strong></span> <span class='ocrx_word' id='word_1_464' title='bbox 2962 2194 3133 2256; x_wconf 83' lang='lat' dir='ltr'><strong>cives,</strong></span> <span class='ocrx_word' id='word_1_465' title='bbox 3158 2200 3399 2261; x_wconf 76' lang='lat' dir='ltr'><strong>utsuprn</strong></span> 
     </span>
    </p>
   </div>
   <div class='ocr_carea' id='block_1_65' title="bbox 1842 2284 3397 2355">
    <p class='ocr_par' dir='ltr' id='par_1_65' title="bbox 1842 2284 3397 2355">
     <span class='ocr_line' id='line_1_65' title="bbox 1842 2284 3397 2355; baseline -0.002 -13"><span class='ocrx_word' id='word_1_466' title='bbox 1842 2289 2092 2355; x_wconf 77' lang='lat' dir='ltr'><strong>diximus,</strong></span> <span class='ocrx_word' id='word_1_467' title='bbox 2131 2289 2359 2342; x_wconf 75' lang='lat' dir='ltr'><strong>instante</strong></span> <span class='ocrx_word' id='word_1_468' title='bbox 2394 2287 2567 2341; x_wconf 86' lang='lat' dir='ltr'><strong>hieme</strong></span> <span class='ocrx_word' id='word_1_469' title='bbox 2601 2286 2923 2355; x_wconf 87' lang='lat' dir='ltr'><strong>perlitteras</strong></span> <span class='ocrx_word' id='word_1_470' title='bbox 2954 2294 3275 2342; x_wconf 80' lang='lat' dir='ltr'><strong>revocarunt</strong></span> <span class='ocrx_word' id='word_1_471' title='bbox 3297 2284 3397 2355; x_wconf 74' lang='grc' dir='ltr'><strong>(ά).</strong></span> 
     </span>
    </p>
   </div>
   <div class='ocr_carea' id='block_1_66' title="bbox 1844 2377 3395 2449">
    <p class='ocr_par' dir='ltr' id='par_1_66' title="bbox 1844 2377 3395 2449">
     <span class='ocr_line' id='line_1_66' title="bbox 1844 2377 3395 2449; baseline -0.002 -14"><span class='ocrx_word' id='word_1_472' title='bbox 1844 2380 1958 2435; x_wconf 72' lang='lat' dir='ltr'><strong>Non</strong></span> <span class='ocrx_word' id='word_1_473' title='bbox 1986 2381 2153 2435; x_wconf 89' lang='lat' dir='ltr'><strong>multo</strong></span> <span class='ocrx_word' id='word_1_474' title='bbox 2175 2390 2293 2449; x_wconf 88' lang='lat' dir='ltr'><strong>post</strong></span> <span class='ocrx_word' id='word_1_475' title='bbox 2325 2380 2503 2449; x_wconf 90' lang='lat' dir='ltr'><strong>erupit</strong></span> <span class='ocrx_word' id='word_1_476' title='bbox 2543 2378 2593 2433; x_wconf 91' lang='lat' dir='ltr'><strong>in</strong></span> <span class='ocrx_word' id='word_1_477' title='bbox 2631 2378 2883 2433; x_wconf 77' lang='lat' dir='ltr'><strong>Basiliam</strong></span> <span class='ocrx_word' id='word_1_478' title='bbox 2920 2379 3245 2448; x_wconf 85' lang='lat' dir='ltr'><strong>persecutio.</strong></span> <span class='ocrx_word' id='word_1_479' title='bbox 3282 2377 3395 2432; x_wconf 80' lang='lat' dir='ltr'><strong>Non</strong></span> 
     </span>
    </p>
   </div>
   <div class='ocr_carea' id='block_1_67' title="bbox 1843 2470 3405 2540">
    <p class='ocr_par' dir='ltr' id='par_1_67' title="bbox 1843 2470 3405 2540">
     <span class='ocr_line' id='line_1_67' title="bbox 1843 2470 3405 2540; baseline -0.003 -15"><span class='ocrx_word' id='word_1_480' title='bbox 1843 2487 1950 2526; x_wconf 89' lang='lat' dir='ltr'><strong>uno</strong></span> <span class='ocrx_word' id='word_1_481' title='bbox 1974 2483 2147 2525; x_wconf 87' lang='lat' dir='ltr'><strong>autem</strong></span> <span class='ocrx_word' id='word_1_482' title='bbox 2204 2470 2580 2540; x_wconf 87' lang='lat' dir='ltr'><strong>impugnarunt</strong></span> <span class='ocrx_word' id='word_1_483' title='bbox 2614 2471 2794 2531; x_wconf 87' lang='lat' dir='ltr'><strong>modo,</strong></span> <span class='ocrx_word' id='word_1_484' title='bbox 2840 2484 3013 2539; x_wconf 87' lang='lat' dir='ltr'><strong>neque</strong></span> <span class='ocrx_word' id='word_1_485' title='bbox 3054 2484 3155 2523; x_wconf 87' lang='lat' dir='ltr'><strong>una</strong></span> <span class='ocrx_word' id='word_1_486' title='bbox 3191 2483 3405 2538; x_wconf 77' lang='lat' dir='ltr'><strong>aggres-</strong></span> 
     </span>
    </p>
   </div>
   <div class='ocr_carea' id='block_1_68' title="bbox 1844 2560 3395 2631">
    <p class='ocr_par' dir='ltr' id='par_1_68' title="bbox 1844 2560 3395 2631">
     <span class='ocr_line' id='line_1_68' title="bbox 1844 2560 3395 2631; baseline -0.001 -14"><span class='ocrx_word' id='word_1_487' title='bbox 1844 2565 2012 2618; x_wconf 88' lang='lat' dir='ltr'><strong>sione.</strong></span> <span class='ocrx_word' id='word_1_488' title='bbox 2037 2562 2271 2617; x_wconf 80' lang='lat' dir='ltr'><strong>Adhibiti</strong></span> <span class='ocrx_word' id='word_1_489' title='bbox 2327 2561 2577 2625; x_wconf 83' lang='lat' dir='ltr'><strong>insultus,</strong></span> <span class='ocrx_word' id='word_1_490' title='bbox 2634 2562 3049 2631; x_wconf 80' lang='lat' dir='ltr'><strong>pollicitationes</strong></span> <span class='ocrx_word' id='word_1_491' title='bbox 3109 2570 3164 2615; x_wconf 83' lang='lat' dir='ltr'><strong>et</strong></span> <span class='ocrx_word' id='word_1_492' title='bbox 3218 2560 3395 2615; x_wconf 69' lang='lat' dir='ltr'><strong>minae.</strong></span> 
     </span>
    </p>
   </div>
   <div class='ocr_carea' id='block_1_69' title="bbox 1846 2652 3403 2722">
    <p class='ocr_par' dir='ltr' id='par_1_69' title="bbox 1846 2652 3403 2722">
     <span class='ocr_line' id='line_1_69' title="bbox 1846 2652 3403 2722; baseline -0.005 -11"><span class='ocrx_word' id='word_1_493' title='bbox 1846 2656 1989 2711; x_wconf 70' lang='lat' dir='ltr'><strong>Missi</strong></span> <span class='ocrx_word' id='word_1_494' title='bbox 2019 2671 2082 2709; x_wconf 76' lang='lat' dir='ltr'><strong>ex</strong></span> <span class='ocrx_word' id='word_1_495' title='bbox 2112 2654 2351 2722; x_wconf 88' lang='lat' dir='ltr'><strong>judieum</strong></span> <span class='ocrx_word' id='word_1_496' title='bbox 2387 2653 2594 2717; x_wconf 83' lang='lat' dir='ltr'><strong>ordine,</strong></span> <span class='ocrx_word' id='word_1_497' title='bbox 2625 2668 2691 2706; x_wconf 71' lang='lat' dir='ltr'><strong>ex</strong></span> <span class='ocrx_word' id='word_1_498' title='bbox 2740 2652 2977 2716; x_wconf 89' lang='lat' dir='ltr'><strong>tnilitari,</strong></span> <span class='ocrx_word' id='word_1_499' title='bbox 3027 2665 3093 2704; x_wconf 74' lang='lat' dir='ltr'><strong>ex</strong></span> <span class='ocrx_word' id='word_1_500' title='bbox 3141 2665 3403 2720; x_wconf 56' lang='lat' dir='ltr'><strong>gynmcaee</strong></span> 
     </span>
    </p>
   </div>
   <div class='ocr_carea' id='block_1_70' title="bbox 1846 2740 3402 2815">
    <p class='ocr_par' dir='ltr' id='par_1_70' title="bbox 1846 2740 3402 2815">
     <span class='ocr_line' id='line_1_70' title="bbox 1846 2740 3402 2815; baseline -0.006 -10"><span class='ocrx_word' id='word_1_501' title='bbox 1846 2752 2004 2805; x_wconf 90' lang='lat' dir='ltr'><strong>etiam</strong></span> <span class='ocrx_word' id='word_1_502' title='bbox 2029 2749 2281 2808; x_wconf 87' lang='lat' dir='ltr'><strong>eunuchi,</strong></span> <span class='ocrx_word' id='word_1_503' title='bbox 2316 2747 2406 2815; x_wconf 91' lang='lat' dir='ltr'><strong>qtti</strong></span> <span class='ocrx_word' id='word_1_504' title='bbox 2440 2762 2560 2800; x_wconf 89' lang='lat' dir='ltr'><strong>eum</strong></span> <span class='ocrx_word' id='word_1_505' title='bbox 2594 2746 2808 2798; x_wconf 86' lang='lat' dir='ltr'><strong>ﬂectere</strong></span> <span class='ocrx_word' id='word_1_506' title='bbox 2837 2755 3175 2798; x_wconf 84' lang='lat' dir='ltr'><strong>conarentur.</strong></span> <span class='ocrx_word' id='word_1_507' title='bbox 3210 2740 3402 2796; x_wconf 78' lang='lat' dir='ltr'><strong>Missus</strong></span> 
     </span>
    </p>
   </div>
   <div class='ocr_carea' id='block_1_71' title="bbox 1847 2835 3403 2904">
    <p class='ocr_par' dir='ltr' id='par_1_71' title="bbox 1847 2835 3403 2904">
     <span class='ocr_line' id='line_1_71' title="bbox 1847 2835 3403 2904; baseline -0.006 -10"><span class='ocrx_word' id='word_1_508' title='bbox 1847 2841 2010 2895; x_wconf 91' lang='lat' dir='ltr'><strong>etiam</strong></span> <span class='ocrx_word' id='word_1_509' title='bbox 2063 2837 2149 2891; x_wconf 90' lang='lat' dir='ltr'><strong>ille</strong></span> <span class='ocrx_word' id='word_1_510' title='bbox 2194 2837 2567 2899; x_wconf 74' lang='lat' dir='ltr'><strong>Nahuzardan,</strong></span> <span class='ocrx_word' id='word_1_511' title='bbox 2616 2850 2907 2903; x_wconf 87' lang='lat' dir='ltr'><strong>coquormn</strong></span> <span class='ocrx_word' id='word_1_512' title='bbox 2946 2835 3284 2904; x_wconf 54' lang='lat' dir='ltr'><strong>praepositus,</strong></span> <span class='ocrx_word' id='word_1_513' title='bbox 3313 2848 3403 2885; x_wconf 89' lang='lat' dir='ltr'><strong>ar-</strong></span> 
     </span>
    </p>
   </div>
   <div class='ocr_carea' id='block_1_72' title="bbox 1850 2922 3406 2996">
    <p class='ocr_par' dir='ltr' id='par_1_72' title="bbox 1850 2922 3406 2996">
     <span class='ocr_line' id='line_1_72' title="bbox 1850 2922 3406 2996; baseline -0.007 -12"><span class='ocrx_word' id='word_1_514' title='bbox 1850 2931 1915 2984; x_wconf 86' lang='lat' dir='ltr'><strong>tis</strong></span> <span class='ocrx_word' id='word_1_515' title='bbox 1948 2944 2055 2982; x_wconf 69' lang='lat' dir='ltr'><strong>suze</strong></span> <span class='ocrx_word' id='word_1_516' title='bbox 2092 2927 2297 2996; x_wconf 79' lang='lat' dir='ltr'><strong>gladios</strong></span> <span class='ocrx_word' id='word_1_517' title='bbox 2335 2925 2608 2978; x_wconf 86' lang='lat' dir='ltr'><strong>minitans.</strong></span> <span class='ocrx_word' id='word_1_518' title='bbox 2658 2922 2761 2978; x_wconf 86' lang='lat' dir='ltr'><strong>Sed</strong></span> <span class='ocrx_word' id='word_1_519' title='bbox 2790 2924 2894 2976; x_wconf 91' lang='lat' dir='ltr'><strong>duo</strong></span> <span class='ocrx_word' id='word_1_520' title='bbox 2924 2922 3187 2991; x_wconf 70' lang='lat' dir='ltr'><strong>praecipue</strong></span> <span class='ocrx_word' id='word_1_521' title='bbox 3230 2930 3406 2975; x_wconf 79' lang='lat' dir='ltr'><strong>certa--</strong></span> 
     </span>
    </p>
   </div>
   <div class='ocr_carea' id='block_1_73' title="bbox 1848 3009 3408 3083">
    <p class='ocr_par' dir='ltr' id='par_1_73' title="bbox 1848 3009 3408 3083">
     <span class='ocr_line' id='line_1_73' title="bbox 1848 3009 3408 3083; baseline -0.005 -12"><span class='ocrx_word' id='word_1_522' title='bbox 1848 3021 1991 3073; x_wconf 89' lang='lat' dir='ltr'><strong>mina</strong></span> <span class='ocrx_word' id='word_1_523' title='bbox 2029 3025 2415 3083; x_wconf 88' lang='lat' dir='ltr'><strong>ntemorautur,</strong></span> <span class='ocrx_word' id='word_1_524' title='bbox 2445 3030 2675 3083; x_wconf 87' lang='lat' dir='ltr'><strong>qnorum</strong></span> <span class='ocrx_word' id='word_1_525' title='bbox 2708 3015 2932 3069; x_wconf 76' lang='lat' dir='ltr'><strong>alterum</strong></span> <span class='ocrx_word' id='word_1_526' title='bbox 2966 3028 2995 3067; x_wconf 87' lang='lat' dir='ltr'><strong>a</strong></span> <span class='ocrx_word' id='word_1_527' title='bbox 3022 3011 3279 3082; x_wconf 77' lang='lat' dir='ltr'><strong>Gregorio</strong></span> <span class='ocrx_word' id='word_1_528' title='bbox 3303 3009 3408 3064; x_wconf 78' lang='lat' dir='ltr'><strong>Na-</strong></span> 
     </span>
    </p>
   </div>
   <div class='ocr_carea' id='block_1_74' title="bbox 1850 3102 3408 3178">
    <p class='ocr_par' dir='ltr' id='par_1_74' title="bbox 1850 3102 3408 3178">
     <span class='ocr_line' id='line_1_74' title="bbox 1850 3102 3408 3178; baseline -0.006 -12"><span class='ocrx_word' id='word_1_529' title='bbox 1850 3112 2106 3166; x_wconf 79' lang='lat' dir='ltr'><strong>zianzeno</strong></span> <span class='ocrx_word' id='word_1_530' title='bbox 2150 3109 2399 3171; x_wconf 81' lang='lat' dir='ltr'><strong>refertur,</strong></span> <span class='ocrx_word' id='word_1_531' title='bbox 2436 3119 2724 3178; x_wconf 91' lang='lat' dir='ltr'><strong>utrumque</strong></span> <span class='ocrx_word' id='word_1_532' title='bbox 2759 3124 2789 3162; x_wconf 91' lang='lat' dir='ltr'><strong>a</strong></span> <span class='ocrx_word' id='word_1_533' title='bbox 2836 3106 3098 3177; x_wconf 69' lang='lat' dir='ltr'><strong>Nysseno.</strong></span> <span class='ocrx_word' id='word_1_534' title='bbox 3134 3102 3225 3160; x_wconf 89' lang='lat' dir='ltr'><strong>Sic</strong></span> <span class='ocrx_word' id='word_1_535' title='bbox 3248 3104 3408 3174; x_wconf 87' lang='lat' dir='ltr'><strong>igitur</strong></span> 
     </span>
    </p>
   </div>
   <div class='ocr_carea' id='block_1_75' title="bbox 1850 3198 2568 3271">
    <p class='ocr_par' dir='ltr' id='par_1_75' title="bbox 1850 3198 2568 3271">
     <span class='ocr_line' id='line_1_75' title="bbox 1850 3198 2568 3271; baseline -0.006 -14"><span class='ocrx_word' id='word_1_536' title='bbox 1850 3217 1916 3257; x_wconf 81' lang='lat' dir='ltr'><strong>ex</strong></span> <span class='ocrx_word' id='word_1_537' title='bbox 1948 3198 2187 3271; x_wconf 79' lang='lat' dir='ltr'><strong>Nysseno</strong></span> <span class='ocrx_word' id='word_1_538' title='bbox 2214 3209 2359 3268; x_wconf 83' lang='lat' dir='ltr'><strong>gesta</strong></span> <span class='ocrx_word' id='word_1_539' title='bbox 2385 3214 2472 3252; x_wconf 87' lang='lat' dir='ltr'><strong>res</strong></span> <span class='ocrx_word' id='word_1_540' title='bbox 2489 3208 2568 3253; x_wconf 82' lang='lat' dir='ltr'><strong>es&#39;</strong></span> 
     </span>
    </p>
   </div>
   <div class='ocr_carea' id='block_1_76' title="bbox 1920 3282 3407 3362">
    <p class='ocr_par' dir='ltr' id='par_1_76' title="bbox 1920 3282 3407 3362">
     <span class='ocr_line' id='line_1_76' title="bbox 1920 3282 3407 3362; baseline -0.006 -17"><span class='ocrx_word' id='word_1_541' title='bbox 1920 3292 1989 3362; x_wconf 84' lang='lat' dir='ltr'><strong>(e)</strong></span> <span class='ocrx_word' id='word_1_542' title='bbox 2020 3293 2276 3344; x_wconf 75' lang='lat' dir='ltr'><strong>Auetores</strong></span> <span class='ocrx_word' id='word_1_543' title='bbox 2328 3290 2569 3341; x_wconf 89' lang='lat' dir='ltr'><strong>nonnulli</strong></span> <span class='ocrx_word' id='word_1_544' title='bbox 2623 3296 2779 3341; x_wconf 93' lang='lat' dir='ltr'><strong>erant</strong></span> <span class='ocrx_word' id='word_1_545' title='bbox 2838 3286 3052 3349; x_wconf 88' lang='lat' dir='ltr'><strong>Basilio,</strong></span> <span class='ocrx_word' id='word_1_546' title='bbox 3081 3293 3139 3337; x_wconf 90' lang='lat' dir='ltr'><strong>ut</strong></span> <span class='ocrx_word' id='word_1_547' title='bbox 3180 3282 3407 3352; x_wconf 79' lang='lat' dir='ltr'><strong>tempori</strong></span> 
     </span>
    </p>
   </div>
   <div class='ocr_carea' id='block_1_77' title="bbox 1849 3373 3411 3452">
    <p class='ocr_par' dir='ltr' id='par_1_77' title="bbox 1849 3373 3411 3452">
     <span class='ocr_line' id='line_1_77' title="bbox 1849 3373 3411 3452; baseline -0.005 -17"><span class='ocrx_word' id='word_1_548' title='bbox 1849 3384 2024 3452; x_wconf 89' lang='lat' dir='ltr'><strong>potius</strong></span> <span class='ocrx_word' id='word_1_549' title='bbox 2053 3381 2285 3442; x_wconf 88' lang='lat' dir='ltr'><strong>cederet,</strong></span> <span class='ocrx_word' id='word_1_550' title='bbox 2310 3395 2468 3446; x_wconf 88' lang='lat' dir='ltr'><strong>quam</strong></span> <span class='ocrx_word' id='word_1_551' title='bbox 2512 3394 2632 3432; x_wconf 88' lang='lat' dir='ltr'><strong>cum</strong></span> <span class='ocrx_word' id='word_1_552' title='bbox 2678 3376 2995 3431; x_wconf 82' lang='lat' dir='ltr'><strong>adversariis</strong></span> <span class='ocrx_word' id='word_1_553' title='bbox 3037 3385 3144 3430; x_wconf 87' lang='lat' dir='ltr'><strong>tam</strong></span> <span class='ocrx_word' id='word_1_554' title='bbox 3171 3373 3411 3428; x_wconf 84' lang='lat' dir='ltr'><strong>cruentis</strong></span> 
     </span>
    </p>
   </div>
   <div class='ocr_carea' id='block_1_78' title="bbox 1849 3468 3414 3539">
    <p class='ocr_par' dir='ltr' id='par_1_78' title="bbox 1849 3468 3414 3539">
     <span class='ocr_line' id='line_1_78' title="bbox 1849 3468 3414 3539; baseline -0.006 -14"><span class='ocrx_word' id='word_1_555' title='bbox 1849 3470 2267 3525; x_wconf 82' lang='lat' dir='ltr'><strong>conﬂictaretur.</strong></span> <span class='ocrx_word' id='word_1_556' title='bbox 2286 3468 2391 3523; x_wconf 86' lang='lat' dir='ltr'><strong>Sed</strong></span> <span class='ocrx_word' id='word_1_557' title='bbox 2421 3470 2679 3539; x_wconf 80' lang='lat' dir='ltr'><strong>ejusmodi</strong></span> <span class='ocrx_word' id='word_1_558' title='bbox 2714 3469 3056 3523; x_wconf 80' lang='lat' dir='ltr'><strong>consiliorum</strong></span> <span class='ocrx_word' id='word_1_559' title='bbox 3091 3468 3264 3520; x_wconf 83' lang='lat' dir='ltr'><strong>inanis</strong></span> <span class='ocrx_word' id='word_1_560' title='bbox 3284 3477 3414 3533; x_wconf 83' lang='lat' dir='ltr'><strong>ope-</strong></span> 
     </span>
    </p>
   </div>
   <div class='ocr_carea' id='block_1_79' title="bbox 1862 3553 3413 3627">
    <p class='ocr_par' dir='ltr' id='par_1_79' title="bbox 1862 3553 3413 3627">
     <span class='ocr_line' id='line_1_79' title="bbox 1862 3553 3413 3627; baseline -0.006 -14"><span class='ocrx_word' id='word_1_561' title='bbox 1862 3575 1940 3613; x_wconf 91' lang='lat' dir='ltr'><strong>ra.</strong></span> <span class='ocrx_word' id='word_1_562' title='bbox 1982 3558 2216 3613; x_wconf 67' lang='lat' dir='ltr'><strong>Vocatus</strong></span> <span class='ocrx_word' id='word_1_563' title='bbox 2245 3575 2272 3613; x_wconf 89' lang='lat' dir='ltr'><strong>a</strong></span> <span class='ocrx_word' id='word_1_564' title='bbox 2305 3558 2556 3627; x_wconf 75' lang='lat' dir='ltr'><strong>pra-lecto</strong></span> <span class='ocrx_word' id='word_1_565' title='bbox 2585 3558 2829 3619; x_wconf 88' lang='lat' dir='ltr'><strong>Basilius,</strong></span> <span class='ocrx_word' id='word_1_566' title='bbox 2849 3557 3010 3611; x_wconf 87' lang='lat' dir='ltr'><strong>veluti</strong></span> <span class='ocrx_word' id='word_1_567' title='bbox 3036 3555 3271 3608; x_wconf 90' lang='lat' dir='ltr'><strong>medicus</strong></span> <span class='ocrx_word' id='word_1_568' title='bbox 3292 3553 3413 3621; x_wconf 80' lang='lat' dir='ltr'><strong>qui-</strong></span> 
     </span>
    </p>
   </div>
   <div class='ocr_carea' id='block_1_80' title="bbox 1851 3647 3411 3714">
    <p class='ocr_par' dir='ltr' id='par_1_80' title="bbox 1851 3647 3411 3714">
     <span class='ocr_line' id='line_1_80' title="bbox 1851 3647 3411 3714; baseline -0.006 -8"><span class='ocrx_word' id='word_1_569' title='bbox 1851 3651 1970 3707; x_wconf 92' lang='lat' dir='ltr'><strong>dam</strong></span> <span class='ocrx_word' id='word_1_570' title='bbox 1991 3662 2042 3706; x_wconf 92' lang='lat' dir='ltr'><strong>ct</strong></span> <span class='ocrx_word' id='word_1_571' title='bbox 2058 3650 2393 3705; x_wconf 76' lang='lat' dir='ltr'><strong>consiliarius</strong></span> <span class='ocrx_word' id='word_1_572' title='bbox 2417 3650 2577 3704; x_wconf 85' lang='lat' dir='ltr'><strong>venit.</strong></span> <span class='ocrx_word' id='word_1_573' title='bbox 2603 3648 2795 3701; x_wconf 84' lang='lat' dir='ltr'><strong>Partim</strong></span> <span class='ocrx_word' id='word_1_574' title='bbox 2816 3647 3196 3707; x_wconf 83' lang='lat' dir='ltr'><strong>blandientem,</strong></span> <span class='ocrx_word' id='word_1_575' title='bbox 3216 3648 3411 3714; x_wconf 88' lang='lat' dir='ltr'><strong>partlm</strong></span> 
     </span>
    </p>
   </div>
   <div class='ocr_carea' id='block_1_81' title="bbox 1859 3736 3411 3809">
    <p class='ocr_par' dir='ltr' id='par_1_81' title="bbox 1859 3736 3411 3809">
     <span class='ocr_line' id='line_1_81' title="bbox 1859 3736 3411 3809; baseline -0.008 -12"><span class='ocrx_word' id='word_1_576' title='bbox 1859 3743 2153 3797; x_wconf 87' lang='lat' dir='ltr'><strong>minantem</strong></span> <span class='ocrx_word' id='word_1_577' title='bbox 2181 3748 2384 3803; x_wconf 89' lang='lat' dir='ltr'><strong>monet,</strong></span> <span class='ocrx_word' id='word_1_578' title='bbox 2412 3739 2554 3794; x_wconf 90' lang='lat' dir='ltr'><strong>utob</strong></span> <span class='ocrx_word' id='word_1_579' title='bbox 2574 3741 2840 3809; x_wconf 54' lang='lat' dir='ltr'><strong>prasterita</strong></span> <span class='ocrx_word' id='word_1_580' title='bbox 2866 3736 3232 3805; x_wconf 76' lang='lat' dir='ltr'><strong>ptPttiletttiam</strong></span> <span class='ocrx_word' id='word_1_581' title='bbox 3254 3743 3411 3803; x_wconf 89' lang='lat' dir='ltr'><strong>agat,</strong></span> 
     </span>
    </p>
   </div>
   <div class='ocr_carea' id='block_1_82' title="bbox 1852 3827 3412 3901">
    <p class='ocr_par' dir='ltr' id='par_1_82' title="bbox 1852 3827 3412 3901">
     <span class='ocr_line' id='line_1_82' title="bbox 1852 3827 3412 3901; baseline -0.004 -14"><span class='ocrx_word' id='word_1_582' title='bbox 1852 3848 1916 3888; x_wconf 87' lang='lat' dir='ltr'><strong>ac</strong></span> <span class='ocrx_word' id='word_1_583' title='bbox 1939 3833 2188 3901; x_wconf 88' lang='lat' dir='ltr'><strong>deinceps</strong></span> <span class='ocrx_word' id='word_1_584' title='bbox 2208 3833 2524 3901; x_wconf 88' lang='lat' dir='ltr'><strong>sanguinem</strong></span> <span class='ocrx_word' id='word_1_585' title='bbox 2558 3846 2831 3885; x_wconf 86' lang='lat' dir='ltr'><strong>servorum</strong></span> <span class='ocrx_word' id='word_1_586' title='bbox 2870 3829 2958 3883; x_wconf 81' lang='lat' dir='ltr'><strong>Dei</strong></span> <span class='ocrx_word' id='word_1_587' title='bbox 2997 3829 3149 3882; x_wconf 89' lang='lat' dir='ltr'><strong>sitire</strong></span> <span class='ocrx_word' id='word_1_588' title='bbox 3180 3827 3412 3881; x_wconf 89' lang='lat' dir='ltr'><strong>desinat.</strong></span> 
     </span>
    </p>
   </div>
   <div class='ocr_carea' id='block_1_83' title="bbox 1852 3917 3414 3989">
    <p class='ocr_par' dir='ltr' id='par_1_83' title="bbox 1852 3917 3414 3989">
     <span class='ocr_line' id='line_1_83' title="bbox 1852 3917 3414 3989; baseline -0.005 -12"><span class='ocrx_word' id='word_1_589' title='bbox 1852 3921 1995 3978; x_wconf 80' lang='lat' dir='ltr'><strong>Nihil</strong></span> <span class='ocrx_word' id='word_1_590' title='bbox 2018 3924 2161 3977; x_wconf 88' lang='lat' dir='ltr'><strong>enim</strong></span> <span class='ocrx_word' id='word_1_591' title='bbox 2200 3922 2343 3975; x_wconf 88' lang='lat' dir='ltr'><strong>illttttt</strong></span> <span class='ocrx_word' id='word_1_592' title='bbox 2376 3923 2607 3989; x_wconf 88' lang='lat' dir='ltr'><strong>possein</strong></span> <span class='ocrx_word' id='word_1_593' title='bbox 2639 3934 2730 3974; x_wconf 85' lang='lat' dir='ltr'><strong>eos</strong></span> <span class='ocrx_word' id='word_1_594' title='bbox 2758 3921 2845 3987; x_wconf 85' lang='lat' dir='ltr'><strong>qui</strong></span> <span class='ocrx_word' id='word_1_595' title='bbox 2876 3918 3047 3972; x_wconf 88' lang='lat' dir='ltr'><strong>solum</strong></span> <span class='ocrx_word' id='word_1_596' title='bbox 3075 3917 3166 3972; x_wconf 85' lang='lat' dir='ltr'><strong>Dei</strong></span> <span class='ocrx_word' id='word_1_597' title='bbox 3191 3932 3414 3987; x_wconf 87' lang='lat' dir='ltr'><strong>regnum</strong></span> 
     </span>
    </p>
   </div>
   <div class='ocr_carea' id='block_1_84' title="bbox 1852 4007 3414 4080">
    <p class='ocr_par' dir='ltr' id='par_1_84' title="bbox 1852 4007 3414 4080">
     <span class='ocr_line' id='line_1_84' title="bbox 1852 4007 3414 4080; baseline -0.001 -16"><span class='ocrx_word' id='word_1_598' title='bbox 1852 4023 2128 4080; x_wconf 88' lang='lat' dir='ltr'><strong>appetunt.</strong></span> <span class='ocrx_word' id='word_1_599' title='bbox 2165 4010 2283 4066; x_wconf 80' lang='lat' dir='ltr'><strong>Non</strong></span> <span class='ocrx_word' id='word_1_600' title='bbox 2314 4009 2431 4064; x_wconf 63' lang='lat' dir='ltr'><strong>la&#39;di</strong></span> <span class='ocrx_word' id='word_1_601' title='bbox 2468 4010 2725 4064; x_wconf 87' lang='lat' dir='ltr'><strong>bonorum</strong></span> <span class='ocrx_word' id='word_1_602' title='bbox 2752 4010 3115 4079; x_wconf 89' lang='lat' dir='ltr'><strong>publicatioue</strong></span> <span class='ocrx_word' id='word_1_603' title='bbox 3156 4024 3300 4072; x_wconf 91' lang='lat' dir='ltr'><strong>eum,</strong></span> <span class='ocrx_word' id='word_1_604' title='bbox 3327 4007 3414 4062; x_wconf 91' lang='lat' dir='ltr'><strong>cui</strong></span> 
     </span>
    </p>
   </div>
   <div class='ocr_carea' id='block_1_85' title="bbox 1852 4095 3421 4170">
    <p class='ocr_par' dir='ltr' id='par_1_85' title="bbox 1852 4095 3421 4170">
     <span class='ocr_line' id='line_1_85' title="bbox 1852 4095 3421 4170; baseline -0.004 -15"><span class='ocrx_word' id='word_1_605' title='bbox 1852 4101 1985 4155; x_wconf 77' lang='lat' dir='ltr'><strong>ﬁdes</strong></span> <span class='ocrx_word' id='word_1_606' title='bbox 2007 4104 2117 4155; x_wconf 87' lang='lat' dir='ltr'><strong>sola</strong></span> <span class='ocrx_word' id='word_1_607' title='bbox 2147 4101 2411 4170; x_wconf 87' lang='lat' dir='ltr'><strong>possessio</strong></span> <span class='ocrx_word' id='word_1_608' title='bbox 2430 4109 2511 4155; x_wconf 87' lang='lat' dir='ltr'><strong>est</strong></span> <span class='ocrx_word' id='word_1_609' title='bbox 2538 4116 2554 4165; x_wconf 87' lang='lat'><strong>;</strong></span> <span class='ocrx_word' id='word_1_610' title='bbox 2584 4114 2685 4153; x_wconf 91' lang='lat' dir='ltr'><strong>non</strong></span> <span class='ocrx_word' id='word_1_611' title='bbox 2717 4098 2905 4152; x_wconf 74' lang='lat' dir='ltr'><strong>exsilio</strong></span> <span class='ocrx_word' id='word_1_612' title='bbox 2937 4096 3150 4163; x_wconf 86' lang='lat' dir='ltr'><strong>terreri,</strong></span> <span class='ocrx_word' id='word_1_613' title='bbox 3180 4095 3271 4166; x_wconf 86' lang='lat' dir='ltr'><strong>qui</strong></span> <span class='ocrx_word' id='word_1_614' title='bbox 3295 4096 3421 4149; x_wconf 82' lang='lat' dir='ltr'><strong>unl-</strong></span> 
     </span>
    </p>
   </div>
   <div class='ocr_carea' id='block_1_86' title="bbox 1854 4187 3418 4249">
    <p class='ocr_par' dir='ltr' id='par_1_86' title="bbox 1854 4187 3418 4249">
     <span class='ocr_line' id='line_1_86' title="bbox 1854 4187 3418 4249; baseline -0.001 -10"><span class='ocrx_word' id='word_1_615' title='bbox 1854 4205 2061 4244; x_wconf 82' lang='lat' dir='ltr'><strong>versam</strong></span> <span class='ocrx_word' id='word_1_616' title='bbox 2081 4200 2282 4245; x_wconf 79' lang='lat' dir='ltr'><strong>terram</strong></span> <span class='ocrx_word' id='word_1_617' title='bbox 2310 4191 2497 4246; x_wconf 90' lang='lat' dir='ltr'><strong>eadem</strong></span> <span class='ocrx_word' id='word_1_618' title='bbox 2522 4190 2683 4243; x_wconf 85' lang='lat' dir='ltr'><strong>animi</strong></span> <span class='ocrx_word' id='word_1_619' title='bbox 2712 4189 2979 4243; x_wconf 88' lang='lat' dir='ltr'><strong>sententia</strong></span> <span class='ocrx_word' id='word_1_620' title='bbox 2997 4187 3190 4249; x_wconf 88' lang='lat' dir='ltr'><strong>calcat,</strong></span> <span class='ocrx_word' id='word_1_621' title='bbox 3214 4199 3276 4238; x_wconf 90' lang='lat' dir='ltr'><strong>ac</strong></span> <span class='ocrx_word' id='word_1_622' title='bbox 3297 4196 3418 4238; x_wconf 80' lang='lat' dir='ltr'><strong>cara</strong></span> 
     </span>
    </p>
   </div>
   <div class='ocr_carea' id='block_1_87' title="bbox 1852 4280 3416 4353">
    <p class='ocr_par' dir='ltr' id='par_1_87' title="bbox 1852 4280 3416 4353">
     <span class='ocr_line' id='line_1_87' title="bbox 1852 4280 3416 4353; baseline -0.005 -16"><span class='ocrx_word' id='word_1_623' title='bbox 1852 4282 2045 4353; x_wconf 89' lang='lat' dir='ltr'><strong>partim</strong></span> <span class='ocrx_word' id='word_1_624' title='bbox 2094 4283 2322 4336; x_wconf 83' lang='lat' dir='ltr'><strong>alienam</strong></span> <span class='ocrx_word' id='word_1_625' title='bbox 2395 4283 2699 4342; x_wconf 72' lang='lat' dir='ltr'><strong>existimat,</strong></span> <span class='ocrx_word' id='word_1_626' title='bbox 2756 4280 2826 4333; x_wconf 89' lang='lat' dir='ltr'><strong>ob</strong></span> <span class='ocrx_word' id='word_1_627' title='bbox 2892 4281 3105 4333; x_wconf 81' lang='lat' dir='ltr'><strong>brevem</strong></span> <span class='ocrx_word' id='word_1_628' title='bbox 3174 4292 3416 4332; x_wconf 85' lang='lat' dir='ltr'><strong>commo-</strong></span> 
     </span>
    </p>
   </div>
   <div class='ocr_carea' id='block_1_88' title="bbox 1855 4368 3420 4443">
    <p class='ocr_par' dir='ltr' id='par_1_88' title="bbox 1855 4368 3420 4443">
     <span class='ocr_line' id='line_1_88' title="bbox 1855 4368 3420 4443; baseline -0.004 -14"><span class='ocrx_word' id='word_1_629' title='bbox 1855 4374 2140 4440; x_wconf 85' lang='lat' dir='ltr'><strong>rationem,</strong></span> <span class='ocrx_word' id='word_1_630' title='bbox 2172 4375 2367 4443; x_wconf 84' lang='lat' dir='ltr'><strong>partim</strong></span> <span class='ocrx_word' id='word_1_631' title='bbox 2403 4375 2693 4442; x_wconf 80' lang='lat' dir='ltr'><strong>prupt&#39;iam,</strong></span> <span class='ocrx_word' id='word_1_632' title='bbox 2724 4371 2845 4439; x_wconf 83' lang='lat' dir='ltr'><strong>quia</strong></span> <span class='ocrx_word' id='word_1_633' title='bbox 2868 4369 3046 4423; x_wconf 87' lang='lat' dir='ltr'><strong>omnia</strong></span> <span class='ocrx_word' id='word_1_634' title='bbox 3075 4368 3183 4422; x_wconf 89' lang='lat' dir='ltr'><strong>Deo</strong></span> <span class='ocrx_word' id='word_1_635' title='bbox 3215 4368 3420 4437; x_wconf 79' lang='lat' dir='ltr'><strong>pariter</strong></span> 
     </span>
    </p>
   </div>
   <div class='ocr_carea' id='block_1_89' title="bbox 1856 4462 3419 4534">
    <p class='ocr_par' dir='ltr' id='par_1_89' title="bbox 1856 4462 3419 4534">
     <span class='ocr_line' id='line_1_89' title="bbox 1856 4462 3419 4534; baseline -0.008 -11"><span class='ocrx_word' id='word_1_636' title='bbox 1856 4469 2116 4523; x_wconf 79' lang='lat' dir='ltr'><strong>serviunt.</strong></span> <span class='ocrx_word' id='word_1_637' title='bbox 2168 4466 2360 4534; x_wconf 82' lang='lat' dir='ltr'><strong>l&#39;lagas</strong></span> <span class='ocrx_word' id='word_1_638' title='bbox 2396 4474 2571 4517; x_wconf 91' lang='lat' dir='ltr'><strong>autem</strong></span> <span class='ocrx_word' id='word_1_639' title='bbox 2619 4474 2673 4515; x_wconf 89' lang='lat' dir='ltr'><strong>et</strong></span> <span class='ocrx_word' id='word_1_640' title='bbox 2708 4462 2914 4516; x_wconf 79' lang='lat' dir='ltr'><strong>labores</strong></span> <span class='ocrx_word' id='word_1_641' title='bbox 2943 4476 3006 4513; x_wconf 91' lang='lat' dir='ltr'><strong>ac</strong></span> <span class='ocrx_word' id='word_1_642' title='bbox 3056 4470 3279 4513; x_wconf 90' lang='lat' dir='ltr'><strong>morteut</strong></span> <span class='ocrx_word' id='word_1_643' title='bbox 3320 4472 3419 4529; x_wconf 85' lang='lat' dir='ltr'><strong>pro</strong></span> 
     </span>
    </p>
   </div>
   <div class='ocr_carea' id='block_1_90' title="bbox 208 4548 1872 4637">
    <p class='ocr_par' dir='ltr' id='par_1_90' title="bbox 208 4563 1872 4637">
     <span class='ocr_line' id='line_1_90' title="bbox 208 4563 1872 4637; baseline 0.001 -22"><span class='ocrx_word' id='word_1_644' title='bbox 208 4572 373 4617; x_wconf 86' lang='lat' dir='ltr'><strong>notam</strong></span> <span class='ocrx_word' id='word_1_645' title='bbox 403 4582 433 4618; x_wconf 91' lang='lat' dir='ltr'><strong>a</strong></span> <span class='ocrx_word' id='word_1_646' title='bbox 480 4564 746 4619; x_wconf 90' lang='lat' dir='ltr'><strong>nonnullis</strong></span> <span class='ocrx_word' id='word_1_647' title='bbox 778 4563 1085 4620; x_wconf 90' lang='lat' dir='ltr'><strong>hominibus</strong></span> <span class='ocrx_word' id='word_1_648' title='bbox 1141 4567 1369 4619; x_wconf 89' lang='lat' dir='ltr'><strong>inustam</strong></span> <span class='ocrx_word' id='word_1_649' title='bbox 1420 4564 1757 4633; x_wconf 86' lang='lat' dir='ltr'><strong>propulsatu-</strong></span> <span class='ocrx_word' id='word_1_650' title='bbox 1787 4583 1832 4637; x_wconf 78' lang='grc' dir='ltr'><strong>ι)</strong></span> <span class='ocrx_word' id='word_1_651' title='bbox 1860 4571 1872 4602; x_wconf 54' lang='grc' dir='ltr'><strong>η</strong></span> 
     </span>
    </p>
   </div>
   <div class='ocr_carea' id='block_1_91' title="bbox 1750 4548 3414 4637">
    <p class='ocr_par' dir='ltr' id='par_1_91' title="bbox 1750 4548 3414 4637">
     <span class='ocr_line' id='line_1_91' title="bbox 1750 4548 3414 4637; baseline -0.006 -28"><span class='ocrx_word' id='word_1_652' title='bbox 1750 4593 1757 4603; x_wconf 87' lang='grc'><em>.</em></span> <span class='ocrx_word' id='word_1_653' title='bbox 1787 4583 1832 4637; x_wconf 73' lang='grc' dir='ltr'><strong>ι)</strong></span> <span class='ocrx_word' id='word_1_654' title='bbox 1860 4554 2084 4609; x_wconf 81' lang='lat' dir='ltr'><strong>veritate</strong></span> <span class='ocrx_word' id='word_1_655' title='bbox 2116 4556 2343 4623; x_wconf 86' lang='lat' dir='ltr'><strong>perpeti,</strong></span> <span class='ocrx_word' id='word_1_656' title='bbox 2379 4569 2444 4608; x_wconf 92' lang='lat' dir='ltr'><strong>ne</strong></span> <span class='ocrx_word' id='word_1_657' title='bbox 2481 4553 2791 4607; x_wconf 88' lang='lat' dir='ltr'><strong>mulieribus</strong></span> <span class='ocrx_word' id='word_1_658' title='bbox 2814 4549 3029 4619; x_wconf 88' lang='lat' dir='ltr'><strong>quidem</strong></span> <span class='ocrx_word' id='word_1_659' title='bbox 3070 4549 3308 4604; x_wconf 86' lang='lat' dir='ltr'><strong>terribile</strong></span> <span class='ocrx_word' id='word_1_660' title='bbox 3336 4548 3414 4600; x_wconf 86' lang='lat' dir='ltr'><strong>vi-</strong></span> 
     </span>
    </p>
   </div>
   <div class='ocr_carea' id='block_1_92' title="bbox 206 4655 1478 4727">
    <p class='ocr_par' dir='ltr' id='par_1_92' title="bbox 206 4655 1478 4727">
     <span class='ocr_line' id='line_1_92' title="bbox 206 4655 1478 4727; baseline 0 -20"><span class='ocrx_word' id='word_1_661' title='bbox 206 4668 312 4707; x_wconf 87' lang='lat' dir='ltr'><strong>rum</strong></span> <span class='ocrx_word' id='word_1_662' title='bbox 338 4665 547 4721; x_wconf 88' lang='lat' dir='ltr'><strong>sperat,</strong></span> <span class='ocrx_word' id='word_1_663' title='bbox 583 4671 702 4709; x_wconf 90' lang='lat' dir='ltr'><strong>cum</strong></span> <span class='ocrx_word' id='word_1_664' title='bbox 732 4657 997 4724; x_wconf 87' lang='lat' dir='ltr'><strong>pugnandi</strong></span> <span class='ocrx_word' id='word_1_665' title='bbox 1045 4667 1254 4727; x_wconf 90' lang='lat' dir='ltr'><strong>tempus</strong></span> <span class='ocrx_word' id='word_1_666' title='bbox 1284 4655 1478 4711; x_wconf 89' lang='lat' dir='ltr'><strong>aderit.</strong></span> 
     </span>
    </p>
   </div>
   <div class='ocr_carea' id='block_1_93' title="bbox 268 4744 1753 4817">
    <p class='ocr_par' dir='ltr' id='par_1_93' title="bbox 268 4744 1753 4817">
     <span class='ocr_line' id='line_1_93' title="bbox 268 4744 1753 4817; baseline 0.001 -18"><span class='ocrx_word' id='word_1_667' title='bbox 268 4744 590 4801; x_wconf 69' lang='lat' dir='ltr'><strong>llmreticum</strong></span> <span class='ocrx_word' id='word_1_668' title='bbox 623 4760 807 4817; x_wconf 83' lang='lat' dir='ltr'><strong>agmen</strong></span> <span class='ocrx_word' id='word_1_669' title='bbox 847 4746 1142 4803; x_wconf 66' lang='lat' dir='ltr'><strong>Ctesaream</strong></span> <span class='ocrx_word' id='word_1_670' title='bbox 1178 4758 1303 4804; x_wconf 83' lang='lat' dir='ltr'><strong>ante</strong></span> <span class='ocrx_word' id='word_1_671' title='bbox 1326 4747 1630 4816; x_wconf 76' lang='lat' dir='ltr'><strong>prtefeclum</strong></span> <span class='ocrx_word' id='word_1_672' title='bbox 1662 4761 1753 4801; x_wconf 88' lang='lat' dir='ltr'><strong>ve-</strong></span> 
     </span>
    </p>
   </div>
   <div class='ocr_carea' id='block_1_94' title="bbox 214 4835 1755 4905">
    <p class='ocr_par' dir='ltr' id='par_1_94' title="bbox 214 4835 1755 4905">
     <span class='ocr_line' id='line_1_94' title="bbox 214 4835 1755 4905; baseline 0.001 -14"><span class='ocrx_word' id='word_1_673' title='bbox 214 4836 345 4892; x_wconf 77' lang='lat' dir='ltr'><strong>nisse</strong></span> <span class='ocrx_word' id='word_1_674' title='bbox 377 4836 571 4905; x_wconf 87' lang='lat' dir='ltr'><strong>probat</strong></span> <span class='ocrx_word' id='word_1_675' title='bbox 606 4840 768 4893; x_wconf 91' lang='lat' dir='ltr'><strong>etiam</strong></span> <span class='ocrx_word' id='word_1_676' title='bbox 817 4835 998 4891; x_wconf 89' lang='lat' dir='ltr'><strong>Basilii</strong></span> <span class='ocrx_word' id='word_1_677' title='bbox 1046 4840 1266 4905; x_wconf 86' lang='lat' dir='ltr'><strong>cpistola</strong></span> <span class='ocrx_word' id='word_1_678' title='bbox 1303 4838 1371 4894; x_wconf 88' lang='lat'><strong>69</strong></span> <span class='ocrx_word' id='word_1_679' title='bbox 1401 4838 1465 4892; x_wconf 89' lang='lat' dir='ltr'><strong>ad</strong></span> <span class='ocrx_word' id='word_1_680' title='bbox 1504 4837 1560 4891; x_wconf 89' lang='lat' dir='ltr'><strong>S.</strong></span> <span class='ocrx_word' id='word_1_681' title='bbox 1592 4836 1755 4892; x_wconf 75' lang='lat' dir='ltr'><strong>Mele-</strong></span> 
     </span>
    </p>
   </div>
   <div class='ocr_carea' id='block_1_95' title="bbox 210 4926 1756 4999">
    <p class='ocr_par' dir='ltr' id='par_1_95' title="bbox 210 4926 1756 4999">
     <span class='ocr_line' id='line_1_95' title="bbox 210 4926 1756 4999; baseline 0.003 -20"><span class='ocrx_word' id='word_1_682' title='bbox 210 4927 351 4992; x_wconf 89' lang='lat' dir='ltr'><strong>tium,</strong></span> <span class='ocrx_word' id='word_1_683' title='bbox 386 4926 440 4980; x_wconf 89' lang='lat' dir='ltr'><strong>in</strong></span> <span class='ocrx_word' id='word_1_684' title='bbox 482 4941 585 4994; x_wconf 88' lang='lat' dir='ltr'><strong>qua</strong></span> <span class='ocrx_word' id='word_1_685' title='bbox 618 4930 696 4983; x_wconf 90' lang='lat' dir='ltr'><strong>sic</strong></span> <span class='ocrx_word' id='word_1_686' title='bbox 743 4929 1015 4998; x_wconf 84' lang='lat' dir='ltr'><strong>loquitur:</strong></span> <span class='ocrx_word' id='word_1_687' title='bbox 1059 4926 1160 4981; x_wconf 82' lang='lat' dir='ltr'><strong>llic</strong></span> <span class='ocrx_word' id='word_1_688' title='bbox 1206 4940 1411 4995; x_wconf 85' lang='lat' dir='ltr'><strong>autem,</strong></span> <span class='ocrx_word' id='word_1_689' title='bbox 1443 4927 1633 4999; x_wconf 85' lang='lat' dir='ltr'><strong>inquit,</strong></span> <span class='ocrx_word' id='word_1_690' title='bbox 1674 4946 1756 4984; x_wconf 84' lang='lat' dir='ltr'><strong>res</strong></span> 
     </span>
    </p>
   </div>
   <div class='ocr_carea' id='block_1_96' title="bbox 212 5016 1755 5090">
    <p class='ocr_par' dir='ltr' id='par_1_96' title="bbox 212 5016 1755 5090">
     <span class='ocr_line' id='line_1_96' title="bbox 212 5016 1755 5090; baseline 0.005 -23"><span class='ocrx_word' id='word_1_691' title='bbox 212 5016 407 5072; x_wconf 70' lang='lat' dir='ltr'><strong>incerte</strong></span> <span class='ocrx_word' id='word_1_692' title='bbox 434 5017 608 5070; x_wconf 75' lang='lat' dir='ltr'><strong>adhuc</strong></span> <span class='ocrx_word' id='word_1_693' title='bbox 641 5029 688 5071; x_wconf 86' lang='lat' dir='ltr'><strong>et</strong></span> <span class='ocrx_word' id='word_1_694' title='bbox 712 5021 904 5082; x_wconf 70' lang='lat' dir='ltr'><strong>dubita,</strong></span> <span class='ocrx_word' id='word_1_695' title='bbox 927 5036 1041 5073; x_wconf 81' lang='lat' dir='ltr'><strong>cum</strong></span> <span class='ocrx_word' id='word_1_696' title='bbox 1072 5018 1325 5087; x_wconf 73' lang='lat' dir='ltr'><strong>Euippitts</strong></span> <span class='ocrx_word' id='word_1_697' title='bbox 1348 5022 1619 5090; x_wconf 29' lang='lat' dir='ltr'><strong>,adt&#39;euerit</strong></span> <span class='ocrx_word' id='word_1_698' title='bbox 1641 5025 1755 5090; x_wconf 86' lang='lat' dir='ltr'><strong>qui-</strong></span> 
     </span>
    </p>
   </div>
   <div class='ocr_carea' id='block_1_97' title="bbox 212 5107 1757 5182">
    <p class='ocr_par' dir='ltr' id='par_1_97' title="bbox 212 5107 1757 5182">
     <span class='ocr_line' id='line_1_97' title="bbox 212 5107 1757 5182; baseline 0.006 -25"><span class='ocrx_word' id='word_1_699' title='bbox 212 5107 339 5171; x_wconf 86' lang='lat' dir='ltr'><strong>dem,</strong></span> <span class='ocrx_word' id='word_1_700' title='bbox 374 5111 465 5163; x_wconf 81' lang='lat' dir='ltr'><strong>sed</strong></span> <span class='ocrx_word' id='word_1_701' title='bbox 500 5109 726 5161; x_wconf 70' lang='lat' dir='ltr'><strong>nondum</strong></span> <span class='ocrx_word' id='word_1_702' title='bbox 749 5114 1027 5182; x_wconf 80' lang='lat' dir='ltr'><strong>quidquam</strong></span> <span class='ocrx_word' id='word_1_703' title='bbox 1069 5113 1426 5167; x_wconf 64' lang='lat' dir='ltr'><strong>declarat&#39;erit.</strong></span> <span class='ocrx_word' id='word_1_704' title='bbox 1484 5112 1757 5167; x_wconf 77' lang='lat' dir='ltr'><strong>Mittantur</strong></span> 
     </span>
    </p>
   </div>
   <div class='ocr_carea' id='block_1_98' title="bbox 210 5201 1752 5271">
    <p class='ocr_par' dir='ltr' id='par_1_98' title="bbox 210 5201 1752 5271">
     <span class='ocr_line' id='line_1_98' title="bbox 210 5201 1752 5271; baseline 0.004 -21"><span class='ocrx_word' id='word_1_705' title='bbox 210 5201 406 5261; x_wconf 78' lang='lat' dir='ltr'><strong>quidem</strong></span> <span class='ocrx_word' id='word_1_706' title='bbox 431 5212 477 5253; x_wconf 78' lang='lat' dir='ltr'><strong>et</strong></span> <span class='ocrx_word' id='word_1_707' title='bbox 505 5216 811 5256; x_wconf 74' lang='lat' dir='ltr'><strong>concursum</strong></span> <span class='ocrx_word' id='word_1_708' title='bbox 837 5205 1109 5271; x_wconf 79' lang='lat' dir='ltr'><strong>quemdam</strong></span> <span class='ocrx_word' id='word_1_709' title='bbox 1138 5218 1337 5267; x_wconf 86' lang='lat' dir='ltr'><strong>eorum,</strong></span> <span class='ocrx_word' id='word_1_710' title='bbox 1374 5206 1460 5271; x_wconf 84' lang='lat' dir='ltr'><strong>qui</strong></span> <span class='ocrx_word' id='word_1_711' title='bbox 1490 5206 1667 5257; x_wconf 85' lang='lat' dir='ltr'><strong>eadem</strong></span> <span class='ocrx_word' id='word_1_712' title='bbox 1690 5220 1752 5256; x_wconf 84' lang='lat' dir='ltr'><strong>ac</strong></span> 
     </span>
    </p>
   </div>
   <div class='ocr_carea' id='block_1_99' title="bbox 211 5289 1753 5362">
    <p class='ocr_par' dir='ltr' id='par_1_99' title="bbox 211 5289 1753 5362">
     <span class='ocr_line' id='line_1_99' title="bbox 211 5289 1753 5362; baseline 0.005 -21"><span class='ocrx_word' id='word_1_713' title='bbox 211 5289 287 5341; x_wconf 84' lang='lat' dir='ltr'><strong>illi</strong></span> <span class='ocrx_word' id='word_1_714' title='bbox 304 5297 550 5357; x_wconf 73' lang='lat' dir='ltr'><strong>sentiunt,</strong></span> <span class='ocrx_word' id='word_1_715' title='bbox 581 5309 646 5348; x_wconf 80' lang='lat' dir='ltr'><strong>ea:</strong></span> <span class='ocrx_word' id='word_1_716' title='bbox 668 5294 909 5347; x_wconf 66' lang='lat' dir='ltr'><strong>Armenia</strong></span> <span class='ocrx_word' id='word_1_717' title='bbox 943 5294 1201 5362; x_wconf 81' lang='lat' dir='ltr'><strong>Tetrapoli</strong></span> <span class='ocrx_word' id='word_1_718' title='bbox 1226 5306 1271 5350; x_wconf 86' lang='lat' dir='ltr'><strong>et</strong></span> <span class='ocrx_word' id='word_1_719' title='bbox 1292 5310 1356 5349; x_wconf 72' lang='lat' dir='ltr'><strong>ex</strong></span> <span class='ocrx_word' id='word_1_720' title='bbox 1383 5294 1591 5350; x_wconf 84' lang='lat' dir='ltr'><strong>Cilicia.</strong></span> <span class='ocrx_word' id='word_1_721' title='bbox 1615 5295 1753 5349; x_wconf 82' lang='lat' dir='ltr'><strong>Non-</strong></span> 
     </span>
    </p>
   </div>
   <div class='ocr_carea' id='block_1_100' title="bbox 215 5380 1748 5455">
    <p class='ocr_par' dir='ltr' id='par_1_100' title="bbox 215 5380 1748 5455">
     <span class='ocr_line' id='line_1_100' title="bbox 215 5380 1748 5455; baseline 0.005 -22"><span class='ocrx_word' id='word_1_722' title='bbox 215 5380 325 5433; x_wconf 85' lang='lat' dir='ltr'><strong>dum</strong></span> <span class='ocrx_word' id='word_1_723' title='bbox 357 5401 488 5455; x_wconf 79' lang='lat' dir='ltr'><strong>ergo</strong></span> <span class='ocrx_word' id='word_1_724' title='bbox 522 5383 801 5454; x_wconf 67' lang='lat' dir='ltr'><strong>praefectus</strong></span> <span class='ocrx_word' id='word_1_725' title='bbox 833 5394 887 5438; x_wconf 91' lang='lat' dir='ltr'><strong>et</strong></span> <span class='ocrx_word' id='word_1_726' title='bbox 927 5386 1043 5440; x_wconf 70' lang='lat' dir='ltr'><strong>alize</strong></span> <span class='ocrx_word' id='word_1_727' title='bbox 1080 5396 1369 5455; x_wconf 86' lang='lat' dir='ltr'><strong>potestates</strong></span> <span class='ocrx_word' id='word_1_728' title='bbox 1393 5386 1748 5441; x_wconf 87' lang='lat' dir='ltr'><strong>advenerant:</strong></span> 
     </span>
    </p>
   </div>
   <div class='ocr_carea' id='block_1_101' title="bbox 215 5467 1752 5546">
    <p class='ocr_par' dir='ltr' id='par_1_101' title="bbox 215 5467 1752 5546">
     <span class='ocr_line' id='line_1_101' title="bbox 215 5467 1752 5546; baseline 0.007 -25"><span class='ocrx_word' id='word_1_729' title='bbox 215 5467 310 5523; x_wconf 82' lang='lat' dir='ltr'><strong>into</strong></span> <span class='ocrx_word' id='word_1_730' title='bbox 331 5487 393 5527; x_wconf 91' lang='lat' dir='ltr'><strong>ne</strong></span> <span class='ocrx_word' id='word_1_731' title='bbox 413 5474 862 5542; x_wconf 77' lang='lat' dir='ltr'><strong>exspectabantur</strong></span> <span class='ocrx_word' id='word_1_732' title='bbox 889 5474 1120 5543; x_wconf 85' lang='lat' dir='ltr'><strong>quidem,</strong></span> <span class='ocrx_word' id='word_1_733' title='bbox 1137 5475 1324 5531; x_wconf 91' lang='lat' dir='ltr'><strong>saltem</strong></span> <span class='ocrx_word' id='word_1_734' title='bbox 1344 5486 1447 5533; x_wconf 84' lang='lat' dir='ltr'><strong>tam</strong></span> <span class='ocrx_word' id='word_1_735' title='bbox 1470 5479 1609 5546; x_wconf 88' lang='lat' dir='ltr'><strong>cito;</strong></span> <span class='ocrx_word' id='word_1_736' title='bbox 1640 5477 1752 5534; x_wconf 88' lang='lat' dir='ltr'><strong>sola</strong></span> 
     </span>
    </p>
   </div>
   <div class='ocr_carea' id='block_1_102' title="bbox 272 5672 925 5742">
    <p class='ocr_par' dir='ltr' id='par_1_102' title="bbox 272 5672 925 5742">
     <span class='ocr_line' id='line_1_102' title="bbox 272 5672 925 5742; baseline 0.005 -16"><span class='ocrx_word' id='word_1_737' title='bbox 272 5672 342 5742; x_wconf 72' lang='grc' dir='ltr'><strong>(ε)</strong></span> <span class='ocrx_word' id='word_1_738' title='bbox 380 5672 471 5742; x_wconf 82' lang='lat' dir='ltr'><strong>Ep.</strong></span> <span class='ocrx_word' id='word_1_739' title='bbox 496 5673 621 5737; x_wconf 75' lang='lat'><strong>25!,</strong></span> <span class='ocrx_word' id='word_1_740' title='bbox 652 5690 705 5728; x_wconf 83' lang='grc' dir='ltr'><strong>η.</strong></span> <span class='ocrx_word' id='word_1_741' title='bbox 738 5672 775 5727; x_wconf 83' lang='lat' dir='ltr'><strong>s</strong></span> <span class='ocrx_word' id='word_1_742' title='bbox 798 5683 850 5729; x_wconf 85' lang='lat' dir='ltr'><strong>et</strong></span> <span class='ocrx_word' id='word_1_743' title='bbox 874 5676 925 5731; x_wconf 70' lang='grc' dir='ltr'><strong>δ.</strong></span> 
     </span>
    </p>
   </div>
   <div class='ocr_carea' id='block_1_103' title="bbox 274 5742 1327 5814">
    <p class='ocr_par' dir='ltr' id='par_1_103' title="bbox 274 5742 1327 5814">
     <span class='ocr_line' id='line_1_103' title="bbox 274 5742 1327 5814; baseline 0.008 -20"><span class='ocrx_word' id='word_1_744' title='bbox 274 5745 342 5809; x_wconf 86' lang='lat' dir='ltr'><strong>(b)</strong></span> <span class='ocrx_word' id='word_1_745' title='bbox 379 5742 471 5812; x_wconf 76' lang='lat' dir='ltr'><strong>Bp.</strong></span> <span class='ocrx_word' id='word_1_746' title='bbox 503 5744 709 5814; x_wconf 54' lang='lat'><strong>254,”.</strong></span> <span class='ocrx_word' id='word_1_747' title='bbox 741 5745 775 5797; x_wconf 69' lang='grc'>6</span> <span class='ocrx_word' id='word_1_748' title='bbox 802 5762 817 5808; x_wconf 85' lang='grc'><strong>;</strong></span> <span class='ocrx_word' id='word_1_749' title='bbox 848 5761 929 5813; x_wconf 80' lang='lat' dir='ltr'><strong>ep.</strong></span> <span class='ocrx_word' id='word_1_750' title='bbox 965 5746 1159 5814; x_wconf 62' lang='lat' dir='ltr'><strong>251m.</strong></span> <span class='ocrx_word' id='word_1_751' title='bbox 1194 5745 1249 5813; x_wconf 66' lang='grc' dir='ltr'><strong>ἰ,</strong></span> <span class='ocrx_word' id='word_1_752' title='bbox 1273 5748 1327 5802; x_wconf 81' lang='lat'><strong>5.</strong></span> 
     </span>
    </p>
   </div>
   <div class='ocr_carea' id='block_1_104' title="bbox 277 5812 1024 5879">
    <p class='ocr_par' dir='ltr' id='par_1_104' title="bbox 277 5812 1024 5879">
     <span class='ocr_line' id='line_1_104' title="bbox 277 5812 1024 5879; baseline 0.004 -15"><span class='ocrx_word' id='word_1_753' title='bbox 277 5817 341 5873; x_wconf 85' lang='lat' dir='ltr'><strong>lc)</strong></span> <span class='ocrx_word' id='word_1_754' title='bbox 380 5814 472 5879; x_wconf 62' lang='grc' dir='ltr'><strong>εν.</strong></span> <span class='ocrx_word' id='word_1_755' title='bbox 497 5815 585 5867; x_wconf 72' lang='lat'><strong>26.</strong></span> <span class='ocrx_word' id='word_1_756' title='bbox 625 5812 755 5869; x_wconf 70' lang='lat' dir='ltr'><strong>Vide</strong></span> <span class='ocrx_word' id='word_1_757' title='bbox 778 5812 916 5867; x_wconf 78' lang='lat' dir='ltr'><strong>orat.</strong></span> <span class='ocrx_word' id='word_1_758' title='bbox 936 5816 1024 5869; x_wconf 72' lang='lat'><strong>‘20.</strong></span> 
     </span>
    </p>
   </div>
   <div class='ocr_carea' id='block_1_105' title="bbox 1860 4640 3418 4713">
    <p class='ocr_par' dir='ltr' id='par_1_105' title="bbox 1860 4640 3418 4713">
     <span class='ocr_line' id='line_1_105' title="bbox 1860 4640 3418 4713; baseline -0.008 -9"><span class='ocrx_word' id='word_1_759' title='bbox 1860 4648 1995 4713; x_wconf 90' lang='lat' dir='ltr'><strong>deri,</strong></span> <span class='ocrx_word' id='word_1_760' title='bbox 2029 4647 2120 4701; x_wconf 90' lang='lat' dir='ltr'><strong>sed</strong></span> <span class='ocrx_word' id='word_1_761' title='bbox 2152 4647 2402 4701; x_wconf 90' lang='lat' dir='ltr'><strong>omnibus</strong></span> <span class='ocrx_word' id='word_1_762' title='bbox 2428 4645 2749 4701; x_wconf 85' lang='lat' dir='ltr'><strong>Christianis</strong></span> <span class='ocrx_word' id='word_1_763' title='bbox 2772 4644 2871 4697; x_wconf 91' lang='lat' dir='ltr'><strong>hoc</strong></span> <span class='ocrx_word' id='word_1_764' title='bbox 2899 4657 3165 4696; x_wconf 90' lang='lat' dir='ltr'><strong>summum</strong></span> <span class='ocrx_word' id='word_1_765' title='bbox 3189 4640 3418 4695; x_wconf 78' lang='lat' dir='ltr'><strong>felicita-</strong></span> 
     </span>
    </p>
   </div>
   <div class='ocr_carea' id='block_1_106' title="bbox 1861 4731 3418 4809">
    <p class='ocr_par' dir='ltr' id='par_1_106' title="bbox 1861 4731 3418 4809">
     <span class='ocr_line' id='line_1_106' title="bbox 1861 4731 3418 4809; baseline -0.005 -13"><span class='ocrx_word' id='word_1_766' title='bbox 1861 4741 1931 4796; x_wconf 91' lang='lat' dir='ltr'><strong>tis</strong></span> <span class='ocrx_word' id='word_1_767' title='bbox 1961 4753 2103 4801; x_wconf 86' lang='lat' dir='ltr'><strong>csse,</strong></span> <span class='ocrx_word' id='word_1_768' title='bbox 2140 4739 2185 4791; x_wconf 89' lang='lat' dir='ltr'><strong>si</strong></span> <span class='ocrx_word' id='word_1_769' title='bbox 2222 4739 2348 4808; x_wconf 89' lang='lat' dir='ltr'><strong>quid</strong></span> <span class='ocrx_word' id='word_1_770' title='bbox 2396 4755 2492 4809; x_wconf 91' lang='lat' dir='ltr'><strong>pro</strong></span> <span class='ocrx_word' id='word_1_771' title='bbox 2542 4740 2641 4793; x_wconf 91' lang='lat' dir='ltr'><strong>hac</strong></span> <span class='ocrx_word' id='word_1_772' title='bbox 2695 4750 2789 4804; x_wconf 90' lang='lat' dir='ltr'><strong>spe</strong></span> <span class='ocrx_word' id='word_1_773' title='bbox 2838 4736 3210 4804; x_wconf 89' lang='lat' dir='ltr'><strong>gravissimum</strong></span> <span class='ocrx_word' id='word_1_774' title='bbox 3248 4731 3418 4802; x_wconf 51' lang='lat' dir='ltr'><strong>peric.</strong></span> 
     </span>
    </p>
   </div>
   <div class='ocr_carea' id='block_1_107' title="bbox 1862 4827 3417 4897">
    <p class='ocr_par' dir='ltr' id='par_1_107' title="bbox 1862 4827 3417 4897">
     <span class='ocr_line' id='line_1_107' title="bbox 1862 4827 3417 4897; baseline -0.008 -10"><span class='ocrx_word' id='word_1_775' title='bbox 1862 4840 2001 4887; x_wconf 90' lang='lat' dir='ltr'><strong>rant.</strong></span> <span class='ocrx_word' id='word_1_776' title='bbox 2038 4829 2218 4885; x_wconf 82' lang='lat' dir='ltr'><strong>Basilii</strong></span> <span class='ocrx_word' id='word_1_777' title='bbox 2248 4832 2543 4886; x_wconf 87' lang='lat' dir='ltr'><strong>constantia</strong></span> <span class='ocrx_word' id='word_1_778' title='bbox 2583 4828 2641 4881; x_wconf 84' lang='lat' dir='ltr'><strong>lit</strong></span> <span class='ocrx_word' id='word_1_779' title='bbox 2670 4829 2934 4897; x_wconf 74' lang='lat' dir='ltr'><strong>qumdam,</strong></span> <span class='ocrx_word' id='word_1_780' title='bbox 2969 4827 3113 4882; x_wconf 86' lang='lat' dir='ltr'><strong>velut</strong></span> <span class='ocrx_word' id='word_1_781' title='bbox 3144 4828 3195 4880; x_wconf 93' lang='lat' dir='ltr'><strong>itt</strong></span> <span class='ocrx_word' id='word_1_782' title='bbox 3235 4840 3417 4886; x_wconf 86' lang='lat' dir='ltr'><strong>scena,</strong></span> 
     </span>
    </p>
   </div>
   <div class='ocr_carea' id='block_1_108' title="bbox 1860 4913 3418 4996">
    <p class='ocr_par' dir='ltr' id='par_1_108' title="bbox 1860 4913 3418 4996">
     <span class='ocr_line' id='line_1_108' title="bbox 1860 4913 3418 4996; baseline -0.006 -18"><span class='ocrx_word' id='word_1_783' title='bbox 1860 4938 2208 4996; x_wconf 89' lang='lat' dir='ltr'><strong>personarum</strong></span> <span class='ocrx_word' id='word_1_784' title='bbox 2261 4920 2587 4985; x_wconf 83' lang='lat' dir='ltr'><strong>immutatio,</strong></span> <span class='ocrx_word' id='word_1_785' title='bbox 2625 4934 2689 4975; x_wconf 90' lang='lat' dir='ltr'><strong>ac</strong></span> <span class='ocrx_word' id='word_1_786' title='bbox 2731 4922 3017 4974; x_wconf 89' lang='lat' dir='ltr'><strong>mitescens</strong></span> <span class='ocrx_word' id='word_1_787' title='bbox 3046 4918 3325 4987; x_wconf 63' lang='lat' dir='ltr'><strong>praefectus</strong></span> <span class='ocrx_word' id='word_1_788' title='bbox 3350 4913 3418 4968; x_wconf 87' lang='lat' dir='ltr'><strong>ad</strong></span> 
     </span>
    </p>
   </div>
   <div class='ocr_carea' id='block_1_109' title="bbox 1860 5010 3417 5072">
    <p class='ocr_par' dir='ltr' id='par_1_109' title="bbox 1860 5010 3417 5072">
     <span class='ocr_line' id='line_1_109' title="bbox 1860 5010 3417 5072; baseline -0.005 0"><span class='ocrx_word' id='word_1_789' title='bbox 1860 5015 2236 5072; x_wconf 90' lang='lat' dir='ltr'><strong>blandieudum</strong></span> <span class='ocrx_word' id='word_1_790' title='bbox 2261 5024 2316 5068; x_wconf 92' lang='lat' dir='ltr'><strong>et</strong></span> <span class='ocrx_word' id='word_1_791' title='bbox 2361 5014 2744 5068; x_wconf 83' lang='lat' dir='ltr'><strong>assentandum</strong></span> <span class='ocrx_word' id='word_1_792' title='bbox 2787 5013 3135 5068; x_wconf 91' lang='lat' dir='ltr'><strong>convertitur.</strong></span> <span class='ocrx_word' id='word_1_793' title='bbox 3165 5010 3417 5065; x_wconf 86' lang='lat' dir='ltr'><strong>Basilitnn</strong></span> 
     </span>
    </p>
   </div>
   <div class='ocr_carea' id='block_1_110' title="bbox 1860 5105 3421 5177">
    <p class='ocr_par' dir='ltr' id='par_1_110' title="bbox 1860 5105 3421 5177">
     <span class='ocr_line' id='line_1_110' title="bbox 1860 5105 3421 5177; baseline -0.006 -12"><span class='ocrx_word' id='word_1_794' title='bbox 1860 5116 2034 5177; x_wconf 82' lang='lat' dir='ltr'><strong>regat,</strong></span> <span class='ocrx_word' id='word_1_795' title='bbox 2072 5118 2131 5162; x_wconf 92' lang='lat' dir='ltr'><strong>ut</strong></span> <span class='ocrx_word' id='word_1_796' title='bbox 2161 5123 2227 5161; x_wconf 90' lang='lat' dir='ltr'><strong>ne</strong></span> <span class='ocrx_word' id='word_1_797' title='bbox 2261 5108 2469 5162; x_wconf 81' lang='lat' dir='ltr'><strong>modica</strong></span> <span class='ocrx_word' id='word_1_798' title='bbox 2501 5108 2572 5161; x_wconf 93' lang='lat' dir='ltr'><strong>illi</strong></span> <span class='ocrx_word' id='word_1_799' title='bbox 2608 5117 2661 5161; x_wconf 92' lang='lat' dir='ltr'><strong>et</strong></span> <span class='ocrx_word' id='word_1_800' title='bbox 2702 5105 3091 5160; x_wconf 88' lang='lat' dir='ltr'><strong>contemnenda</strong></span> <span class='ocrx_word' id='word_1_801' title='bbox 3124 5119 3209 5159; x_wconf 91' lang='lat' dir='ltr'><strong>res</strong></span> <span class='ocrx_word' id='word_1_802' title='bbox 3241 5105 3421 5157; x_wconf 85' lang='lat' dir='ltr'><strong>videa-</strong></span> 
     </span>
    </p>
   </div>
   <div class='ocr_carea' id='block_1_111' title="bbox 1862 5196 3418 5270">
    <p class='ocr_par' dir='ltr' id='par_1_111' title="bbox 1862 5196 3418 5270">
     <span class='ocr_line' id='line_1_111' title="bbox 1862 5196 3418 5270; baseline -0.005 -15"><span class='ocrx_word' id='word_1_803' title='bbox 1862 5210 1967 5263; x_wconf 92' lang='lat' dir='ltr'><strong>tur,</strong></span> <span class='ocrx_word' id='word_1_804' title='bbox 2002 5212 2254 5269; x_wconf 84' lang='lat' dir='ltr'><strong>maguum</strong></span> <span class='ocrx_word' id='word_1_805' title='bbox 2307 5214 2491 5270; x_wconf 86' lang='lat' dir='ltr'><strong>regem</strong></span> <span class='ocrx_word' id='word_1_806' title='bbox 2546 5199 2683 5268; x_wconf 89' lang='lat' dir='ltr'><strong>plebi</strong></span> <span class='ocrx_word' id='word_1_807' title='bbox 2717 5212 2825 5254; x_wconf 70' lang='lat' dir='ltr'><strong>suae</strong></span> <span class='ocrx_word' id='word_1_808' title='bbox 2855 5197 3168 5267; x_wconf 89' lang='lat' dir='ltr'><strong>permistutn</strong></span> <span class='ocrx_word' id='word_1_809' title='bbox 3200 5196 3418 5257; x_wconf 85' lang='lat' dir='ltr'><strong>habere,</strong></span> 
     </span>
    </p>
   </div>
   <div class='ocr_carea' id='block_1_112' title="bbox 1860 5286 3421 5362">
    <p class='ocr_par' dir='ltr' id='par_1_112' title="bbox 1860 5286 3421 5362">
     <span class='ocr_line' id='line_1_112' title="bbox 1860 5286 3421 5362; baseline -0.006 -15"><span class='ocrx_word' id='word_1_810' title='bbox 1860 5293 2081 5361; x_wconf 85' lang='lat' dir='ltr'><strong>ejusque</strong></span> <span class='ocrx_word' id='word_1_811' title='bbox 2124 5293 2437 5362; x_wconf 83' lang='lat' dir='ltr'><strong>magistrum</strong></span> <span class='ocrx_word' id='word_1_812' title='bbox 2469 5292 2581 5345; x_wconf 89' lang='lat' dir='ltr'><strong>ticri</strong></span> <span class='ocrx_word' id='word_1_813' title='bbox 2609 5307 2624 5359; x_wconf 90' lang='lat'><strong>;</strong></span> <span class='ocrx_word' id='word_1_814' title='bbox 2653 5300 2705 5345; x_wconf 92' lang='lat' dir='ltr'><strong>et</strong></span> <span class='ocrx_word' id='word_1_815' title='bbox 2738 5304 2856 5343; x_wconf 89' lang='lat' dir='ltr'><strong>cum</strong></span> <span class='ocrx_word' id='word_1_816' title='bbox 2886 5289 2989 5343; x_wconf 89' lang='lat' dir='ltr'><strong>hoc</strong></span> <span class='ocrx_word' id='word_1_817' title='bbox 3024 5286 3273 5356; x_wconf 89' lang='lat' dir='ltr'><strong>consequi</strong></span> <span class='ocrx_word' id='word_1_818' title='bbox 3299 5300 3421 5355; x_wconf 84' lang='lat' dir='ltr'><strong>pos-</strong></span> 
     </span>
    </p>
   </div>
   <div class='ocr_carea' id='block_1_113' title="bbox 1858 5380 3417 5452">
    <p class='ocr_par' dir='ltr' id='par_1_113' title="bbox 1858 5380 3417 5452">
     <span class='ocr_line' id='line_1_113' title="bbox 1858 5380 3417 5452; baseline -0.007 -13"><span class='ocrx_word' id='word_1_819' title='bbox 1858 5386 1929 5439; x_wconf 90' lang='lat' dir='ltr'><strong>sit</strong></span> <span class='ocrx_word' id='word_1_820' title='bbox 1963 5383 2075 5440; x_wconf 90' lang='lat' dir='ltr'><strong>sola</strong></span> <span class='ocrx_word' id='word_1_821' title='bbox 2107 5386 2580 5441; x_wconf 87' lang='lat' dir='ltr'><strong>consubstantialis</strong></span> <span class='ocrx_word' id='word_1_822' title='bbox 2611 5398 2739 5439; x_wconf 82' lang='lat' dir='ltr'><strong>voce</strong></span> <span class='ocrx_word' id='word_1_823' title='bbox 2777 5399 2839 5440; x_wconf 78' lang='lat' dir='ltr'><strong>es</strong></span> <span class='ocrx_word' id='word_1_824' title='bbox 2877 5380 3117 5452; x_wconf 83' lang='lat' dir='ltr'><strong>symbolo</strong></span> <span class='ocrx_word' id='word_1_825' title='bbox 3157 5381 3417 5440; x_wconf 84' lang='lat' dir='ltr'><strong>detracta,</strong></span> 
     </span>
    </p>
   </div>
   <div class='ocr_carea' id='block_1_114' title="bbox 1858 5470 3425 5551">
    <p class='ocr_par' dir='ltr' id='par_1_114' title="bbox 1858 5470 3425 5551">
     <span class='ocr_line' id='line_1_114' title="bbox 1858 5470 3425 5551; baseline -0.002 -20"><span class='ocrx_word' id='word_1_826' title='bbox 1858 5478 2001 5547; x_wconf 83' lang='lat' dir='ltr'><strong>quod</strong></span> <span class='ocrx_word' id='word_1_827' title='bbox 2030 5494 2192 5534; x_wconf 89' lang='lat' dir='ltr'><strong>unum</strong></span> <span class='ocrx_word' id='word_1_828' title='bbox 2222 5484 2451 5551; x_wconf 87' lang='lat' dir='ltr'><strong>postulat</strong></span> <span class='ocrx_word' id='word_1_829' title='bbox 2479 5482 2803 5551; x_wconf 87' lang='lat' dir='ltr'><strong>imperator,</strong></span> <span class='ocrx_word' id='word_1_830' title='bbox 2833 5476 3052 5531; x_wconf 85' lang='lat' dir='ltr'><strong>minime</strong></span> <span class='ocrx_word' id='word_1_831' title='bbox 3096 5480 3278 5531; x_wconf 88' lang='lat' dir='ltr'><strong>contra</strong></span> <span class='ocrx_word' id='word_1_832' title='bbox 3306 5470 3425 5541; x_wconf 80' lang='lat' dir='ltr'><strong>ejus</strong></span> 
     </span>
    </p>
   </div>
   <div class='ocr_carea' id='block_1_115' title="bbox 1930 5676 2329 5817">
    <p class='ocr_par' dir='ltr' id='par_1_115' title="bbox 1930 5676 2329 5817">
     <span class='ocr_line' id='line_1_115' title="bbox 1930 5676 2329 5817; baseline 0.015 -20"><span class='ocrx_word' id='word_1_833' title='bbox 1930 5676 2008 5817; x_wconf 67' lang='lat'><strong>:2;</strong></span> <span class='ocrx_word' id='word_1_834' title='bbox 2042 5676 2329 5803; x_wconf 57' lang='lat' dir='ltr'><strong>licet}</strong></span> 
     </span>
    </p>
   </div>
  </div>
