4214 6488
794 416 1002 458 ιιιυῐιι

2145 403 2677 460 PROLEGOMENA.

792 526 1125 577 voluntatem
1176 524 1372 577 veniat.
1424 525 1505 579 Ad
1542 526 1655 581 haec
1694 526 1943 591 Basilius,
1983 542 2235 597 magnum
2262 526 2362 581 sibi
2392 532 2436 587 Α
2466 528 2613 582 illum
2642 530 2954 597 compellans
2990 531 3241 599 (nondum
3271 531 3406 582 cnim
3448 546 3561 583 eum
3595 530 3885 596 episcopum
3923 549 4007 583 vo—

792 624 843 665 et
883 614 1268 681 peroptandum
1334 617 1524 679 videri,
1562 628 1618 671 ut
1654 620 1947 686 imperator
1996 619 2250 674 Ecclesiae
2291 621 2361 675 sit

792 706 1104 772 particeps:
1143 722 1391 772 tnagnum
1448 710 1587 761 enim
1647 711 1896 777 quiddam
1946 724 2065 764 esse
2124 711 2358 765 animam

793 791 1023 855 salvare,
1062 811 1166 847 non
1203 798 1357 849 tnodo
1387 798 1748 866 imperatoris,
1771 802 1862 853 sed
1886 802 2045 854 etiam
2076 800 2360 869 cujuslibet

790 878 1042 938 itomiuis.
1070 884 1174 940 Sed
1209 896 1414 941 tantum
1452 890 1660 953 abesse,
1694 903 1751 944 ut
1792 892 1910 945 fidei
1940 892 2182 947 formulae
2208 896 2361 963 quid—

791 990 949 1041 quam
976 977 1173 1031 addere
1223 980 1349 1032 velit
1402 995 1495 1034 aut
1526 982 1827 1045 detrahere,
1870 994 1925 1036 ut
1955 999 2020 1038 ne
2049 985 2222 1053 ipsum
2248 986 2361 1053 qni~

792 1068 909 1118 dem
954 1069 1193 1122 ordinem
1240 1087 1423 1125 eorum
1486 1090 1603 1139 qua:
1640 1077 1837 1144 Scripta
1891 1085 2032 1136 sunt,
2086 1073 2357 1129 immutari

790 1161 1047 1227 patiatur.
1086 1160 1277 1217 Narrat
1297 1165 1486 1219 deinde
1502 1166 1774 1236 Nysseuus
1798 1168 1938 1221 aliud
1969 1168 2144 1221 Basilii
2186 1180 2359 1224 certa-

790 1268 911 1305 men
958 1269 1075 1306 eum
1137 1271 1431 1324 coquorum
1498 1262 1780 1328 μηδι)οείιο
1822 1260 2197 1325 Demosthene,
2243 1263 2354 1330 qui,

790 1356 1006 1412 accepta
1036 1363 1063 1398 a
1090 1346 1311 1402 Valente
1346 1351 1443 1403 hac
1468 1353 1762 1419 provincia,
1785 1352 2040 1405 Basiliam
2070 1354 2357 1408 vehemen-

792 1437 897 1489 tius
945 1453 1229 1507 aggressus
1266 1451 1378 1505 est,
1436 1454 1696 1511 pra-sonte
1737 1460 1923 1497 rursus
1963 1445 2231 1511 pra-lecto,
2264 1446 2354 1499 sed

790 1528 957 1580 nihilo
999 1531 1166 1597 magis
1211 1536 1495 1600 promovit.
1544 1536 1743 1589 Aderat
1783 1536 1905 1588 lmic
1948 1538 2226 1589 certamini
2257 1539 2355 1590 im-

788 1620 908 1687 pius
952 1622 1165 1689 quidam
1207 1640 1270 1679 ex
1327 1626 1567 1695 Illyrico,
1602 1643 1760 1693 quem
1817 1627 2088 1681 Valentem
2140 1628 2352 1682 Mursia:

788 1725 908 1764 esse
958 1715 1262 1782 suspicatur
1308 1718 1697 1772 'l‘illemontius.
1732 1718 1843 1773 Non
1898 1722 2016 1773 sine
2072 1722 2253 1790 lepore
2282 1723 2357 1775 ait

788 1799 1253 1875 Nazianzenusla)
1288 1809 1428 1862 hunc
1466 1810 1893 1877 Demosthenem,
1925 1828 2045 1867 eum
2075 1816 2206 1869 artis
2247 1830 2355 1868 sua:

786 1893 991 1959 gladios
1012 1897 1321 1961 minaretur,
1341 1914 1368 1951 a
1396 1899 1589 1955 Basilio
1612 1902 1675 1956 ad
1707 1903 1880 1971 ignem
1907 1904 2005 1972 ipsi
2034 1902 2353 1959 convenien-

790 1992 893 2035 tem
926 1988 1295 2041 transmissum
1328 1990 1511 2043 fuisse.

857 2075 1007 2129 Nam:
1057 2080 1211 2133 nobis
1258 2083 1552 2137 audiendus
1616 2083 1907 2155 Gregorius
1968 2085 2352 2151 Nazianzenus,

787 2168 877 2233 qui
906 2170 1155 2222 otuuibus
1182 2172 1339 2225 rebus
1360 2175 1519 2241 gestis
1541 2175 1775 2229 interfuit
1794 2176 1889 2247 (b).
1912 2176 2105 2231 Narrat
2129 2180 2239 2247 ipse
2263 2180 2355 2233 ad-

786 2261 957 2315 fuisse
986 2276 1043 2315 se
1071 2271 1124 2316 et
1153 2264 1404 2328 audiisse,
1442 2284 1561 2320 cum
1590 2268 1820 2323 Basilius
1851 2286 1972 2323 eum
2006 2270 2223 2326 Valente
2254 2272 2353 2327 ile-

785 2368 903 2405 rum
940 2355 989 2406 in
1035 2355 1314 2409 ecclesiam
1350 2359 1592 2412 veniente
1630 2359 1923 2414 collocutus
1968 2375 2068 2416 est.
2121 2364 2268 2428 Quod
2309 2365 2351 2417 si

786 2444 924 2495 idem
966 2444 1033 2497 de
1083 2447 1291 2499 caeteris
1335 2450 1494 2501 rebus
1541 2466 1643 2503 nor.
1675 2451 1836 2515 dicit,
1866 2468 1970 2505 non
2002 2453 2202 2509 idcirco
2234 2470 2351 2510 cre-

784 2533 993 2588 dendus
1020 2546 1099 2589 est
1127 2537 1378 2590 abfuisse.
1411 2538 1542 2591 Nam
1569 2556 1687 2593 cum
1720 2542 1899 2596 Basilii
1930 2558 2206 2598 sermones
2234 2560 2352 2597 cum

788 2623 1011 2680 Valente
1042 2641 1145 2679 non
1175 2627 1407 2693 referat,
1454 2628 1544 2681 sed
1575 2631 1844 2685 mirabiles
1875 2648 1937 2685 ac
1967 2635 2356 2700 quodammodo

786 2714 996 2769 divinos
1042 2714 1209 2770 fui~se
1242 2727 1508 2771 assereret
1536 2758 1549 2781 ,
1585 2720 1773 2773 merito
1804 2720 2035 2773 adfuisse
2064 2736 2121 2775 se
2154 2734 2352 2788 lllOllel,

784 2812 844 2857 ut
869 2807 1171 2861 testimonio
1193 2810 1357 2861 robur
1386 2810 1567 2862 addat.
1609 2816 1679 2863 At
1721 2810 1906 2863 eadem
1949 2814 2127 2865 cautio
2171 2829 2355 2867 net-es-

784 2896 928 2948 saria
967 2912 1072 2950 non
1123 2898 1222 2951 fuit
1265 2900 1314 2952 in
1366 2902 1660 2955 referendis
1708 2900 1889 2956 Basilii
1936 2920 2056 2956 cum
2104 2905 2355 2971 priel‘ecto

785 2987 1145 3040 sermonibus.
1190 2989 1369 3052 Quare
1430 3006 1547 3043 cum
1591 2991 1881 3060 Gregorius
1922 2995 2258 3061 promis-isset
2298 3011 2353 3049 se

784 3092 1093 3145 venturum,
1124 3098 1229 3134 non
1259 3081 1411 3135 video
1432 3098 1529 3135 cur
1560 3086 1739 3136 statim
1776 3101 1876 3137 non
1912 3089 2133 3139 venerit.
2179 3088 2354 3142 Morus

784 3174 859 3227 illi
889 3175 1131 3228 morbum
1181 3175 1367 3229 matris
1396 3174 1639 3230 attulisse
1676 3186 1825 3244 putat
1866 3176 2265 3243 'l‘illemontitts,
2302 3192 2354 3233 et

783 3266 849 3318 ad
882 3266 932 3318 ἰιί
965 3274 1172 3335 tempus
1204 3267 1367 3321 refert
1391 3280 1637 3336 quartam
1668 3268 1808 3323 illius
1832 3269 2134 3336 epistolam,
2169 3270 2219 3322 in
2249 3286 2352 3340 qua

787 3360 928 3410 hunc
958 3359 1145 3410 matris
1180 3359 1420 3433 mqrbum
1449 3371 1690 3425 excusat,
1718 3378 1813 3416 cur
1837 3380 1867 3417 a
1904 3362 2104 3417 Basilio
2137 3376 2354 3419 vocatus

786 3464 891 3501 non
921 3457 1187 3500 occurrat.
1224 3446 1326 3503 Sed
1361 3450 1507 3504 valde
1537 3452 1725 3505 dubito
1776 3469 1841 3504 an
1878 3454 2003 3507 huic
2044 3454 2222 3507 Basilii
2270 3458 2353 3509 vel

786 3541 961 3606 potius
1005 3539 1253 3593 liet'lesitc
1291 3544 1513 3609 tempori
1561 3544 1804 3595 morbum
1858 3547 2043 3597 matris
2092 3549 2355 3612 prtetnlis-

786 3639 886 3685 set.
941 3630 1205 3683 l’rzetcrea
1261 3634 1393 3685 nihil
1429 3634 1589 3687 habet
1618 3636 1727 3687 haec
1755 3633 1980 3701 epistola
2007 3636 2071 3687 de
2102 3637 2355 3701 gratissi—

786 3724 889 3773 nais
916 3722 1161 3775 veniendi
1209 3724 1415 3789 causis,
1471 3724 1603 3777 nihil
1649 3724 1714 3778 de
1752 3725 2029 3793 promissis
2068 3724 2352 3795 Gregorii:

788 3815 884 3866 sed
918 3831 1167 3883 magutnn
1220 3817 1489 3884 significat
1525 3817 1735 3870 videndi
1786 3817 1966 3871 Basilii
2012 3817 2352 3880 desiderium,

787 3906 873 3957 eui
906 3905 1305 3959 satisfacturum
1340 3924 1398 3961 se
1434 3908 1583 3973 dicit,
1614 3909 1655 3961 si
1689 3908 1870 3962 Basilii
1911 3909 2159 3976 precibus
2190 3920 2359 3963 mater

790 4005 1026 4046 sanetur.
1059 3997 1233 4058 Quare
1264 3997 1375 4049 bare
1406 3997 1626 4064 epistola
1656 3997 1721 4051 ad
1768 3998 1909 4051 aliud
1938 4007 2144 4066 tempus
2189 4000 2354 4067 perti-

791 4095 903 4147 net,
942 4094 994 4135 et
1039 4100 1157 4153 qua:
1183 4082 1474 4152 Gregorius
1508 4089 1689 4151 refert,
1733 4102 1794 4139 ea
1832 4088 2049 4141 auribus
2080 4093 2189 4142 suis
2222 4091 2356 4143 hau-

788 4177 924 4231 sisse
953 4178 1250 4231 censendus
1291 4187 1391 4231 est.
1427 4177 1631 4231 idcirco
1681 4177 1945 4247 prolixum
1990 4194 2052 4231 ex
2091 4180 2205 4248 ejus
2236 4197 2355 4233 ora-

791 4268 934 4320 tione
965 4269 1210 4321 vicesima
1241 4269 1413 4322 locum
1438 4270 1523 4323 hic
1548 4284 1875 4339 apponemus
1900 4286 1911 4320 :
1938 4269 2099 4321 Ercni
2123 4272 2350 4334 tandem,

790 4359 981 4426 inquit,
1021 4360 1312 4428 incognitus
1348 4361 1435 4413 ille
1487 4371 1582 4425 est,
1640 4363 1730 4429 qui
1775 4372 1884 4413 tum
1918 4362 2056 4427 apud
2106 4376 2195 4413 nos
2222 4377 2355 4426 prce.

788 4452 907 4519 fecti
942 4468 1150 4505 munere
1175 4454 1505 4521 fungebatur,
1553 4471 1668 4506 cum
1705 4465 1887 4522 suapte
1914 4455 2139 4507 audacia
2170 4453 2351 4505 adrer-

2460 633 2581 671 care
2628 619 2963 689 dignabatur)
2998 630 3053 672 ut
3090 629 3232 673 tanto
3288 621 3586 687 imperatori
3625 621 3869 674 obsistere
3918 640 4009 675 au-

2460 707 2603 772 deas,
2633 715 2873 777 solusque
2889 710 3119 763 omnium
3143 712 3512 764 contumaciter
3542 722 3589 764 te
3622 713 3813 780 geras?
3843 710 4013 775 Quor-

2459 813 2593 863 sum,
2630 801 2891 867 respondit
2924 800 3184 864 Basilius,
3220 803 3327 855 litvo
3352 804 3518 854 oratio
3556 812 3771 867 spectat,
3795 814 3841 855 et
3874 820 4011 867 quir-

2462 904 2578 941 nam
2628 890 2736 943 Ita'c
2779 893 3108 945 contumacia
3161 902 3206 945 et
3236 895 3578 959 arrogantia?
3611 894 3839 947 nondum
3878 896 4011 947 enim

2460 981 2513 1031 id
2538 982 2664 1035 satis
2701 984 2953 1053 intelligo.
2999 984 3289 1050 Quoniam,
3333 985 3496 1051 inquit
3531 986 3645 1050 ille,
3684 988 4011 1051 imperatoris

2462 1070 2755 1140 religionem
2793 1076 3003 1127 minime
3042 1076 3190 1140 colis,
3226 1078 3462 1129 omnibus
3502 1078 3621 1129 aliis
3647 1079 3761 1144 jam
3794 1079 3993 1130 inclina

2460 1162 2524 1215 tis
2556 1179 2615 1213 ac
2643 1168 2915 1226 superatis.
2947 1164 3065 1219 Non
3090 1169 3249 1232 enim,
3278 1169 3445 1236 inquit
3477 1168 3726 1231 Basilius,
3761 1170 3873 1222 lia'c
3908 1170 4009 1219 ruli

2461 1256 2740 1320 imperator
2788 1272 2929 1309 meus
2983 1274 3000 1311 :
3052 1273 3139 1310 nec
3176 1274 3280 1309 rem
3314 1259 3474 1310 nllant
3520 1268 3746 1311 creatam
3793 1262 4013 1311 adorare

2458 1347 2709 1408 sustineo,
2732 1364 2846 1398 cum
2871 1361 2915 1400 et
2944 1351 3046 1417 ipse
3074 1367 3105 1401 a
3134 1349 3236 1402 Deo
3258 1361 3463 1403 creatus
3505 1350 3599 1403 sint
3620 1391 3633 1413 ,
3660 1362 3704 1403 ct
3740 1352 3866 1402 deus
3906 1367 4013 1404 esse

2448 1439 2657 1509 jubcar.
2692 1440 2801 1493 Nos
2835 1458 2970 1508 vero,
2998 1444 3159 1511 inquit
3197 1445 3303 1505 ille,
3336 1445 3460 1513 quid
3492 1446 3697 1497 tandem
3740 1445 3833 1497 tibi
3878 1445 4013 1497 ride~

2457 1533 2612 1583 mur?
2645 1531 2795 1584 Nihil
2830 1550 2976 1597 sane,
3024 1534 3183 1601 inquit
3217 1534 3471 1593 Basilius.
3504 1537 3626 1587 dum
3662 1538 3769 1588 [nec
3796 1537 4011 1604 jubetis.

2455 1622 2563 1691 Age
2615 1638 2761 1685 vero,
2808 1624 2972 1680 inquit
3003 1623 3112 1688 ille,
3154 1641 3253 1676 non
3298 1642 3540 1693 magnum
3586 1635 3633 1679 ct
3674 1625 3941 1692 honorifict
3967 1642 4013 1679 \tt

2454 1715 2719 1767 existimas
2765 1715 2833 1766 ad
2875 1724 3079 1767 nostra:
3115 1726 3286 1782 partes
3326 1718 3564 1784 adjungi,
3610 1720 3876 1787 sociosque
3923 1735 4012 1771 nos

2454 1806 2683 1861 habere?
2724 1806 2803 1859 Ad
2845 1805 2954 1858 Ita-c
3010 1804 3237 1857 Basilius
3285 1820 3301 1856 :
3370 1802 3472 1857 Vos
3530 1808 3733 1873 quidem
3782 1809 4013 1874 prarfecti

2455 1899 2671 1963 estis,ct
2710 1899 2917 1965 quidem
2968 1896 3229 1958 illustres,
3283 1912 3383 1947 non
3433 1895 3636 1960 inficias
3695 1913 3773 1958 co,
3808 1898 4014 1951 minime

2458 2003 2626 2044 tamen
2672 1992 2777 2045 Dco
2823 1993 3229 2059 pratstantiores.
3275 1987 3457 2042 Socios
3498 1999 3667 2040 autem
3716 2005 3801 2041 vos
3831 1989 4015 2041 habere

2456 2080 2583 2132 mihi
2618 2081 2823 2146 quidem
2869 2082 3096 2147 amplum
3144 2090 3190 2132 et
3242 2079 3586 2146 honoriﬁcum
3628 2078 3783 2145 fuerit
3814 2079 4015 2146 (quidni

2454 2175 2612 2235 enim,
2645 2188 2759 2223 cum
2794 2173 2889 2237 ipsi
2920 2190 3121 2240 quoque
3160 2173 3252 2225 Dei
3293 2181 3547 2224 creatura:
3577 2171 3789 2240 sitis?).
3824 2173 3917 2225 sed
3961 2182 4015 2223 ut

2453 2264 2587 2315 alios
2616 2264 2866 2331 quosdam
2900 2277 2961 2313 ea:
2991 2262 3069 2312 his
3092 2300 3107 2325 ,
3135 2264 3222 2327 qni
3255 2263 3397 2315 nobis
3442 2264 3661 2328 subjecti
3706 2273 3847 2316 sunt.
3896 2261 4017 2315 Non

2453 2358 2586 2409 enim
2616 2369 2954 2422 personarum
2986 2352 3276 2419 dignitate.
3324 2354 3412 2401 xm!
3452 2355 3552 2421 ﬁde
3599 2354 4016 2407 (Ιινῑδιῑ;.ἠὶδυηιε

2456 2450 2761 2517 insignitur.
2812 2446 2925 2499 llac
2966 2445 3200 2498 oratione
3254 2457 3536 2495 conmotus
3596 2445 3903 2511 pra'feclus,
3958 2461 4018 2495 ac

2454 2537 2641 2606 majori
2681 2540 2758 2589 ira
2801 2553 3108 2593 succensus,
3158 2536 3220 2586 de
3261 2532 3505 2586 subsellio
3556 2538 3820 2599 surrexit,
3867 2545 4017 2601 atque

2456 2628 2803 2695 asperioribus
2856 2629 3020 2680 verbis
3054 2642 3169 2678 cum
3218 2642 3277 2677 eo
3327 2639 3477 2692 agere
3531 2626 3774 2685 perrexit.
3838 2624 4019 2689 Quid!

2457 2716 2771 2769 Potestateut
2815 2724 2947 2769 hanc
2993 2734 3091 2769 non
3138 2716 3493 2783 pertintcscis?
3537 2711 3643 2764 Cur
3696 2729 3810 2764 vero
3858 2717 4017 2779 perti-

2455 2823 2751 2869 mescerent,
2788 2808 2952 2873 inquit
3001 2807 3271 2861 Basilius?
3306 2807 3441 2870 Quid
3476 2805 3604 2870 (iet?
3641 2804 3764 2871 quid
3801 2806 4018 2870 patier.‘

2457 2898 2595 2963 Quid
2625 2898 2881 2966 patieris?
2910 2898 3083 2949 intulit
3116 2898 3202 2948 ille
3225 2938 3238 2960 ,
3268 2914 3425 2949 unum
3466 2913 3492 2948 e
3528 2906 3630 2946 tam
3664 2893 3863 2954 multis,
3895 2911 4014 2961 qua:

2453 3008 2579 3044 mea:
2615 3000 2731 3044 sunt
2767 2991 3056 3055 potestatis.
3102 2992 3353 3053 annam
3396 2986 3835 3055 hac?snbjua;rit
3866 2984 4018 3038 Basi-

2454 3083 2589 3144 lius,
2635 3084 2718 3149 [ac
2768 3085 2905 3135 enim
2943 3081 3316 3150 intelligamus.
3352 3079 3638 3143 Bonorum,
3690 3077 3853 3145 inquit
3890 3076 4015 3140 ,illc,

2381 3207 2421 3263 ε
2453 3174 2879 3239 proscriptionem
2904 3214 2918 3237 ,
2948 3173 3222 3234 exsilium,
3256 3174 3547 3231 cruciatus.
3589 3182 3825 3222 mortem.
3886 3166 4017 3219 Tum

2458 3260 2685 3313 Basilius
2714 3277 2729 3311 :
2756 3260 2813 3311 Si
2846 3265 2968 3328 quid
2998 3264 3139 3313 aliud
3165 3264 3335 3321 habes,
3371 3262 3421 3312 id
3446 3262 3587 3313 nobis
3619 3262 3877 3313 minitare.
3909 3256 4018 3311 H9-

2456 3369 2570 3404 rum
2600 3354 2737 3404 enim
2758 3391 2772 3415 ,
2796 3368 2911 3420 qua:
2942 3351 3109 3403 adhuc
3137 3355 3545 3403 commemorasti
3568 3392 3579 3411 ,
3626 3352 3754 3403 nihil
3794 3368 3886 3403 nos
3937 3360 4018 3402 at-

2456 3444 2628 3511 tingit.
2662 3440 2899 3507 Quonant
2932 3442 3128 3495 modo?
3171 3442 3334 3508 inquit
3377 3442 3485 3504 ille,
3519 3441 3799 3504 Quoniam,
3850 3443 4016 3510 inquit

2456 3535 2708 3599 Basilius,
2758 3536 3011 3586 bonorunt
3058 3533 3424 3600 proscriptioni
3479 3532 3729 3583 obnoaius
3776 3548 4015 3598 nonest,

2455 3629 2544 3693 qui
2571 3626 2695 3679 nihil
2722 3626 2870 3679 habet
2895 3640 2911 3676 :
2946 3626 3043 3677 nisi
3068 3624 3201 3692 forte
3236 3625 3419 3677 laceris
3433 3634 3477 3675 et
3505 3625 3703 3676 detritis
3725 3625 3867 3675 hisce
3884 3641 4015 3691 pan-

2458 3717 2535 3769 nis
2566 3720 2763 3785 indiges
2799 3737 2859 3771 uc
2900 3721 3078 3783 paucis
3116 3718 3326 3780 libellis,
3366 3719 3415 3768 in
3452 3717 3634 3784 quibus
3665 3734 3838 3768 omnes
3888 3720 4015 3768 mihi

2458 3806 2730 3874 {acu/tates
2770 3818 2815 3859 et
2853 3812 3013 3875 capia:
3052 3819 3193 3861 sunt.
3243 3808 3497 3860 Exsilium
3537 3818 3705 3859 autem
3753 3811 3895 3860 haud
3930 3827 4016 3860 co-

2457 3916 2673 3966 gnosco,
2708 3900 2795 3968 qui
2838 3901 2979 3952 nullo
3010 3903 3157 3950 modo
3194 3900 3610 3961 circumscriptus
3649 3916 3759 3949 sunt
3784 3940 3798 3960 ,
3831 3918 3894 3950 ac
3926 3917 4008 3951 ne-

2458 4006 2553 4059 que
2583 4003 2769 4042 terram
2805 3993 2959 4052 lianc,
2991 4005 3145 4058 quant
3177 4004 3311 4040 nunc
3344 3988 3531 4051 incolo,
3558 4006 3724 4040 meant
3756 3990 3939 4053 habeo,
3967 4006 4009 4043 et

2455 4098 2567 4135 eant
2595 4098 2817 4142 omnem,
2855 4082 2908 4133 in
2930 4080 3357 4150 quamprojectus
3386 4080 3552 4147 fuero,
3585 4096 3675 4144 pro
3700 4096 3812 4130 mea
3840 4084 3971 4133 duco
3993 4097 4013 4132 :

2457 4173 2593 4235 into,
2622 4182 2674 4224 ut
2722 4173 2910 4225 rectius
2955 4170 3169 4241 loquar,
3206 4172 3493 4223 ttttiversuttt
3538 4180 3725 4222 terrain
3776 4171 3869 4224 Dei
3907 4190 4015 4225 csse

2455 4266 2583 4328 scio,
2616 4265 2762 4331 cujus
2812 4267 3009 4318 advena
3047 4281 3138 4332 ego
3172 4279 3285 4317 sum
3321 4275 3365 4314 et
3397 4266 3711 4331 peregrinus.
3745 4264 3869 4316 Jam
3906 4275 4012 4315 lor-

2456 4366 2629 4408 nienta
2654 4358 2781 4425 quid
2816 4359 3049 4422 accipere
3078 4364 3296 4422 queant,
3339 4371 3452 4407 cum
3498 4374 3681 4424 corpus
3718 4359 3869 4418 desit,
3915 4358 4015 4409 nisi

2458 4448 2593 4513 [orte
2660 4451 2880 4517 primam
2928 4450 3135 4515 plagam
3184 4448 3422 4503 dixeris:
3479 4450 3632 4511 huius
3684 4450 3819 4500 enim
3853 4454 4014 4503 solius

786 4562 875 4599 sus
906 4561 997 4597 nos
1022 4544 1310 4609 pra'sertim
1341 4544 1695 4613 inﬂammatus
1732 4550 1873 4612 (nam
1905 4547 1967 4599 ab
2006 4546 2114 4599 illis
2152 4560 2353 4613 quoque
2384 4549 2429 4605 ι)
2455 4558 2605 4607 penes
2632 4552 2679 4595 te
2716 4542 2998 4594 arbitrium
3034 4552 3079 4593 et
3123 4552 3351 4607 potestas
3382 4551 3479 4596 est.
3516 4543 3656 4594 Mors
3680 4556 3833 4605 porro
3867 4546 4013 4595 bene—

786 4636 1048 4695 initiatus,
1073 4638 1147 4685 vel
1168 4636 1337 4701 potius
1359 4634 1623 4701 confectus
1656 4634 1872 4703 fuerat),
1911 4645 2019 4688 tum
2051 4637 2206 4688 etiam
2242 4649 2353 4685 am-

786 4725 944 4792 plius,
992 4741 1149 4795 quant
1209 4741 1409 4778 necesse
1459 4737 1612 4787 esset,
1660 4727 1964 4791 imperatori
2002 4726 2350 4788 subservienr,

786 4827 939 4884 atque
965 4832 1028 4868 ea:
1066 4832 1124 4868 eo
1168 4816 1307 4882 quod
1343 4815 1421 4865 illi
1472 4816 1710 4869 omnibus
1752 4816 1805 4868 in
1842 4815 1989 4869 rebus
2042 4820 2353 4882 obsequere-

786 4915 891 4967 tur,
919 4908 1221 4959 diuturnius
1259 4907 1529 4971 imperium
1569 4909 1667 4959 sibi
1715 4912 2064 4962 conservans?
2095 4910 2175 4961 Ad
2217 4908 2354 4960 hunc

785 4996 1035 5051 adversus
1072 4996 1360 5051 Ecclesium
1386 4997 1686 5065 frementem
1716 5001 1982 5071 leonisque
2002 5003 2218 5069 speciem
2245 5017 2353 5069 pra:

790 5104 844 5139 re
874 5087 1139 5155 ferentem,
1171 5106 1231 5140 ac
1276 5088 1437 5142 leonis
1482 5103 1620 5141 mare
1656 5092 1940 5155 rugientem
1964 5132 1978 5156 ,
2012 5102 2162 5161 atque
2212 5092 2352 5159 ejus-

795 5180 963 5241 modi,
998 5190 1052 5231 ut
1095 5196 1127 5231 a
1168 5180 1344 5235 multis
1390 5198 1452 5234 ne
1485 5182 1620 5233 adiri
1639 5182 1844 5250 quidem
1868 5192 2034 5248 posset
2056 5222 2071 5243 ,
2097 5185 2175 5236 vir
2198 5185 2351 5249 [ortis

783 5270 1090 5334 adducitur,
1122 5274 1227 5325 into
1254 5289 1371 5324 vero
1399 5274 1713 5342 ingreditur,
1738 5276 1950 5339 perinde
1979 5292 2040 5326 ac
2081 5276 2254 5327 sinon
2282 5278 2350 5327 ad

779 5358 1060 5427 judicium,
1095 5365 1183 5415 sed
1224 5364 1291 5413 ad
1327 5364 1512 5429 festum
1560 5374 1849 5416 vocaretur.
1888 5365 2127 5427 Quonam
2170 5375 2339 5417 autem

793 5456 967 5515 modo,
1006 5456 1079 5508 vel
1099 5456 1327 5523 pra'fecti
1358 5458 1670 5517 audaciam,
1702 5457 1776 5509 vel
1812 5457 1994 5509 Basilii
2026 5461 2259 5509 virtutem
2290 5469 2337 5511 et

788 5545 1118 5609 sapientiam,
1148 5562 1248 5608 qua
1287 5546 1333 5597 ci
1370 5548 1574 5609 restitit,
1599 5548 1726 5599 satis
1749 5549 1905 5617 digna
1940 5551 2174 5601 oratione
2204 5565 2340 5600 com-

782 5632 1023 5699 plectar?
1056 5637 1186 5697 Qua:
1216 5647 1303 5689 tua
1337 5648 1430 5701 cst,
1462 5642 1644 5707 inquit,
1682 5643 1836 5705 ratio,
1864 5640 1987 5695 licus
2028 5654 2103 5705 tu,
2140 5643 2341 5695 nomine

857 5809 931 5876 (a)
961 5811 1054 5864 Ur.
1077 5811 1165 5867 ‘20.

2452 4635 2561 4700 [icii
2595 4636 2721 4687 milii
2753 4634 2866 4685 loco
2908 4636 3003 4685 erit
3045 4648 3063 4685 :
3096 4636 3247 4687 citius
3281 4636 3417 4687 enim
3444 4651 3520 4687 me
3551 4634 3618 4683 ad
3656 4633 3813 4685 beam
3841 4647 4017 4685 trum-

2450 4728 2650 4787 mittet,
2687 4724 2771 4777 cui
2810 4726 2950 4787 vico,
2976 4736 3021 4778 et
3054 4743 3263 4779 munere
3297 4742 3407 4778 meo
3438 4728 3655 4791 fatigor,
3682 4728 4015 4791 maximaque

2448 4833 2512 4870 ex
2559 4826 2948 4881 partemartem
2998 4819 3102 4869 obii
3124 4857 3137 4874 .
3165 4828 3210 4869 et
3256 4822 3322 4868 ad
3355 4833 3504 4877 quem
3534 4816 3853 4883 jampridem
3891 4833 4015 4883 pro-

2449 4928 2591 4975 pero.
2624 4910 2739 4975 Quo
2775 4926 3008 4963 sermone
3054 4910 3437 4977 obstupefactus
3460 4911 3735 4977 pra'l'ectus
3764 4928 3781 4962 .'
3820 4907 4010 4973 Nemo,

2451 5002 2636 5071 inquit,
2662 5017 2739 5053 me
2762 5001 3068 5069 (nomenque
3095 5018 3241 5053 suum
3279 5001 3541 5068 adjunxit)
3577 5005 3642 5054 ad
3678 5005 3813 5053 hunc
3851 5018 4015 5069 usque

2449 5094 2586 5145 diem
2616 5096 2687 5144 ita
2723 5103 2794 5145 est
2830 5093 3120 5156 allocutus,
3156 5110 3244 5145 nec
3280 5094 3397 5159 pari
3442 5095 3711 5147 verborum
3748 5092 4008 5148 libertate.

2453 5185 2635 5254 Neque
2662 5186 2817 5247 enim,
2859 5190 2928 5237 ait
2967 5184 3217 5247 Basilius,
3247 5187 3469 5251 fortasse
3508 5190 3561 5238 in
3605 5188 3897 5252 episcopum
3931 5189 4013 5239 in-

2448 5278 2644 5331 cidiati.
2689 5276 2893 5345 Alioqui
2931 5279 3027 5330 hoc
3074 5294 3287 5344 prorsus
3327 5281 3479 5331 modo
3523 5279 3883 5341 disseruisset,
3916 5298 4012 5346 pro

2448 5369 2748 5435 huiusmodi
2792 5370 2941 5421 rebus
2981 5371 3033 5419 in
3068 5378 3329 5421 certamen
3368 5371 3594 5421 veniens.
3628 5367 3765 5419 Nam
3806 5375 4009 5422 cti'teris

2446 5464 2651 5529 quidem
2680 5462 2731 5513 in
2758 5463 2931 5523 rebus,
2968 5480 2997 5512 ο
3027 5461 3290 5527 pra'l'ecte,
3328 5461 3577 5512 mansueti
3604 5471 3649 5513 et
3696 5460 3892 5525 placidi
3920 5478 4012 5514 su-

2447 5570 2583 5617 mus,
2621 5566 2773 5620 atque
2810 5554 3035 5604 omninnt
3067 5552 3415 5619 abjectissitni,
3447 5553 3884 5620 quemadmodum
3914 5555 4010 5604 hac

2449 5642 2595 5695 nobis
2626 5644 2733 5710 lrgc
2783 5647 3137 5711 privtcriptnnt
3174 5653 3267 5705 cst,
3308 5660 3367 5695 ac
3404 5660 3504 5695 non
3550 5642 3718 5694 dicunt
3762 5645 4009 5696 mlcet-sris

2524 5816 2593 5883 (lt)
2627 5814 2759 5871 una.
