4214 6490
1593 436 1749 494 VITA
1799 435 1855 490 S.
1902 436 2164 499 BASlLll.

3319 475 3477 513 LIX”

251 555 429 601 tantum
458 547 851 614 imperatorem
872 591 888 615 ,
918 554 1007 607 sed
1046 571 1107 607 ne
1159 554 1402 610 adversus
1434 556 1681 625 plebeium
1706 560 1818 627 qui.
1857 563 1900 615 A
1932 559 2066 615 vela.
2096 560 2301 618 Rursus
2332 563 2423 619 Dei
2452 568 2650 623 athleta
2680 567 2782 623 hoc
2809 581 3042 623 secundo
3070 573 3284 642 prndio,
3318 579 3480 633 etiam

256 642 350 695 dent
380 655 703 708 quemquam
739 654 791 698 et
844 647 1011 715 inﬁmi
1052 647 1249 703 ordinis
1294 651 1553 704 hominem
1587 652 1817 721 superci-

261 735 367 786 lium
396 730 719 791 attollimus.
762 736 957 791 Verum
997 738 1083 790 ubi
1119 738 1258 796 Deus
1291 742 1436 796 nobis
1471 745 1816 810 periclitatur,

262 843 312 876 ac
338 825 665 894 proponitur,
706 842 816 882 tnnt
838 830 1043 883 demunt
1065 833 1172 887 alia
1204 834 1380 887 omnia
1406 850 1500 901 pro
1538 837 1697 890 nihilo
1719 854 1818 907 pu-

264 923 435 981 tantes,
474 918 645 985 ipsum
680 920 854 972 solum
894 922 1173 979 intuemur.
1222 925 1367 993 Ignis
1403 937 1593 992 autem,
1632 941 1676 983 et
1698 930 1807 999 gla-

260 1006 402 1070 dius,
431 1020 480 1063 et
511 1012 727 1076 bestiae,
760 1020 811 1065 et
843 1016 1049 1083 angula-
1081 1033 1288 1071 carnem
1326 1017 1643 1085 lacerantes,
1673 1023 1817 1076 votu-

255 1100 377 1162 ptati
428 1103 578 1155 nobis
624 1117 688 1155 ac
738 1104 943 1161 deliciis
984 1110 1155 1175 potius
1195 1118 1344 1174 sunt,
1392 1128 1547 1182 quam
1606 1116 1813 1171 terrori.

254 1190 483 1248 Proinde
506 1198 843 1254 contumeliis
870 1217 959 1254 ttos
992 1202 1155 1269 ofﬁce,
1179 1205 1516 1273 committere,
1541 1208 1627 1274 [ac
1658 1208 1813 1275 quid-

247 1288 367 1352 quid
401 1284 737 1355 collibuerit,
786 1302 1037 1358 potestate
1084 1302 1173 1347 tua
1225 1296 1397 1363 fruere
1428 1298 1649 1349 :audiat
1705 1298 1811 1353 lta'c

246 1378 400 1431 etiam
425 1379 735 1446 imperator,
763 1399 1081 1452 nequaquam
1115 1389 1346 1455 profecto
1372 1406 1464 1443 nos
1494 1390 1661 1442 vinces
1684 1430 1698 1451 ,
1723 1408 1812 1445 nec

243 1471 465 1537 eﬁicies,
506 1484 562 1525 ut
609 1476 782 1543 impiae
827 1475 1080 1530 doctrina:
1121 1482 1474 1533 assentiamur
1512 1496 1531 1533 :
1562 1497 1625 1534 ne
1654 1482 1699 1534 si
1732 1482 1812 1539 Itis

241 1562 450 1628 quidem
482 1566 746 1617 atrociora
771 1566 1039 1620 miniteris.
1076 1565 1206 1621 Htcc
1232 1580 1503 1639 postquam
1532 1571 1810 1635 prrcfectus

240 1653 397 1719 dixit,
456 1668 610 1723 atque
650 1654 841 1719 audiit,
886 1660 1147 1729 ipsiusque
1205 1661 1580 1715 contentionem
1648 1666 1809 1718 animi

238 1762 351 1799 eam
387 1764 501 1800 esse
523 1750 781 1815 cognovit,
811 1760 867 1803 ut
896 1753 1038 1805 nulla
1073 1754 1146 1807 eis
1178 1769 1293 1806 eum
1326 1758 1724 1820 perterrefacere
1747 1774 1810 1811 ac

236 1852 491 1898 superare
539 1850 731 1903 posset,
776 1840 945 1907 ipsum
991 1846 1199 1910 quidem
1247 1842 1389 1909 [oras
1438 1846 1614 1912 misit,
1657 1860 1811 1920 atque

1920 652 2113 721 prioris
2144 652 2370 723 gloriam
2421 658 2707 723 superavit.
2758 655 2912 712 Nulla
2956 659 3042 714 hic
3080 678 3210 719 sane
3251 668 3482 735 impera-

1919 746 2051 799 toris
2094 746 2391 814 przcsentize
2436 746 2660 815 insignia
2686 790 2700 812 ,
2753 751 2848 805 sed
2896 752 3155 821 quidquid
3187 760 3481 816 terribilius

1918 834 2035 897 fuit.
2072 837 2124 890 id
2154 837 2217 890 ad
2238 838 2474 908 judicent
2504 839 2665 893 refert
2698 841 2989 913 Gregorius
3018 842 3304 914 Nyssenus.

1987 928 2045 979 2ο
2092 927 2343 984 Testatur
2374 929 2665 998 Gregorius
2708 930 3075 994 Nazianzenus
3106 938 3179 1009 (p.
3212 941 3334 1012 351)
3370 947 3475 1001 Va-

1918 1015 2114 1071 lentem
2146 1016 2459 1084 jamdudum
2496 1021 2677 1078 Basilii
2720 1026 2967 1083 audiendi
3008 1032 3257 1102 cupidum
3293 1035 3473 1103 fuisse,

1914 1122 2033 1161 cum
2067 1110 2117 1163 itt
2151 1110 2435 1167 ecclesiam
2461 1116 2657 1170 iterum
2685 1117 2848 1179 venit,
2881 1128 2935 1172 et
2968 1136 3085 1177 cum
3121 1140 3186 1181 eo
3212 1124 3354 1179 intra
3389 1143 3478 1183 ve-

1914 1200 2025 1253 lum
2054 1200 2349 1255 collocutus
2377 1214 2479 1258 est.
2510 1204 2756 1259 Nondum
2786 1224 2913 1277 ergo
2950 1208 3199 1268 Basilium
3234 1216 3481 1273 audierat

1913 1284 2294 1351 disserentem,
2328 1303 2391 1343 ac
2434 1291 2657 1359 proinde
2706 1310 2810 1347 non
2852 1297 3099 1351 adfuerat
3138 1318 3258 1356 cum
3299 1302 3478 1357 Mode.

1912 1386 2052 1431 stttnt
2094 1394 2157 1433 ac
2188 1380 2594 1438 Demosthenem
2626 1386 2853 1441 Basilius
2878 1397 3024 1442 tanta
3055 1394 3217 1447 animi
3260 1396 3478 1450 fortitu-

1910 1465 2036 1519 dine
2082 1469 2377 1535 superavit.
2426 1470 2562 1526 Illuc
2604 1474 2896 1546 Gregorius
2952 1490 3234 1549 postquam
3295 1484 3474 1540 Basilii

1910 1574 2032 1613 cum
2060 1560 2317 1627 praelecto
2352 1562 2589 1633 dialogos
2617 1568 2831 1633 retulit,
2860 1572 3054 1627 transit
3082 1574 3149 1625 ad
3185 1589 3244 1627 ea
3267 1590 3385 1644 qua:
3405 1580 3475 1632 ad

1909 1650 2078 1720 ipsum
2104 1650 2466 1719 imperatorem
2487 1654 2787 1723 prolocutus
2813 1669 2908 1716 est.

1978 1743 2033 1797 3°
2080 1740 2275 1797 Narrat
2323 1745 2462 1799 idem
2516 1745 2809 1818 Gregorius
2851 1754 2929 1820 (p.
2975 1754 3099 1827 550)
3150 1754 3473 1822 Modestum,

1910 1850 2068 1903 quam
2119 1836 2403 1892 celerrime
2456 1838 2643 1907 potuit,
2695 1840 2761 1893 ad
2813 1842 3188 1912 imperatorem
3238 1850 3474 1913 venisse,

236 1928 519 1993 ablegat-it,
550 1946 651 1983 non
666 1933 781 2000 jam
810 1950 923 1985 cum
960 1936 1144 1986 iisdem
1176 1936 1330 1991 minis
1352 1977 1367 2001 ,
1394 1942 1483 1992 sed
1522 1958 1636 1995 cum
1672 1960 1804 2012 qun-
1841 1926 1883 1985 Β
1909 1925 2065 1993 eique
2098 1944 2259 1996 quant
2293 1930 2525 1985 invictus
2557 1940 2701 1987 esset
2737 1950 2800 1988 ac
2831 1935 3209 2004 insuperabilis
3248 1940 3479 2017 Basilius

235 2020 358 2069 dant
410 2025 700 2076 reverentia
753 2034 801 2076 et
848 2024 1202 2079 snbtnissione.
1245 2026 1365 2096 Ipse
1400 2041 1606 2093 autem,
1647 2049 1804 2101 quam

234 2110 506 2166 celerrime
528 2116 718 2179 potuit,
741 2115 1102 2183 imperatorem
1142 2122 1322 2175 adiens
1346 2138 1365 2175 :
1389 2122 1701 2190 Imperator,
1725 2128 1805 2177 in-

230 2202 366 2269 quit,
394 2206 463 2255 ab
500 2205 660 2276 hujus
696 2204 943 2262 Ecclesiae
983 2214 1212 2266 antistite
1251 2216 1371 2266 victi
1405 2232 1612 2271 sumus:
1646 2217 1803 2273 Minis

234 2293 478 2356 superior
500 2306 599 2353 cst.
624 2300 946 2352 sermonibus
981 2302 1205 2367 ﬁrmior,
1248 2305 1513 2359 verborum
1536 2306 1801 2364 blanditiis

233 2384 449 2451 fortior.
490 2386 825 2457 lgnaviorum
858 2393 992 2443 alius
1045 2396 1302 2461 quispiam
1346 2402 1629 2453 lentandus
1676 2413 1798 2457 est:

231 2482 347 2531 nnic
376 2492 577 2543 autem,
611 2491 704 2534 aut
728 2486 798 2535 eis
823 2494 997 2549 aperte
1024 2486 1290 2555 inferenda
1311 2534 1327 2557 ,
1364 2503 1453 2543 aut
1486 2510 1587 2546 non
1622 2510 1801 2560 exspe-

231 2570 497 2627 ctandum,
531 2582 585 2621 ut
615 2574 766 2624 minis
788 2575 954 2627 cedat.

304 2658 388 2709 Ill.
428 2658 605 2714 Minus
633 2672 887 2715 accurate
917 2672 1160 2718 versatur
1206 2665 1576 2723 Tillemontios
1620 2670 1671 2724 in
1705 2671 1800 2724 Ita-

232 2762 343 2799 rum
401 2764 581 2803 rerum
640 2752 778 2805 serie
856 2751 1203 2824 disponenda.
1283 2754 1417 2815 Nam
1490 2758 1797 2826 praefectum

232 2842 521 2905 existimat,
564 2855 683 2911 post
709 2846 937 2911 primunt
971 2855 1264 2911 certamen,
1290 2848 1355 2901 ad
1395 2848 1673 2903 Valentem
1708 2866 1797 2904 ac—

232 2932 480 2993 currisse,
505 2933 664 3000 eique
700 2934 749 2987 in
782 2937 988 2999 urbem,
1020 2947 1075 2989 ut
1101 2936 1559 2992 ait'l‘lteodoretus
1585 2938 1677 2994 lib.
1718 2955 1791 3002 tv,

233 3034 276 3073 c.
317 3020 405 3083 19,
457 3022 753 3076 introeunti
794 3036 1065 3092 acceptam
1110 3027 1312 3079 cladem
1358 3044 1623 3082 narraSse.
1657 3029 1791 3084 Tum

233 3108 504 3164 Valentem
548 3113 765 3178 iratum,
811 3114 949 3183 quod
994 3130 1096 3168 non
1136 3118 1307 3184 primo
1352 3116 1550 3186 impetu
1593 3118 1794 3174 fractus

232 3214 364 3257 esset
395 3202 648 3270 Basilius,
680 3216 949 3261 certamen
978 3207 1181 3277 ingredi
1217 3207 1483 3273 voluisse,
1517 3217 1571 3261 et
1596 3223 1794 3277 coquo-

233 3312 339 3348 rnnt
384 3300 672 3365 praeposito
722 3298 1059 3354 Demostheni
1091 3300 1192 3353 hoc
1222 3315 1412 3354 munus
1439 3300 1789 3367 commisisse,

232 3388 551 3442 ulBasilium
583 3390 834 3444 audiente
863 3408 919 3445 se
951 3403 1299 3461 oppugnaret.

295 3479 399 3532 Sed
455 3481 596 3533 inter
643 3481 865 3547 primatu
904 3482 1043 3535 illam
1084 3497 1315 3553 pugnam
1356 3494 1410 3541 et
1456 3484 1793 3555 imperatoris

233 3572 515 3625 adtentum
552 3572 715 3624 multa
741 3573 1177 3639 intercesserunt,
1208 3577 1471 3647 imprimis
1499 3581 1789 3633 secundum

240 3660 361 3715 illud
406 3678 529 3717 cum
562 3679 854 3733 coquorum
908 3667 1189 3735 praeposito
1234 3678 1527 3733 certamen,
1570 3669 1652 3722 cui
1686 3685 1788 3723 non

232 3754 471 3808 interfuit
514 3755 827 3822 imperator.
904 3754 1171 3825 Occepere
1228 3756 1623 3811 Tillemontium
1679 3757 1791 3811 haec

228 3849 383 3899 Verba
413 3845 642 3914 Nysseni
681 3845 755 3916 (p.
785 3846 931 3915 3M),
962 3846 1077 3899 ἀλλ’
1104 3846 1381 3917 ἐκδέχεται
1410 3847 1613 3901 πάλινό
1640 3848 1790 3917 βασι-

226 3935 343 3997 λεὺς
380 3934 477 4006 τὴν
527 3938 722 4005 πεῖραν
760 3936 939 3998 αὐτός.
972 3935 1079 3990 Sed
1124 3938 1312 3989 iterum
1363 3938 1627 4006 experitur
1681 3939 1789 4005 ipse

225 4028 527 4095 imperator.
572 4026 641 4079 At
691 4029 959 4095 quomodo
1004 4037 1256 4095 expertus
1286 4029 1376 4093 sit,
1408 4029 1788 4097 indicautqme

222 4130 520 4189 sequuntur
550 4135 563 4169 :
596 4116 1043 4181 Quemadmodum
1066 4121 1229 4187 igitur
1250 4137 1404 4186 opera
1432 4123 1581 4189 coqui
1605 4119 1787 4175 Nalm.

223 4212 441 4274 zardan,
472 4208 669 4278 inquit,
700 4208 947 4278 Assyrius
975 4210 1098 4263 olim
1140 4210 1385 4278 templum
1425 4211 1784 4264 lsraelitarum

218 4306 391 4356 evertit
456 4320 475 4357 :
528 4304 604 4355 ita
646 4312 691 4355 et
739 4304 833 4354 iste
878 4302 1216 4356 Demostheni
1252 4305 1458 4356 cuidam
1505 4320 1784 4372 coquorum

216 4395 520 4461 pra'posito,
546 4403 603 4445 ut
630 4393 749 4446 aliis
780 4392 1056 4445 andaciori
1076 4432 1091 4455 ,
1121 4396 1217 4444 ttae
1248 4395 1496 4445 mandatu
1522 4395 1785 4452 provincia

215 4482 426 4547 putabat
487 4499 543 4535 se
602 4482 948 4550 perfecturum
1004 4482 1259 4552 quidquid
1321 4500 1591 4553 aggressus
1646 4494 1782 4538 erat.

1910 2014 2214 2070 declarasse
2239 2034 2254 2082 ;
2279 2036 2447 2087 quare
2481 2030 2574 2075 aut
2604 2023 2707 2075 vim
2746 2025 2795 2077 ei
2826 2026 3192 2093 inferendam,
3234 2040 3325 2084 aut
3368 2014 3473 2086 non

1905 2106 2319 2175 exspectandum
2348 2124 2403 2164 ut
2426 2112 2583 2168 minis
2606 2115 2791 2169 cedat:
2819 2125 2926 2168 tum
2949 2132 3074 2170 vero
3103 2119 3474 2187 imperatorem

1908 2205 2066 2250 tanta:
2110 2198 2319 2253 virtutis
2352 2202 2706 2259 admiratione
2751 2221 2882 2261 sese
2932 2207 3233 2277 collegisse,
3270 2227 3331 2265 ac
3384 2226 3475 2265 ve-

1910 2288 2076 2341 tuisse
2103 2305 2168 2343 ne
2198 2290 2279 2343 vis
2309 2288 2507 2344 Basilio
2539 2295 2848 2361 inferretur,
2886 2310 2939 2351 et
2981 2315 3103 2353 cum
3154 2299 3295 2353 iliius
3327 2315 3473 2355 com-

1908 2377 2216 2432 muniouem
2268 2394 2371 2434 non
2423 2384 2647 2438 auderet
2676 2390 2924 2454 amplecti
2967 2390 3176 2457 (pudori
3222 2391 3364 2445 enim
3397 2392 3469 2445 illi

1902 2482 2015 2523 erat
2071 2474 2392 2546 immutatio)
2449 2478 2682 2531 maxime
2729 2480 2979 2533 decoram
3026 2483 3072 2535 ei
3106 2484 3471 2540 satisfaciendi

1902 2562 2039 2615 viam
2079 2566 2356 2632 qutesiisse
2396 2553 2446 2621 et
2489 2568 2691 2622 idcirco
2739 2570 2791 2623 iu
2818 2571 3099 2625 ecclesiam
3132 2575 3362 2630 venisse.
3391 2576 3469 2630 Es

1902 2657 2098 2723 quibus
2143 2660 2465 2726 perspicitur
2504 2678 2600 2716 nec
2644 2661 2936 2716 Modestum
2992 2667 3175 2717 statim
3207 2677 3324 2735 post
3354 2667 3467 2737 pri-

1900 2761 2045 2798 tttttttt
2072 2758 2349 2800 certamen
2380 2748 2444 2800 ad
2479 2748 2853 2816 imperatorem
2883 2752 3092 2807 venisse
3118 2754 3289 2819 (illum
3323 2755 3467 2809 enim

1899 2832 2052 2888 furiis
2102 2835 2335 2890 incendit
2381 2838 2493 2890 hzce
2532 2838 2716 2905 prium:
2763 2840 2929 2895 cladis
2978 2841 3316 2915 ignominia),
3366 2860 3466 2901 nec

1899 2927 2175 2983 Valentem
2224 2929 2378 2983 alteri
2421 2929 2727 2984 interfuisse
2762 2947 2984 3001 pugnae;
3030 2935 3292 3003 siquidem
3335 2937 3465 3007 quid

1897 3020 1948 3073 itt
1973 3036 2033 3074 ea
2062 3031 2269 3091 gestum
2293 3034 2456 3087 esset,
2488 3039 2555 3077 ex
2582 3022 2838 3091 prtefecto
2856 3027 3126 3094 cognovit.

1967 3110 2147 3179 Neque
2168 3114 2327 3165 etiam
2374 3115 2820 3168 accuratissimus
2862 3116 2962 3169 iuit
2990 3116 3366 3172 Tillemonlius
3407 3118 3463 3172 in

1901 3202 2079 3257 Basilii
2110 3204 2299 3273 pugnis
2325 3206 2692 3259 numerandis.
2720 3206 2845 3271 Qua:
2870 3208 3013 3260 enim
3038 3223 3220 3261 coratn
3252 3224 3461 3278 purpo-

1894 3296 2000 3347 sito
2041 3310 2334 3363 coquorutn
2379 3305 2523 3365 gesta
2577 3309 2765 3351 narrat
2815 3295 3110 3368 Nyssenus,
3157 3300 3270 3354 lucc
3298 3299 3463 3354 Tille—

1894 3386 2131 3440 montius
2189 3387 2241 3440 in
2294 3387 2396 3441 duo
2442 3388 2649 3443 diversa
2702 3390 2882 3454 pradia
2945 3391 3154 3453 dividit,
3211 3392 3462 3459 quamvis

1892 3492 2052 3530 unum
2102 3492 2321 3546 prorsus
2348 3479 2639 3541 exstiterit,
2677 3481 2817 3547 quod
2854 3481 3092 3547 quidem,
3135 3482 3233 3533 etsi
3272 3481 3463 3549 praeci-

1892 3583 2008 3637 pua:
2029 3566 2369 3636 oppugnandi
2407 3577 2586 3635 partes
2633 3567 2974 3621 Demostheni
3016 3568 3318 3623 commissa:
3344 3570 3460 3625 fue-

1889 3668 2035 3718 runt,
2087 3658 2329 3710 omnium
2385 3667 2559 3710 tamen
2612 3670 2917 3728 magnatum
2963 3658 3461 3729 frcquentia,quos

1890 3748 2086 3817 impius
2117 3749 2333 3818 quidam
2368 3763 2432 3802 ex
2480 3749 2693 3820 Illyrico
2727 3752 3000 3820 profectus
3036 3766 3458 3820 convocaverat,

1888 3856 1952 3892 ac
1978 3840 2146 3907 ipsius
2169 3840 2405 3909 prmfecti
2436 3841 2722 3909 praesentia
2755 3843 3083 3897 celebratum
3107 3842 3226 3898 fuit.
3253 3845 3458 3910 Quatu-

1888 3932 1969 3986 vis
1990 3941 2167 3987 autem
2192 3934 2327 3987 duas
2357 3942 2563 3987 tantum
2591 3934 2831 4003 insignes
2863 3951 3067 4006 pugnas
3095 3936 3297 3991 referat
3326 3937 3458 4009 Nys-

1886 4040 2077 4090 senus,
2102 4025 2392 4080 verisimile
2416 4037 2501 4080 est
2538 4036 2716 4081 tamen
2748 4026 2927 4097 plures
2969 4028 3101 4082 alias
3130 4029 3456 4085 suStinuisse

1884 4118 2139 4172 Basiliam
2183 4134 2198 4171 :
2230 4117 2390 4187 idque
2442 4118 2556 4187 ipse
2600 4135 2704 4173 non
2737 4121 2971 4173 obscure
3017 4121 3220 4174 iudicat
3254 4125 3305 4173 in
3334 4121 3453 4188 epi-

1885 4209 2020 4264 stola
2053 4209 2117 4262 ad
2141 4208 2504 4274 Eustathium,
2538 4210 2623 4263 cui
2653 4220 2837 4263 narrat
2862 4210 2963 4263 sibi
2984 4212 3096 4278 jam
3139 4226 3343 4279 pugnas
3361 4210 3455 4266 ali-

1883 4314 2037 4368 quas,
2070 4314 2266 4361 easque
2309 4300 2443 4352 satis
2479 4300 2823 4377 vehementes
2859 4300 3023 4355 fuisse
3072 4316 3190 4355 cum
3240 4304 3454 4371 magnis

1883 4391 2256 4462 potestatibus,
2302 4389 2557 4460 praefecto
2598 4399 2653 4445 et
2698 4388 2928 4445 cubiculi
2980 4392 3291 4461 prmposito.
3341 4391 3450 4446 Na-

1884 4485 2172 4537 zianzenus
2217 4493 2272 4537 et
2304 4497 2370 4536 es
2417 4481 2659 4551 judicum
2710 4482 2921 4545 ordine,
2957 4493 3010 4536 et
3040 4498 3105 4535 ex
3147 4482 3364 4537 militari
3395 4494 3451 4538 et

214 4575 329 4641 ipse
356 4574 522 4628 etiam
557 4574 922 4629 Nazianzenus
953 4574 1028 4645 (p.
1066 4577 1191 4643 548)
1239 4579 1546 4647 prtefeetum
1577 4593 1775 4645 coquo-
1810 4601 1853 4656 ι)
1880 4592 1944 4631 ex
1967 4575 2243 4645 Gynrecteo
2266 4572 2535 4627 immissos
2558 4588 2676 4627 esse
2697 4573 2881 4643 aitqui
2905 4572 3161 4627 Basilium
3184 4589 3450 4645 oppugna-

214 4680 331 4717 rum
368 4674 621 4718 numerat
644 4666 781 4719 inter
812 4682 904 4721 eos
924 4708 937 4730 ,
967 4666 1054 4735 qui
1084 4667 1149 4719 ad
1178 4666 1429 4722 Basiliam
1470 4669 1613 4722 missi
1648 4680 1773 4723 sunt

213 4772 242 4809 a
287 4757 544 4823 Valente;
572 4760 716 4827 quod
755 4771 1068 4828 argumento
1096 4770 1181 4814 est
1209 4775 1312 4813 non
1354 4761 1663 4815 interfuisse
1694 4763 1776 4816 his

212 4851 405 4918 pugnis
461 4850 877 4919 imperatorem;
940 4851 1032 4905 sed
1079 4850 1223 4906 vices
1271 4867 1399 4906 suas
1448 4852 1780 4907 commisisse

208 4939 561 4997 Demostheni
609 4958 623 4993 :
674 4942 832 5009 idque
885 4944 1167 4997 eontirmat
1240 4941 1467 5014 Nysseni
1520 4947 1774 4999 narratio.

208 5030 344 5086 Nam
375 5048 500 5089 cum
537 5034 923 5089 Demosthenes
960 5035 1139 5088 omnia
1180 5034 1464 5100 misceret,
1495 5050 1559 5090 ac
1585 5036 1778 5105 impius

207 5123 430 5192 quidam
458 5139 524 5177 ex
574 5124 809 5193 Illyrico,
841 5123 929 5192 Qui
978 5123 1197 5177 tabellas
1248 5124 1497 5178 manibus
1546 5125 1773 5191 ferebat,

206 5228 461 5281 proceres
490 5229 680 5269 omnes
723 5213 922 5267 adhoc
970 5213 1332 5281 spectaculum
1386 5227 1769 5281 convoeasset;

207 5314 441 5369 cumque
472 5314 661 5353 rursus
706 5299 841 5353 iram
879 5314 1028 5353 suam
1072 5296 1340 5354 Modestus
1384 5301 1768 5367 vehementius,

204 5406 366 5457 quam
403 5400 588 5454 antea,
619 5390 989 5451 accendisset,
1014 5406 1179 5458 seque
1209 5406 1395 5445 omnes
1439 5394 1504 5445 ad
1534 5391 1769 5450 Valentis

205 5482 537 5537 iracundiam
568 5481 855 5550 ﬁngerent,
881 5490 934 5533 et
962 5496 1082 5535 cum
1106 5497 1170 5537 eo
1196 5482 1502 5552 indignante
1527 5484 1768 5551 indigna-

204 5582 409 5635 rentur,
438 5587 651 5626 summa
684 5580 805 5625 erat
834 5570 1139 5625 futurorum
1173 5574 1522 5641 exspectatio.
1560 5573 1764 5629 Rursus

204 5662 341 5716 enim
377 5663 463 5717 ille
498 5662 811 5731 prarfectus,
847 5678 1031 5716 rursus
1076 5672 1305 5718 terrores
1339 5672 1393 5717 et
1432 5665 1587 5718 minze
1624 5668 1762 5735 prio-

204 5754 345 5807 ribus
367 5756 667 5825 graviores,
697 5768 763 5807 ac
808 5753 887 5807 ira
913 5754 1283 5809 vehementior
1325 5771 1336 5807 :
1371 5756 1643 5826 judicialis
1669 5776 1760 5828 ap-

198 5854 430 5913 paratus,
455 5862 759 5916 νηπίους»,
792 5846 1143 5913 apparitores,
1186 5847 1422 5914 lictores,
1448 5849 1665 5905 cancelli
1709 5862 1761 5907 ct

1889 4682 2031 4732 rent,
2052 4683 2115 4721 ac
2143 4667 2279 4720 idem
2306 4679 2499 4719 munus
2522 4664 2620 4733 ipsi
2646 4666 2807 4719 etiam
2839 4679 3133 4733 eoqttorum
3165 4666 3449 4734 praeposito

1884 4760 2227 4815 commissum
2258 4756 2440 4811 fuisse.

1949 4853 2172 4906 Videtur
2204 4850 2381 4919 aliqua
2408 4849 2583 4904 inesse
2622 4850 2766 4903 inter
2810 4857 3098 4916 utrumque
3124 4845 3443 4917 Gregorium

1876 4944 2255 5013 discrepantia.
2278 4942 2407 4997 Nam
2434 4957 2555 4996 cum
2579 4948 2809 5009 uterque
2826 4940 3011 4993 eadem
3044 4939 3225 4993 Basilii
3260 4955 3443 4994 coram

1875 5035 2128 5106 praefecte
2150 5036 2288 5087 dicta
2307 5032 2539 5095 referat;
2565 5028 2838 5099 Nysseuus
2862 5030 2958 5083 hac
2977 5029 3156 5083 Basilii
3190 5040 3447 5084 constan-

1875 5127 1947 5179 tia
1966 5125 2097 5178 iratn
2118 5124 2355 5177 Valentis
2380 5136 2659 5176 accensam
2681 5120 2843 5174 fuisse
2864 5119 3017 5184 dicit,
3040 5134 3274 5186 eumque
3296 5118 3442 5173 vices

1872 5216 2053 5271 Basilii
2078 5216 2269 5269 iterum
2294 5213 2630 5283 oppugnandi
2664 5212 2996 5267 commisisse
3023 5210 3369 5264 Demostheni
3421 5226 3435 5263 :

1872 5318 2056 5362 contra
2093 5305 2461 5360 Nazianzenus
2506 5305 2834 5359 iracundiam
2877 5303 3222 5357 admirationi
3261 5301 3435 5356 locum

1870 5397 2119 5460 cessisse,
2134 5411 2197 5449 ac
2223 5399 2456 5450 vetuisse
2479 5396 2873 5463 imperatorem,
2897 5408 2962 5447 ne
2978 5392 3099 5460 quis
3114 5389 3311 5445 Basilio
3326 5391 3434 5446 vim

1869 5487 2113 5541 inferret.
2148 5486 2286 5555 Ergo
2312 5487 2570 5539 alteruter
2591 5484 2773 5539 Basilii
2811 5485 3083 5538 dictanon
3116 5484 3251 5538 satis
3272 5500 3435 5539 accu-

1868 5588 1983 5631 rato
2012 5577 2201 5630 ordine
2229 5576 2430 5629 retulit.
2458 5573 2589 5627 Nam
2624 5573 2690 5625 de
2719 5573 2957 5626 historia}
2990 5590 3217 5635 summa,
3242 5574 3433 5641 pugnis

1866 5685 1969 5722 non
2033 5668 2195 5723 semel
2251 5667 2587 5732 commissis,
2632 5682 2695 5720 ac
2738 5666 3076 5735 optatissime
3114 5670 3435 5720 constantia:

1866 5760 2046 5814 Basilii
2072 5760 2217 5811 exitu
2250 5754 2478 5811 miriﬁce
2509 5757 2650 5811 inter
2682 5767 2969 5825 utrntnqtte
2999 5756 3271 5809 convenit.

1934 5849 2018 5905 IV.
2064 5851 2194 5906 Dum
2222 5848 2450 5905 Basilius
2480 5848 2591 5903 haec
2616 5859 2842 5904 sustinet
2884 5848 3097 5918 pra-lia;
3126 5845 3430 5903 Eustatb'tts
