4214 6484
760 442 900 481 ἰΧίΧ

2119 418 2480 478 PBOLECOM
2491 418 2617 471 ENA
2628 459 2641 472 .

761 538 1092 594 Sebastetttts
1134 537 1289 590 mittit
1324 537 1370 589 ei
1397 551 1517 587 eunt
1561 534 1758 588 litteris
1791 534 2138 600 Eleusiniam,
2176 553 2335 590 ttnttnt
2368 540 2409 594 Α
2438 544 2521 585 tus
2546 534 2812 602 impletur.
2847 532 3011 601 Atque
3054 531 3104 582 id
3131 530 3388 599 plerisque
3432 532 3600 585 adhuc
3641 530 3917 584 obscurum
3944 548 3992 587 ει

762 640 821 683 ttt
858 628 1153 686 verisimile
1195 639 1298 693 est,
1364 643 1427 680 es
1485 628 1757 694 discipulis
1791 630 1920 688 suis,
1957 626 2047 694 qui
2098 633 2325 684 certanti

760 722 973 774 adesset
1015 736 1080 775 ac
1118 720 1395 788 suppetias
1444 720 1603 773 ferret
1662 718 1879 773 Basilio.
1929 717 2236 787 Respondet
2279 722 2327 774 ei

757 812 991 866 Basilius
1020 814 1118 868 sibi
1153 810 1252 882 (α),
1283 822 1566 878 antequam
1616 809 1759 865 illius
1798 812 2001 864 litteras
2040 810 2327 877 acciperet,

760 921 1077 975 persuasum
1104 905 1271 959 fuisse
1308 905 1372 958 de
1404 905 1542 957 illius
1572 919 1695 974 erga
1721 918 1923 963 omnes.
1947 904 2178 957 maxime
2202 917 2331 956 vero

759 1011 887 1066 erga
926 1016 985 1055 se
1025 997 1328 1060 charitate;
1374 996 1516 1049 illitts
1551 1006 1728 1052 autem
1771 996 2007 1063 acceptis
2046 994 2236 1049 litteris
2276 1002 2330 1048 et

761 1100 1050 1160 conspecto
1090 1088 1381 1154 Eleusinio,
1425 1088 1628 1157 gratias
1677 1103 1734 1141 se
1787 1085 1894 1140 Deo
1942 1088 2135 1158 egisse,
2188 1086 2328 1153 quod

764 1183 864 1236 sibi
896 1182 1052 1233 talem
1086 1179 1383 1248 adjutorcm
1412 1189 1465 1233 et
1502 1180 1919 1237 commilitonem
1953 1183 2328 1234 concessisset.

764 1268 963 1324 Narrat
984 1284 1043 1322 se
1067 1270 1117 1321 in
1143 1269 1338 1339 pugnis
1368 1271 1803 1335 vehementibus,
1836 1286 1969 1339 quas
1990 1271 2098 1338 jam
2131 1266 2331 1323 habue-

766 1372 851 1415 rat
891 1376 1013 1413 cum
1056 1361 1265 1427 Insignis
1306 1364 1697 1431 p0testatibtts,
1745 1361 1996 1431 prtel'eCIo
2021 1368 2076 1412 ct
2102 1358 2328 1415 cubiculi

764 1450 1077 1517 praeposito,
1107 1464 1321 1506 omnem
1349 1451 1604 1505 assultum
1651 1452 1967 1506 inconcusso
2005 1448 2186 1504 animo
2213 1464 2332 1504 sus-

765 1540 1025 1603 tinuisse,
1062 1540 1170 1595 Deo
1213 1541 1628 1596 imbecillitatem
1669 1541 2072 1597 corroborante.
2121 1538 2329 1610 Scripta

764 1631 979 1686 videtur
1021 1632 1137 1691 haec
1193 1632 1413 1702 epistola
1461 1645 1586 1689 ante
1650 1634 1989 1702 imperatoris
2046 1634 2330 1688 adventum

765 1740 830 1779 ac
866 1726 1003 1778 forte
1026 1726 1186 1777 etiam
1218 1736 1343 1780 ante
1389 1726 1514 1780 illud
1555 1727 1845 1780 vehemens
1882 1739 2003 1780 cum
2036 1740 2331 1797 coquorum

764 1809 1051 1878 prmposilo
1082 1816 1381 1876 certamen,
1411 1811 1475 1863 de
1501 1825 1606 1877 quo
1633 1808 1765 1861 nihil
1796 1807 2045 1865 Basilius.

2440 626 2757 691 incognitum
2784 632 2913 677 erat.
2966 620 3155 675 Vetum
3183 636 3297 673 cum
3322 624 3483 681 dona,
3509 639 3625 691 qua:
3661 623 3873 687 ipsemet
3912 633 3997 689 ει-

2430 716 2641 785 fecerat,
2665 719 2850 771 diointc
2872 729 3061 767 mensa:
3080 712 3342 781 offerenda
3364 724 3545 772 essent,
3572 731 3661 766 nec
3690 717 3994 784 quisquam,

2432 823 2481 864 ut
2506 828 2615 864 mos
2649 811 2867 879 ferebat,
2911 809 3071 862 simul
3106 826 3165 862 ea
3204 817 3406 875 caperet
3436 806 3596 878 (quod
3627 826 3726 863 non
3758 811 3889 864 satis
3924 808 3999 861 li-

2430 914 2627 973 queret,
2663 918 2730 955 an
2781 920 2841 956 ea
2876 901 3104 955 Basi'ius
3155 911 3463 968 accepturus
3510 901 3680 967 esset)
3731 912 3840 956 tum
3876 916 3999 956 vero

2433 993 2703 1061 manifeste
2735 1008 2789 1044 se
2813 994 3032 1060 affectus
3071 990 3322 1058 prodidit.
3364 991 3447 1044 lta
3475 990 3611 1045 enint
3639 990 3870 1045 titubare
3892 1008 3997 1046 ca-

2431 1090 2601 1154 pit,nt
2632 1084 2734 1136 nisi
2760 1085 3022 1151 quispiam
3079 1097 3143 1136 ex
3186 1083 3410 1134 sacrarii
3450 1083 3699 1136 ministris
3735 1084 3997 1137 vacillatio

2432 1188 2529 1231 tem
2553 1176 2820 1242 supposita
2852 1192 3011 1228 manu
3046 1174 3363 1239 retinuisset,
3392 1176 3578 1229 misere
3612 1175 3790 1245 utique
3826 1185 3874 1228 et
3912 1177 4000 1230 lu-

2433 1280 2608 1322 ctuose
2631 1266 2983 1336 prolapsurus
3018 1267 3200 1335 fuerit.

2506 1358 2805 1413 Verisimile
2852 1372 2956 1410 non
2991 1366 3073 1411 est
3110 1356 3385 1410 Valentem
3431 1352 3610 1408 Basilii
3660 1373 3819 1411 mantt
3849 1370 4001 1409 com-

2434 1451 2739 1506 munionem
2771 1463 2982 1504 sacram
3024 1450 3322 1516 accepisse,
3358 1462 3481 1501 cum
3517 1446 3816 1514 Gregorius
3851 1450 4000 1502 dicat

2432 1556 2551 1593 cum
2572 1558 2691 1596 cum
2726 1539 2923 1595 Basilio
2942 1539 3307 1607 perfunctorie
3325 1538 3755 1612 conjunctionetn
3788 1541 3996 1594 iniisse.

2439 1629 2656 1685 Videtur
2687 1642 2863 1685 autem
2898 1628 3127 1685 Basilius
3183 1632 3235 1683 in
3284 1631 3422 1686 illius
3474 1631 3629 1685 donis
3660 1630 3999 1697 accipiendis

2434 1721 2553 1790 plus
2579 1722 2911 1777 consuluisse
2945 1720 3195 1775 Ecclesia:
3223 1722 3365 1791 paci,
3413 1739 3570 1791 quant
3613 1724 3785 1791 legum
3824 1722 4001 1774 eccle-

2437 1814 2773 1868 siastiCarum
2806 1813 3076 1869 severitati
3110 1812 3204 1883 (ὁ).
3235 1814 3531 1867 Consutntii
3558 1816 3692 1868 dona
3716 1814 3825 1869 alto
3848 1811 3997 1865 vultu

836 1897 1045 1966 Scripta
1097 1900 1259 1953 etiam
1318 1903 1370 1953 in
1405 1902 1501 1952 huc
1544 1899 1805 1953 [torrenda
1859 1910 2154 1969 tempestate
2222 1903 2333 1970 cpi-
2367 1884 2405 1938 Β
2437 1905 2625 1971 reiecit
2651 1904 2925 1971 Liberius,
2954 1906 3049 1961 sed
3082 1906 3133 1959 itt
3179 1905 3445 1960 dissimilii
3483 1908 3787 1962 occasione.
3833 1905 3999 1961 Pares

764 1988 897 2042 stola
934 1989 1003 2043 80
1030 1990 1095 2042 ad
1122 2000 1363 2045 sanetum
1384 1990 1732 2043 Athanasium
1755 2030 1771 2051 .
1812 1993 1895 2045 cui
1928 1991 2151 2044 Basilius
2179 1991 2329 2044 dolo-

764 2095 880 2134 rem
922 2095 1077 2135 suum
1124 2080 1390 2150 significat
1424 2081 1565 2149 quod
1605 2081 1834 2136 oblatam
1870 2085 1935 2135 ad
1961 2097 2019 2136 se
2063 2083 2333 2138 scribendi

766 2171 999 2239 aliquam
1055 2174 1393 2227 occasionem
1428 2175 1877 2241 prmterntisisset.
1916 2173 2331 2231 Prmelarissimc

766 2278 951 2317 secum
1009 2264 1093 2332 agi
1148 2266 1508 2318 existimasset
1548 2263 1799 2330 Basilius,
1847 2264 1892 2317 si
1938 2266 2004 2319 ad
2053 2266 2331 2321 historiam

764 2355 889 2408 vitro
918 2371 1025 2408 sum
1052 2370 1401 2423 congressum
1426 2371 1547 2410 cum
1580 2354 1638 2411 S.
1663 2356 1959 2411 Athanasio
1997 2355 2302 2425 adiecisset.

834 2445 898 2502 V.
942 2444 1035 2501 llis
1069 2463 1185 2517 qua:
1214 2448 1277 2502 de
1304 2447 1498 2503 Basilio
1535 2458 1746 2501 narrata
1766 2448 1979 2504 fuerant
2004 2468 2032 2504 a
2058 2450 2328 2520 praafccto,

762 2536 1039 2603 perculsus
1066 2547 1143 2590 csl
1178 2537 1392 2601 Valens,
1412 2551 1476 2593 ac
1499 2538 1811 2592 instarlerri
1835 2540 2166 2601 immutatus,
2184 2538 2325 2607 quod

767 2625 891 2693 igne
918 2626 1132 2694 quidem
1155 2627 1450 2693 emollitnr,
1478 2629 1570 2683 sed
1599 2637 1776 2684 tamen
1804 2629 1931 2684 ferri
1959 2640 2206 2683 naturam
2236 2644 2329 2683 re-

766 2716 922 2772 tinet.
953 2717 1140 2788 ltaque
1175 2720 1337 2775 minis
1382 2721 1436 2776 in
1478 2723 1887 2776 admirationem
1917 2723 2212 2786 conversis,
2247 2721 2330 2775 [an

764 2817 912 2863 ctum
955 2827 1109 2863 suum
1157 2812 1448 2877 improbat,
1481 2813 1587 2866 vim
1623 2813 1821 2867 Basilio
1856 2813 2241 2878 vetatinferri;
2275 2823 2330 2868 et

765 2914 890 2956 eum
928 2900 1095 2968 ipsius
1123 2902 1556 2956 communionem
1584 2902 1833 2970 amplecti
1874 2902 2041 2969 pudor
2070 2902 2327 2970 prohibe-

768 3000 870 3057 ret,
913 2991 1146 3059 aliquatn
1182 2999 1356 3044 tamen
1408 2992 1455 3046 ei
1498 2991 1862 3045 satisfaciendi
1896 2993 2155 3045 rationem
2183 3008 2329 3060 qua:-

767 3080 938 3141 rebat,
960 3095 1076 3149 qum
1103 3080 1205 3134 sibi
1238 3080 1489 3134 indecora
1516 3094 1619 3134 non
1642 3088 1805 3134 esset.
1840 3078 1989 3135 llanc
2013 3090 2191 3135 autent
2221 3097 2331 3135 ma-

768 3172 913 3225 xime
958 3174 1207 3225 decoram
1250 3172 1534 3241 judicavit.
1590 3170 1762 3226 Sacro
1801 3172 1887 3226 die
1922 3172 2233 3241 Epiphaniae
2273 3174 2325 3227 itt

770 3261 1029 3329 templum
1085 3261 1362 3329 ingressus
1425 3278 1545 3315 cum
1593 3262 1883 3316 satellitum
1928 3280 2108 3326 manu,
2144 3282 2332 3319 nume-

768 3363 888 3403 rum
916 3348 1175 3402 laieorunt
1204 3354 1393 3412 anxit,
1443 3364 1610 3416 seque
1648 3362 1751 3404 ttoc
1800 3355 1958 3406 modo
1999 3353 2335 3409 defunctorie

768 3456 890 3495 cum
924 3439 1118 3493 Basilio
1153 3440 1457 3509 conjunxit.
1517 3439 1741 3494 Videtur
1789 3438 1984 3495 Valens
2028 3443 2332 3497 Cassaream

769 3545 874 3585 non
904 3531 1070 3585 multo
1096 3541 1221 3586 ante
1246 3532 1386 3585 diem
1418 3530 1615 3585 festum
1651 3526 1957 3585 advenisse.
1983 3531 2113 3584 Nam
2148 3531 2191 3585 si
2211 3548 2333 3601 spa-

772 3624 907 3678 tium
936 3624 1119 3678 Ariaui
1148 3623 1635 3679 ltabuissentillius
1662 3623 1857 3677 iterum
1889 3624 2222 3687 incendendi.
2252 3624 2333 3679 l'a-

772 3717 873 3772 cile
897 3716 972 3771 illi
998 3732 1165 3772 novas
1203 3717 1497 3771 iracundia:
1525 3715 1670 3771 faces
1693 3716 2081 3772 admovissent.
2113 3715 2169 3771 Id
2187 3718 2330 3772 enim

772 3827 877 3866 non
904 3810 1069 3866 setnel
1103 3810 1465 3880 perfecerunt,
1504 3813 1574 3864 ita
1610 3819 1667 3863 ut
1704 3810 1942 3865 Valentis
1972 3812 2187 3867 animus
2211 3828 2335 3881 per-

769 3912 983 3971 petuam
1021 3901 1270 3954 habuerit
1293 3900 1586 3954 iracundia
1619 3902 1673 3953 itt
1706 3900 1960 3955 Basiliutn
2001 3912 2055 3956 et
2083 3918 2335 3959 reveren-

769 3996 859 4050 tia:
891 3994 1330 4049 vicissitudinem.

841 4086 975 4141 Illud
1007 4097 1184 4139 autem
1212 4085 1432 4139 minime
1467 4083 1902 4154 praetereundum
1924 4122 1938 4146 ,
1976 4085 2119 4152 quod
2145 4099 2209 4139 eo
2251 4087 2335 4139 die

769 4181 1018 4234 evenisse
1059 4177 1563 4247 narratGregorius
1614 4175 2001 4231 Nazianzenus.
2046 4172 2332 4245 Postquam

768 4270 927 4336 enim,
956 4270 1150 4339 inquit,
1177 4274 1319 4323 intus
1360 4270 1485 4338 fuit,
1515 4283 1669 4340 atque
1710 4270 1875 4336 ipsius
1914 4285 2067 4323 aures
2116 4269 2339 4339 psalmo-

772 4378 892 4416 rum
920 4372 1097 4426 cantu,
1136 4377 1239 4415 non
1264 4376 1411 4415 secus
1439 4378 1501 4414 ac
1528 4362 1758 4414 tonitrua
1805 4363 2027 4429 quodam
2059 4380 2338 4431 personue-

773 4465 919 4517 runt,
942 4454 1201 4523 plebisque
1227 4456 1442 4523 pelagus
1473 4452 1621 4516 vidit,
1668 4469 1975 4521 omnemque
2021 4454 2255 4507 ordinem
2286 4465 2334 4508 et

2434 1996 2643 2065 quidem
2659 2004 2814 2050 erant
2848 1996 3193 2050 Constantius
3221 2005 3275 2051 et
3306 1996 3501 2050 Valens
3528 1996 3715 2050 haeresi
3735 1998 4000 2051 etcatbo-

2436 2088 2548 2142 Ιίιιίρ
2570 2088 2690 2142 fidei
2717 2088 2860 2154 odio,
2885 2095 2941 2141 et
2962 2086 3097 2141 alter
3133 2088 3347 2157 quidem
3378 2088 3823 2153 catecbumcnns,
3858 2088 4003 2144 alter

2433 2179 2499 2232 ab
2533 2179 2802 2234 lucreticis
2839 2179 3142 2248 baptizatus
3175 2197 3188 2232 :
3225 2180 3319 2232 sed
3371 2178 3719 2233 Constantius
3761 2196 3857 2247 per
3900 2195 4001 2234 eu-

2434 2273 2669 2325 nuchum
2690 2272 2977 2327 Eusebium
2999 2272 3135 2326 dona
3153 2271 3395 2325 mittebat
3414 2272 3792 2340 corrumpendi
3808 2287 3996 2334 causa;

2436 2372 2491 2414 at
2516 2362 2713 2417 Valens
2755 2364 2870 2432 ipse
2897 2363 3209 2432 suppliciter
3243 2359 3523 2427 offerebat,
3559 2370 3618 2414 ut
3649 2376 3759 2414 sum
3798 2360 3853 2412 in
3892 2360 3997 2413 Ba-

2432 2453 2609 2508 silinm
2646 2454 3003 2509 observantiae
3043 2456 3277 2525 aliquam
3332 2451 3781 2522 significationem
3815 2451 3993 2503 daret.

2432 2543 2686 2612 Quantam
2727 2553 2902 2597 autem
2947 2546 3031 2598 illa
3061 2545 3368 2601 exstiterint
3398 2544 3534 2598 dona
3558 2588 3571 2609 ,
3604 2557 3834 2612 quorum
3884 2540 4001 2610 opi-

2432 2636 2518 2691 fex
2563 2635 2775 2696 Valens.
2810 2651 2913 2690 non
2947 2636 3103 2690 facile
3126 2648 3209 2691 cst
3236 2648 3496 2691 statuere.
3551 2636 3695 2689 Dona
3730 2635 3888 2689 altari
3916 2634 4004 2687 of-

2433 2728 2558 2783 ferri
2592 2740 2843 2782 consueta
2876 2728 3126 2797 intelligit
3166 2727 3535 2783 Theodoretns
3577 2730 3645 2799 (ε)
3678 2746 3692 2783 :
3732 2744 3861 2782 vasa
3896 2744 3999 2781 au-

2433 2837 2519 2876 rca
2552 2820 2766 2875 Nieetas
2799 2822 2963 2890 ipsius
3007 2819 3245 2874 Valentis
3295 2836 3455 2873 manu
3495 2820 3773 2874 fabricata.

2502 2912 2649 2966 Nulla
2676 2929 2740 2967 eo
2774 2916 2857 2967 die.
2882 2914 3136 2967 Basilium
3160 2915 3302 2967 inter
3323 2921 3375 2967 et
3405 2912 3680 2968 Valentem
3706 2913 3855 2965 luere
3875 2911 3993 2965 co!—

2428 3000 2604 3072 loqnia
2639 3004 2736 3071 (d).
2764 3004 2866 3058 Sed
2900 3020 3023 3058 cum
3074 3020 3259 3059 rursus
3315 3005 3366 3058 in
3409 3004 3692 3059 ecclesiam
3729 3003 3991 3065 venisset,

2430 3093 2695 3148 satisfecit
2743 3096 3011 3149 diutnrmc
3053 3095 3394 3163 colloquendi
3430 3114 3549 3150 cum
3602 3095 3798 3150 Basilio
3837 3098 3994 3165 cupi-

2435 3184 2610 3248 ditati,
2672 3199 2734 3238 ac
2779 3185 2919 3237 intra
2962 3183 3138 3237 velum
3179 3186 3248 3238 ab
3291 3200 3357 3238 eo
3396 3196 3682 3252 susceptus
3716 3192 3819 3238 est.
3858 3182 4000 3238 Tum

2435 3292 2563 3331 vero
2604 3277 2834 3332 Basilius
2869 3277 2945 3331 sic
2980 3276 3189 3330 locutus
3212 3286 3316 3338 est,
3348 3286 3404 3328 ut
3436 3276 3729 3344 Gregorius
3775 3278 3865 3345 qui
3908 3278 4008 3330 ad-

2435 3377 2575 3432 erat,
2611 3368 2701 3423 bei
2738 3382 2895 3422 voces
2923 3367 3087 3421 fuisse
3121 3374 3368 3421 tcstetur.
3414 3366 3485 3420 De
3527 3368 3625 3421 hoc
3664 3367 3844 3421 Basilii
3878 3381 4003 3420 cum

2437 3456 2663 3512 Valente
2715 3474 3008 3529 congressu
3048 3460 3126 3513 sic
3184 3457 3419 3526 loquitur
3452 3456 3820 3512 Tlteodoretns
3866 3455 3941 3527 le)
3983 3470 4000 3508 :

2434 3546 2563 3601 Cum
2592 3547 2823 3602 Basilius
2865 3552 3007 3603 intra
3049 3566 3199 3602 sacra
3230 3548 3362 3611 rela,
3397 3551 3484 3601 ubi
3512 3550 3621 3617 ipse
3648 3550 3882 3610 sedebat,
3913 3565 4006 3599 ac-

2434 3640 2611 3692 cedere
2647 3636 2911 3690 Valentem
2934 3639 3206 3706 jussisset,
3252 3640 3415 3691 multa
3444 3640 3510 3690 ad
3544 3640 3690 3690 illum
3739 3638 3891 3690 verba
3919 3637 4003 3704 fe—

2432 3732 2501 3783 cit
2542 3730 2606 3783 de
2636 3738 2773 3782 recta
2794 3729 2915 3797 ﬁdei
2945 3731 3229 3791 doctrina;
3272 3744 3488 3793 eumque
3560 3728 3745 3781 Valens
3785 3729 4008 3782 libenter

2434 3821 2769 3876 uuscultavit.
2802 3821 2995 3874 Aderat
3018 3833 3125 3872 tum
3154 3821 3366 3889 quidam
3391 3820 3595 3871 nomine
3611 3818 4003 3885 Demosthenes,

2435 3913 2725 3970 Castrensis
2777 3915 2913 3968 sacri
2963 3912 3167 3983 palatii,
3219 3914 3310 3978 qui
3349 3928 3465 3965 cum
3510 3912 3822 3980 ntagistrum
3862 3911 4003 3963 orbis

2435 4018 2695 4061 terrarum
2744 4008 3070 4077 objurguret,
3128 4005 3513 4059 barbarismum
3558 4004 3798 4058 admisit.
3865 4002 4000 4057 Tum

2434 4099 2708 4151 subridens
2736 4098 2945 4150 divinus
2970 4097 3201 4151 Basilius
3224 4114 3242 4150 :
3282 4096 3517 4149 Vidimus
3538 4135 3553 4159 ,
3595 4097 3801 4163 inquit,
3841 4097 4002 4148 etiam

2434 4186 2831 4241 Demosthenem
2872 4188 3169 4241 litterarum
3210 4201 3494 4256 expertem.
3531 4188 3595 4241 Et
3632 4206 3747 4241 cum
3780 4190 3875 4243 ille
3924 4206 4007 4243 oe-

2435 4278 2721 4331 ltemetttius
2749 4275 3053 4347 indignatus
3075 4280 3391 4345 minaretur,
3414 4281 3633 4345 subiecit
3653 4297 3874 4351 magnus
3896 4278 4006 4335 Ba-

2435 4370 2583 4423 silius
2611 4386 2629 4423 :
2660 4366 2827 4423 Tuum
2858 4384 3047 4423 munus
3075 4377 3175 4432 est,
3194 4370 3519 4431 iusrulorum
3546 4372 3881 4427 condimenta
3906 4390 3999 4427 cu-

2438 4476 2574 4514 rare.
2598 4458 2787 4513 Divina
2823 4459 2960 4512 enim
2987 4459 3232 4526 dogmata
3255 4463 3509 4514 exaudire
3542 4478 3643 4514 non
3670 4473 3837 4530 potes,
3880 4476 3997 4515 cum

772 4548 1199 4609 concinnitatem,
1223 4561 1339 4613 quas
1367 4553 1474 4597 tam
1507 4545 1559 4597 in
1585 4545 1843 4607 sacrario,
1878 4560 2035 4613 quam
2059 4561 2217 4613 prope
2244 4562 2333 4619 sa-
2366 4562 2409 4620 ι)
2435 4565 2585 4602 aures
2630 4548 2820 4601 habeas
2858 4551 3173 4603 obstructas.
3219 4548 3286 4602 Et
3338 4548 3568 4604 Basilius
3627 4553 3840 4619 quidem
3898 4552 4004 4603 ista

771 4638 1005 4691 orarium
1031 4647 1167 4698 erat.
1196 4638 1487 4706 angelicam
1509 4637 1681 4705 potius
1710 4652 1867 4705 quam
1914 4634 2223 4697 humanam.
2248 4647 2333 4691 at-

769 4744 867 4799 que
893 4729 1063 4797 ipsum
1100 4729 1312 4790 quidem
1342 4737 1462 4779 ante
1491 4725 1739 4795 pOpulum
1772 4735 1913 4779 recto
1936 4741 2155 4793 corpore
2183 4738 2328 4779 stan-

771 4832 894 4889 tem,
920 4820 1127 4888 qualent
1156 4819 1435 4887 Scriptura
1469 4818 1765 4874 Samuelem
1798 4818 2064 4883 describit,
2089 4834 2177 4872 nec
2212 4835 2332 4872 cor-

768 4928 916 4983 pore,
953 4927 1043 4965 nec
1066 4911 1252 4973 Oculis,
1289 4925 1381 4963 nec
1418 4912 1616 4973 aninto,
1640 4911 1856 4980 perinde
1883 4927 1946 4964 ac
1972 4911 2017 4964 si
2049 4910 2180 4964 nihil
2217 4913 2334 4966 nooi

772 5003 1088 5071 contigisset,
1118 5002 1281 5054 ullam
1312 5003 1368 5053 in
1408 5010 1606 5066 partem
1652 5018 1704 5054 se
1736 5010 2044 5067 moventem,
2079 5001 2168 5053 sed
2195 4999 2333 5064 Deo,

773 5104 827 5146 ut
855 5095 931 5146 ita
960 5094 1155 5157 dicam,
1180 5106 1227 5146 et
1257 5094 1418 5147 altari
1444 5093 1655 5162 afﬁxam
1678 5108 1693 5155 ;
1720 5108 1805 5146 eos
1832 5104 2029 5153 autem,
2076 5110 2107 5144 a
2149 5093 2336 5162 quibus

772 5187 1100 5255 cingebatur,
1131 5203 1248 5238 eum
1285 5187 1470 5238 timore
1511 5187 1740 5253 quodam
1773 5202 1834 5237 ac
1866 5186 2151 5238 reuerentia
2188 5196 2335 5238 stan-

772 5286 884 5331 tes:
920 5278 1053 5342 lttl'C,
1103 5278 1337 5347 inquam,
1382 5278 1538 5330 simul
1584 5289 1738 5348 atque
1762 5278 2023 5345 perspexit
2052 5276 2176 5348 (nec
2201 5279 2338 5331 enim

770 5370 943 5424 simile
962 5373 1242 5441 quidquam
1272 5387 1497 5437 unquam
1524 5371 1747 5439 uiderat)
1773 5372 2063 5424 humanum
2088 5372 2341 5438 quiddam

771 5476 960 5531 passus
994 5470 1091 5526 est,
1130 5469 1284 5531 atque
1319 5462 1589 5514 oculorum
1635 5462 1880 5530 uertigine
1919 5477 1980 5513 ac
2008 5461 2231 5514 tenebris
2263 5478 2340 5513 ιον

845 5697 928 5838 (αξ
951 5695 1121 5766 Epist.
1155 5697 1241 5758 79.
1277 5699 1364 5753 80.

850 5767 905 5836 (ὁ
958 5768 1155 5838 ﬁlium.
1183 5769 1251 5821 ad
1289 5768 1363 5820 So

850 5767 928 5836 (ὁ)
958 5768 1155 5836 Athan.
1183 5769 1251 5821 ad
1289 5768 1451 5821 Solit.

854 5835 931 5908 (c)
960 5835 1075 5895 Lib.
1106 5854 1178 5906 tv,
1211 5854 1260 5895 c.
1294 5838 1396 5893 l9:
1428 5838 1560 5893 Νη.
1588 5847 1695 5895 tom
1746 5836 1808 5906 ll,
1838 5849 1949 5895 not.
1983 5853 2033 5908 p.
2062 5836 2183 5890 73L

2437 4640 2567 4693 dixit
2598 4638 2949 4693 Demostheni.
2982 4638 3175 4693 Valens
3207 4649 3610 4707 rerotautopere
3631 4658 3746 4695 eum
3778 4642 3996 4692 miratus

2438 4742 2536 4795 est,
2562 4741 2617 4785 ut
2643 4731 2994 4798 pulcherrima
3022 4748 3138 4800 qua:
3173 4732 3283 4785 illic
3318 4733 3538 4784 habebat
3572 4732 3772 4799 prledia
3806 4744 4004 4798 paupe-

2442 4823 2583 4875 ribus
2611 4824 2902 4885 donarerit,
2933 4838 3154 4891 quorum
3181 4822 3269 4875 ille
3302 4839 3484 4875 curant
3519 4823 3746 4892 gerebat,
3778 4821 3869 4889 qui
3895 4830 4003 4874 toto

2442 4932 2656 4983 corpore
2676 4916 2904 4969 mutiloti
2933 4915 3096 4969 multo
3129 4916 3330 4984 majore
3359 4917 3625 4969 curatione
3676 4914 3999 4982 indigebant.

2442 5007 2735 5062 Asseverat
2783 5007 3014 5062 Basilius
3064 5010 3115 5061 in
3148 5010 3305 5077 epist.
3362 5008 3453 5071 9b,
3506 5022 3658 5059 suum
3697 5003 4001 5059 mdilicandi

2438 5100 2839 5168 ptochotroplﬁi
2901 5100 3185 5153 consilium
3252 5098 3457 5152 Valenti
3538 5107 3875 5166 perspecturus
3940 5110 4003 5149 ac

2436 5188 2723 5259 probaturus
2758 5187 2956 5250 fuisse;
2981 5189 3207 5258 ejusque
3232 5187 3553 5241 auctoritate
3599 5186 3802 5249 utitur,
3829 5193 3888 5237 ut
3922 5182 4003 5235 iu-

2436 5280 2636 5334 vidiam
2676 5280 2921 5349 repellat,
2951 5298 3110 5350 quam
3149 5282 3245 5349 ipsi
3303 5278 3538 5333 nonnulli
3580 5277 3825 5332 homines
3856 5274 3998 5345 apud

2437 5373 2717 5441 praesulem
2736 5373 2803 5423 ob
2827 5382 3136 5439 susceptum
3160 5380 3317 5425 tanta!
3336 5370 3489 5424 molis
3511 5367 3792 5423 :cditicium
3815 5378 4003 5421 creare

2439 5458 2737 5513 tentabant.
2778 5457 2844 5510 At
2891 5458 2954 5510 de
2993 5456 3233 5510 Valentis
3273 5453 3598 5509 liberalitate
3625 5467 3785 5522 quant
3838 5448 4000 5504 refert

2516 5697 2593 5767 (tt)
2627 5697 2753 5751 ΝΜ.
2779 5712 2860 5750 or.
2888 5694 2977 5767 20,

2519 5764 2588 5839 (ε)
2621 5767 2737 5822 Lib.
2771 5782 2841 5833 tv,
2879 5782 2928 5821 c.
2958 5764 3038 5818 l9.
