4214 6516
1588 485 1740 536 νξίλ
1783 484 1839 531 S.
1880 482 2143 534 BASILII.

3286 497 3455 539 ικῖςτι

190 592 609 663 Tlieadorctns,
682 599 830 655 nihil
883 617 1103 672 prorsus
1155 602 1347 669 legitur
1396 604 1445 655 in
1494 601 1579 654 illa
1601 602 1793 656 'Uasilii
1826 607 1865 663 Α
1898 607 1999 657 seri
2024 603 2266 671 spiritum
2306 601 2566 670 abstulit,
2627 601 2922 672 prredicans
2968 604 3231 674 ingratam
3276 619 3455 659 eorum

197 695 407 759 epistula
419 728 435 741 .

269 786 350 837 Vl.
386 782 513 835 lla‘c
559 782 762 839 Basilii
802 785 1020 839 virtutis
1047 783 1329 837 admiratio
1360 783 1554 851 injecta
1598 781 1791 838 Valen-

213 881 275 933 tis
302 875 506 936 animo,
540 876 772 930 initium
810 879 911 929 fuit
940 875 1081 929 illius
1113 876 1163 928 in
1213 874 1554 945 Cappadoces
1607 876 1793 928 Imma-

220 967 392 1021 uitatis
420 982 434 1018 :
466 968 587 1021 ha‘c
623 970 806 1036 prima
843 966 1055 1020 exstitit
1083 965 1414 1033 tempestatis
1443 964 1666 1018 sedatio.
1688 962 1790 1018 Sed

222 1061 320 1111 cito
367 1057 684 1112 instabilem
724 1058 871 1110 illius
917 1060 1148 1110 animum
1185 1054 1371 1109 Ariani
1414 1054 1623 1109 artibus
1681 1054 1792 1108 suis

225 1148 592 1201 immutarunt.
631 1147 748 1198 Non
774 1163 933 1199 unum
967 1157 1143 1200 autent
1175 1146 1462 1199 artiticium
1493 1146 1560 1199 ab
1589 1148 1665 1201 eis
1699 1145 1793 1197 ad-

224 1238 467 1293 liibitum.
516 1239 797 1291 Interdum
852 1239 994 1293 cnim
1035 1238 1353 1291 catholicam
1407 1238 1561 1290 Iidem
1596 1248 1703 1303 pra!
1734 1248 1791 1286 se

224 1331 485 1396 ferebant,
520 1348 583 1383 ac
610 1332 795 1385 Basilii
821 1332 1074 1385 doctrina:
1102 1331 1348 1383 assentiri
1379 1346 1436 1383 sc
1463 1326 1788 1398 proﬁteban-

227 1435 331 1488 tur,
361 1435 417 1477 ut
469 1434 707 1477 testatur
741 1425 795 1479 S.
845 1425 1087 1491 prriem
1130 1423 1225 1491 (a).
1261 1422 1375 1476 Non
1406 1422 1605 1475 idcirco
1634 1417 1788 1471 Basi-

222 1517 323 1570 lius
356 1532 547 1569 eorum
584 1515 830 1571 formulis
873 1520 965 1566 aut
1004 1515 1363 1567 communioni
1402 1512 1648 1565 cedebat.
1684 1510 1789 1563 Sed

221 1610 364 1671 inde,
399 1620 459 1661 ut
490 1610 783 1663 verisimile
813 1615 917 1668 est,
951 1620 1133 1659 ansam
1158 1606 1487 1674 arripiebant
1514 1603 1653 1655 illius
1699 1616 1790 1655 ac-

216 1702 440 1753 Cusandi
474 1705 615 1770 apud
639 1698 933 1761 Valentem,
952 1707 1007 1750 ut
1033 1697 1262 1751 hominis
1301 1698 1368 1749 ab
1402 1694 1545 1748 omni
1582 1707 1793 1747 accom-r

217 1790 529 1841 mndatione
576 1796 629 1839 et
670 1785 1041 1852 pacilicatione
1072 1786 1251 1841 alieni.
1298 1784 1392 1838 llis
1434 1784 1638 1838 artibus
1676 1784 1789 1837 vin-

216 1891 347 1931 cunt
378 1877 645 1944 improbi;
680 1878 924 1930 exsilium
950 1878 1275 1942 decernitur,
1297 1886 1553 1945 parantur
1580 1876 1780 1939 omnia,

1892 706 2131 748 mentem.

1964 789 2143 856 Neque
2166 786 2495 839 omitlcndus
2526 787 2676 841 nobis
2712 786 2936 841 Rulluus
2959 782 3057 853 (g),
3097 787 3186 853 qui
3225 802 3336 842 rcm
3375 786 3454 841 sic

1893 880 2145 933 edisserit
2180 898 2192 930 :
2227 877 2357 934 Cum
2385 875 2617 929 Basilius
2646 894 2677 928 α
2714 877 2941 942 Valente,
2991 877 3196 943 inquit,
3230 878 3282 932 in
3314 880 3455 933 exsi-

1892 964 2018 1017 lium
2043 983 2136 1033 pro
2163 967 2266 1031 [ide
2302 976 2593 1034 cogeretur,
2635 964 2890 1019 exhibitas
2928 967 2999 1020 ad
3031 967 3264 1018 tribunal
3308 985 3445 1032 pm!-

1894 1051 2036 1118 fecti,
2092 1056 2476 1125 terroribusque
2524 1058 2543 1122 (
2570 1063 2623 1105 ut
2654 1053 2759 1106 illis
2797 1059 2955 1108 moris
2984 1067 3057 1110 est
3082 1056 3324 1122 potestati
3350 1057 3366 1121 )
3405 1068 3453 1109 et

1893 1146 2048 1196 minis
2085 1146 2331 1199 maximis
2373 1148 2458 1215 agi
2494 1146 2667 1213 coepit,
2706 1155 2752 1198 et
2780 1146 2878 1197 nisi
2908 1150 3177 1217 pra'ceptis
3204 1150 3454 1216 principis

1894 1238 2143 1299 obcrlirct,
2183 1238 2450 1290 interitum
2485 1240 2583 1291 sibi
2622 1237 2951 1306 jamjamque
2990 1252 3219 1305 speraret
3248 1241 3446 1304 impen-

1890 1328 2029 1379 dere.
2089 1326 2219 1380 Tum
2268 1328 2355 1381 ille
2422 1329 2728 1398 intrepidus,
2792 1338 2838 1381 et
2883 1332 3071 1397 absque
3112 1333 3221 1384 ulla
3282 1330 3449 1384 animi

1889 1421 2278 1488 perturbatione
2313 1420 2423 1472 ha'c
2441 1420 2540 1472 sibi
2567 1422 2834 1474 minitanti
2860 1420 3105 1487 prmfecto
3130 1422 3454 1486 respondisse

1890 1512 2055 1580 fertur
2079 1513 2280 1579 .‘Atque
2312 1512 2510 1564 utinam
2543 1512 2739 1580 aliquid
2776 1513 2904 1565 mihi
2936 1520 3065 1564 esset
3096 1511 3240 1578 digni
3264 1530 3450 1565 mune-

1892 1604 1985 1664 ris,
2023 1604 2162 1669 quod
2189 1602 2428 1669 olferrem
2472 1602 2592 1654 huic
2618 1645 2632 1668 ,
2674 1604 2763 1670 qui
2812 1603 3065 1656 maturius
3086 1600 3347 1654 Basilium
3389 1604 3453 1658 tle

1892 1694 2027 1747 nodo
2062 1692 2202 1761 [ollis
2228 1692 2338 1759 ejus
2364 1692 2685 1745 absolveret!
2728 1692 2957 1763 Cumque
3000 1696 3216 1748 daretur
3251 1695 3298 1747 ei
3328 1711 3450 1758 nor,

1887 1804 2003 1854 quae
2040 1792 2154 1839 erat
2190 1786 2359 1837 media
2389 1786 2457 1837 ad
2484 1785 2708 1852 spatium
2740 1784 3088 1851 deliberandi,
3118 1786 3452 1852 respondisse

1889 1877 2055 1929 denuo
2078 1872 2376 1944 perhibetur
2405 1890 2422 1927 :
2462 1874 2573 1943 Ego
2607 1873 2838 1926 crastino
2892 1875 2999 1939 ipse
3036 1892 3123 1928 ero
3145 1876 3233 1945 qui
3266 1892 3401 1928 nunc
3432 1890 3454 1930 :

215 1983 320 2019 nox
361 1968 576 2027 aderat,
610 1967 660 2019 in
702 1978 951 2037 promptu
1005 1981 1217 2031 currus,
1250 1968 1300 2020 in
1347 1966 1532 2035 plausu
1562 1967 1741 2021 hostes
1763 2006 1778 2029 ,
1814 1955 1853 2008 Β
1882 1978 1937 2021 tu
1974 1978 2020 2021 te
2046 1970 2246 2021 utinam
2279 1983 2378 2018 non
2407 1966 2667 2019 mutares!
2692 1965 2755 2020 Et
2780 1966 2877 2019 illa
2911 1966 3117 2036 quidem
3144 1980 3289 2022 nocte
3312 1984 3449 2021 uxor

216 2058 266 2109 in
303 2058 449 2110 luctu
502 2059 612 2127 pii;
663 2060 953 2129 Gregorius
982 2070 1035 2112 et
1080 2058 1169 2111 alii
1222 2060 1375 2113 arnici
1423 2060 1559 2113 latus
1588 2060 1782 2113 alacris

211 2148 444 2204 viatoris
476 2152 767 2220 cingebant
803 2166 817 2203 :
857 2149 1085 2204 Basilius
1107 2151 1299 2207 exsilio
1333 2151 1647 2215 mulctatus,
1681 2151 1784 2205 hoc

215 2246 424 2291 tantum
463 2240 663 2307 negotii
694 2240 920 2308 suscipit
951 2257 965 2293 :
1009 2241 1097 2295 uni
1140 2256 1204 2295 ex
1241 2239 1454 2293 faundis
1507 2239 1735 2306 imperat
1765 2277 1781 2302 ,

212 2337 273 2380 ut
302 2343 362 2382 se
415 2330 661 2397 acceptis
703 2330 1049 2400 pugillaribus
1081 2341 1358 2400 sequatur.
1396 2329 1499 2383 Sed
1527 2328 1667 2385 Deu's
1703 2346 1783 2385 re-

214 2422 415 2475 scindit
458 2422 635 2476 exsilii
666 2423 943 2477 decretum
984 2441 996 2475 :
1057 2422 1196 2474 lilius
1231 2418 1470 2474 Valentis
1500 2420 1552 2474 in
1590 2421 1781 2477 febrim

213 2513 430 2577 incidit,
473 2524 672 2567 etcum
706 2514 854 2566 illius
898 2512 1084 2566 morbo
1113 2511 1309 2565 nullam
1349 2528 1571 2583 prorsus
1615 2516 1784 2569 medi-

214 2609 393 2657 cinam
428 2616 584 2672 pater
633 2605 934 2667 inveniret,
986 2604 1052 2658 ad
1094 2602 1348 2660 Basiliam
1381 2604 1641 2673 confugit,
1676 2621 1779 2659 non

214 2696 434 2763 quidem
467 2709 565 2762 per
588 2708 667 2759 se,
694 2695 760 2747 ob
782 2694 1161 2749 contumeliam
1190 2696 1346 2749 modo
1371 2696 1418 2749 ei
1448 2694 1666 2761 iactam,
1686 2698 1780 2751 sed

217 2799 314 2853 per
353 2798 449 2838 eos
489 2798 625 2851 quos
661 2792 845 2839 sancto
869 2784 1120 2854 episcopo
1150 2783 1503 2839 amicissimos
1535 2797 1657 2837 esse
1690 2797 1783 2837 no-

216 2886 390 2941 verat,
424 2876 475 2929 id
502 2885 586 2930 est
619 2890 716 2946 per
762 2876 1069 2932 Terentium
1112 2885 1167 2932 et
1200 2874 1469 2932 Victorem
1499 2885 1592 2930 aut
1626 2876 1785 2931 Ariu-

220 2972 438 3023 tlneum.
458 2968 592 3023 Nam
618 2971 889 3040 magistris
912 2971 987 3026 rei
1019 2970 1265 3025 militaris
1295 2970 1395 3025 hoc
1421 2985 1612 3024 munus
1639 2983 1781 3024 com-

219 3061 437 3113 missum
454 3061 619 3113 fuisse
638 3061 799 3114 refert
815 3061 1528 3131 Tlieodoretus(b).Accurrit
1542 3060 1786 3123 Basilius,

220 3151 440 3217 ejusque
496 3150 739 3219 ingressu
768 3152 937 3203 levior
966 3155 1023 3203 tit
1068 3152 1305 3215 morbus,
1338 3166 1436 3206 nec
1477 3151 1788 3205 dubitabant

220 3244 305 3311 qui
350 3245 611 3307 aderant,
645 3245 771 3313 quin
823 3243 991 3297 lilium
1027 3243 1314 3313 imperator
1355 3244 1672 3298 incolumem
1704 3258 1789 3297 re-

220 3336 479 3403 cepisset,
511 3338 555 3390 si
591 3351 699 3390 non
730 3336 871 3390 dulci
906 3350 1056 3404 aqua:
1089 3336 1284 3391 salsam
1321 3336 1645 3402 miscuisset,
1682 3335 1782 3390 Ba-

220 3426 391 3478 silium
423 3442 623 3480 vocans
650 3438 701 3480 et
731 3427 996 3480 haireticis
1028 3427 1273 3480 credens.
1299 3427 1472 3494 Atque
1505 3428 1617 3481 haec
1664 3425 1781 3495 qui-

228 3516 345 3569 dem
382 3516 679 3585 Gregorius
720 3516 1111 3578 Nazianzenus,
1142 3517 1295 3585 cujus
1316 3518 1673 3571 narrationem
1702 3532 1786 3571 ac-

219 3617 399 3661 corate
430 3608 678 3674 sequitur
712 3607 1043 3662 Sozomcnus
1094 3607 1194 3675 (c);
1230 3617 1283 3661 et
1326 3608 1469 3677 quod
1497 3608 1785 3680 Gregorius

219 3698 292 3753 ait
320 3698 599 3753 Valentem
630 3714 781 3769 aqua:
832 3699 974 3753 dulci
1014 3698 1211 3752 salsam
1249 3700 1549 3765 miscuisse,
1590 3701 1641 3754 id
1674 3702 1775 3755 So-

221 3804 477 3845 zomenus
501 3791 887 3860 interpretatur
910 3793 975 3844 de
1020 3790 1289 3844 luereticis
1325 3804 1428 3843 una
1462 3805 1581 3845 cum
1612 3789 1763 3844 Basi-

233 3885 302 3936 lio
334 3884 634 3947 advocatis,
664 3894 720 3936 ut
742 3898 837 3951 pro
866 3880 1106 3937 Valentis
1134 3882 1244 3935 lilio
1286 3893 1657 3951 precnrentur.
1702 3883 1781 3936 Ex

226 3971 568 4030 Theodorcto
615 3976 693 4043 (ὀ)
737 3976 1007 4029 Dominica
1056 3976 1295 4042 Augusta
1342 3974 1547 4040 magnis
1582 3975 1783 4029 dolori-

218 4066 334 4132 bus,
361 4067 469 4131 vel,
506 4075 561 4121 ut
592 4069 666 4119 ait
691 4068 941 4120 Socrates
971 4063 1064 4136 (e),
1102 4064 1383 4118 horrendis
1413 4064 1541 4119 visis
1563 4075 1771 4133 vexata,

220 4155 428 4212 Valenti
469 4167 660 4211 auctor
686 4155 807 4223 fuit,
834 4166 892 4209 ut
915 4156 1169 4209 Basiliam
1195 4168 1518 4211 accerseret.

287 4247 392 4303 Res
420 4267 450 4303 a
487 4250 547 4303 S.
578 4246 820 4318 Eplirzem
859 4248 923 4318 (ί)
973 4248 1053 4303 sic
1096 4256 1344 4303 narratur
1378 4266 1392 4301 :
1446 4248 1581 4303 Dum
1627 4251 1777 4321 gravi

219 4342 395 4393 morbo
439 4342 762 4393 detineretur
809 4341 949 4406 ﬁlius
986 4341 1237 4408 tyranni,
1291 4341 1543 4409 rogabant
1603 4346 1773 4395 virum

217 4434 373 4494 hunc,
408 4441 469 4484 ut
494 4451 589 4499 pro
625 4449 685 4487 eo
713 4441 1047 4500 precaretur;
1069 4431 1159 4484 illo
1180 4447 1291 4485 vero
1310 4443 1625 4499 proponeute
1653 4449 1779 4486 con-

217 4524 470 4575 ditionem
510 4539 526 4575 :
559 4520 617 4575 Si
661 4540 778 4577 eum
828 4522 955 4576 mihi
984 4523 1285 4585 tradideris.
1334 4532 1387 4574 ut
1422 4523 1679 4575 adducant
1710 4522 1776 4575 ad

1883 2057 2210 2123 imperatoris
2235 2054 2369 2109 velut
2402 2055 2686 2107 tortoribus
2717 2056 2917 2107 tradita
2948 2055 3253 2118 cruciatur;
3296 2057 3441 2124 [ilius

1883 2163 1999 2199 uero
2026 2148 2113 2216 qui
2136 2151 2207 2200 eis
2240 2156 2351 2201 erat
2383 2147 2591 2209 unicus,
2618 2146 2903 2199 exstinctus
2932 2154 3166 2213 puternrc
3204 2148 3448 2210 impieta-

1883 2238 1947 2291 tis
1972 2238 2202 2291 creditur
2224 2240 2501 2293 exsoluisse
2526 2237 2803 2308 supplicia.
2832 2234 2917 2290 Ita
2937 2246 3055 2291 ante
3084 2238 3247 2291 lucem
3279 2240 3449 2306 missi,

1882 2333 1972 2402 qui
2000 2341 2240 2401 rogarent
2284 2330 2566 2397 Basiliam,
2604 2344 2658 2385 ut
2691 2332 2929 2402 precibus
2965 2333 3074 2385 suis
3107 2331 3450 2385 intercederet

1882 2442 1976 2493 pro
2006 2425 2105 2488 eis,
2147 2439 2208 2477 ne
2236 2425 2392 2476 etiam
2420 2425 2543 2492 ipsi,
2567 2438 2613 2477 et
2645 2427 2850 2494 quidem
2881 2424 3265 2495 multojustius
3298 2424 3450 2477 simi-

1884 2516 2003 2570 liter
2030 2517 2322 2569 interirent.

1958 2609 2064 2663 Vll.
2097 2608 2230 2665 Victi
2257 2620 2312 2663 at
2343 2623 2445 2663 non
2472 2606 2747 2677 defatigati
2783 2608 2967 2662 Ariani
2988 2624 3092 2660 nou
3127 2608 3294 2661 multo
3324 2618 3446 2677 post

1887 2698 1952 2750 ad
1985 2713 2213 2767 pugnam
2254 2699 2549 2761 redierunt,
2577 2708 2630 2753 et
2654 2696 2919 2751 inﬁrmam
2949 2695 3191 2750 Valentis
3218 2708 3447 2751 mentem

1888 2790 2039 2843 novis
2079 2790 2286 2843 artibus
2315 2791 2548 2857 aggressi
2606 2798 2750 2844 sunt.
2791 2788 2939 2843 Hanc
2967 2799 3147 2842 autem
3183 2788 3454 2856 imprimis

1887 2882 2059 2936 aleam
2096 2882 2470 2946 adhibuerunt,
2489 2896 2607 2949 quae
2637 2896 2856 2950 perraro
2881 2881 3119 2943 fallebat.
3157 2891 3215 2934 ut
3250 2878 3450 2934 Basilio

1892 2982 2072 3028 stante
2116 2972 2247 3027 nihil
2286 2987 2347 3027 se
2380 2986 2695 3042 promovere
2722 2988 2895 3040 posse,
2941 2988 3004 3028 eo
3032 2974 3269 3043 relegato
3302 2984 3457 3029 caete.

1888 3082 1979 3121 ros
2007 3066 2161 3121 facile
2188 3080 2438 3121 cessuros
2478 3065 2720 3119 dicerent
2749 3063 2843 3135 (lt).
2879 3062 3064 3118 Gravis
3100 3064 3344 3117 enimille
3360 3082 3454 3119 no-

1890 3160 1965 3212 bis
1998 3170 2092 3223 est,
2119 3160 2353 3222 aiebant,
2386 3158 2459 3213 uel
2498 3158 2666 3211 solum
2694 3167 3019 3224 conspectus.
3052 3153 3257 3209 Etenim
3298 3155 3449 3209 ualde

1891 3247 2183 3301 contrarius
2225 3248 2369 3300 nobis
2412 3256 2486 3300 est
2522 3248 2575 3299 in
2623 3247 2946 3300 sermonibus
2971 3263 2989 3300 :
3019 3256 3293 3315 propterea
3334 3248 3453 3315 fieri

1890 3339 2086 3409 nequit,
2110 3339 2413 3406 imperator,
2447 3345 2502 3390 ut
2534 3336 2661 3405 ﬁdes
2698 3348 2877 3390 nostra
2917 3352 3246 3406 progressum
3277 3338 3451 3405 capiat

1885 3431 1931 3483 si
1960 3430 2058 3483 iste
2104 3430 2261 3483 adsit.
2318 3427 2515 3483 lterum
2549 3444 2677 3500 ergo
2707 3430 3010 3484 decernitur
3040 3427 3314 3491 exsilium,
3344 3430 3439 3482 sed

1888 3521 2027 3575 Deus
2062 3535 2200 3575 novo
2228 3521 2487 3575 miraculo
2535 3536 2690 3575 suum
2719 3520 2974 3574 Ecclesia:
3007 3519 3324 3573 Caesariensi
3354 3533 3451 3588 ps-

1885 3622 2085 3667 storem
2117 3613 2371 3673 servavit,
2409 3612 2551 3681 quod
2584 3627 2614 3662 a
2640 3610 2699 3664 S.
2742 3610 2989 3679 prrann
3030 3609 3091 3680 (ἱ)
3132 3610 3211 3664 sic
3260 3624 3451 3664 narra-

1885 3709 1972 3755 tur
2006 3720 2019 3755 :
2050 3701 2254 3754 [lorum
2282 3700 2625 3762 sermonibus,
2651 3698 2842 3766 inquit,
2866 3698 3111 3752 inductus
3144 3700 3447 3764 imperator,

1884 3794 2105 3859 suscepit
2136 3791 2187 3843 in
2217 3790 2457 3843 exsilium
2497 3805 2614 3842 eum
2655 3788 2899 3842 mittere:
2944 3788 3123 3840 statim
3150 3803 3266 3841 uero
3298 3788 3446 3840 cala-

1886 3896 2021 3943 mus,
2056 3880 2144 3948 qui
2182 3895 2283 3932 non
2317 3879 2597 3932 sustineret
2630 3878 2809 3946 iniquo
2859 3875 3149 3932 subservire
3192 3876 3411 3931 consilio
3434 3915 3450 3941 ,

1886 3971 2023 4023 ultro
2066 3970 2367 4037 confractus
2420 3976 2535 4035 est,
2592 3969 2918 4038 insipientem
2967 3968 3242 4032 erudiens,
3292 3983 3453 4035 quam

1883 4077 2089 4117 enorme
2115 4061 2322 4128 [acinus
2345 4070 2555 4129 patrare
2572 4058 2715 4113 vellet
2735 4060 2789 4113 in
2818 4074 3018 4113 servum
3043 4055 3262 4121 Christi,
3288 4058 3447 4110 unius

1882 4152 1935 4207 in
1965 4152 2125 4206 Patre
2156 4163 2201 4207 et
2233 4150 2374 4206 Filio
2399 4162 2444 4205 et
2470 4150 2672 4220 Spiritu
2702 4159 2883 4204 sancto
2912 4148 3212 4201 diuinitatis
3246 4164 3446 4216 pra'co-

1882 4262 2019 4307 nem,
2043 4245 2228 4316 quique
2248 4246 2319 4297 ita
2340 4261 2441 4297 non
2464 4244 2737 4297 seruientes
2765 4253 2855 4295 aut
2880 4242 3165 4309 loquentes,
3193 4253 3447 4307 tanquam

1885 4353 2039 4390 canes
2075 4336 2285 4389 rabidos
2318 4337 2582 4403 sapienter
2610 4335 2969 4403 redarguebat.
3007 4333 3135 4387 Cum
3153 4343 3331 4386 autem
3348 4347 3450 4385 non

1883 4429 2097 4482 sentiret
2122 4428 2186 4491 is,
2218 4427 2449 4481 inanimo
2472 4426 2677 4479 calamo
2706 4425 3076 4488 insensibilior,
3101 4424 3244 4491 ﬁlius
3272 4437 3451 4475 revera

1881 4520 2095 4582 erroris,
2118 4520 2399 4571 secundum
2426 4534 2625 4587 quoque
2649 4518 2864 4585 sumpsit
2898 4517 2965 4568 ad
2996 4512 3447 4572 subscribendum.

218 4600 615 4666 immaculatum
659 4615 815 4681 ﬁdem
836 4653 853 4679 ,
889 4612 1200 4677 liberemque
1235 4612 1297 4665 ab
1331 4615 1470 4666 omni
1518 4614 1779 4681 impietate
1814 4621 1857 4677 ο
1882 4622 1927 4665 et
1961 4613 2029 4665 ad
2051 4612 2210 4679 ﬁnem
2235 4611 2599 4679 imponendum
2624 4609 2773 4662 mala:
2796 4606 3079 4667 voluntati;
3113 4618 3288 4657 verum
3313 4606 3450 4655 hunc

218 4707 433 4758 Ariona:
472 4704 767 4761 doctrinae.-
788 4716 834 4757 et
867 4706 978 4773 ipso
1004 4706 1355 4766 assentiente;
1399 4704 1577 4757 statim
1618 4701 1777 4757 Basi-

220 4794 320 4850 lius
349 4813 447 4862 pro
482 4796 793 4863 imperatore
845 4806 1047 4850 terreno
1080 4812 1203 4864 ergo
1246 4798 1500 4849 ccelestem
1530 4798 1782 4850 interces-

219 4904 307 4940 sor
325 4890 529 4942 exstitit
558 4890 780 4953 ;obtulit
811 4891 907 4944 viri
940 4890 1279 4958 promissum,
1321 4888 1468 4955 eique
1506 4890 1783 4942 sanitatem

222 4978 318 5046 ﬁlii
350 4982 547 5038 retulit.
581 4979 648 5033 Ut
690 4993 859 5035 autem
890 4993 1145 5049 serpentes
1166 4981 1404 5034 uiderunt
1425 4995 1642 5047 puerum
1668 4995 1779 5033 ser-

223 5082 421 5138 ratum,
458 5090 640 5128 rursus
670 5074 793 5129 levis
812 5074 1143 5141 imperatoris
1166 5082 1385 5126 mentem
1403 5073 1776 5141 depravarunt,

222 5164 437 5233 ejusque
474 5167 643 5234 {ilium
686 5177 953 5233 acceptum
1002 5168 1335 5235 baptisurunt
1364 5180 1523 5233 aqua,
1558 5180 1658 5216 non
1694 5171 1777 5215 ta-

224 5274 337 5310 men
367 5257 606 5325 Spiritu;
640 5258 890 5311 docebant
922 5258 1175 5326 abnegare
1222 5254 1422 5309 Filium
1460 5254 1596 5319 Dei;
1640 5257 1776 5308 inte-

226 5350 333 5401 rius
362 5349 674 5412 irretientes,
700 5361 747 5402 et
770 5349 1287 5402 exteriusinduentes
1310 5364 1327 5410 ;
1362 5348 1493 5416 [oris
1510 5345 1777 5401 Christum

226 5440 412 5505 induit,
437 5443 578 5494 intus
609 5441 885 5495 dilacerat.
919 5439 1095 5506 Quare
1126 5458 1228 5495 non
1280 5441 1445 5495 multo
1484 5452 1619 5509 post,
1672 5439 1776 5493 mi-

294 5619 368 5759 io)
388 5618 562 5675 Cotel.
598 5626 731 5673 tom.
754 5617 816 5671 lll
846 5617 1190 5689 [Monumenn

318 5692 365 5759 ὁ)
400 5691 516 5744 Lib.
552 5706 628 5754 tv,
657 5706 706 5742 c.
730 5691 826 5759 l9.

318 5692 365 5760 ὁ)
400 5691 516 5744 Lib.
552 5706 628 5754 tv,
657 5691 826 5760 c._l9.

381 5763 497 5817 Lib.
529 5777 605 5826 vr,
629 5776 681 5815 c.
718 5758 805 5831 16.

290 5828 367 5898 (d)
400 5834 520 5887 Lib.
556 5848 632 5896 tv,
662 5844 709 5883 c.
748 5830 832 5885 19.

295 5908 361 5976 (ι)
398 5905 537 5961 Ibid.
576 5918 629 5959 c.
655 5900 749 5954 26.

1890 4704 2133 4757 similiter
2168 4702 2426 4771 confringi
2452 4702 2599 4765 uidit,
2623 4716 2712 4753 nec
2745 4700 2853 4766 pati
2884 4696 3008 4750 velle
3030 4694 3449 4747 communionem

1886 4796 2039 4859 mali,
2074 4797 2212 4865 quod
2240 4797 2347 4863 ipse
2379 4795 2551 4862 facere
2577 4795 2859 4845 nitebatur.
2886 4789 3024 4854 Quid
3046 4788 3270 4851 conaris,
3295 4804 3324 4841 ο
3347 4790 3454 4840 im-

1887 4894 2120 4955 perator,
2150 4886 2203 4937 in
2229 4886 2554 4952 peregrinam
2588 4897 2704 4934 eum
2732 4880 2916 4948 ejicere
2940 4881 3222 4945 regionem,
3242 4876 3330 4944 qui
3364 4876 3449 4927 in-

1887 4976 2236 5030 habitatorem
2272 4975 2424 5027 habet
2454 4974 2691 5026 universa
2736 4968 3069 5037 complentem
3090 4968 3115 5020 1’
3135 4966 3244 5021 Cur
3265 4981 3449 5034 capere

1886 5076 2053 5121 tentus
2080 5067 2209 5119 nulli
2249 5064 2641 5132 expugnabilem
2668 5062 2692 5114 ?
2738 5059 2913 5126 Quare
2942 5059 3151 5112 ciuitate
3192 5055 3345 5125 pellis
3370 5057 3449 5136 ci.-

1884 5175 1990 5213 vem
2023 5158 2181 5213 ctuti?
2212 5156 2353 5209 Nam
2386 5156 2429 5208 si
2459 5156 2667 5207 tertium
2697 5168 2896 5220 auoque
2925 5152 3185 5203 calamum
3212 5161 3448 5215 simipse-

1879 5252 1971 5312 ris,
1992 5266 2167 5304 cernes
2190 5248 2494 5311 contritum,
2527 5245 2805 5306 nolentem,
2832 5258 2923 5295 nec
2944 5240 3037 5293 tibi
3060 5249 3445 5307 coaperanten.

1881 5343 2030 5409 Quod
2067 5344 2241 5410 utique
2273 5342 2428 5393 etiam
2469 5338 2706 5406 contigit.
2744 5335 2883 5389 Tunc
2926 5343 3103 5401 aperte
3138 5328 3360 5384 uictoria
3404 5344 3437 5380 a

1878 5436 2076 5488 cunctis
2103 5433 2391 5504 praedicata
2440 5431 2557 5498 fuit,
2606 5440 2715 5481 tum
2758 5427 2961 5480 illustre
3001 5434 3257 5492 tropazum
3298 5418 3436 5476 inri-

1971 5611 2037 5682 (ι’)
2063 5610 2231 5682 Cotel.
2264 5617 2301 5663 t.
2345 5607 2409 5663 lll
2470 5606 2706 5662 Monum.
2736 5606 2964 5669 Eccles.,
2992 5619 3045 5674 p.
3074 5602 3161 5656 63.

1963 5681 2035 5754 (g)
2063 5681 2179 5754 Lib.
2205 5697 2281 5754 Δχι.
2316 5697 2364 5735 c.
2395 5686 2447 5754 υτ

1961 5742 2038 5827 (ἴα)
2057 5752 2237 5827 Cute].
2269 5760 2398 5827 toni.
2430 5750 2517 5817 ιιι,
2545 5748 2781 5803 Monum.
2808 5744 2980 5811 Eccl.,
3006 5758 3062 5827 ρ.
3089 5742 3180 5798 δι.

1959 5819 2027 5891 lt)
2055 5823 2183 5877 Ibid.
2212 5837 2265 5891 p.
2290 5819 2379 5875 65.
