4214 6504
2138 450 2663 509 PR‘OLEGOMENA.

778 571 847 621 cti
874 567 1119 626 hominis.
1155 564 1345 618 calami
1379 574 1480 619 tres
1510 566 1844 629 exstiterunt,
1872 564 2177 619 Trinitatem
2212 583 2335 619 rou-
2370 578 2415 632 Α
2444 568 2774 624 calamorum
2817 571 2866 623 in
2890 568 3177 625 scribendo
3209 569 3381 623 exsilii
3423 570 3639 624 decreto
3675 566 4001 625 fractorum.

777 660 1173 713 substantialem
1231 659 1541 725 pra'tlicanti
1594 658 1999 724 patrocinantes.
2061 657 2245 710 Manus
2274 660 2343 710 ad
2446 658 2551 713 Sed
2588 660 2802 727 conjici!
2837 660 2920 712 vel
2971 659 3266 714 Antiochia:
3309 674 3427 712 rem
3467 672 3671 729 gestam
3721 674 3877 720 esse,
3911 663 4003 711 ubi

777 470 962 510 ιςςτιι

774 750 1143 819 proferendam
1173 750 1479 803 sententiam
1511 748 1812 815 festinabat,
1832 760 1876 802 et
1904 750 2095 801 calami
2125 766 2239 802 eam
2263 751 2344 800 in-

770 841 975 909 justam
1004 841 1450 894 demonstrarunt.
1485 838 1675 892 Manus
1700 857 1913 907 pravum
1933 841 2193 894 calculum
2213 841 2343 895 dare

776 929 1133 1001 properabat;
1175 932 1367 986 calami
1402 948 1521 985 vero
1557 932 1713 985 inane
1750 932 1983 983 studium
2025 933 2336 987 retinebant.

780 1026 981 1081 Imbres
1011 1026 1396 1080 miraculorum
1440 1025 1639 1096 pluisse
1680 1027 1753 1079 ait
1792 1028 1869 1095 (p.
1900 1024 1990 1095 64)
2029 1025 2164 1080 idem
2202 1028 2339 1081 scri-

777 1127 923 1187 ptor,
961 1133 1123 1187 seque
1172 1120 1275 1173 hoc
1324 1134 1485 1171 unum
1537 1121 1602 1172 de
1639 1117 1887 1172 omnibus
1918 1131 2159 1171 narrare.
2194 1119 2337 1174 idem

778 1210 1092 1265 miraculum
1116 1220 1298 1263 narrat
1327 1208 1697 1264 Theodoretus
1725 1208 1824 1278 (α),
1858 1211 2109 1277 additque
2142 1208 2337 1264 \‘alen-

778 1311 911 1364 tem,
939 1316 1063 1355 cum
1096 1302 1331 1356 secundo
1364 1311 1418 1354 et
1448 1303 1606 1355 tertio
1626 1300 1865 1357 calamus
1923 1302 2110 1354 fuisset
2143 1303 2339 1355 contri-

776 1404 883 1452 tus.
920 1396 1106 1445 dextra
1142 1392 1322 1445 subito
1351 1391 1561 1446 concuti
1594 1405 1655 1444 ac
1692 1401 1921 1445 tremere
1944 1389 2192 1456 coepisse.

856 1481 986 1537 Vill.
1038 1482 1213 1537 Locus
1262 1483 1479 1552 quidam
1509 1480 1753 1549 Gregorii
1802 1481 2127 1534 Nazianzeni
2162 1483 2337 1536 mitius

776 1585 925 1631 recte
959 1576 1259 1630 intellectus
1281 1577 1331 1627 in
1356 1576 1621 1628 maximas
1638 1574 2037 1627 Tillcmoutium
2064 1574 2337 1645 angustias

777 1668 1023 1735 coniecit.
1064 1666 1351 1735 Postquam
1393 1665 1910 1736 retulitGrcgorius,
1940 1665 2210 1720 Valentem
2240 1665 2336 1715 Ba-

776 1762 879 1813 silii
917 1759 1273 1813 admiratione
1331 1758 1631 1827 perculsum
1692 1759 1946 1818 vetuisse,
1981 1770 2045 1809 ne
2070 1758 2149 1809 vis
2170 1757 2217 1809 ei
2251 1756 2333 1807 iu-

777 1852 1025 1914 ferretur.
1066 1862 1119 1907 et
1152 1854 1273 1905 dum
1300 1854 1434 1905 dona
1470 1851 1651 1916 oil'ert,
1682 1854 1873 1905 mirum
1902 1852 1951 1903 in
1975 1852 2188 1905 modum
2224 1865 2336 1905 tre-

2444 748 2552 804 non‘
2570 753 2738 805 semel
2759 753 2891 807 inita
2916 752 2982 806 de
3004 753 3249 819 pellendo
3265 751 3461 806 Basilio
3475 756 3698 810 consilia
3721 774 3734 821 ;
3759 754 3843 810 vel
3864 754 4006 808 hanc

2440 855 2632 895 novam
2658 844 3083 910 persecutionem
3109 854 3233 898 ante
3256 842 3551 898 secundum
3576 845 3814 901 Valentis
3838 846 3890 899 in
3915 858 4008 899 ec-

2441 932 2655 986 clesiam
2696 935 2995 1004 ingressum
3029 935 3341 1005 contigisse,
3370 936 3450 991 vel
3476 935 3527 989 iu
3553 934 3660 987 alio
3691 937 4004 993 Carsaream

2443 1021 2677 1079 Valentis
2706 1029 2962 1092 adventu,
2995 1026 3083 1095 qui
3117 1025 3169 1079 in
3205 1027 3344 1082 hanc
3378 1027 3563 1083 urbem
3587 1025 3765 1081 redire
3800 1030 4003 1098 potuit,

2438 1116 2535 1170 etsi
2571 1130 2673 1169 non
2707 1116 2903 1185 legitur
2930 1119 3175 1175 rediisse.

2507 1206 2576 1261 At
2633 1206 2834 1261 inutilis
2870 1225 3089 1277 prorsus
3138 1207 3349 1261 videtur
3408 1219 3485 1263 tot
3543 1210 3981 1277 conjecturarum

2436 1308 2597 1362 opera
2640 1294 2693 1349 in
2748 1310 2806 1348 re
2848 1311 2941 1350 sua
2993 1306 3183 1366 sponte
3218 1295 3391 1351 soluta
3435 1306 3490 1350 et
3549 1300 3833 1370 explicata.
3866 1300 4001 1355 Nam

2438 1390 2551 1445 lucc
2580 1390 2825 1460 Gregorii
2860 1392 3018 1444 verba
3053 1407 3064 1441 :
3113 1390 3225 1445 lloc
3255 1390 3351 1456 fuit
3388 1389 3723 1455 imperatoris
3751 1408 3876 1462 erga
3906 1408 4001 1445 nos

2437 1478 2781 1536 humanitatis
2805 1482 3033 1548 initium,
3062 1483 3173 1536 Iure
3197 1486 3366 1551 prima
3402 1497 3573 1534 rerum
3606 1486 3832 1549 sedatio,
3864 1495 4001 1549 τις..

2437 1586 2540 1625 non
2596 1574 2903 1630 referuntur
2934 1576 2998 1627 ad
3052 1575 3179 1629 illud
3225 1576 3466 1629 Valentis
3497 1574 3639 1627 intra
3668 1578 3845 1632 velum
3874 1594 4000 1634 cum

2436 1660 2632 1718 Basilio
2661 1664 3005 1732 colloquium.
3026 1666 3117 1718 sed
3147 1666 3215 1719 ad
3250 1666 3392 1719 illam
3418 1664 3599 1719 Basilii
3636 1665 3851 1720 virtutis
3901 1671 4002 1722 ad-

2436 1754 2796 1820 mirationem,
2837 1770 2941 1825 qua
3000 1757 3276 1820 perculsus
3310 1756 3505 1811 Valens
3552 1758 3719 1812 vetuit
3778 1758 3831 1810 ei
3889 1760 4000 1813 vim

2438 1844 2644 1901 inferri.
2684 1847 2737 1900 Id
2796 1856 2940 1918 patet
2989 1848 3043 1900 1⁸
3070 1862 3134 1901 ex
3189 1856 3297 1903 tota
3332 1851 3658 1903 narrationis
3689 1849 3849 1902 serie.
3903 1850 3998 1903 Ait

774 1946 973 1999 muisse
1011 1960 1071 1997 ac
1126 1946 1415 2010 titubasse,
1466 1960 1699 2015 cumque
1747 1960 1932 1998 rursus
1961 1943 2013 1997 in
2044 1944 2333 1999 ecclesiam
2366 1925 2407 1980 Β
2435 1940 2575 1993 enim
2603 1938 2892 2009 Gregorius
2922 1940 3196 1996 Valentem
3225 1980 3241 2006 ,
3272 1941 3355 1995 his
3386 1957 3503 2010 qua:
3538 1940 3771 1995 Basilius
3814 1956 3998 2010 gesse-

774 2040 1029 2101 ven’isset,
1067 2040 1206 2093 intra
1243 2039 1414 2094 velum
1448 2042 1657 2093 divinas
1682 2038 1860 2092 Basilii
1890 2054 2051 2092 voces
2077 2040 2333 2106 audiisse;

776 2143 1077 2200 postquam.
1135 2134 1386 2200 inquam.
1445 2132 1553 2183 lucc
1596 2133 1862 2188 narravit.
1920 2131 2100 2184 statim
2138 2131 2333 2186 addit:

776 2224 921 2291 Αὐτὴ
941 2225 1145 2289 γίνεται
1176 2227 1270 2290 τῆς
1304 2222 1393 2273 τοῦ
1421 2222 1681 2291 βαςιὶέως
1713 2223 1837 2293 περὶ
1869 2224 2016 2292 ἡμᾶς
2038 2222 2336 2294 φιλανθρω-

776 2314 903 2374 πίας
936 2315 1098 2383 ἁρχὴ,
1132 2315 1221 2364 καὶ
1254 2314 1581 2376 καταπταπις
1614 2314 1824 2385 πρώτη,
1851 2314 2008 2367 τοῦτο
2034 2314 2093 2367 τὸ
2125 2314 2334 2383 λῆμμα,

773 2404 871 2472 τῆς
902 2404 1019 2457 τότε
1052 2406 1361 2476 διοχλούσης
1401 2408 1660 2476 ἐπηρείας
1695 2408 1753 2460 τὸ
1783 2408 2029 2459 πλεῖστον
2064 2406 2248 2475 ὥσπερ
2284 2422 2335 2457 τι

776 2495 954 2566 ῥεῦμα
1004 2496 1263 2551 διέλυσεν.
1306 2496 1420 2551 Hoc
1460 2499 1661 2552 exstitit
1700 2500 2051 2567 imperatoria:
2090 2514 2212 2566 erga
2242 2512 2335 2549 nos

774 2592 1115 2645 humanitatis
1141 2603 1188 2646 et
1225 2594 1509 2647 clementia:
1530 2592 1843 2659 principium
1866 2606 1884 2643 .'
1918 2591 2026 2644 Ita'c
2056 2590 2224 2658 prium
2252 2606 2334 2643 se—

775 2683 921 2735 datio
950 2699 968 2736 :
995 2686 1103 2736 lucc
1134 2687 1338 2738 occasio
1370 2684 1654 2735 maximam
1683 2682 2038 2751 impressionis
2056 2680 2196 2735 illius
2214 2698 2337 2745 par-

776 2781 899 2832 tem,
928 2789 1030 2840 qua
1053 2782 1162 2826 tum
1200 2773 1539 2834 rexabamur,
1572 2789 1676 2826 nou
1706 2789 1851 2827 secus
1879 2789 1939 2826 ac
1965 2774 2156 2842 [luctus
2183 2789 2339 2843 quos-

775 2865 921 2926 dam,
944 2865 1095 2936 [regit
1126 2883 1187 2919 ac
1219 2866 1477 2921 dissolvit.
1512 2864 1635 2920 lla‘c
1677 2865 1845 2922 refert
1868 2865 2245 2920 Tillemontius
2272 2866 2337 2918 ad

776 2954 1067 3008 seetmdum
1105 2953 1342 3008 Valentis
1371 2956 1423 3007 in
1454 2956 1740 3008 ecclesiam
1780 2956 2107 3024 ingressum,
2128 2970 2190 3009 ac
2214 2956 2337 3009 inde

776 3051 924 3098 certo
980 3045 1154 3115 colligi
1185 3048 1478 3106 existimat.
1516 3046 1772 3098 Basiliam
1828 3062 1889 3098 ac
1934 3061 2122 3099 omnes
2169 3046 2333 3097 etiam

774 3134 1127 3205 Cappadocia:
1156 3135 1413 3190 ecclesias
1444 3135 1648 3204 reliquo
1682 3133 1919 3188 Valentis
1953 3134 2164 3204 imperii
2198 3143 2337 3188 tem-

777 3242 930 3293 pore,
955 3226 1037 3282 vel
1078 3227 1266 3283 saltem
1298 3227 1431 3282 satis
1461 3226 1553 3283 ditt
1587 3237 1707 3297 post
1739 3226 1924 3281 Basilii
1957 3242 2077 3283 cum
2110 3226 2333 3281 Valente
2361 3266 2403 3325 ο

776 3317 1141 3385 colloquium,
1200 3334 1383 3387 pacem
1436 3321 1739 3376 retinuisse.
1796 3319 1899 3373 Sed
1956 3319 2337 3372 animadvertit

776 3406 1150 3463 Tilletnontius
1177 3408 1384 3478 longam
1420 3410 1561 3461 illam
1591 3426 1797 3478 pacem,
1836 3426 1997 3477 quant
2034 3411 2330 3465 secundum

778 3497 1017 3552 Valentis
1066 3499 1118 3551 in
1167 3498 1451 3553 ecclesiam
1496 3499 1797 3565 ingressum
1836 3509 2188 3552 consecutam
2213 3514 2334 3552 esse

774 3599 945 3659 putat,
976 3591 1251 3644 conciliari
1278 3606 1381 3645 non
1418 3605 1573 3659 posse
1598 3604 1720 3645 cum
1740 3591 2139 3660 persecutione,
2170 3605 2331 3659 quam

775 3680 954 3735 statim
987 3690 1171 3735 narrat
1194 3679 1485 3751 Gregorius
1526 3690 1806 3751 postquam
1860 3682 1926 3737 de
1956 3682 2195 3736 secundo
2227 3678 2334 3734 Va-

776 3772 937 3826 lentis
962 3772 1015 3825 in
1050 3773 1339 3828 ecclesiam
1381 3773 1624 3843 ingressu
1655 3772 1863 3827 locutus
1895 3784 1998 3827 est.
2036 3773 2161 3829 llaec
2185 3772 2330 3827 enim

775 3864 1099 3932 persecutio,
1122 3865 1173 3915 in
1207 3878 1309 3933 qua
1332 3865 1605 3919 decretum
1636 3864 1831 3919 Basilio
1852 3867 2097 3921 exsilium
2120 3868 2338 3922 morbus

773 3952 977 4007 Galatae
1002 3956 1220 4018 avertit,
1245 3955 1334 4007 diu
1360 3955 1563 4011 diﬂ‘erri
1595 3972 1699 4012 non
1734 3968 1944 4028 potest;
1974 3958 2238 4025 siquidem
2269 3973 2334 4012 ex

774 4042 1057 4100 Themistii
1083 4046 1328 4100 oratione
1353 4062 1493 4101 anno
1518 4048 1647 4112 575,
1672 4049 2018 4116 pronuntiata
2054 4065 2105 4102 tu
2136 4064 2336 4102 annum

775 4136 1040 4192 decimum
1064 4136 1331 4203 Valentis,
1353 4138 1461 4207 jam
1499 4148 1765 4194 mortuum
1793 4155 1909 4195 esse
1934 4139 2179 4195 Galatam
2209 4154 2333 4210 per-

777 4222 1022 4292 spicitur.
1056 4224 1199 4279 Solvi
1232 4234 1411 4293 posset
1439 4224 1745 4290 diﬁlcultas,
1780 4226 1826 4281 si
1872 4240 1977 4295 qua
2015 4224 2223 4279 ratione
2254 4223 2337 4277 ni-

779 4324 984 4369 teretur
1012 4315 1154 4384 quod
1204 4326 1390 4369 narrat
1436 4314 1725 4380 Socrates,
1768 4327 1935 4372 totam
1984 4331 2097 4373 rem
2139 4316 2334 4371 Antio-

775 4403 911 4457 chiae
941 4414 1145 4473 gestam
1172 4419 1314 4470 esse,
1341 4420 1515 4475 eoque
1555 4409 1882 4464 accersitum
1920 4409 2198 4463 Bastlium.
2232 4409 2332 4463 Va-

772 4494 960 4559 lesius.
992 4497 1082 4566 qui
1106 4494 1243 4553 hanc
1268 4499 1577 4567 opinionem
1610 4501 1807 4554 merito
1832 4500 2031 4565 reiicit.
2053 4498 2335 4557 Valentem

2438 2040 2521 2085 rat
2551 2030 2767 2095 auditis,
2811 2032 2863 2084 in
2899 2042 3102 2086 tantam
3150 2033 3292 2089 illius
3320 2032 3534 2088 virtutis
3583 2036 3996 2091 admirationem

2436 2122 2671 2184 venisse.
2708 2130 2765 2175 ut
2810 2121 2858 2176 ei
2913 2126 3021 2176 vim
3057 2124 3243 2180 inferri
3291 2128 3555 2191 vetuerit,
3592 2127 3750 2198 eique
3777 2128 4000 2184 satisfa-

2436 2215 2611 2268 ciendi
2662 2230 2825 2269 causa
2875 2215 2925 2267 in
2990 2217 3277 2271 ecclesiam
3336 2222 3564 2284 venerit,
3594 2222 3681 2275 ubi
3718 2223 3783 2276 ad
3818 2222 3995 2276 solum

2436 2301 2618 2359 Basilii
2663 2316 2935 2375 aspectum
2965 2310 3292 2362 contremuit
3319 2319 3373 2361 et
3419 2312 3685 2375 titubavit,
3714 2327 3775 2366 ac
3810 2322 3998 2380 postea

2437 2397 2650 2452 rediens
2705 2400 2918 2470 longum
2970 2401 3109 2455 illius
3166 2401 3372 2455 valendi
3406 2410 3460 2454 et
3501 2402 3745 2456 audiendi
3781 2404 3999 2456 deside-

2437 2490 2574 2543 rium
2610 2491 2863 2560 explevit.
2885 2492 3037 2559 Quod
3065 2509 3193 2564 ergo
3215 2494 3396 2549 statim
3421 2494 3567 2549 addit
3592 2493 3729 2548 hanc
3764 2495 3998 2563 primam

2438 2579 2602 2635 fuisse
2637 2584 2970 2651 tempestatis
3014 2585 3367 2652 sedationem,
3400 2588 3450 2640 id
3500 2585 3784 2641 manifeste
3830 2585 4001 2641 refer-

2436 2680 2525 2726 tur
2557 2672 2622 2726 ad
2648 2688 2910 2728 summam
2958 2672 3141 2731 Basilii
3186 2678 3239 2732 in
3281 2680 3577 2735 certamine
3610 2679 3997 2741 constantiam.

2439 2764 2591 2831 cuius
2620 2765 2917 2823 admirator
2937 2770 3142 2826 exstitit
3172 2770 3391 2834 Valens.
3450 2780 3506 2825 et
3562 2772 3761 2826 idcirco
3794 2770 3847 2824 in
3906 2784 3998 2825 ec-

2438 2856 2653 2911 clesiam
2688 2860 2867 2914 venire
2890 2863 3077 2915 statuit
3104 2874 3158 2917 et
3181 2877 3301 2916 cum
3334 2863 3531 2916 Basilio
3551 2862 3801 2930 colloqui.

2506 2952 2564 3004 2°
2592 2950 2732 3004 Idem
2773 2953 2999 3019 probant
3038 2964 3120 3007 na:
3169 2968 3347 3016 voces,
3394 2953 3523 3007 Ila'c
3547 2955 3720 3020 prima
3770 2952 3999 3012 sedatio.

2438 3054 2556 3107 quae
2604 3039 2655 3093 in
2698 3041 3137 3110 interpretatione
3169 3041 3311 3098 Billii
3363 3044 3579 3099 omissa!
3630 3042 3806 3099 fucum
3861 3039 4004 3101 fe'ce-

2436 3140 2581 3183 runt.
2615 3129 2772 3185 Certa
2812 3132 2953 3187 enim
2983 3141 3038 3187 et
3068 3132 3342 3203 explorata
3379 3150 3464 3189 res
3494 3144 3578 3190 est
3613 3144 3740 3189 tunc
3765 3141 4000 3204 primum

2438 3222 2679 3277 sedatam
2740 3222 2905 3279 fuisse
2957 3233 3351 3295 tempestatem,
3403 3242 3523 3280 cum
3562 3224 3752 3279 Valens
3798 3223 4003 3278 Basilio

2440 3318 2608 3370 vetuit
2639 3316 2935 3371 molestiam
2963 3318 3201 3372 exhiberi
3240 3336 3253 3370 :
3279 3318 3420 3386 quod
3451 3317 3666 3385 quidem
3697 3317 3869 3370 vetuit
3903 3331 4006 3370 an-

2441 3414 2652 3474 tequam
2689 3407 2741 3459 in
2774 3406 3054 3460 ecclesiam
3086 3407 3313 3460 veniret.
3369 3407 3428 3459 5°
3464 3404 3579 3460 llue
3608 3407 3817 3462 accedit
3845 3410 4001 3462 testi-

2438 3498 2676 3550 monium
2707 3495 2953 3568 Gregorii
2991 3495 3237 3566 Nysscni,
3277 3498 3367 3567 qui
3400 3496 3581 3551 Basilii
3634 3498 3687 3551 in
3721 3500 4001 3554 sustinen-

2438 3586 2520 3639 dis
2551 3587 2789 3655 ιιι-πρίωιί
2823 3588 3117 3644 assultibus
3163 3592 3481 3645 constantia
3521 3602 3795 3661 acceptam
3834 3592 4006 3646 refert

2437 3678 2906 3748 tranquillitatem,
2933 3697 3093 3751 quam
3137 3682 3471 3753 Cappadocia
3510 3701 3576 3739 ex
3601 3684 3852 3739 omnibus
3875 3700 4005 3753 pro-

2437 3770 2629 3823 vinciis
2656 3767 2867 3824 Valenti
2890 3772 3147 3840 subjectis
3178 3774 3288 3827 sola
3315 3785 3531 3840 experta
3557 3785 3661 3830 est.
3694 3775 3785 3829 Sic
3826 3776 4005 3844 loqui-

2440 3871 2529 3916 tttr
2556 3859 2825 3932 Nyssentts
2850 3860 2925 3934 (ὁ)
2962 3880 2975 3915 :
3008 3864 3117 3917 Καὶ
3161 3863 3321 3917 πάλιν
3372 3867 3401 3919 ὁ
3452 3865 3689 3937 ἀθλητὴς
3736 3865 3831 3919 τοῦ
3865 3866 4004 3921 Θεοῦ

2438 3954 2549 4014 τοῖς
2573 3950 2843 4021 δευτέροις
2874 3953 2981 4007 τῶν
3025 3952 3270 4022 ἀγώνων,
3306 3957 3400 4009 καὶ
3444 3957 3544 4028 τὴν
3574 3957 3669 4011 ἐπὶ
3716 3960 3827 4022 τοῖς
3872 3976 4008 4030 προσ

2436 4041 2660 4097 λαϐοῦσι
2689 4043 2847 4110 δόξαν
2904 4046 3387 4118 ὑπερϐαλλόμενος.
3431 4048 3494 4101 Ei
3546 4048 3603 4102 δὲ
3652 4046 3833 4120 ζητείς
3879 4048 4005 4103 τού-

2435 4150 2545 4187 των
2597 4132 2697 4199 τὰς
2724 4136 3047 4204 ἀποδείξεις,
3073 4139 3153 4201 είς
3186 4138 3323 4193 αὐτὰ
3354 4138 3543 4210 βλέψον
3578 4138 3647 4193 τὰ
3679 4140 4001 4209 πράγματα.

2436 4226 2595 4280 Ποῖον
2629 4230 2727 4281 οὐκ
2757 4229 3076 4299 ἐπενείματο
3110 4230 3272 4284 τόπον
3300 4230 3408 4284 τῶν
3437 4231 3770 4303 Ἐκκλησιῶν
3794 4233 3830 4302 ἡ
3856 4248 4008 4303 τηνι-

2436 4316 2611 4371 καῦτα
2667 4320 3050 4389 καταστροφῆς
3100 4323 3251 4373 ποῖον
3293 4321 3507 4391 ἔμεινεν
3552 4321 3700 4385 ἔθνος
3743 4321 3846 4392 τῆς
3892 4322 4003 4376 τῶν

2436 4406 2723 4478 αἱρετικῶν
2753 4410 3075 4473 ἐπιστασίας
3096 4410 3425 4483 ἀπείρατονς
3461 4412 3543 4474 τίς
3573 4410 3680 4463 τῶν
3720 4413 3863 4466 κατὰ
3903 4412 4003 4475 τὰς

2449 4498 2774 4569 Ἐκκλησίας
2795 4500 3221 4572 εὐδοκιμούντων
3235 4503 3335 4556 οὐκ
3360 4502 3656 4574 ἅπεσείσθη
3667 4503 3775 4557 τῶν
3800 4504 4001 4568 πόνωνς

774 4588 1050 4643 existimat
1076 4606 1199 4644 cum
1223 4590 1427 4661 aliquot
1456 4605 1628 4645 annos
1672 4592 1977 4647 Antiochia:
2010 4592 2335 4647 traduxisset
2367 4604 2411 4659 ο

2367 4604 2411 4659 ο
2438 4592 2589 4653 ποῖος
2608 4588 2827 4658 διέφυγε
2852 4589 2979 4654 λαὸς
3001 4592 3100 4661 τὴν
3132 4592 3387 4661 τοιαύτην
3416 4590 3710 4664 ὶῇηρειανς
3739 4593 3800 4647 οὐ
3831 4592 4003 4663 Συρία

775 4688 841 4727 ac
868 4674 1060 4730 deinde
1083 4676 1331 4732 rediisset
1366 4676 1693 4741 Caesaream.
1734 4679 1787 4733 in
1826 4680 1926 4734 hoc
1958 4682 2196 4734 secundo
2241 4681 2335 4735 ad-

774 4774 935 4820 ventu
974 4769 1401 4837 persecutionem
1450 4770 1868 4839 redintegrasse.
1921 4770 2027 4825 Sed
2052 4770 2179 4825 huic
2212 4786 2335 4825 sen-

775 4856 959 4909 tentiae
987 4857 1168 4911 obstat
1214 4872 1361 4913 mors
1412 4856 1637 4915 Galatae.
1687 4875 1806 4929 qtae
1841 4868 1951 4914 tam
1986 4874 2110 4915 sero
2133 4859 2335 4917 diﬂ'erri

775 4961 880 4999 non
910 4955 1106 5015 potest.
1141 4947 1325 5003 Satius
1346 4963 1473 5019 ergo
1500 4950 1709 5005 videtur
1759 4950 2103 5007 Tillemontto
2137 4968 2165 5004 a
2199 4950 2333 5007 Gre-

775 5038 908 5107 gorii
935 5039 1257 5094 auctoritate
1278 5041 1575 5105 discedere,
1628 5052 1681 5098 et
1714 5042 2039 5098 Theodoreti
2072 5044 2337 5099 inluerere

776 5131 1097 5193 testimonio.
1126 5132 1216 5201 qui
1245 5134 1520 5188 decretum
1552 5133 1747 5189 Basilio
1763 5136 2007 5190 exsilium
2026 5145 2079 5189 et
2095 5135 2337 5190 morbum

773 5221 977 5277 Galatas
1032 5223 1111 5279 sic
1147 5234 1359 5288 narrat.
1412 5233 1471 5279 ut
1498 5237 1624 5283 ante
1680 5228 1973 5283 secundum
2012 5224 2252 5283 Valentis
2282 5228 2333 5282 in

772 5314 1054 5370 ecclesiam
1083 5316 1382 5386 ingressum
1410 5319 1657 5374 evenisse
1693 5319 1996 5374 videantur.

839 5404 1128 5477 Postquam
1164 5409 1349 5478 pedem
1379 5423 1445 5463 ex
1483 5409 1583 5465 hoc
1612 5412 1956 5467 incommodo
1988 5410 2193 5467 referre
2232 5425 2324 5465 co-

769 5509 931 5555 natus
957 5510 1039 5555 est
1063 5498 1466 5564 Tillemontius,
1494 5501 1641 5556 aliud
1680 5503 1729 5556 ei
1760 5504 2022 5566 occurrit.
2060 5503 2327 5557 diuturnae

771 5590 910 5659 paci.
939 5606 1059 5659 qua:
1080 5591 1369 5646 secundum
1404 5591 1642 5649 Valentis
1692 5595 1746 5648 iu
1786 5594 2083 5651 Ecclesiam
2113 5595 2323 5668 ingrcs-

767 5697 883 5739 sum
913 5693 1094 5738 secuta
1121 5693 1224 5749 est,
1244 5685 1445 5754 pariter
1462 5701 1786 5759 repugnans,
1819 5689 2134 5747 miraculum
2160 5691 2320 5745 trium

840 5868 914 5937 (α)
938 5867 997 5925 ιι.
1026 5886 1101 5935 tv,
1132 5886 1182 5927 c.
1216 5870 1301 5927 19.

2434 4680 2599 4739 ctiam.
2626 4679 2717 4733 καί
2757 4677 2865 4732 τῶν
2902 4681 3169 4753 ποταμῶν.
3205 4683 3238 4753 ἡ
3298 4682 3435 4753 μέση
3464 4724 3479 4747 ,
3535 4683 3694 4755 μέχρι
3730 4683 3836 4736 τῶν
3865 4683 4002 4754 πρὸς

2432 4772 2558 4833 τοὺς
2596 4769 2903 4841 βαρϐάρους
2937 4772 3111 4842 ὅρων·
3147 4772 3207 4825 ού
3233 4773 3473 4846 Φοινίκη,
3514 4776 3608 4828 καὶ
3646 4772 3999 4844 Παλαιστίνη,

2433 4860 2822 4934 καὶᾺρραϐία,
2848 4864 2943 4915 καὶ
2970 4864 3262 4930 Αἴγυπτος,
3295 4866 3389 4919 καὶ
3412 4867 3480 4921 τὰ
3498 4866 3624 4937 ἔθνη
3650 4866 3748 4935 τῆς
3770 4864 3999 4936 Λιϐύης,

2431 4952 2535 5016 ἕως
2566 4954 2658 5006 τοῦ
2696 4952 2968 5023 τέρματος
2998 4954 3096 5023 τῆς
3129 4954 3252 5008 καθ’
3292 4958 3443 5027 ἡμᾶς
3472 4956 3821 5028 οἰκουμένης,
3844 4958 3904 5011 οὐ
3930 4959 3999 5011 τὰ

2436 5045 2526 5098 ἐπὶ
2553 5044 2677 5098 τάδε
2708 5044 2904 5109 πάντα,
2933 5045 3182 5099 Ποντικοὶ
3205 5086 3221 5110 ,
3261 5050 3354 5101 καὶ
3380 5049 3619 5111 Κίλικες,
3643 5048 3855 5112 Λύκιοι,
3886 5050 3998 5103 Λυ-

2434 5132 2533 5197 δοὶ,
2564 5132 2795 5197 Πισίδαι,
2824 5134 3130 5205 Πάμφυλοι,
3178 5137 3381 5208 Κᾶρες,
3430 5136 3849 5207 Ἑλλησπόντιοι,
3905 5154 4001 5209 νη-

2436 5226 2643 5288 σιῶται,
2697 5224 2859 5296 μέχρι
2901 5226 2996 5297 τῆς
3038 5227 3396 5300 Προποντίδος
3442 5229 3645 5300 αύτῆςς
3691 5230 3751 5283 οὐ
3794 5229 3865 5283 τὰ
3907 5231 3999 5284 ἐπὶ

2432 5318 2652 5389 Θρᾴκης
2679 5318 2879 5379 πάντα,
2902 5317 3007 5381 ἓως
3034 5314 3103 5389 ἦν
3130 5322 3162 5390 ἡ
3193 5320 3403 5392 Θρᾴκη,
3434 5320 3527 5374 καὶ
3551 5321 3621 5375 τὰ
3656 5321 3784 5393 περὶ
3824 5322 3999 5390 αὐτὴν

2430 5407 2581 5478 ἔθνη,
2614 5408 2719 5471 ἕως
2765 5407 2900 5478 πρὸς
2934 5408 3026 5461 τὸν
3058 5409 3257 5481 ’ἰατρὸν
3285 5410 3479 5476 αύτόνς
3526 5411 3579 5463 τί
3626 5412 3733 5464 τῶν
3782 5412 3998 5465 πάντων

2430 5500 2521 5552 ἐπὶ
2546 5499 2819 5569 σχήματος
2850 5498 3051 5568 ἔμεινε,
3083 5500 3216 5570 πλὴν
3238 5502 3286 5553 εί
3319 5501 3392 5572 μή
3422 5519 3474 5555 τι
3505 5501 3894 5575 προκατείχετο
3919 5499 3997 5570 τῷ

2428 5592 2653 5662 τοιούτῳ
2679 5589 2866 5661 κακῷς
2925 5591 3059 5646 ἀλλὰ
3096 5592 3255 5664 μόνος
3292 5594 3358 5646 ὲκ
3390 5595 3607 5649 πάντων
3640 5596 3669 5648 ό
3694 5594 3977 5649 Καππαδόι

2430 5701 2576 5747 κειος
2592 5682 2739 5747 λαὸς,
2762 5683 2859 5753 τῆς
2885 5684 3072 5768 κοινῆς
3089 5683 3195 5737 τῶν
3232 5685 3565 5758 Ἐκκλησιῶν
3583 5688 3865 5759 συμφορᾶς
3895 5686 3995 5740 οὐκ

2497 5866 2571 5936 (ιι)
2604 5885 2617 5922 t
2657 5866 2882 5925 Ettnom.
