4214 6512
1539 443 1699 499 VlT.\
1737 446 1795 501 S.
1838 444 2100 501 BASlLll.

3196 462 3408 505 ιιειηι

207 555 460 628 ιπῄτῦετο·
496 553 552 606 ὃν
586 554 615 605 ὁ
648 555 827 623 μέγας
854 555 1135 627 πρόμαχος
1159 555 1312 625 ἡμῶν
1341 557 1434 608 ἐπὶ
1488 555 1593 608 τῶν
1636 573 1745 609 πει·
1773 566 1814 619 Α
1846 571 1871 624 p

1740 586 1745 595 ι
1773 566 1814 619 Α
1846 570 2062 624 prorsus
2092 562 2175 609 est
2212 554 2335 608 alibi
2367 569 2527 626 quam
2563 553 2823 609 Ctesarea:
2852 554 3085 621 dixisse;
3124 571 3404 628 nunquam

209 648 399 721 ρισμῶν
416 644 731 699 διεσώᾶατο,
781 645 984 699 Iterum
1019 664 1293 715 generosus
1341 660 1512 700 noster
1550 647 1743 699 athleta

208 744 249 791 in
279 740 539 791 certamine
562 739 915 805 conspicitur,
945 737 1167 807 gloriam
1200 739 1390 805 prioris
1427 755 1609 806 pugnis
1631 737 1744 790 lon-

207 847 253 897 ge
273 844 586 894 exsuperans.
630 827 793 892 Quod
828 829 874 881 si
932 830 1152 897 hujusce
1178 831 1251 882 rei
1278 831 1407 895 petis
1448 840 1595 883 testes
1619 869 1633 891 ,
1662 845 1741 882 res

207 922 323 985 ipsas
362 921 575 972 intuere.
612 919 786 985 Quem
849 921 984 975 enim
1036 920 1205 971 locum
1253 921 1503 972 intactum
1540 920 1743 987 reliquit

206 1014 418 1075 temporis
459 1008 600 1063 illius
649 1007 1257 1073 calamitas?Qua:nam
1311 1025 1434 1078 gens
1480 1010 1743 1062 ha'reticte

206 1104 473 1156 rastationis
507 1112 554 1155 et
595 1103 949 1171 grassationis
978 1117 1156 1166 expers
1203 1103 1441 1154 mansit?
1482 1100 1610 1165 Quis
1652 1118 1740 1155 eo-

204 1211 300 1245 rum
349 1197 429 1261 qui
475 1195 529 1246 in
574 1194 817 1247 Ecclesia
864 1195 1142 1261 ﬂorebant,
1196 1209 1296 1246 non
1343 1192 1570 1260 rlejectus
1608 1204 1681 1246 est
1710 1211 1741 1246 a

206 1286 360 1347 raptis
384 1295 427 1337 et
458 1285 733 1338 laboribus
754 1286 907 1338 suis?
938 1284 1065 1349 Quis
1091 1284 1309 1353 papulas
1354 1284 1742 1338 insultationem

204 1376 326 1425 illaut
354 1376 526 1443 eﬂ'ugit
550 1376 573 1427 .9
603 1373 729 1428 Non
756 1373 912 1445 Syria
937 1377 1197 1434 universa,
1232 1390 1331 1427 non
1364 1372 1741 1440 MesOpotamia

204 1483 339 1534 usque
364 1467 427 1518 ad
453 1467 583 1534 ﬁnes
615 1467 989 1531 barbarorum,
1018 1485 1129 1520 non
1172 1464 1465 1530 Phoenicia,
1489 1484 1590 1521 non
1640 1469 1742 1521 Pa-

204 1560 403 1622 lestina,
432 1574 531 1610 non
594 1560 824 1619 Arabia,
852 1574 951 1611 non
988 1557 1274 1625 Aiqyptus,
1310 1574 1411 1609 non
1446 1559 1630 1611 incolte
1654 1557 1741 1611 Li-

204 1650 296 1717 bya!
320 1664 467 1715 usque
491 1648 557 1698 ad
592 1649 847 1700 terminos
882 1650 1045 1701 nostri
1094 1647 1264 1710 orbis;
1292 1664 1393 1699 non
1425 1649 1537 1713 alii,
1562 1653 1649 1718 qui
1689 1652 1741 1702 in

202 1757 248 1791 eo
278 1744 475 1806 degunt,
532 1737 771 1803 Pontici,
811 1738 1025 1798 Cilices,
1070 1737 1237 1807 Lycii,
1290 1738 1468 1808 Lydi,
1532 1740 1737 1804 Pisidii,

205 1826 497 1898 Pamphylii,
552 1828 752 1892 Cares,
809 1830 1172 1896 lle:'lespontii,
1215 1832 1448 1883 insulani
1480 1848 1637 1901 usque
1672 1834 1741 1883 ad

1842 646 1985 699 enim
2032 644 2369 699 Antiochiam
2401 646 2695 699 accersitus
2722 644 2968 700 Basilius.

1913 732 2173 787 Caesareae
2203 735 2365 787 etiam
2421 734 2646 787 collocat
2687 732 2978 803 Gregorius
3013 732 3408 807 Nazianzenus,

1844 838 1963 892 qua:
2019 824 2275 891 praefecto
2312 823 2555 879 Modesto
2600 824 2959 895 contigerunt.
2992 824 3043 880 Is
3084 828 3251 892 enim,
3281 844 3405 882 eum

1846 914 2026 971 Basilii
2068 916 2429 971 constantiam
2476 926 2531 969 et
2567 917 2729 970 animi
2764 916 3127 972 fortitudinem
3153 929 3408 985 expertus

1844 1016 2009 1072 esset,
2043 1006 2185 1060 illius
2216 1006 2356 1076 apud
2394 1006 2559 1061 Deum
2599 1008 2953 1077 patrocinium
2994 1010 3182 1062 sensit.
3216 1010 3407 1080 ngro-

1844 1098 2010 1161 tabat,
2044 1097 2221 1165 inquit
2271 1096 2645 1151 Nazianzenus
2674 1096 2748 1167 (ῃ.
2816 1096 2960 1165 552).
3020 1096 3407 1167 illacrymabat,

1843 1190 2286 1259 distorquebatur,
2312 1188 2569 1243 Basilium
2602 1189 2915 1251 accersebat,
2942 1188 3244 1242 obsecrabat
3268 1207 3287 1245 :
3308 1190 3412 1245 Sa-

1844 1284 2191 1351 tis/actionem
2250 1284 2427 1347 habes,
2480 1282 2764 1348 clamabat,
2819 1285 2887 1335 da
2937 1283 3181 1337 salutem.
3226 1283 3407 1355 Atque

1844 1376 1981 1429 hanc
2007 1375 2221 1446 quidem
2251 1374 2502 1444 precibus
2529 1373 2710 1429 Basilii
2742 1385 3063 1429 consecutus
3089 1383 3175 1428 est
3202 1415 3217 1439 ,
3248 1376 3410 1445 idque

1845 1466 1956 1533 ipse
2000 1465 2289 1527 fatebatur,
2316 1474 2365 1518 et
2410 1464 2612 1525 multis,
2643 1464 2731 1532 qui
2770 1480 2881 1518 rem
2915 1464 3255 1534 ignorabant,
3286 1481 3407 1534 per-

1844 1559 2122 1614 suadebat.
2153 1556 2306 1611 Unde
2334 1556 2494 1609 etiam
2514 1554 2695 1609 Basilii
2728 1556 2957 1609 virtutes
2980 1556 3162 1610 mirari
3190 1566 3243 1612 et
3266 1571 3407 1627 pra:-

1843 1650 2024 1702 dicare
2056 1664 2159 1701 non
2193 1648 2419 1711 destitit,
2454 1662 2517 1701 ac
2567 1648 2879 1701 occasiones
2929 1648 3062 1702 bene
3088 1650 3154 1703 de
3177 1648 3267 1703 illo
3297 1663 3409 1705 me-

1846 1741 1994 1792 rendi
2022 1755 2285 1808 qumrere,
2318 1740 2565 1807 quamvis
2600 1740 2651 1791 in
2686 1739 2865 1803 fidem,
2909 1754 3016 1808 qua
3056 1739 3129 1793 illi
3176 1739 3409 1793 Basilius

1845 1832 2127 1884 sanitatem
2181 1831 2579 1899 impetraverat,
2610 1830 2832 1898 mquior,
2858 1830 3091 1898 quandiu
3141 1832 3271 1885 vixit
3308 1830 3409 1885 Va-

201 1925 342 1987 ipsam
378 1923 774 1990 Propontidem,
798 1937 899 1972 non
950 1933 1123 1987 gentes
1156 1920 1414 1985 Tltrncia',
1454 1939 1555 1990 qua
1603 1934 1741 1988 patet
1777 1896 1817 1953 Β
1852 1922 1990 1985 lens,
2024 1931 2079 1974 et
2108 1921 2277 1973 lenior
2308 1921 2474 1976 fuisse
2515 1938 2619 1975 non
2653 1923 2915 1977 videatur.

205 2010 424 2075 Thracia,
448 2025 491 2064 et
514 2014 733 2079 ﬁnitimi
759 2012 945 2080 quique
963 2029 1121 2081 usque
1140 2014 1208 2064 ad
1234 2014 1400 2080 ipsum
1422 2013 1745 2069 Danubium?

204 2101 313 2165 Qua:
356 2120 415 2155 ex
458 2106 537 2156 Isis
589 2104 834 2154 omnibus
885 2105 1160 2169 provinciis
1216 2104 1538 2156 calamitatis
1585 2106 1743 2173 hujus

200 2209 354 2257 expers
373 2195 489 2260 fuit,
523 2195 627 2245 nisi
653 2194 792 2259 [orte
815 2193 905 2244 illa
951 2210 1066 2261 qua:
1098 2204 1251 2245 antea
1283 2195 1379 2246 ltoc
1414 2196 1553 2247 malo
1602 2205 1745 2249 tene-

201 2285 529 2337 batur?solus
555 2300 620 2336 ea:
645 2286 886 2335 omnibus
922 2284 1143 2351 populus
1175 2286 1459 2353 Cappadox
1507 2304 1742 2341 commu-

201 2391 297 2425 nent
340 2373 532 2426 cladem
572 2386 621 2427 et
685 2381 977 2428 (erumnam
1020 2392 1120 2430 non
1147 2380 1325 2444 sensit,
1355 2394 1504 2446 quem
1526 2394 1743 2449 magnus

200 2477 348 2517 noster
388 2480 752 2537 propugnator
801 2485 865 2522 ex
918 2471 1154 2523 omnibus
1214 2472 1582 2524 tentationibus
1631 2474 1740 2525 eri-

195 2559 308 2621 puli.

252 2688 302 2742 ι’
340 2688 409 2743 Ex
456 2692 655 2745 iisdem
697 2693 893 2757 verbis,
945 2691 1069 2747 Iltcc
1125 2695 1295 2761 prium
1346 2695 1570 2758 sedatio,
1624 2695 1741 2752 luce

196 2780 366 2835 clarius
430 2795 514 2839 est
587 2795 957 2853 tempe~tatem
996 2801 1097 2839 non
1154 2786 1320 2839 semel
1369 2789 1743 2841 exeitatamet

196 2876 406 2927 sedatam
464 2877 684 2930 fuisse:
743 2877 899 2944 idque
949 2879 1229 2929 confirmat
1275 2876 1605 2945 Gregorius,
1643 2880 1736 2947 qui

200 2961 380 3017 Galate
399 2968 575 3020 morhi
600 2977 652 3019 et
674 2968 859 3020 mortis
880 2968 1237 3019 narrationem
1263 2968 1341 3020 sic
1360 2968 1542 3034 incipit
1566 2969 1742 3021 ε”Ετε-

196 3058 340 3127 pars:
360 3058 462 3111 τῶν
491 3058 800 3129 εἰρημένων
852 3074 951 3109 ουκ
986 3057 1230 3121 ἔλαττον,
1261 3057 1451 3111 ἐνίκων
1487 3060 1535 3111 nl
1578 3077 1741 3131 πονη-

196 3148 285 3217 pai.
312 3160 410 3204 etc.
444 3150 700 3219 Sequitur
720 3148 866 3199 aliud
889 3149 951 3200 iis
980 3164 1097 3212 qua:
1129 3152 1269 3202 dicta
1315 3160 1435 3203 sunt
1474 3167 1574 3204 non
1607 3153 1742 3219 inle-

194 3242 287 3294 rius
314 3242 625 3295 :vincebant
656 3240 896 3307 improbi,
932 3252 1040 3295 etc.
1069 3242 1244 3309 Quare
1274 3258 1446 3311 neque
1486 3246 1608 3307 hoc,
1644 3259 1741 3297 ue-
1770 3230 1813 3291 C

192 3346 282 3399 que
303 3336 633 3386 calamorum
676 3334 961 3387 fractorum
992 3336 1305 3389 miraculum
1329 3379 1343 3401 ,
1374 3347 1498 3389 ante
1548 3335 1740 3392 Valen-

195 3423 253 3474 tis
283 3421 329 3474 in
377 3422 669 3477 ecclesiam
731 3426 1018 3478 adventum
1082 3426 1333 3479 collocari
1385 3429 1601 3489 debent,
1646 3440 1739 3481 aut

192 3513 509 3568 Antiochiam
568 3514 869 3569 transferri.
909 3516 1049 3568 Mors
1094 3516 1297 3571 Galata:
1356 3518 1620 3584 posterior
1658 3525 1738 3571 est

191 3605 475 3659 secundum
511 3604 797 3658 ecclesiam
840 3605 1093 3665 adventu,
1131 3605 1221 3671 qui
1254 3602 1487 3656 Valentis
1522 3603 1736 3673 longum

191 3697 416 3751 audiendi
444 3697 977 3751 Basiliidcsiderium
1014 3696 1269 3763 implevit.
1308 3694 1553 3751 Nondum
1608 3712 1738 3765 ergo

193 3784 324 3837 illum
353 3786 444 3838 lilii
483 3801 645 3838 causa
673 3787 997 3838 accersitqu
1030 3786 1294 3838 audierat.
1342 3785 1506 3839 Slulto
1548 3788 1740 3843 absur-

190 3876 294 3929 dius
326 3876 374 3929 id
404 3877 708 3930 Antiochia:
742 3876 1034 3945 fingeretur
1092 3878 1401 3947 contigisse.
1455 3878 1737 3951 Nunquam

190 3967 317 4020 enim
347 3984 410 4023 eo
450 3970 748 4023 accersitus
777 3965 1028 4029 Basilius.
1059 3985 1156 4024 nec
1200 3986 1345 4025 mors
1382 3970 1585 4026 Galatas
1620 3972 1737 4025 lon-

188 4062 312 4131 gius,
345 4062 538 4133 utjam
575 4062 705 4131 dixi,
736 4063 938 4117 dill'crri
967 4073 1163 4132 potest.
1218 4063 1482 4118 Praeterea
1534 4064 1737 4135 Grego-

190 4155 288 4207 rius
319 4156 395 4210 sic.
434 4156 592 4223 hujus
626 4156 868 4209 miraculi
928 4155 1290 4210 narrationem
1332 4154 1603 4209 concludit
1628 4196 1643 4221 ,
1680 4165 1737 4212 ut

190 4243 299 4295 illud
345 4260 465 4297 cum
496 4246 708 4299 cteteris
761 4245 918 4299 rebus
948 4254 1104 4298 antea
1147 4246 1382 4298 narratis
1411 4262 1629 4301 necesse
1666 4250 1737 4302 sit

186 4333 423 4387 (ἐκδεῖραι
446 4338 752 4405 contigisse.
788 4339 877 4390 Ait
913 4340 1053 4391 enim
1087 4354 1100 4389 :
1136 4336 1214 4388 Τὰ
1252 4336 1350 4405 μὲν
1398 4339 1535 4409 πρὸς
1587 4340 1733 4393 ὲκεί-

186 4443 292 4489 vos;
320 4426 466 4497 αὐτῷ
491 4428 716 4482 τοιαῦτα
742 4429 836 4482 καὶ
857 4430 933 4491 εἰς
963 4428 1106 4481 τοῦθ’
1135 4427 1339 4497 ἥκοντα.
1361 4428 1569 4494 τέλους.
1604 4432 1733 4495 Qun:

184 4534 286 4569 eum
316 4520 419 4572 illis
458 4518 583 4587 egit,
618 4534 809 4588 nempe
849 4536 970 4573 cum
1025 4518 1244 4575 Valente
1306 4527 1362 4572 et
1421 4526 1677 4589 prml'eeto
1714 4562 1729 4586 ,
1764 4559 1807 4613 υ

186 4610 297 4661 talia
318 4613 575 4675 exstitere,
614 4620 659 4663 et
678 4626 793 4663 eum
818 4612 973 4677 ﬂuent
1012 4612 1268 4666 habuere.

245 4743 327 4797 lx.
366 4748 470 4801 Sed
514 4762 633 4817 qnze
665 4744 729 4798 ad
776 4743 1015 4799 Galatam
1073 4754 1338 4818 spectant,
1382 4760 1442 4798 ea
1500 4748 1730 4805 libenter

186 4838 365 4893 fatetur
385 4838 761 4894 Tillemontius
792 4853 894 4891 non
926 4839 1051 4893 alibi
1096 4855 1260 4909 quant
1310 4839 1569 4895 Ctesarete
1596 4858 1727 4897 cou-

192 4930 364 4999 tigisse.
401 4930 467 4982 At.
517 4946 621 4985 non
664 4934 734 4986 ita
780 4944 999 4984 aversus
1028 4942 1109 4985 est
1148 4934 1215 4986 ab
1244 4947 1427 4986 eorum
1452 4934 1727 5001 Opinione,

188 5022 258 5085 pii
290 5031 396 5075 tres
432 5018 671 5074 calamos
695 5031 787 5075 aut
819 5018 1140 5081 Antiochiae.
1165 5032 1257 5075 aut
1293 5023 1343 5074 in
1374 5021 1477 5075 alio
1527 5023 1726 5079 Valen-

183 5109 239 5159 ti.
264 5111 558 5165 Cassarcam
586 5113 816 5164 adventu
845 5113 1040 5166 fractos
1068 5111 1238 5167 fuisse
1281 5114 1615 5169 existimant.
1649 5112 1726 5169 Ne

184 5198 268 5255 hoc
294 5206 505 5273 quidem
540 5202 853 5258 miraculum
884 5204 1145 5259 Cmsarem
1180 5205 1551 5259 auferendum.
1582 5203 1725 5259 Prte-

181 5298 403 5362 terquam
464 5296 607 5365 quod
661 5293 855 5347 Valens
899 5306 1023 5350 ante
1057 5308 1257 5347 annum
1288 5294 1392 5348 578
1448 5294 1570 5364 litigi
1614 5310 1720 5349 non

180 5394 329 5449 potest
368 5388 669 5443 Caesaream
713 5388 961 5451 rediisse,
1009 5396 1230 5441 sanctus
1279 5386 1523 5452 lﬁpltrrcm
1556 5394 1721 5440 testa-

180 5484 254 5527 tur
298 5480 526 5535 Arianos
583 5483 895 5548 impctras-e
937 5480 1182 5534 exsilium
1220 5476 1425 5540 Basilii,
1467 5494 1589 5532 cum
1630 5478 1723 5531 dc—

179 5582 520 5627 mnnstrareut
557 5572 764 5629 Valenti
804 5572 955 5625 tidem
986 5588 1136 5625 suam
1168 5587 1232 5625 eo
1277 5580 1543 5639 prtcsentc
1598 5584 1722 5639 pro-

178 5662 305 5728 gredi
361 5679 465 5717 nou
524 5679 738 5734 posse:
793 5665 931 5736 quod
967 5668 1182 5737 quidem
1236 5678 1331 5718 eos
1361 5662 1721 5731 improbabile

236 5873 301 5941 (υ)
328 5873 421 5945 ει».
452 5875 545 5928 se.

1916 2012 1983 2065 Χ.
2033 2010 2151 2067 iam
2196 2011 2431 2066 diximus
2468 2012 2747 2066 Valentem
2793 2028 2894 2066 non
2939 2012 3105 2066 multo
3132 2022 3253 2069 ante
3292 2013 3407 2083 Epi-

1846 2104 2059 2174 phauite
2085 2105 2223 2159 diem
2255 2104 2464 2158 venisse
2489 2104 2813 2167 Cassareatn,
2840 2106 2910 2157 ita
2943 2114 3000 2159 ut
3036 2108 3267 2175 spatium
3302 2123 3405 2160 non

1846 2196 2134 2251 habuerint
2178 2196 2362 2250 Ariani
2404 2196 2545 2251 illius
2589 2196 2770 2248 animo
2819 2211 2982 2249 novas
3022 2195 3166 2250 iaces
3221 2200 3408 2251 admo-

1844 2290 2021 2345 vendi.
2049 2287 2176 2355 Quae
2202 2297 2378 2343 autem
2412 2288 2575 2359 gessit
2626 2286 2858 2339 Basilius
2896 2302 3016 2339 cum
3067 2288 3279 2355 magnis
3315 2303 3409 2356 po-

1848 2382 2130 2435 testatibus
2159 2396 2222 2435 ac
2252 2381 2445 2435 deinde
2468 2396 2588 2433 cum
2628 2379 2742 2447 ipso
2771 2376 3009 2438 Valente,
3035 2391 3096 2431 ea
3136 2379 3407 2433 immerito

1844 2472 2080 2524 nonnulli
2118 2472 2183 2524 ad
2212 2487 2408 2523 annum
2448 2470 2551 2525 570
2580 2479 2633 2525 et
2658 2470 2752 2523 571
2794 2471 3034 2523 referunt
3066 2486 3080 2521 :
3118 2485 3219 2523 nec
3252 2486 3407 2524 com-

1844 2563 2052 2615 modior
2081 2558 2322 2615 Socratis
2371 2570 2423 2615 et
2454 2560 2778 2615 Theodoreti
2830 2562 3120 2627 sententia,
3152 2562 3244 2632 qui
3281 2577 3403 2617 cum

1844 2652 2057 2723 Syriam
2085 2660 2138 2706 et
2175 2651 2379 2705 vicinas
2402 2651 2647 2721 regiones
2677 2660 2800 2704 ante
2833 2667 2861 2702 a
2897 2650 3120 2705 Valente
3160 2653 3403 2706 devictas

1845 2751 2083 2807 narrent,
2110 2758 2269 2812 quam
2294 2752 2690 2811 oppugnaretur
2716 2740 2964 2805 Basilius,
2998 2752 3320 2810 sequeretur
3339 2756 3403 2794 ex

1843 2850 2027 2891 eorum
2058 2836 2368 2888 narratione
2398 2823 2677 2887 Valentem
2709 2850 2739 2888 e
2778 2834 2931 2904 Syria
2970 2833 3273 2889 Ctesarcam
3316 2848 3407 2887 ve-

1845 2928 2008 2991 nisse,
2038 2927 2197 2992 idque
2230 2940 2333 2978 non
2367 2925 2525 2979 citius
2559 2941 2699 2978 anno
2728 2924 2832 2978 572
2874 2934 3124 2979 exeunte.
3154 2923 3224 2979 At
3281 2939 3405 2994 per-

1842 3016 2045 3070 secutio
2086 3017 2151 3068 ad
2195 3030 2393 3068 annum
2424 3015 2521 3070 571
2568 3026 2849 3069 exeuntem
2883 3026 2937 3069 et
2974 3017 3077 3069 572
3108 3018 3402 3085 ineuntem,

1844 3106 1894 3159 id
1927 3113 2027 3168 est,
2062 3104 2128 3157 ad
2158 3104 2450 3158 secundum
2489 3104 2671 3157 Basilii
2695 3106 3032 3175 episcopatus
3069 3120 3267 3158 annmn
3302 3120 3400 3160 ne-

1844 3199 2079 3252 cessario
2110 3197 2410 3252 referenda.
2451 3195 2660 3249 Nullum
2685 3198 2828 3251 enim
2884 3202 3279 3265 persecutionis
3316 3214 3407 3252 ve—

1846 3290 2061 3360 stigium
2107 3303 2247 3345 anno
2284 3287 2389 3342 570
2439 3296 2664 3343 exeunte
2702 3298 2757 3341 et
2789 3290 3005 3343 ineunte
3050 3290 3172 3352 571,
3210 3290 3262 3343 id
3301 3300 3403 3353 est,

1842 3384 2014 3450 primo
2044 3380 2223 3434 Basilii
2284 3382 2623 3448 episcOpatus
2664 3395 2821 3432 anno.
2880 3378 3089 3434 Ilecens
3136 3389 3261 3434 tunc
3287 3392 3405 3434 erat

1842 3471 1909 3521 ab
1946 3470 2284 3522 ordinatione
2315 3467 2567 3533 Basilius,
2602 3469 2833 3523 nondum
2860 3478 3047 3539 egerat
3074 3484 3196 3523 cum
3240 3471 3405 3524 Atha-

1840 3558 1990 3612 nasio
2015 3560 2079 3610 de
2110 3558 2449 3626 paciﬁcandis
2480 3558 2730 3613 Ecclesiis
2756 3574 2769 3609 ε
2802 3559 2901 3613 hoc
2928 3561 3069 3613 enim
3110 3561 3397 3615 consilium

1840 3663 1941 3701 non
1969 3649 2227 3721 suscepit,
2255 3651 2353 3703 nisi
2385 3650 2697 3717 compositis
2732 3649 2893 3703 rebus
2942 3649 3273 3705 domesticis.
3330 3652 3402 3706 At

1838 3755 1904 3794 ex
1930 3741 2152 3810 epistola
2183 3740 2257 3811 (a)
2287 3743 2351 3794 ad
2382 3741 2737 3794 Athanasium
2763 3741 2813 3794 in
2859 3742 2976 3811 ipso
3012 3744 3405 3812 persecutionis

1838 3842 1969 3886 testu
2002 3834 2230 3901 scripta,
2263 3832 2374 3902 jam
2428 3834 2596 3886 multa
2649 3834 2785 3886 inter
2830 3843 3116 3902 utrumque
3180 3845 3295 3889 acta
3348 3846 3405 3889 et

1839 3925 2132 3977 deliberata
2168 3924 2332 3978 fuisse
2390 3924 2727 3993 perspicitur.
2772 3922 2908 3976 lliuc
2956 3921 3186 3978 Basilius
3216 3924 3268 3978 iu
3295 3941 3399 3979 una

1836 4024 1891 4069 et
1919 4019 2104 4071 eadem
2149 4014 2374 4084 epistola
2405 4014 2479 4085 (b)
2538 4014 2825 4069 certiorem
2878 4014 3009 4071 facit
3044 4015 3313 4070 bleletium
3345 4025 3403 4070 et

1837 4108 1903 4161 de
1935 4088 2180 4176 suscepto
2207 4104 2429 4161 Romani
2479 4104 2723 4160 mittendi
2766 4106 3019 4162 Dorothei
3047 4106 3299 4171 consilio,
3348 4115 3406 4161 et

1836 4198 1902 4253 de
1930 4197 2315 4265 persecutionis
2350 4196 2527 4262 minis,
2578 4211 2698 4251 cum
2733 4197 2845 4265 jam
2888 4200 3193 4255 advenisset
3238 4198 3405 4269 Euip-

1835 4291 1953 4359 pius
1978 4298 2031 4343 et
2058 4287 2149 4342 alii
2172 4297 2611 4357 exspectarentnr
2633 4288 2840 4342 Ariani.

1907 4380 2089 4451 Neque
2147 4382 2308 4435 etiam
2358 4395 2499 4435 anno
2541 4380 2646 4435 δη
2703 4391 2934 4435 exeunte
2960 4389 3014 4435 et
3051 4381 3271 4438 ineunte
3297 4384 3402 4440 575

1834 4474 2083 4529 collocari
2146 4474 2312 4543 possit
2364 4472 2685 4542 persecutio.
2734 4470 2866 4526 Nam
2927 4473 3079 4528 initio
3132 4477 3257 4529 anni
3299 4478 3405 4533 575

1836 4566 2055 4619 consilia
2086 4566 2216 4618 inita
2241 4572 2367 4619 sunt
2400 4564 2463 4617 de
2492 4564 2740 4634 pellendo
2797 4564 3016 4631 Basilio,
3068 4568 3161 4621 sed
3217 4568 3399 4622 Antio-

1837 4654 1990 4714 chiat.
2025 4671 2129 4709 non
2184 4656 2462 4719 Cresarea',
2488 4665 2547 4709 ut
2587 4656 2913 4725 perspicitur
2955 4670 3021 4708 ex
3048 4657 3269 4725 cpistola
3301 4658 3404 4713 P20

1834 4761 1952 4815 qute
1984 4747 2134 4799 initio
2172 4748 2294 4800 anui
2324 4748 2426 4801 575
2470 4746 2666 4815 scripta
2699 4755 2799 4800 est.
2872 4744 3138 4802 Praeterea
3197 4748 3403 4804 refrixit

1834 4835 2164 4904 aliquantum
2198 4837 2433 4891 amicitia
2462 4836 2716 4890 Basiliam
2770 4834 2912 4889 inter
2953 4847 3007 4892 et
3058 4838 3400 4893 Eustathium

1836 4942 1977 4981 anno
2012 4926 2118 4980 579.
2148 4938 2377 4982 exeunte
2428 4938 2520 4981 aut
2575 4928 2797 4982 ineunte
2829 4928 2953 4991 575,
3001 4942 3123 4982 cum
3177 4931 3399 4998 perfidia

1835 5016 2061 5070 duorum
2112 5016 2378 5070 Enstathii
2432 5015 2841 5084 discipulorum,
2895 5032 3027 5087 quos
3088 5018 3230 5072 domi
3290 5033 3403 5073 stne

1836 5109 2069 5164 habebat
2098 5108 2354 5171 Basilius,
2381 5107 2433 5161 in
2459 5109 2630 5163 oculis
2656 5110 2820 5163 totius
2848 5109 3085 5161 civitatis
3112 5109 3399 5178 erupisset.

1828 5204 1899 5257 At
1928 5219 2048 5258 cum
2082 5200 2312 5255 Basilius
2341 5202 2736 5269 persecutionis
2768 5200 3057 5257 procellam
3082 5203 3398 5265 sustineret,

1828 5295 2131 5349 conﬁdebat
2182 5294 2485 5360 Eustathio,
2518 5307 2580 5349 ut
2626 5310 2745 5349 cum
2782 5293 3040 5358 maxime,
3073 5303 3128 5349 et
3176 5293 3398 5349 missum

1830 5390 1896 5442 ah
1936 5404 2002 5443 eo
2028 5388 2380 5452 Eleusinium,
2418 5403 2541 5443 cum
2584 5402 2790 5441 summa
2820 5389 2959 5457 grati
2994 5386 3157 5440 animi
3188 5387 3399 5456 siguillo

1830 5481 2064 5541 catione,
2092 5488 2148 5532 ut
2185 5478 2447 5547 optinmm
2498 5477 2798 5547 adjutorcm
2838 5488 2895 5530 et
2944 5476 3398 5539 commilitonem,

1830 5569 2063 5638 excepit.
2091 5565 2302 5621 Pariter
2334 5577 2632 5637 repugnant
2666 5582 2809 5621 anno
2837 5567 2941 5621 575
2992 5583 3115 5637 qua:
3143 5568 3400 5635 deinceps

1832 5660 2205 5725 narrabimus;
2262 5660 2313 5713 in
2360 5658 2547 5729 primis
2587 5674 2839 5729 magnum
2900 5659 3031 5714 illud
3084 5658 3395 5722 aedilicium,

1906 5868 1976 5937 (lt)
2003 5866 2093 5935 κν.
2130 5867 2218 5919 os.
