4214 6500
774 460 970 501 υκιιιῖ

2149 439 2673 499 PROLEGOMENA.

775 572 917 631 quod
941 575 1060 614 cum
1094 557 1321 614 Basilius
1341 558 1496 630 paulo
1523 566 1644 628 post
1661 558 1958 613 discessum
1978 557 2214 615 Valentis
2248 562 2335 614 in—
2367 566 2411 623 Α
2443 569 2640 625 turum,
2658 560 2702 614 si
2718 558 3054 615 occasionem
3076 558 3143 614 de
3159 557 3278 614 aliis
3293 558 3429 613 bene
3446 558 3681 613 merendi
3699 557 4015 628 negligeret.

776 654 1019 721 ceperit,
1064 653 1175 720 jam
1211 662 1387 707 tamen
1436 651 1772 721 excipiendis
1818 652 2123 722 hoSpitibus
2159 662 2339 721 aptum

776 755 893 800 erat
916 760 1059 799 anno
1094 744 1219 799 575.

846 838 1005 891 Venit
1033 836 1213 906 itaque
1244 835 1547 892 Cmsaream
1570 836 1763 892 Valens
1796 851 1937 892 anno
1965 836 2064 891 571
2090 846 2339 903 exeunte,

774 929 934 998 idque
980 929 1197 982 omnino
1246 945 1443 985 nexum
1485 940 1539 983 et
1580 930 1925 998 conjunctum
1963 940 2048 985 est
2084 944 2207 984 cum
2261 946 2343 985 re-

773 1034 893 1072 rum
920 1019 1058 1073 illius
1092 1029 1365 1090 gestarum
1397 1022 1645 1075 historia.
1680 1023 1810 1075 Nam
1843 1037 1963 1075 cum
1997 1022 2339 1077 Antiochiam

773 1122 984 1182 peteret
1008 1114 1152 1167 lento
1189 1115 1401 1177 itinere,
1432 1124 1549 1168 erat
1572 1115 1796 1187 Ancyra:
1828 1114 1970 1170 Julio
1994 1129 2178 1170 mense
2216 1114 2340 1167 anui

770 1205 893 1268 571,
926 1216 982 1260 ut
1008 1218 1156 1261 certo
1190 1209 1510 1277 perspicitur
1539 1223 1603 1262 ex
1654 1208 1767 1277 lege
1809 1207 1875 1261 76
1930 1208 1994 1262 de
2029 1206 2339 1261 decurioni-

768 1297 871 1351 bus
893 1298 1011 1352 data
1038 1298 1089 1351 in
1124 1298 1223 1353 hac
1253 1299 1382 1353 urbe
1431 1315 1489 1353 ιιι
1535 1300 1609 1353 Id.
1663 1298 1798 1363 .Inl.,
1829 1300 2091 1353 Gratiano
2119 1300 2183 1352 A.
2212 1296 2251 1353 ll
2285 1307 2338 1353 et

767 1384 945 1442 Probo
967 1404 1098 1455 css.,
1122 1391 1242 1445 cod.
1275 1390 1482 1445 Theod.
1517 1392 1611 1445 lib.
1636 1407 1734 1455 xu,
1757 1403 1838 1445 ιιι.
1868 1392 1918 1457 1,
1948 1408 2000 1463 p.
2027 1392 2154 1447 426.
2203 1390 2336 1446 Cum

769 1492 896 1548 ergo
922 1480 1061 1533 illius
1086 1482 1349 1535 emissatii
1394 1491 1448 1535 et
1494 1497 1859 1553 praecursorcs
1894 1484 2127 1552 episcopi
2159 1481 2337 1538 Caesa—

768 1584 918 1624 ream
974 1575 1217 1625 venerint
1265 1588 1445 1626 mense
1510 1573 1813 1642 Septembri
1870 1572 2109 1640 ejusdem
2165 1576 2334 1640 anui,

767 1678 997 1731 eumque
1034 1664 1308 1718 Valentem
1349 1665 1608 1719 Cu'sarea:
1650 1665 1844 1719 lestum
1882 1664 2197 1735 Epiphanix
2244 1680 2335 1721 ce-

768 1754 1003 1809 lebrasse
1046 1766 1277 1820 constet;
1336 1756 1514 1809 nullus
1560 1756 1798 1822 profecto
1856 1758 2133 1813 dubitandi
2186 1757 2336 1812 locus

765 1848 893 1917 quin
952 1848 1001 1902 id
1053 1865 1191 1901 anno
1235 1848 1340 1901 572
1381 1849 1596 1903 ineunte
1647 1850 1952 1919 contigerit.
1982 1848 2094 1905 IIuc
2125 1849 2335 1904 accedit

766 1942 1062 1995 auctoritas
1093 1940 1335 2010 Gregorii
1361 1938 1584 2009 Nysseui
1617 1940 1714 2011 (α),
1742 1942 1833 2011 qui
1882 1951 2114 1997 testatur
2145 1943 2338 1996 Valen-

769 2041 873 2085 tem
906 2034 1065 2087 rebus
1106 2047 1293 2087 contra
1342 2032 1604 2088 barbaros
1647 2034 1881 2089 feliciter
1916 2036 2080 2104 gestis
2106 2034 2332 2097 elatum,
2368 2100 2369 2103 η

764 2136 886 2178 cum
910 2123 1295 2193 eal’rOpoutide
1326 2140 1639 2193 progressus
1670 2126 1975 2196 Bithyniam
2013 2140 2079 2178 ex
2139 2128 2336 2194 impro-

765 2213 883 2267 viso
914 2224 1202 2279 vastasset,
1232 2231 1295 2268 ac
1323 2216 1589 2271 Galatiam
1626 2218 1774 2271 nullo
1824 2220 2040 2283 negotio
2080 2219 2332 2287 cepisset,

764 2308 843 2363 sic
879 2310 1087 2362 tandem
1140 2311 1190 2362 in
1236 2308 1669 2380 Cappadociam,
1727 2328 1844 2382 quae
1900 2315 2141 2383 proxima
2193 2323 2331 2381 erat,

763 2402 1092 2471 pervenisse.
1124 2400 1425 2456 Caesaream
1448 2417 1577 2472 ergo
1612 2403 1807 2459 Valens
1847 2407 2031 2460 eodem
2068 2422 2209 2460 anno
2242 2423 2334 2461 ve-

764 2495 865 2557 nit,
894 2510 1001 2563 quo
1022 2494 1295 2549 Galatiam
1322 2498 1660 2565 peragravit;
1691 2512 1753 2552 ac
1797 2498 1951 2552 vahle
1998 2498 2251 2554 Socrates
2281 2509 2333 2555 et

765 2581 1134 2638 Tlteodoretus
1200 2584 1600 2641 hallucinautur
1649 2588 1740 2657 qui
1777 2588 1889 2655 jam
1932 2587 2146 2658 Syriam
2173 2598 2227 2641 et
2257 2590 2333 2641 vi-

763 2678 914 2731 cinas
949 2693 1199 2746 regiones
1238 2679 1564 2733 Arianorum
1616 2680 1803 2733 ditioui
1842 2680 2115 2749 subjectas
2167 2679 2334 2734 fuisse

761 2780 989 2840 putant.
1022 2787 1144 2825 cum
1185 2770 1432 2826 Cresarea
1493 2782 1819 2842 oppugnata.
1878 2770 2161 2826 Couseutit
2210 2787 2332 2827 cum

761 2860 1008 2932 Nyssen‘o
1054 2862 1429 2918 Nazianzenus
1487 2863 1582 2935 (ὁ),
1637 2865 1729 2934 qui
1792 2863 2071 2919 Valentem
2126 2872 2329 2931 narrat,

763 2968 884 3005 cum
922 2952 1127 3007 vicinos
1186 2967 1376 3008 omnes
1432 2953 1724 3023 impietatis
1770 2955 1962 3009 robore
1998 2969 2060 3008 ac
2092 2956 2329 3025 potentia

762 3048 1078 3113 domuisset,
1104 3062 1169 3102 ac
1196 3048 1383 3101 ditioui
1432 3063 1541 3100 sua:
1565 3047 1824 3117 quidquid
1877 3048 2092 3103 ouvium
2127 3048 2327 3104 habue-

761 3149 868 3203 rat,
890 3139 1229 3208 subjecisset,
1267 3138 1345 3192 sic
1379 3138 1594 3193 tandem
1631 3142 1930 3207 peragratis
1956 3140 2205 3193 orunibus
2244 3155 2330 3195 re-

2517 651 2760 707 Delatum
2801 667 2993 706 ntunus
3042 650 3295 705 Ecclesia:
3354 650 3647 704 Innocentii
3684 661 3805 719 post
3846 654 4019 721 ipsius

2443 752 2669 799 mortem
2723 742 2970 797 curanda;
3030 741 3262 797 Basilius
3340 756 3371 794 a
3428 755 3487 796 se
3541 741 3905 809 deprecatur.
3960 755 4021 797 ut

2442 835 2614 903 majus
2668 835 2872 889 viribus
2917 835 3057 897 suis,
3107 835 3360 905 quodque
3410 849 3475 890 ex
3519 843 3666 890 tanto
3727 835 4020 892 intervallo

2444 924 2602 979 facile
2657 925 3022 980 administrari
3047 942 3152 981 n0u
3203 926 3397 995 possit.
3440 924 3608 979 Alteri
3657 936 3838 979 autem
3880 932 4013 995 peti-

2449 1019 2577 1073 tioni
2610 1017 2840 1073 libenter
2872 1020 3079 1083 annuit,
3100 1034 3165 1073 ac
3206 1016 3579 1073 Innocentium
3605 1017 3808 1071 laudat.
3846 1020 4012 1085 quod.

2444 1118 2499 1162 ut
2528 1108 2753 1181 Moyses,
2785 1124 3153 1165 successorem
3202 1125 3358 1164 suum
3421 1108 3600 1163 videre
3639 1110 3788 1163 velit.
3825 1109 4011 1178 Itaqttc

2442 1216 2646 1255 memor
2676 1202 2817 1256 illius
2848 1202 3136 1265 minarum,
3165 1202 3435 1273 simulque
3486 1203 3840 1258 considerans
3886 1204 4018 1255 civi-

2444 1299 2603 1345 tatem
2639 1292 2866 1360 amplam
2919 1306 3043 1347 esse
3101 1301 3155 1346 et
3212 1293 3501 1356 celebrem,
3533 1308 3666 1361 opus
3712 1292 4012 1347 Innocentii

2440 1385 2579 1451 apud
2620 1386 2814 1440 multos
2857 1384 3087 1450 clarum,
3115 1394 3352 1455 tempora
3408 1385 3664 1449 dilIicilia,
3707 1388 4013 1455 magnoin-

2439 1473 2675 1543 digentia
2714 1476 3076 1545 gubernatore
3103 1475 3171 1530 ob
3196 1476 3477 1533 continuas
3508 1477 3770 1548 procellas
3790 1516 3806 1541 ,
3844 1478 4012 1546 probe

2440 1566 2705 1622 intellexit
2749 1584 2852 1622 non
2881 1568 3155 1638 juniorem
3204 1570 3435 1638 aliquem
3492 1570 3808 1625 mittendum
3861 1585 4009 1633 esse,

2437 1659 2529 1727 qui
2586 1661 2649 1712 ad
2685 1662 2895 1729 negotia
2929 1670 3138 1715 tantum
3186 1661 3454 1717 exteriora
3489 1662 3716 1717 idoneus
3762 1662 3855 1718 sit.
3901 1662 4009 1715 Sed

2438 1752 2882 1822 circumspiciens
2908 1753 2958 1807 in
2995 1753 3257 1809 Cmsarcze
3290 1754 3648 1823 presbyterio,
3685 1756 3848 1825 elegit
3885 1771 4013 1825 pre-

2440 1845 2790 1899 tiosissimum
2818 1860 2935 1911 vas,
2973 1846 3249 1901 alumnum
3282 1847 3425 1902 beati
3458 1846 3807 1918 Ilcrruogenis
3831 1857 3887 1903 et
3937 1847 4009 1903 ab

2435 1954 2500 1994 eo
2538 1940 2869 1995 ordinatum.
2894 1940 3267 2010 presbyterum
3296 1940 3540 1996 ecclesia:
3594 1955 3624 1994 a
3666 1940 3847 1997 multis
3890 1941 4007 2009 jam

2437 2034 2612 2096 annis,
2642 2033 2901 2103 gravibus
2927 2047 2990 2087 ac
3029 2034 3402 2087 constantibus
3428 2032 3666 2087 moribus
3697 2032 4007 2103 praeditum,

2437 2127 2787 2181 reverendam
2828 2126 3172 2190 adeuntibus,
3195 2126 3540 2181 adversantes
3572 2124 3623 2178 in
3686 2135 4009 2179 mansuetu-

2437 2218 2562 2273 dine
2616 2219 3019 2288 corripientem,
3083 2219 3317 2290 peritum
3371 2233 3679 2279 canonum,
3730 2215 4006 2271 hominem

2437 2322 2705 2366 accuratae
2755 2310 2978 2377 lidei,iu
3014 2313 3313 2367 continenti
3381 2321 3436 2366 et
3486 2309 3721 2366 ascetico
3759 2307 4009 2363 instituto

2437 2404 2700 2459 hactenus
2729 2401 3036 2472 degentem,
3077 2405 3178 2458 etsi
3229 2405 3371 2460 illius
3398 2419 3619 2460 carnem
3649 2417 4007 2472 consumpse-

2435 2506 2520 2551 rat
2556 2497 2680 2551 vita:
2738 2496 3062 2558 austeritas;
3127 2510 3413 2563 pauperem
3467 2511 3532 2551 ac
3584 2496 3758 2551 nullos
3792 2497 3845 2550 in
3897 2496 4008 2549 hoc

2434 2585 2632 2638 mundo
2659 2586 2862 2639 reditus
2893 2584 3279 2654 possidentem,
3308 2586 3441 2639 adeo
3489 2595 3545 2638 ut
3577 2601 3644 2640 ne
3700 2586 3855 2654 panis
3889 2587 4009 2655 qui-

2434 2677 2553 2731 dem
2581 2679 2677 2747 ipsi
2714 2679 2864 2747 copia
2893 2686 3223 2748 suppeteret,
3244 2678 3338 2731 sed
3372 2676 3556 2730 labore
3586 2693 3839 2731 manuum
3880 2695 4005 2732 cum

2437 2768 2694 2825 fratribus
2727 2772 2926 2825 victum
2954 2772 3054 2826 sibi
3078 2778 3439 2841 coiupararet.
3477 2767 3632 2824 Hunc
3664 2770 3846 2823 statim
3888 2771 4009 2824 mit-

2435 2870 2549 2918 tere
2580 2865 2837 2932 potuisset
2882 2863 3107 2919 Basilius
3134 2882 3145 2917 :
3181 2866 3273 2919 sed
3305 2863 3431 2933 quia
3453 2860 3813 2917 olnnoceutius
3837 2862 4005 2918 alium

2432 2957 2682 3027 petierat,
2708 2955 2936 3025 probum
2986 2956 3133 3011 illum
3176 2958 3417 3027 quidem,
3470 2956 3563 3011 sed
3610 2956 3781 3011 altero
3839 2955 4001 3026 longe

2433 3050 2740 3105 inferiorem
2766 3066 2781 3114 ;
2816 3058 2967 3119 rogat
3001 3048 3367 3105 Innocentium
3400 3050 3650 3113 Basilius,
3670 3060 3750 3114 ut,
3780 3050 3822 3104 si
3853 3051 4005 3121 ejus-

2434 3141 2577 3195 modi
2610 3141 2781 3194 virum
2808 3141 3071 3195 desideret
3092 3181 3106 3204 ,
3134 3142 3311 3195 mittat
3344 3141 3577 3210 aliquem
3616 3155 3682 3195 ex
3712 3140 4001 3207 fratribus,

761 3230 1006 3300 giouibus
1026 3228 1328 3285 Caesaream
1360 3246 1671 3300 aggressum
1701 3244 1842 3287 esse.
1872 3228 2063 3299 Liquet
2098 3230 2327 3283 Naziau—
2357 3254 2400 3311 ο
2434 3233 2522 3301 qui
2546 3248 2665 3287 eum
2699 3235 2843 3288 circa
2871 3234 3070 3304 iejunia
3106 3244 3343 3290 assumat
3378 3252 3392 3288 :
3423 3234 3468 3287 si
3498 3232 3767 3287 nemiuem
3813 3233 4001 3299 habet,

762 3336 955 3375 senum
1004 3321 1147 3391 loqui
1188 3322 1252 3376 de
1314 3322 1619 3392 regionibus
1653 3320 2044 3391 Cappadociam
2088 3322 2227 3375 inter
2280 3328 2334 3376 et

760 3409 1282 3481 Constantinopolim
1312 3412 1630 3481 interiectis,
1662 3427 1798 3483 quas
1834 3413 1978 3467 lente
2012 3412 2334 3484 peragrabat

762 3504 963 3560 Valens
1000 3519 1143 3558 anno
1178 3503 1304 3571 57l,
1343 3521 1446 3558 non
1482 3504 1654 3560 solum
1683 3516 1739 3560 ut
1772 3506 1970 3577 ubique
2006 3508 2328 3563 catholicam

761 3599 920 3653 Iidem
970 3598 1297 3668 opprimeret
1376 3598 1468 3653 sed
1505 3600 1662 3652 etiam
1697 3608 1752 3653 ut
1780 3614 1906 3655 vere
1960 3601 2175 3656 ineunte
2201 3603 2327 3657 ausi

759 3690 866 3747 572
903 3705 935 3746 e
987 3690 1324 3759 Cappadocia
1354 3692 1556 3759 egredi,
1610 3700 1662 3747 et
1703 3692 2071 3750 intolerabiles
2128 3692 2329 3750 Cilicia:

760 3782 967 3839 calores
998 3782 1169 3838 vitare
1201 3788 1405 3852 posset.

1336 3872 1564 3930 CAPUT
1603 3872 1746 3929 XXI.

758 3966 803 4021 Ι.
836 3968 907 4022 De
929 3970 1148 4036 epistola
1174 3970 1263 4024 8|.
1321 3969 1380 4025 Il.
1417 3968 1610 4024 Scribit
1642 3969 1933 4024 Athanasio
1968 3970 2203 4027 Basilius
2226 3991 2325 4029 an-

830 4053 1036 4106 tequam
1075 4040 1238 4091 Ilorna
1288 4042 1461 4093 redeat
1498 4040 1792 4112 Daret/reus
1824 4056 1843 4095 :
1908 4053 2056 4112 rogat
2101 4059 2216 4097 cum
2270 4057 2323 4099 nt

827 4126 974 4181 prior
1007 4112 1197 4162 scribat
1240 4112 1533 4181 episcopis:
1562 4109 1648 4181 Ill.
1694 4112 1843 4167 Elius
1872 4109 1982 4167 hoc'
2022 4130 2161 4167 anno
2216 4116 2324 4171 572

824 4178 1016 4307 ﬁgeres
1048 4180 1417 4248 Cappadociw.
1469 4178 1555 4233 IV.
1592 4180 1667 4235 De
1702 4186 1936 4253 epistolis
1984 4182 2176 4240 Basilii
2224 4189 2322 4243 85-

825 4345 867 4398 1.
905 4344 1173 4413 Scriptam
1232 4342 1460 4413 conjicio
1488 4354 1613 4401 ante
1646 4344 2127 4419 Quadragesimam
2167 4350 2324 4421 hujus

756 4436 883 4491 anni
913 4435 1019 4489 572
1048 4436 1327 4503 epistolam
1359 4436 1418 4491 8t
1457 4439 1522 4491 ad
1580 4439 1943 4495 Innocentium
1985 4442 2319 4512 episcopum,

754 4525 821 4581 ad
860 4539 1017 4595 quem
1049 4525 1215 4579 etiam
1246 4536 1427 4580 exstat
1477 4527 1701 4596 epistola
1730 4529 1913 4585 Basilii
1953 4530 2046 4586 50.
2084 4531 2130 4585 Is
2185 4546 2322 4600 pra:-

2433 3338 2591 3393 quem
2626 3324 2824 3389 mittat,
2864 3326 3051 3378 saltem
3077 3326 3142 3378 ad
3172 3342 3230 3381 se
3258 3326 3478 3385 scribat.

2505 3414 2730 3469 Videtur
2759 3414 3233 3484 Quadragesimam
3270 3418 3551 3485 designare
3588 3416 3840 3481 Basilius,
3878 3433 4000 3473 cum

2430 3506 2800 3563 Innocentium
2834 3517 3005 3576 rogat,
3033 3517 3091 3560 ut
3128 3507 3357 3575 aliquem
3391 3510 3591 3572 mittat,
3626 3508 3718 3575 qui
3772 3524 4003 3564 venera-

2431 3600 2593 3657 bilem
2652 3600 2798 3655 illum
2852 3602 3225 3671 presbyterum
3287 3599 3433 3652 circa
3478 3598 3682 3669 jejunia
3739 3614 4001 3657 assumat.

2428 3698 2537 3753 Cur
2562 3707 2745 3752 autem
2775 3697 2888 3751 hare
2912 3710 3054 3749 anno
3080 3692 3186 3749 572
3221 3703 3402 3765 putem
3427 3693 3741 3765 contigisse,
3780 3695 3883 3750 hoc
3908 3710 4004 3764 po-

2430 3791 2696 3843 tissimum
2742 3790 2982 3843 adducor
3033 3798 3388 3860 argmuento,
3433 3788 3575 3858 quod
3620 3802 3743 3843 cum
3770 3786 4004 3843 Basilius

2430 3880 2627 3935 multas
2662 3880 2763 3932 hoc
2792 3895 2934 3932 anno
2974 3882 3255 3950 episcopos
3293 3880 3557 3935 creaverit
3597 3880 4004 3949 (multiplicatos

2429 3973 2573 4028 enim
2619 3970 2784 4025 fuisse
2828 3970 3167 4041 cpiscOpatus
3212 3981 3441 4025 testatur
3463 3972 3832 4027 Nazianzenus
3864 3970 3998 4046 [όῦ.

2428 4081 2534 4121 non
2566 4066 2777 4119 videtur
2808 4078 3077 4119 summum
3117 4061 3261 4113 illum
3299 4063 3493 4125 virum,
3528 4078 3634 4130 quo
3664 4067 4005 4133 praestantio-

2427 4175 2540 4216 rem
2564 4159 2829 4213 nemiueut
2856 4156 3054 4211 habere
3069 4162 3301 4224 poterat,
3328 4155 3789 4223 praeterunssurus
3808 4156 3999 4223 fuisse,

2424 4268 2546 4309 cum
2581 4252 2650 4322 (e)
2694 4251 2991 4322 prmsertim
3024 4247 3393 4310 Pteutenium,
3449 4262 3607 4317 quem
3654 4248 3802 4305 dedit
3840 4250 4000 4307 Sata-

2425 4347 2680 4408 lensibus,
2719 4346 2946 4399 libenter
2969 4343 3229 4399 Gesarea:
3264 4342 3591 4406 retinuisset,
3624 4359 3723 4399 nec
3751 4345 3911 4399 matri
3942 4353 3999 4398 et

2426 4438 2678 4493 Ecclesiae
2722 4437 2919 4507 lugenti
2952 4436 3303 4499 abstulisset,
3346 4434 3390 4488 si
3423 4450 3580 4506 quem
3613 4438 3661 4492 ei
3702 4437 4000 4489 invenisset

2426 4544 2610 4598 parem
2636 4530 2701 4583 ad
2741 4546 2934 4585 nruuus
2967 4530 3311 4598 episcopatus
3341 4531 3734 4585 sustinendum.
3776 4524 4002 4583 Videtur

753 4627 872 4674 erat
916 4633 1121 4689 magna:
1153 4619 1293 4685 urbi,
1343 4633 1448 4673 non
1479 4635 1665 4689 parum
1718 4622 1961 4678 Caesarea
1985 4626 2229 4689 distanti,
2255 4638 2320 4679 ac
2355 4614 2398 4669 Ῑ)

2355 4614 2398 4669 1)
2428 4620 2542 4673 hzec
2568 4617 2747 4674 Basilii
2782 4617 3075 4675 liberalitas
3110 4616 3161 4670 in
3186 4618 3545 4674 c0ucedendis
3581 4631 3647 4669 ex
3677 4629 3774 4668 sua
3810 4614 3995 4671 Eccle-

753 4710 807 4763 in
838 4710 1204 4781 perfungeudo
1236 4710 1449 4781 egregie
1476 4712 1814 4780 episcopatus
1847 4729 2071 4771 munere
2101 4717 2314 4772 laudem

753 4810 807 4855 et
834 4802 1029 4855 laruam
1082 4804 1305 4872 adeptus
1328 4813 1465 4856 erat.
1495 4802 1715 4871 Magnus
1744 4806 1885 4861 enim
1914 4820 2033 4862 erat
2080 4810 2317 4879 Spiritus

750 4896 921 4949 sancti
964 4896 1312 4963 gloriﬁcator,
1343 4897 1563 4967 ejusque
1615 4896 1907 4954 divinitatis
1944 4900 2196 4957 defensor
2220 4902 2313 4973 (c).

755 4988 859 5042 Sed
886 5003 1009 5041 cum
1041 4988 1327 5041 admodum
1355 5000 1512 5043 mtate
1559 4998 1846 5059 provectus
1880 5002 2044 5059 esset,
2077 5008 2140 5047 ac
2165 4994 2314 5063 gregi

751 5095 850 5135 suo
882 5091 1001 5149 post
1031 5091 1254 5135 mortem
1287 5093 1440 5132 suam
1476 5090 1757 5146 metueret,
1800 5084 2006 5151 rogavit
2034 5084 2316 5151 Basilium,

752 5183 809 5225 ut
845 5189 1029 5226 curam
1061 5173 1311 5227 Ecclesiae
1336 5186 1446 5227 suae
1483 5183 1599 5238 post
1632 5183 1857 5229 mortem
1886 5189 2037 5226 suam
2074 5177 2319 5244 suscipe-

752 5274 854 5327 ret,
876 5281 938 5319 ac
963 5282 1103 5320 nunc
1138 5273 1202 5318 ad
1230 5282 1286 5320 se
1324 5268 1563 5321 mitteret
1590 5282 1619 5323 e
1653 5266 1797 5322 clero
1832 5280 1928 5319 suo
1966 5280 2309 5335 praestantem

750 5355 979 5427 aliquem
1009 5358 1381 5425 virttm,quem
1411 5373 1775 5411 successorem
1804 5372 1958 5411 suuut
1989 5360 2139 5413 vivus
2168 5359 2313 5412 desi-

750 5457 958 5515 gnaret.
992 5449 1107 5514 Quo
1142 5451 1309 5521 magis
1343 5450 1601 5503 Basilium
1632 5458 1918 5505 exacueret
1949 5452 2015 5504 ad
2041 5468 2150 5505 rem
2178 5452 2312 5505 tanti

747 5542 1026 5604 momenti,
1056 5543 1359 5596 minabatur
1383 5556 1440 5597 se
1472 5543 1518 5597 ei
1558 5541 1705 5597 litem
1736 5557 1917 5597 coram
1942 5542 2168 5600 Domino
2196 5542 2313 5597 illa-

820 5680 896 5750 (ιι)
925 5680 990 5733 In
1022 5679 1252 5734 Ennom.

819 5756 893 5820 (ὁ)
919 5751 1157 5805 Μίνων.
1191 5755 1279 5806 20.

818 5827 889 5888 (ε)
924 5822 1015 5888 Ερ.
1050 5822 1137 5877 50.

822 5894 900 5960 (ά)
934 5892 1025 5944 Ur.
1053 5894 1142 5944 20.

2426 4711 2504 4766 sia
2541 4711 2841 4782 episcopis,
2888 4709 2960 4763 ita
2991 4707 3191 4763 clerum
3231 4711 3615 4766 Ca-saricnsem
3650 4708 3992 4776 exhausisse,

2426 4816 2483 4860 ut
2506 4806 2774 4861 nemiuem
2812 4802 2879 4873 (Ῑ)
2930 4801 3150 4858 haberet
3178 4819 3320 4858 anno
3344 4802 3447 4857 575
3471 4842 3487 4867 ,
3518 4816 3676 4871 quem
3706 4803 3994 4875 Amphilo-

2424 4900 2546 4955 cltio
2584 4899 2832 4959 donaret,
2880 4903 3160 4965 propterea
3190 4897 3333 4967 quod
3369 4896 3414 4947 is
3444 4910 3603 4964 quem
3646 4898 3992 4967 promiserat,

2423 4994 2713 5048 accedente
2744 4987 2809 5043 ad
2840 4998 3070 5044 veterem
3102 4992 3344 5044 morbum
3375 5002 3510 5043 nova
3535 4991 3813 5046 oculorqu
3834 4992 3994 5061 aegri-

2428 5084 2630 5149 tudine,
2669 5083 2841 5149 impar
2863 5080 2987 5135 huic
3019 5081 3171 5135 oneri
3206 5078 3378 5131 factus
3407 5093 3571 5135 esset.

2495 5175 2555 5230 ll.
2594 5174 2852 5241 Quamvis
2881 5173 3131 5234 Basilius,
3180 5174 3415 5240 quandiu
3452 5173 3711 5231 Cmsarca:
3749 5173 3851 5231 fuit
3885 5177 3992 5233 Va-

2422 5268 2559 5336 lens,
2594 5268 2681 5321 vix
2727 5268 2891 5322 ullum
2927 5269 3067 5322 diem
3115 5268 3182 5320 ab
3209 5264 3531 5322 Arianorum
3573 5268 3784 5323 insidiis
3820 5282 3991 5326 tutum

2419 5360 2703 5423 habuerit,
2736 5362 2867 5415 nihil
2912 5370 3088 5414 tamen
3124 5360 3189 5411 de
3236 5372 3332 5412 suo
3376 5358 3837 5428 pacilicandarum
3888 5366 3991 5420 Ec-

2419 5453 2707 5509 clesiarum
2736 5453 2914 5507 studio
2961 5449 3284 5506 remittebat.
3340 5452 3477 5508 Tum
3529 5467 3651 5506 cunt
3691 5452 3993 5512 Athanasio

2420 5544 2496 5617 (φ)
2540 5546 2809 5601 scriberet
2851 5560 2992 5601 anno
3042 5542 3401 5615 ιιιωρριιειιιί,
3453 5559 3602 5616 spem
3637 5545 3685 5601 ei
3732 5546 3995 5606 allerebat

2488 5689 2558 5756 (ρ)
2588 5687 2687 5756 Ep.
2721 5687 2842 5739 I02.

2489 5759 2561 5826 (ι’)
2596 5760 2688 5824 lup.
2718 5758 2778 5811 2t
2798 5758 2849 5811 7.

2490 5839 2561 5897 ω)
2595 5827 2762 5895 Epist.
2801 5828 2889 5882 69.
