4214 6488
1574 424 1734 483 νιτΑ
1772 426 1831 481 8.
1872 426 2132 483 BASiLll.

3270 445 3447 488 LXXXV

202 537 326 604 tore,
352 541 409 596 u't
439 553 641 596 omnes
687 537 835 594 illius
872 540 1077 612 judicio
1114 541 1544 610 paciﬁcationem
1585 542 1773 599 Eccle-
1804 547 1848 603 Α
1878 543 2117 607 rexerit,
2172 542 2461 613 inquirere.
2515 540 2687 596 Etiam
2737 542 2837 595 hoc
2877 557 3071 599 munus
3125 542 3446 599 sustiiiuis~e

202 633 389 689 siarmn
411 633 855 689 committerent.
886 634 941 689 id
978 635 1191 691 tandem
1219 645 1539 691 consecutus
1564 647 1649 693 est
1676 636 1777 691 Ba-

203 726 357 790 silius,
387 726 527 780 forte
555 726 677 792 ipsa
712 728 1084 797 persecutione
1113 730 1321 783 animos
1350 743 1379 781 a
1412 729 1775 784 contentioni-

200 819 287 872 bus
317 817 380 868 ad
425 821 746 873 communis
782 818 905 872 ﬁdei
946 816 1308 875 defensionem
1350 832 1639 877 revocante
1672 821 1772 892 (a).

201 908 393 966 Scribit
423 925 557 979 ergo
589 909 903 966 Athanasio
946 912 1205 981 quidquid
1250 911 1302 964 in
1348 910 1683 982 Cappadocia
1721 924 1775 969 et

200 1002 431 1058 ﬁnitimis
476 1005 619 1058 locis
650 1017 849 1056 sanum
880 1013 985 1070 est,
1031 1020 1159 1059 vere
1188 1016 1329 1057 nuttc
1368 1004 1433 1057 ad
1464 1019 1649 1059 eorum
1681 1007 1774 1074 qui

201 1094 327 1147 idem
358 1099 607 1150 sentiunt
633 1137 648 1159 ,
684 1098 1119 1151 communionem
1149 1106 1311 1165 atque
1347 1098 1604 1151 unitatem
1650 1112 1774 1163 pro-

199 1188 417 1253 pendere
451 1208 466 1243 :
502 1202 751 1256 eumque
783 1190 982 1244 idcirco
1017 1199 1200 1257 rogat,
1261 1196 1318 1241 ut
1359 1188 1527 1255 nobis,
1577 1187 1770 1257 inquit,

202 1282 422 1335 omnibus
450 1281 662 1333 scribas
690 1281 962 1345 epistolam
1000 1296 1181 1343 unam,
1210 1297 1327 1350 qua:
1357 1284 1483 1352 quid
1511 1281 1772 1349 agendum

199 1377 257 1427 sit
282 1378 584 1428 admonent.
632 1372 897 1429 Voiehant
920 1373 1062 1427 enim
1087 1374 1345 1445 episcopi,
1385 1388 1522 1443 quos
1547 1370 1775 1427 Basilius

198 1480 309 1522 Cum
339 1466 652 1521 Athanasio
686 1466 1015 1534 conjungere
1052 1466 1321 1530 studebat,
1372 1477 1427 1519 ut
1450 1464 1774 1519 Athanasius

200 1560 336 1628 prior
373 1555 668 1613 scriberet.
727 1557 835 1611 Sed
866 1559 987 1626 quia
1033 1557 1267 1624 suspecti
1318 1555 1617 1612 Athanasio
1655 1570 1775 1610 esse

199 1658 453 1718 poterant,
510 1650 581 1704 oh
644 1662 710 1702 ea
747 1663 863 1716 qua:
892 1648 1019 1703 olim
1050 1658 1336 1717 gesserant
1383 1660 1669 1717 antequam
1707 1650 1775 1703 ab

198 1739 400 1795 Arianis
443 1740 835 1806 discederent;
880 1742 1182 1797 obtestatur
1230 1756 1349 1795 eum
1403 1738 1667 1805 Basilius,
1718 1752 1773 1794 ut

199 1832 289 1885 sibi
342 1836 438 1887 bas
484 1832 553 1886 ad
608 1834 893 1903 cpiscdpos
941 1834 1150 1887 litteras
1195 1835 1415 1888 mittat:
1465 1849 1569 1889 non
1623 1834 1772 1903 prius

1880 634 2232 705 perspicimus
2256 650 2321 687 ex
2353 635 2510 701 epist.
2543 635 2632 699 9t,
2669 647 2791 704 quae
2820 634 3019 701 scripta
3055 646 3138 690 est
3170 634 3275 691 hoc
3305 651 3445 691 anno

1876 722 2001 789 572,
2038 734 2164 780 ante
2210 738 2448 778 tnenSetn
2486 722 2722 779 Junium.
2782 724 2835 778 In
2890 724 2988 778 hac
3036 726 3258 794 epistola
3284 724 3439 781 Basi-

1877 818 1979 872 litts
2012 816 2179 871 Ellam
2224 816 2509 885 regendam
2539 814 2935 885 Cappadociam
2991 817 3216 873 invitum
3250 838 3441 880 susce-

1876 912 2019 981 pisse
2045 912 2192 974 dicit,
2227 920 2284 963 ttt
2308 925 2472 979 opera
2511 910 2744 979 collapsa
2779 912 3127 976 instauraret,
3176 913 3289 969 ioca
3338 932 3443 971 non

1878 1004 2117 1059 habitata
2161 1001 2349 1055 incolis
2396 1001 2650 1070 repleret,
2696 1016 2761 1055 ac
2794 1020 2900 1059 uno
2928 1003 3095 1060 verbo
3124 1005 3439 1062 solitudines

1877 1094 1930 1148 in
1962 1095 2123 1147 urbes
2156 1094 2582 1147 transiormaret.
2614 1093 2980 1164 Pratterquam
3008 1098 3152 1169 quod
3182 1097 3295 1153 hrec
3325 1101 3437 1169 epi-

1877 1184 2010 1241 stola
2041 1184 2109 1239 94
2147 1186 2212 1238 ad
2250 1186 2528 1253 prmsidem
2572 1186 2741 1239 Eliam
2792 1186 3103 1245 manifestas
3149 1190 3311 1245 habet
3339 1192 3436 1244 hu-

1869 1276 1959 1347 jus
1986 1276 2111 1330 anni
2158 1276 2263 1331 372
2301 1288 2473 1341 notas,
2513 1288 2569 1331 ut
2598 1277 2734 1339 intra
2768 1279 3087 1343 videbimus,
3141 1283 3254 1344 ipsa
3296 1292 3443 1337 certe

1874 1369 2229 1440 Cappadocia:
2258 1371 2493 1438 pictura,
2531 1385 2695 1440 quatn
2734 1370 2786 1424 in
2821 1370 3000 1423 Basilii
3035 1373 3212 1425 verbis
3241 1372 3447 1441 ρει-ενί-

1874 1466 2065 1531 cimus,
2084 1465 2304 1519 miriﬁce
2320 1464 2567 1533 congruit
2593 1477 2713 1519 cum
2738 1462 3099 1531 superioribus
3131 1463 3321 1519 litteris
3345 1466 3443 1535 (b),

1876 1557 1930 1611 in
1988 1558 2180 1625 quibus
2222 1555 2479 1610 Cmsarea:
2521 1557 2573 1611 in
2611 1556 2953 1612 solitudinem
2992 1567 3207 1611 mutata:
3251 1573 3447 1613 terum-

1877 1663 1976 1702 nas
2021 1648 2285 1715 deplorat.
2334 1646 2511 1713 Quare
2570 1651 2775 1719 primus
2828 1650 3036 1703 exstitit
3100 1649 3283 1714 Elias,
3354 1652 3445 1720 qui

1875 1739 2207 1809 provinciam
2246 1742 2297 1793 in
2331 1741 2474 1794 hunc
2506 1750 2705 1795 statum
2735 1745 3007 1796 reduetam
3046 1742 3338 1812 aceiperet.

1946 1856 2121 1910 Minus
2149 1866 2402 1911 accurate
2429 1872 2491 1911 ac
2516 1856 2696 1911 minus
2726 1873 2877 1926 teque
2904 1860 2968 1913 de
3002 1858 3091 1913 illo
3119 1858 3237 1913 viro
3262 1875 3447 1915 sense-

205 1940 258 1981 se
284 1942 373 1981 eas
404 1927 693 1993 daturutn,
735 1941 895 1995 qnatn
933 1939 1247 1989 responsum
1302 1925 1368 1977 ah
1419 1924 1497 1979 eis
1542 1940 1767 1993 accepe-
1802 1902 1812 1955 ¹

1946 1902 2121 1910 --.πη
2150 1902 2401 1911 _----._--
2429 1902 2491 1911 _-
2516 1902 2695 1911 .-.ψη
2726 1902 2877 1926 ητα
2905 1902 2968 1913 ..η
3129 1902 3236 1913 ...ν
3263 1902 3420 1915 ..νην

1880 1958 2003 2003 runt
2027 1950 2363 2003 eruditorum
2398 1948 2636 2003 nonnulli
2664 1990 2679 2013 ,
2715 1948 2766 2004 in
2797 1950 2880 2003 his
2911 1949 3286 2006 Tillemnntius
3307 1992 3321 2017 ,
3356 1953 3447 2022 qui

197 2019 262 2071 rit
292 2041 303 2071 ;
336 2018 416 2069 sin
463 2019 668 2081 minus,
714 2018 910 2087 inquit,
943 2029 1185 2085 peccator
1222 2033 1311 2071 ero
1346 2017 1398 2070 in
1444 2027 1493 2069 te
1538 2021 1775 2071 omnibus

198 2108 367 2164 diebus
400 2110 526 2165 rita?
560 2126 719 2165 mea.

262 2200 390 2257 Erat
426 2217 566 2257 sane
610 2200 890 2271 periniqua
936 2200 1195 2265 conditio,
1242 2200 1309 2255 ab
1340 2198 1638 2254 Athanasio
1679 2216 1776 2268 pn-

198 2292 389 2349 stulare
435 2303 496 2347 ut
527 2293 629 2363 qui
666 2294 735 2348 ab
772 2296 851 2349 eis
878 2293 1035 2349 laesus
1070 2292 1266 2359 fuerat,
1306 2293 1455 2362 prior
1498 2292 1613 2360 ipse
1644 2294 1778 2346 scri-

198 2384 357 2439 beret.
397 2382 517 2439 Non
540 2398 615 2439 ex
639 2384 855 2448 Basilio,
884 2401 988 2439 non
1016 2398 1081 2437 ex
1130 2384 1342 2437 Meletio
1393 2393 1567 2436 ortam
1603 2386 1777 2437 credi-

201 2475 359 2533 derim
385 2476 660 2547 ejusmodi
696 2477 1082 2537 conditionem,
1115 2490 1232 2543 qua:
1261 2474 1377 2542 paci
1435 2472 1655 2528 obstare
1686 2492 1778 2543 pu-

203 2577 331 2623 terat
360 2586 425 2625 ac
453 2586 653 2625 revera
681 2567 893 2622 obstitit
917 2604 932 2630 ,
968 2566 1060 2621 sed
1097 2566 1166 2619 ab
1193 2566 1499 2623 hominibus
1528 2584 1631 2622 non
1668 2578 1773 2623 tant

202 2674 376 2729 pacem
405 2660 799 2731 appetentibns
832 2674 992 2727 quam
1020 2660 1385 2715 metuentibus
1411 2701 1426 2725 ,
1470 2664 1669 2732 quibus
1700 2676 1777 2715 ta-

202 2768 312 2807 men
346 2754 590 2808 Basilius
630 2762 685 2807 et
714 2751 977 2816 Meletius,
1014 2761 1071 2807 ut
1107 2752 1250 2806 inter
1296 2754 1543 2809 homines
1566 2770 1777 2810 cursua-

203 2844 312 2899 dcm
342 2846 583 2916 partittm
618 2847 793 2901 studio
826 2846 1141 2915 conjunctae
1176 2842 1290 2900 ﬁeri
1336 2844 1510 2910 solet,
1543 2860 1647 2899 non
1694 2861 1775 2899 ce-

204 2936 324 2994 dere
349 2954 454 2993 non
479 2948 801 3010 potuerunt.

267 3050 481 3118 Scripta
521 3050 643 3103 hanc
690 3049 912 3118 cpistola
945 3057 1230 3117 antequam
1271 3049 1571 3104 Dorotlteus
1602 3048 1771 3104 Roma

203 3139 466 3206 rediisset,
502 3156 572 3195 ac
614 3138 752 3194 forte
799 3142 960 3195 etiam
990 3151 1273 3209 antequam
1304 3140 1500 3195 Valens
1528 3141 1773 3195 C.esarea

1878 2052 2000 2093 eum
2031 2057 2172 2095 anno
2203 2042 2302 2097 571
2336 2041 2687 2111 Cappadocia:
2729 2041 3006 2111 prasinisse
3035 2054 3231 2097 etcum
3268 2046 3448 2099 inimi-

1877 2129 1956 2184 cis
2013 2128 2195 2182 Basilii
2257 2134 2602 2201 conjunctnm
2656 2130 2824 2186 fuisse
2873 2132 3269 2186 existimarunt.
3330 2133 3449 2200 Quo

1878 2234 2020 2273 anno
2049 2220 2253 2273 rexerit
2278 2221 2696 2289 Cappadociam,
2738 2221 2851 2290 jam
2884 2222 3250 2291 probavimus.
3292 2223 3450 2277 Chri-

1878 2313 2111 2365 stianum
2144 2312 2291 2365 illntn
2318 2324 2371 2365 et
2403 2315 2636 2366 amicum
2667 2323 2825 2368 vocat
2858 2313 3109 2379 Basilius,
3144 2315 3338 2369 nedum
3373 2316 3448 2369 in-

1880 2415 1959 2458 ter
1989 2405 2235 2460 inimicos
2267 2413 2531 2459 numeret.
2576 2402 2821 2474 Magnum
2867 2407 2915 2459 ei
2957 2406 3173 2473 pietatis
3205 2410 3448 2461 testiino-

1878 2498 2021 2551 nium
2068 2498 2287 2560 tribuit,
2324 2513 2443 2552 cum
2477 2508 2692 2551 veretur
2733 2511 2801 2551 ne
2844 2497 3288 2554 altercationibus
3328 2504 3450 2568 epi-

1878 2604 2161 2657 scuputum
2195 2590 2504 2643 vulneretur
2543 2590 2686 2644 illius
2724 2589 2921 2655 anima,
2961 2608 3077 2661 qua:
3105 2608 3236 2659 pura
3272 2596 3450 2649 suain

1878 2679 2042 2732 Deum
2090 2682 2279 2747 pietate
2334 2681 2611 2749 perfectum
2666 2682 2896 2751 religiosi
2946 2686 3117 2737 cultus
3159 2687 3445 2739 mercedem

1876 2773 2139 2839 percipere
2174 2773 2341 2826 debet.
2376 2772 2480 2827 Sed
2512 2775 2654 2841 quod
2688 2788 2901 2829 omnem
2934 2778 3235 2845 ambigendi
3268 2778 3444 2833 locttm

1875 2865 2178 2934 praecludit,
2211 2865 2350 2918 idem
2381 2874 2466 2919 est
2517 2864 2607 2919 ille
2636 2880 2855 2934 prases,
2890 2880 3049 2934 quem
3089 2867 3316 2922 Basilius
3346 2871 3447 2924 hoc

1876 2970 2019 3009 anno
2048 2954 2155 3009 572
2193 2956 2450 3025 dignitate
2476 2954 2739 3023 dejectuin
2766 2972 2949 3009 mense
2974 2956 3109 3011 Maio
3134 2969 3225 3012 aut
3256 2958 3444 3027 Junio,

1872 3053 1929 3099 et
1965 3046 2017 3099 in
2048 3046 2285 3115 periculo
2312 3062 2416 3100 ttott
2448 3044 2551 3100 levi
2583 3046 2932 3099 constitutum
2964 3047 3268 3117 Sophronia
3300 3065 3447 3103 cont-

1876 3137 2116 3190 mendat.
2161 3135 2312 3203 Quod
2347 3138 2490 3190 enini
2524 3135 2590 3190 de
2618 3134 2745 3189 Elia:
2773 3138 2970 3205 pietate
3003 3150 3058 3192 et
3088 3141 3320 3193 amicitia
3354 3156 3443 3195 se-

203 3230 563 3300 discessisset,
596 3243 686 3286 aut
732 3232 917 3287 saltem
973 3245 1093 3302 post
1135 3244 1381 3286 vexatam
1408 3234 1474 3286 ab
1509 3246 1573 3285 eo
1600 3233 1774 3286 Ca'sa-
1800 3252 1843 3309 ο
1876 3242 1997 3281 cum
2030 3228 2391 3282 intercedente
2419 3228 2628 3282 dixerat
2651 3230 2700 3283 iu
2732 3230 2955 3299 epistola
2979 3229 3068 3296 9t,
3103 3232 3240 3286 idem
3268 3232 3335 3287 de
3360 3233 3449 3289 illo

204 3340 363 3381 rsum.
411 3325 468 3380 id
502 3328 652 3383 enim
692 3326 928 3380 indicare
968 3324 1135 3395 possit
1164 3335 1320 3379 cauta
1367 3332 1422 3378 et
1450 3322 1675 3379 obscura
1709 3326 1771 3379 de

204 3422 577 3488 persecutione
623 3417 872 3489 loquendi
917 3418 1075 3472 ratio.
1122 3417 1410 3485 Comparat
1442 3416 1585 3470 enim
1619 3414 1772 3469 Basi-

205 3508 298 3561 lius
338 3508 599 3565 Ecclesia:
637 3508 775 3561 tnala
819 3523 939 3561 cum
987 3506 1270 3575 naufragio
1316 3506 1506 3575 partim
1547 3507 1615 3557 oh
1645 3520 1774 3558 cau-

206 3614 310 3655 sam
334 3611 625 3655 externam
653 3612 802 3653 mare
839 3599 1199 3667 exagitanteut
1231 3604 1454 3662 exorto,
1486 3596 1680 3667 partim
1704 3595 1773 3650 ob

207 3693 572 3764 navigantium
621 3692 723 3745 sibi
775 3690 1000 3745 invicem
1040 3689 1370 3743 obstantium
1409 3689 1774 3759 perturbatis-

208 3799 343 3839 nctn.
374 3784 517 3839 Tum
555 3783 700 3837 addit
735 3795 795 3838 se
838 3781 888 3835 in
928 3780 1027 3834 hac
1070 3779 1420 3835 similitudine
1454 3793 1765 3835 sermonem

207 3878 543 3945 concludere,
600 3890 720 3930 cum
756 3888 852 3928 nec
880 3871 1162 3927 Athanasii
1207 3870 1490 3941 prudentia
1540 3869 1770 3936 amplius

207 3972 493 4039 quidquam
524 3968 798 4036 requirat,
845 3978 945 4018 nec
1001 3977 1182 4017 rerum
1227 3970 1399 4015 status
1432 3961 1522 4015 det
1564 3960 1771 4015 dicendi

209 4060 528 4116 libertatem.
559 4059 807 4113 Nondum
827 4063 976 4109 certe
998 4054 1232 4108 redierat
1252 4053 1415 4107 Roma
1436 4050 1768 4115 Dorotheus;

210 4156 294 4209 sed
340 4154 494 4209 brevi
543 4166 667 4206 eum
719 4148 1014 4204 rediturum
1071 4147 1330 4216 sperabat
1380 4144 1634 4209 Basilius,
1682 4143 1771 4210 qui

213 4246 558 4302 Athanasium
594 4254 763 4314 rogat,
792 4251 851 4296 ut
878 4240 1091 4297 litteras
1119 4240 1221 4295 sibi
1250 4239 1316 4293 ad
1343 4240 1623 4309 episcopos
1650 4238 1773 4291 mit-

212 4349 282 4394 tat
313 4342 394 4395 νει
432 4355 531 4412 per
577 4337 809 4408 aliquem
854 4350 886 4391 e
932 4335 1074 4389 clero
1116 4333 1510 4398 Alexandrino,
1555 4332 1635 4385 vel
1678 4345 1772 4400 per

212 4432 529 4490 Dorotbeum
581 4433 886 4487 diaconum.
956 4427 1108 4483 Hanc
1166 4436 1343 4481 tamen
1396 4424 1771 4479 Tilletnontius

212 4528 479 4597 epistolam
517 4540 659 4581 anno
690 4524 785 4579 571
832 4522 1089 4592 scriptam
1133 4528 1308 4589 putat,
1345 4528 1631 4587 antequam
1663 4514 1770 4567 Do-

213 4622 421 4676 rotbeus
455 4635 523 4674 ex
560 4618 739 4687 primo
771 4617 962 4671 itinere
984 4612 1363 4668 Alexandriam
1416 4619 1668 4679 suscepto
1715 4607 1768 4662 itt
1802 4598 1847 4653 Ι)

216 4711 599 4783 Cappad0ciam
634 4712 907 4765 rediisset.
940 4706 1045 4761 Sed
1086 4710 1151 4761 ad
1180 4720 1243 4761 ea
1274 4720 1393 4775 qua:
1425 4703 1767 4773 praesentiam

213 4801 443 4860 Valentis
481 4810 577 4858 aut
625 4802 817 4857 saltem
867 4800 1173 4870 graviorem
1220 4797 1646 4869 persecutionem
1690 4796 1772 4848 iii-

214 4896 380 4952 dicare
430 4896 675 4967 possint,
728 4894 856 4949 illud
918 4893 1083 4949 etiam
1136 4890 1380 4953 accedit,
1431 4890 1573 4959 quod
1614 4888 1772 4941 Basi-

216 4987 307 5043 lius
331 4990 383 5045 in
414 4990 515 5045 hac
544 4988 795 5059 epistola,
822 4996 879 5039 ut
900 4986 1010 5056 jam
1037 4984 1467 5047 observavimus,
1506 4995 1764 5036 consecu-

217 5090 316 5135 tum
348 5097 403 5138 se
428 5097 555 5137 esse
595 5082 808 5137 nuntiet
840 5080 890 5134 id
918 5080 1060 5148 quod
1095 5079 1148 5135 in
1186 5076 1413 5147 epistola
1448 5090 1591 5130 anno
1636 5090 1765 5143 pne-

216 5175 358 5231 terito
388 5176 593 5245 scripta
632 5174 869 5227 futurum
911 5172 1199 5241 sperabat,
1228 5178 1287 5224 ut
1310 5183 1499 5223 onmes
1526 5167 1767 5221 Athana-

217 5266 273 5321 sii
294 5266 493 5337 judicio
539 5264 887 5337 paciﬁcandz
916 5262 1168 5320 Ecclesia:
1206 5262 1422 5318 modum
1463 5261 1771 5316 committe-

218 5371 342 5417 rent.
392 5360 667 5416 Prazterea
701 5358 825 5414 huic
844 5357 1027 5413 Basilii
1062 5354 1301 5425 epistola:
1334 5368 1650 5425 responsum
1684 5350 1769 5405 ai—

218 5452 337 5511 ieret
370 5454 547 5510 Roma
598 5450 813 5507 rediens
855 5449 1194 5516 Dorotheus,
1248 5456 1307 5502 ut
1355 5446 1515 5501 modo
1561 5444 1771 5500 videbi-

218 5562 340 5605 ιηυι

281 5639 355 5697 ill.
384 5639 615 5698 Plurimi
648 5638 897 5701 interest,
928 5636 1048 5707 quis
1070 5634 1467 5707 Cappadociam
1502 5633 1603 5688 hoc
1626 5645 1773 5684 anno

281 5872 347 5944 (α)
382 5872 479 5945 Ep.
517 5870 588 5925 82

437 5965 708 6025 Panos.
757 5962 877 6023 Gtt.
925 5958 1165 6021 XXIX.

1874 3320 2103 3387 preside
2153 3318 2414 3387 dignitate
2471 3319 2701 3390 spoliato
2761 3330 2989 3376 testatur
3044 3324 3095 3376 itt
3158 3324 3317 3392 epist.
3356 3324 3449 3393 96,

1873 3426 1995 3466 cum
2025 3426 2149 3464 eum
2183 3411 2492 3469 elaborasse
2524 3424 2770 3479 testatur,
2806 3424 2867 3468 ut
2900 3431 2979 3468 res
3015 3415 3443 3471 Christianorum

1873 3507 1940 3556 ad
1979 3505 2247 3572 antiquum
2288 3506 2445 3560 dectts
2498 3516 2780 3571 revocaret,
2833 3506 2887 3560 id
2940 3517 3042 3572 est,
3093 3517 3150 3561 ut
3198 3508 3445 3564 lnuresitn

1873 3609 2139 3653 everteret
2182 3612 2237 3652 et
2281 3616 2465 3667 pacem
2500 3602 2642 3653 inter
2677 3599 2981 3654 Catholicos
3017 3600 3307 3655 stabiliret.
3352 3601 3447 3656 llis

1872 3693 2017 3745 enim
2065 3693 2223 3745 rebus
2270 3694 2547 3759 antiquum
2576 3690 2830 3745 Ecclesia:
2882 3693 3046 3743 decus
3086 3690 3264 3743 metiri
3317 3690 3455 3746 solet

1874 3782 2127 3847 Basilius,
2176 3790 2235 3833 ut
2268 3783 2591 3851 perspicitur
2617 3797 2683 3835 ex
2717 3787 2877 3866 epist.
2902 3781 2993 3837 92.
3028 3781 3295 3837 Praeterea
3322 3798 3456 3852 pra:-

1874 3882 1967 3923 ses
2000 3868 2088 3922 ille
2111 3907 2126 3931 ,
2161 3868 2245 3921 cui
2294 3869 2546 3937 abrogata
2579 3868 2816 3938 dignitas
2855 3884 3038 3924 mense
3068 3870 3208 3923 Maio
3238 3882 3333 3925 ant
3359 3869 3457 3927 Ju-

1876 3960 1967 4015 nio
2014 3958 2169 4028 hujus
2196 3961 2323 4014 anni
2354 3959 2479 4027 572,
2516 3959 2913 4031 Cappadociam
2946 3962 3271 4019 brevissimo
3315 3968 3457 4023 rexit

1835 4050 1843 4061 '
1875 4063 2135 4123 tempore,
2174 4068 2273 4109 nec
2298 4068 2416 4108 eam
2462 4054 2597 4109 alius
2622 4063 2747 4107 ante
2776 4054 2925 4109 illum
2963 4068 3179 4111 rexerat
3202 4098 3217 4119 ,
3248 4073 3313 4112 ex
3342 4074 3457 4127 quo

1874 4155 1952 4202 tot
1993 4147 2147 4201 malis
2178 4155 2233 4201 et
2279 4148 2541 4202 aerumnis
2581 4143 2783 4201 amicta
2814 4158 2951 4201 erat.
2997 4148 3147 4202 Unde
3178 4149 3454 4209 Basiliss:

1874 4238 2060 4294 Patria
2091 4248 2271 4293 nostra
2325 4255 2415 4306 per
2446 4241 2709 4295 somnium
2737 4240 2909 4294 ditata
2939 4252 3049 4305 est,
3099 4245 3209 4297 uiro
3251 4247 3457 4314 quidem

1872 4332 2170 4395 commissa,
2211 4331 2418 4403 qualem
2450 4348 2553 4386 non
2602 4333 2764 4387 alium
2798 4335 2977 4387 dicunt
3016 4336 3105 4405 qui
3140 4353 3220 4390 res
3257 4349 3457 4395 uostz'ss

1871 4424 2267 4494 antiquissimus
2312 4426 2505 4491 sciunt,
2542 4427 2595 4479 in
2627 4429 2842 4482 rectoris
2878 4430 3048 4484 sedem
3076 4434 3453 4498 conscendisse,

1872 4522 1962 4573 sed
1992 4522 2097 4574 cito
2126 4536 2187 4573 so
2216 4521 2424 4589 privata
2461 4522 2793 4590 improbitate
2824 4526 3190 4581 nonnullorum
3210 4568 3225 4591 ,
3266 4530 3356 4597 qui
3390 4546 3456 4583 ex

1876 4612 2017 4665 illius
2046 4613 2206 4666 libero
2235 4620 2285 4667 et
2319 4617 2491 4667 nescio
2520 4617 2887 4670 assentationis
2924 4618 3097 4670 animo
3128 4635 3309 4671 ansam
3336 4620 3454 4673 belli

1876 4703 1925 4755 ei
1956 4703 2216 4771 inferendi
2240 4707 2573 4772 arripuerunt
2607 4716 2653 4759 et
2674 4706 2965 4759 calumnias
2994 4711 3040 4758 ei
3065 4708 3447 4765 instruxerunt.

1878 4793 1945 4849 Et
1970 4804 2151 4863 postea
2180 4814 2193 4851 :
2230 4795 2359 4861 Quae
2382 4812 2445 4850 ne
2465 4797 2642 4851 multis
2665 4798 2874 4867 quidem
2899 4798 3051 4851 annis
3074 4799 3139 4856 ab
3161 4801 3267 4853 alio
3293 4802 3448 4869 fiam,

1880 4887 1991 4940 Ita'c
2020 4887 2155 4941 brevi
2185 4898 2409 4957 tempore
2435 4888 2498 4940 ab
2532 4905 2588 4943 eo
2621 4890 2872 4957 perfecta.
2928 4887 2974 4943 ls
3000 4904 3127 4959 ergo
3162 4891 3298 4947 alius
3330 4909 3454 4953 esse

1881 4996 1985 5035 non
2019 4989 2215 5051 potest,
2250 4996 2412 5050 quam
2447 4980 2613 5044 Elias,
2641 4981 2732 5051 qui
2764 4981 3153 5052 Cappadociam
3180 4986 3450 5041 molestis-

1878 5073 2015 5128 simo
2043 5074 2325 5127 divisionis
2356 5082 2597 5141 tempore
2633 5075 2919 5143 regendam
2971 5079 3252 5146 suscepit;
3292 5079 3451 5149 idque

1880 5165 2227 5226 conﬁrmant,
2264 5180 2381 5233 qua:
2418 5165 2485 5219 de
2516 5166 2724 5221 duobus
2763 5167 2881 5220 aliis
2933 5168 3254 5238 praesidibus
3299 5170 3455 5227 dice-

1879 5272 2022 5322 mus,
2054 5255 2292 5309 Maximo
2329 5266 2383 5311 et
2409 5255 2712 5326 Antipatro,
2745 5273 2973 5329 quorum
3008 5262 3145 5316 alter
3179 5264 3281 5317 hoc
3307 5278 3456 5320 anno

1878 5354 2023 5407 circa
2048 5350 2267 5406 iunium
2296 5366 2555 5413 mensem,
2589 5352 2727 5406 alter
2774 5369 2916 5409 anno
2952 5356 3058 5411 575
3093 5358 3240 5411 circa
3264 5359 3454 5428 Angu-

1880 5454 2022 5499 stum
2050 5458 2289 5497 mensem
2322 5442 2681 5513 gubernacula
2718 5445 3072 5517 Cappadociae
3111 5452 3278 5521 cepit.
3322 5451 3452 5507 Piu-

1878 5536 2028 5590 ribus
2058 5535 2178 5589 aliis
2224 5534 2473 5590 laudibus
2511 5536 2683 5589 virum
2723 5549 2950 5592 exornat
2991 5538 3251 5605 Basilius;
3305 5543 3453 5597 solus

1880 5642 1997 5681 esse
2020 5628 2320 5691 videbatur,
2348 5628 2436 5697 qui
2462 5629 2754 5700 provincias
2779 5630 2999 5686 vulnera
3026 5648 3221 5690 sanare
3244 5644 3453 5705 posset,

1958 5857 2033 5928 ib)
2070 5856 2163 5927 Ep.
2195 5855 2280 5921 τι,
2322 5856 2409 5911 73.
