  <div class='ocr_page' id='page_1' title='image "/cluster/home/n/w/nwhite01/storage/ocr_20150623/29/uva.x004321530/109.png"; bbox 0 0 4214 6514; ppageno 0'>
   <div class='ocr_carea' id='block_1_1' title="bbox 746 441 943 482">
    <p class='ocr_par' dir='ltr' id='par_1_1' title="bbox 746 441 943 482">
     <span class='ocr_line' id='line_1_1' title="bbox 746 441 943 482; baseline -0.005 0"><span class='ocrx_word' id='word_1_1' title='bbox 746 441 943 482; x_wconf 68' lang='lat' dir='ltr'><strong>LXXXVI</strong></span> 
     </span>
    </p>
   </div>
   <div class='ocr_carea' id='block_1_2' title="bbox 2111 436 2636 496">
    <p class='ocr_par' dir='ltr' id='par_1_2' title="bbox 2111 436 2636 496">
     <span class='ocr_line' id='line_1_2' title="bbox 2111 436 2636 496; baseline 0.01 -6"><span class='ocrx_word' id='word_1_2' title='bbox 2111 436 2636 496; x_wconf 72' lang='lat' dir='ltr'><strong>PBOLEGOMENA.</strong></span> 
     </span>
    </p>
   </div>
   <div class='ocr_carea' id='block_1_3' title="bbox 747 545 3987 639">
    <p class='ocr_par' dir='ltr' id='par_1_3' title="bbox 747 545 3987 639">
     <span class='ocr_line' id='line_1_3' title="bbox 747 545 3987 639; baseline 0.009 -40"><span class='ocrx_word' id='word_1_3' title='bbox 747 548 993 602; x_wconf 83' lang='lat' dir='ltr'><strong>sincerus</strong></span> <span class='ocrx_word' id='word_1_4' title='bbox 1022 560 1157 639; x_wconf 65' lang='lat' dir='ltr'><strong>aequ.</strong></span> <span class='ocrx_word' id='word_1_5' title='bbox 1193 556 1393 609; x_wconf 87' lang='lat' dir='ltr'><strong>custos,</strong></span> <span class='ocrx_word' id='word_1_6' title='bbox 1420 545 1655 602; x_wconf 84' lang='lat' dir='ltr'><strong>affabilis</strong></span> <span class='ocrx_word' id='word_1_7' title='bbox 1685 551 1932 619; x_wconf 87' lang='lat' dir='ltr'><strong>injuriam</strong></span> <span class='ocrx_word' id='word_1_8' title='bbox 1965 556 2308 618; x_wconf 86' lang='lat' dir='ltr'><strong>patientibus,</strong></span> <span class='ocrx_word' id='word_1_9' title='bbox 2343 563 2385 617; x_wconf 83' lang='grc' dir='ltr'>Α</span> <span class='ocrx_word' id='word_1_10' title='bbox 2418 558 2573 612; x_wconf 79' lang='lat' dir='ltr'><strong>facile</strong></span> <span class='ocrx_word' id='word_1_11' title='bbox 2601 575 2867 614; x_wconf 88' lang='lat' dir='ltr'><strong>summum</strong></span> <span class='ocrx_word' id='word_1_12' title='bbox 2911 560 3059 616; x_wconf 91' lang='lat' dir='ltr'><strong>illum</strong></span> <span class='ocrx_word' id='word_1_13' title='bbox 3092 561 3287 627; x_wconf 89' lang='lat' dir='ltr'><strong>virum,</strong></span> <span class='ocrx_word' id='word_1_14' title='bbox 3325 564 3517 632; x_wconf 82' lang='lat' dir='ltr'><strong>Eliam,</strong></span> <span class='ocrx_word' id='word_1_15' title='bbox 3565 581 3850 638; x_wconf 80' lang='lat' dir='ltr'><strong>agnosces,</strong></span> <span class='ocrx_word' id='word_1_16' title='bbox 3893 571 3987 639; x_wconf 80' lang='lat' dir='ltr'><strong>qui</strong></span> 
     </span>
    </p>
   </div>
   <div class='ocr_carea' id='block_1_4' title="bbox 748 637 2315 718">
    <p class='ocr_par' dir='ltr' id='par_1_4' title="bbox 748 637 2315 718">
     <span class='ocr_line' id='line_1_4' title="bbox 748 637 2315 718; baseline 0.006 -25"><span class='ocrx_word' id='word_1_17' title='bbox 748 640 1005 694; x_wconf 74' lang='lat' dir='ltr'><strong>terribilis</strong></span> <span class='ocrx_word' id='word_1_18' title='bbox 1052 637 1511 705; x_wconf 69' lang='lat' dir='ltr'><strong>delinquentibus,</strong></span> <span class='ocrx_word' id='word_1_19' title='bbox 1542 642 1821 709; x_wconf 62' lang='lat' dir='ltr'><strong>aequabilis</strong></span> <span class='ocrx_word' id='word_1_20' title='bbox 1863 654 1915 699; x_wconf 89' lang='lat' dir='ltr'><strong>et</strong></span> <span class='ocrx_word' id='word_1_21' title='bbox 1950 646 2087 699; x_wconf 90' lang='lat' dir='ltr'><strong>idem</strong></span> <span class='ocrx_word' id='word_1_22' title='bbox 2124 664 2315 718; x_wconf 77' lang='lat' dir='ltr'><strong>paupe-</strong></span> 
     </span>
    </p>
   </div>
   <div class='ocr_carea' id='block_1_5' title="bbox 750 730 2316 797">
    <p class='ocr_par' dir='ltr' id='par_1_5' title="bbox 750 730 2316 797">
     <span class='ocr_line' id='line_1_5' title="bbox 750 730 2316 797; baseline 0.003 -10"><span class='ocrx_word' id='word_1_23' title='bbox 750 732 899 787; x_wconf 77' lang='lat' dir='ltr'><strong>ribus</strong></span> <span class='ocrx_word' id='word_1_24' title='bbox 941 740 993 785; x_wconf 77' lang='lat' dir='ltr'><strong>et</strong></span> <span class='ocrx_word' id='word_1_25' title='bbox 1040 730 1314 784; x_wconf 73' lang='lat' dir='ltr'><strong>divitibus.</strong></span> <span class='ocrx_word' id='word_1_26' title='bbox 1371 731 1521 797; x_wconf 83' lang='lat' dir='ltr'><strong>Quod</strong></span> <span class='ocrx_word' id='word_1_27' title='bbox 1566 744 1745 788; x_wconf 91' lang='lat' dir='ltr'><strong>autem</strong></span> <span class='ocrx_word' id='word_1_28' title='bbox 1800 754 1827 790; x_wconf 90' lang='lat' dir='ltr'><strong>a</strong></span> <span class='ocrx_word' id='word_1_29' title='bbox 1865 741 2176 794; x_wconf 85' lang='lat' dir='ltr'><strong>muneribus</strong></span> <span class='ocrx_word' id='word_1_30' title='bbox 2202 756 2316 793; x_wconf 88' lang='lat' dir='ltr'><strong>mu-</strong></span> 
     </span>
    </p>
   </div>
   <div class='ocr_carea' id='block_1_6' title="bbox 750 822 2312 889">
    <p class='ocr_par' dir='ltr' id='par_1_6' title="bbox 750 822 2312 889">
     <span class='ocr_line' id='line_1_6' title="bbox 750 822 2312 889; baseline 0.004 -11"><span class='ocrx_word' id='word_1_31' title='bbox 750 826 893 878; x_wconf 89' lang='lat' dir='ltr'><strong>nimn</strong></span> <span class='ocrx_word' id='word_1_32' title='bbox 926 822 1156 876; x_wconf 82' lang='lat' dir='ltr'><strong>maxime</strong></span> <span class='ocrx_word' id='word_1_33' title='bbox 1201 822 1553 889; x_wconf 90' lang='lat' dir='ltr'><strong>abhorrebat,</strong></span> <span class='ocrx_word' id='word_1_34' title='bbox 1604 826 1652 880; x_wconf 92' lang='lat' dir='ltr'><strong>id</strong></span> <span class='ocrx_word' id='word_1_35' title='bbox 1705 839 1761 881; x_wconf 94' lang='lat' dir='ltr'><strong>ut</strong></span> <span class='ocrx_word' id='word_1_36' title='bbox 1813 830 1979 884; x_wconf 79' lang='lat' dir='ltr'><strong>levius</strong></span> <span class='ocrx_word' id='word_1_37' title='bbox 2012 834 2219 887; x_wconf 70' lang='lat' dir='ltr'><strong>cmteris</strong></span> <span class='ocrx_word' id='word_1_38' title='bbox 2250 833 2312 884; x_wconf 82' lang='lat' dir='ltr'><strong>il-</strong></span> 
     </span>
    </p>
   </div>
   <div class='ocr_carea' id='block_1_7' title="bbox 748 913 2313 979">
    <p class='ocr_par' dir='ltr' id='par_1_7' title="bbox 748 913 2313 979">
     <span class='ocr_line' id='line_1_7' title="bbox 748 913 2313 979; baseline 0.005 -11"><span class='ocrx_word' id='word_1_39' title='bbox 748 915 849 968; x_wconf 87' lang='lat' dir='ltr'><strong>lius</strong></span> <span class='ocrx_word' id='word_1_40' title='bbox 901 913 1184 967; x_wconf 92' lang='lat' dir='ltr'><strong>virtutibus</strong></span> <span class='ocrx_word' id='word_1_41' title='bbox 1243 917 1767 979; x_wconf 67' lang='lat' dir='ltr'><strong>prmtermittendum</strong></span> <span class='ocrx_word' id='word_1_42' title='bbox 1825 920 2121 976; x_wconf 89' lang='lat' dir='ltr'><strong>videbatur.</strong></span> <span class='ocrx_word' id='word_1_43' title='bbox 2183 924 2313 977; x_wconf 69' lang='lat' dir='ltr'><strong>(Ium</strong></span> 
     </span>
    </p>
   </div>
   <div class='ocr_carea' id='block_1_8' title="bbox 748 1004 2315 1083">
    <p class='ocr_par' dir='ltr' id='par_1_8' title="bbox 748 1004 2315 1083">
     <span class='ocr_line' id='line_1_8' title="bbox 748 1004 2315 1083; baseline 0.006 -23"><span class='ocrx_word' id='word_1_44' title='bbox 748 1006 997 1060; x_wconf 75' lang='lat' dir='ltr'><strong>eximiam</strong></span> <span class='ocrx_word' id='word_1_45' title='bbox 1034 1005 1160 1063; x_wconf 66' lang='lat' dir='ltr'><strong>Elim</strong></span> <span class='ocrx_word' id='word_1_46' title='bbox 1187 1004 1414 1078; x_wconf 76' lang='lat' dir='ltr'><strong>efﬁgiem</strong></span> <span class='ocrx_word' id='word_1_47' title='bbox 1467 1010 1548 1063; x_wconf 90' lang='lat' dir='ltr'><strong>bis</strong></span> <span class='ocrx_word' id='word_1_48' title='bbox 1593 1011 1862 1066; x_wconf 70' lang='lat' dir='ltr'><strong>color-ibus</strong></span> <span class='ocrx_word' id='word_1_49' title='bbox 1912 1015 2176 1083; x_wconf 73' lang='lat' dir='ltr'><strong>depictam</strong></span> <span class='ocrx_word' id='word_1_50' title='bbox 2224 1018 2315 1070; x_wconf 89' lang='lat' dir='ltr'><strong>ha-</strong></span> 
     </span>
    </p>
   </div>
   <div class='ocr_carea' id='block_1_9' title="bbox 744 1100 2311 1176">
    <p class='ocr_par' dir='ltr' id='par_1_9' title="bbox 744 1100 2311 1176">
     <span class='ocr_line' id='line_1_9' title="bbox 744 1100 2311 1176; baseline 0.004 -20"><span class='ocrx_word' id='word_1_51' title='bbox 744 1101 987 1165; x_wconf 89' lang='lat' dir='ltr'><strong>beanms,</strong></span> <span class='ocrx_word' id='word_1_52' title='bbox 1027 1100 1239 1156; x_wconf 77' lang='lat' dir='ltr'><strong>facilius</strong></span> <span class='ocrx_word' id='word_1_53' title='bbox 1268 1101 1518 1155; x_wconf 89' lang='lat' dir='ltr'><strong>nonnulla</strong></span> <span class='ocrx_word' id='word_1_54' title='bbox 1548 1104 1613 1158; x_wconf 91' lang='lat' dir='ltr'><strong>ad</strong></span> <span class='ocrx_word' id='word_1_55' title='bbox 1644 1122 1764 1160; x_wconf 87' lang='lat' dir='ltr'><strong>eum</strong></span> <span class='ocrx_word' id='word_1_56' title='bbox 1795 1107 2116 1176; x_wconf 81' lang='lat' dir='ltr'><strong>pertinentia</strong></span> <span class='ocrx_word' id='word_1_57' title='bbox 2160 1111 2311 1165; x_wconf 92' lang='lat' dir='ltr'><strong>deiu-</strong></span> 
     </span>
    </p>
   </div>
   <div class='ocr_carea' id='block_1_10' title="bbox 744 1189 1293 1259">
    <p class='ocr_par' dir='ltr' id='par_1_10' title="bbox 744 1189 1293 1259">
     <span class='ocr_line' id='line_1_10' title="bbox 744 1189 1293 1259; baseline 0.007 -16"><span class='ocrx_word' id='word_1_58' title='bbox 744 1204 870 1256; x_wconf 89' lang='lat' dir='ltr'><strong>ceps</strong></span> <span class='ocrx_word' id='word_1_59' title='bbox 898 1189 1293 1259; x_wconf 81' lang='lat' dir='ltr'><strong>dignoscemus.</strong></span> 
     </span>
    </p>
   </div>
   <div class='ocr_carea' id='block_1_11' title="bbox 816 1280 2311 1345">
    <p class='ocr_par' dir='ltr' id='par_1_11' title="bbox 816 1280 2311 1345">
     <span class='ocr_line' id='line_1_11' title="bbox 816 1280 2311 1345; baseline 0.007 -10"><span class='ocrx_word' id='word_1_60' title='bbox 816 1280 902 1336; x_wconf 78' lang='lat' dir='ltr'><strong>IV.</strong></span> <span class='ocrx_word' id='word_1_61' title='bbox 936 1283 1036 1336; x_wconf 87' lang='lat' dir='ltr'><strong>Tot</strong></span> <span class='ocrx_word' id='word_1_62' title='bbox 1064 1299 1125 1337; x_wconf 90' lang='lat' dir='ltr'><strong>ac</strong></span> <span class='ocrx_word' id='word_1_63' title='bbox 1157 1292 1301 1338; x_wconf 87' lang='lat' dir='ltr'><strong>tanta</strong></span> <span class='ocrx_word' id='word_1_64' title='bbox 1338 1286 1594 1339; x_wconf 89' lang='lat' dir='ltr'><strong>virtutum</strong></span> <span class='ocrx_word' id='word_1_65' title='bbox 1624 1292 1944 1343; x_wconf 81' lang='lat' dir='ltr'><strong>ornamenta</strong></span> <span class='ocrx_word' id='word_1_66' title='bbox 1983 1291 2189 1344; x_wconf 88' lang='lat' dir='ltr'><strong>animos</strong></span> <span class='ocrx_word' id='word_1_67' title='bbox 2220 1292 2311 1345; x_wconf 87' lang='lat' dir='ltr'><strong>ad-</strong></span> 
     </span>
    </p>
   </div>
   <div class='ocr_carea' id='block_1_12' title="bbox 745 1375 2311 1450">
    <p class='ocr_par' dir='ltr' id='par_1_12' title="bbox 745 1375 2311 1450">
     <span class='ocr_line' id='line_1_12' title="bbox 745 1375 2311 1450; baseline 0.005 -21"><span class='ocrx_word' id='word_1_68' title='bbox 745 1376 995 1430; x_wconf 88' lang='lat' dir='ltr'><strong>diderunt</strong></span> <span class='ocrx_word' id='word_1_69' title='bbox 1023 1375 1242 1443; x_wconf 82' lang='lat' dir='ltr'><strong>Basilio,</strong></span> <span class='ocrx_word' id='word_1_70' title='bbox 1274 1388 1353 1443; x_wconf 91' lang='lat' dir='ltr'><strong>ut,</strong></span> <span class='ocrx_word' id='word_1_71' title='bbox 1388 1394 1506 1431; x_wconf 92' lang='lat' dir='ltr'><strong>cum</strong></span> <span class='ocrx_word' id='word_1_72' title='bbox 1538 1379 1604 1433; x_wconf 89' lang='lat' dir='ltr'><strong>ab</strong></span> <span class='ocrx_word' id='word_1_73' title='bbox 1648 1381 1763 1449; x_wconf 91' lang='lat' dir='ltr'><strong>ipso</strong></span> <span class='ocrx_word' id='word_1_74' title='bbox 1794 1384 2060 1450; x_wconf 57' lang='lat' dir='ltr'><strong>pratside,</strong></span> <span class='ocrx_word' id='word_1_75' title='bbox 2094 1393 2201 1436; x_wconf 86' lang='lat' dir='ltr'><strong>tum</strong></span> <span class='ocrx_word' id='word_1_76' title='bbox 2246 1385 2311 1437; x_wconf 90' lang='lat' dir='ltr'><strong>ah</strong></span> 
     </span>
    </p>
   </div>
   <div class='ocr_carea' id='block_1_13' title="bbox 746 1468 2310 1543">
    <p class='ocr_par' dir='ltr' id='par_1_13' title="bbox 746 1468 2310 1543">
     <span class='ocr_line' id='line_1_13' title="bbox 746 1468 2310 1543; baseline 0.006 -24"><span class='ocrx_word' id='word_1_77' title='bbox 746 1468 831 1530; x_wconf 88' lang='lat' dir='ltr'><strong>iis,</strong></span> <span class='ocrx_word' id='word_1_78' title='bbox 883 1469 971 1535; x_wconf 85' lang='lat' dir='ltr'><strong>qui</strong></span> <span class='ocrx_word' id='word_1_79' title='bbox 1007 1471 1107 1523; x_wconf 89' lang='lat' dir='ltr'><strong>sub</strong></span> <span class='ocrx_word' id='word_1_80' title='bbox 1156 1469 1270 1537; x_wconf 89' lang='lat' dir='ltr'><strong>ipso</strong></span> <span class='ocrx_word' id='word_1_81' title='bbox 1306 1470 1540 1538; x_wconf 84' lang='lat' dir='ltr'><strong>aliquant</strong></span> <span class='ocrx_word' id='word_1_82' title='bbox 1576 1472 2062 1530; x_wconf 89' lang='lat' dir='ltr'><strong>administrationis</strong></span> <span class='ocrx_word' id='word_1_83' title='bbox 2106 1487 2310 1543; x_wconf 89' lang='lat' dir='ltr'><strong>partem</strong></span> 
     </span>
    </p>
   </div>
   <div class='ocr_carea' id='block_1_14' title="bbox 742 1558 2309 1632">
    <p class='ocr_par' dir='ltr' id='par_1_14' title="bbox 742 1558 2309 1632">
     <span class='ocr_line' id='line_1_14' title="bbox 742 1558 2309 1632; baseline 0.008 -21"><span class='ocrx_word' id='word_1_84' title='bbox 742 1558 1037 1627; x_wconf 88' lang='lat' dir='ltr'><strong>gerebant,</strong></span> <span class='ocrx_word' id='word_1_85' title='bbox 1090 1561 1253 1612; x_wconf 88' lang='lat' dir='ltr'><strong>multa</strong></span> <span class='ocrx_word' id='word_1_86' title='bbox 1301 1571 1542 1628; x_wconf 78' lang='lat' dir='ltr'><strong>peteret,</strong></span> <span class='ocrx_word' id='word_1_87' title='bbox 1578 1578 1641 1616; x_wconf 90' lang='lat' dir='ltr'><strong>ac</strong></span> <span class='ocrx_word' id='word_1_88' title='bbox 1689 1564 1855 1622; x_wconf 85' lang='lat' dir='ltr'><strong>libere</strong></span> <span class='ocrx_word' id='word_1_89' title='bbox 1888 1570 2230 1632; x_wconf 88' lang='lat' dir='ltr'><strong>admoneret,</strong></span> <span class='ocrx_word' id='word_1_90' title='bbox 2267 1571 2309 1624; x_wconf 89' lang='lat' dir='ltr'><strong>si</strong></span> 
     </span>
    </p>
   </div>
   <div class='ocr_carea' id='block_1_15' title="bbox 742 1652 2311 1733">
    <p class='ocr_par' dir='ltr' id='par_1_15' title="bbox 742 1652 2311 1733">
     <span class='ocr_line' id='line_1_15' title="bbox 742 1652 2311 1733; baseline 0.006 -30"><span class='ocrx_word' id='word_1_91' title='bbox 742 1652 867 1721; x_wconf 88' lang='lat' dir='ltr'><strong>quid</strong></span> <span class='ocrx_word' id='word_1_92' title='bbox 909 1654 1021 1707; x_wconf 82' lang='lat' dir='ltr'><strong>ﬁeri</strong></span> <span class='ocrx_word' id='word_1_93' title='bbox 1062 1652 1272 1707; x_wconf 80' lang='lat' dir='ltr'><strong>videret</strong></span> <span class='ocrx_word' id='word_1_94' title='bbox 1314 1669 1419 1708; x_wconf 92' lang='lat' dir='ltr'><strong>non</strong></span> <span class='ocrx_word' id='word_1_95' title='bbox 1452 1657 1665 1711; x_wconf 84' lang='lat' dir='ltr'><strong>decore.</strong></span> <span class='ocrx_word' id='word_1_96' title='bbox 1714 1656 1851 1715; x_wconf 82' lang='lat' dir='ltr'><strong>llinc</strong></span> <span class='ocrx_word' id='word_1_97' title='bbox 1882 1663 2199 1715; x_wconf 85' lang='lat' dir='ltr'><strong>ceusitorem</strong></span> <span class='ocrx_word' id='word_1_98' title='bbox 2234 1660 2311 1733; x_wconf 86' lang='lat' dir='ltr'><strong>(a)</strong></span> 
     </span>
    </p>
   </div>
   <div class='ocr_carea' id='block_1_16' title="bbox 742 1742 2313 1821">
    <p class='ocr_par' dir='ltr' id='par_1_16' title="bbox 742 1742 2313 1821">
     <span class='ocr_line' id='line_1_16' title="bbox 742 1742 2313 1821; baseline 0.008 -25"><span class='ocrx_word' id='word_1_99' title='bbox 742 1742 1024 1807; x_wconf 89' lang='lat' dir='ltr'><strong>hortatur,</strong></span> <span class='ocrx_word' id='word_1_100' title='bbox 1082 1759 1239 1813; x_wconf 88' lang='lat' dir='ltr'><strong>quem</strong></span> <span class='ocrx_word' id='word_1_101' title='bbox 1298 1745 1435 1799; x_wconf 88' lang='lat' dir='ltr'><strong>fama</strong></span> <span class='ocrx_word' id='word_1_102' title='bbox 1486 1749 1655 1818; x_wconf 85' lang='lat' dir='ltr'><strong>magis</strong></span> <span class='ocrx_word' id='word_1_103' title='bbox 1708 1768 1867 1821; x_wconf 86' lang='lat' dir='ltr'><strong>quam</strong></span> <span class='ocrx_word' id='word_1_104' title='bbox 1925 1755 2313 1810; x_wconf 88' lang='lat' dir='ltr'><strong>consuetudine</strong></span> 
     </span>
    </p>
   </div>
   <div class='ocr_carea' id='block_1_17' title="bbox 741 1839 2311 1916">
    <p class='ocr_par' dir='ltr' id='par_1_17' title="bbox 741 1839 2311 1916">
     <span class='ocr_line' id='line_1_17' title="bbox 741 1839 2311 1916; baseline 0.008 -28"><span class='ocrx_word' id='word_1_105' title='bbox 741 1846 985 1901; x_wconf 75' lang='lat' dir='ltr'><strong>noverat,</strong></span> <span class='ocrx_word' id='word_1_106' title='bbox 1014 1848 1091 1902; x_wconf 93' lang='lat' dir='ltr'><strong>ut,</strong></span> <span class='ocrx_word' id='word_1_107' title='bbox 1111 1854 1232 1891; x_wconf 89' lang='lat' dir='ltr'><strong>cum</strong></span> <span class='ocrx_word' id='word_1_108' title='bbox 1261 1839 1523 1905; x_wconf 90' lang='lat' dir='ltr'><strong>ejusmodi</strong></span> <span class='ocrx_word' id='word_1_109' title='bbox 1553 1857 1748 1897; x_wconf 92' lang='lat' dir='ltr'><strong>munus</strong></span> <span class='ocrx_word' id='word_1_110' title='bbox 1778 1846 2091 1913; x_wconf 84' lang='lat' dir='ltr'><strong>snseeperit,</strong></span> <span class='ocrx_word' id='word_1_111' title='bbox 2126 1846 2175 1898; x_wconf 92' lang='lat' dir='ltr'><strong>in</strong></span> <span class='ocrx_word' id='word_1_112' title='bbox 2206 1862 2311 1916; x_wconf 92' lang='lat' dir='ltr'><strong>quo</strong></span> 
     </span>
    </p>
   </div>
   <div class='ocr_carea' id='block_1_18' title="bbox 744 1912 2385 2009">
    <p class='ocr_par' dir='ltr' id='par_1_18' title="bbox 744 1912 2385 2009">
     <span class='ocr_line' id='line_1_18' title="bbox 744 1912 2385 2009; baseline 0.007 -24"><span class='ocrx_word' id='word_1_113' title='bbox 744 1931 1142 2000; x_wconf 81' lang='lat' dir='ltr'><strong>Cappadociam</strong></span> <span class='ocrx_word' id='word_1_114' title='bbox 1172 1932 1391 1984; x_wconf 90' lang='lat' dir='ltr'><strong>oumino</strong></span> <span class='ocrx_word' id='word_1_115' title='bbox 1424 1931 1538 1987; x_wconf 87' lang='lat' dir='ltr'><strong>solo</strong></span> <span class='ocrx_word' id='word_1_116' title='bbox 1570 1945 1836 2003; x_wconf 73' lang='lat' dir='ltr'><strong>mquatam</strong></span> <span class='ocrx_word' id='word_1_117' title='bbox 1868 1912 2170 1993; x_wconf 89' lang='lat' dir='ltr'><strong>instaurare</strong></span> <span class='ocrx_word' id='word_1_118' title='bbox 2196 1912 2313 2009; x_wconf 37' lang='lat' dir='ltr'><strong>p—os-</strong></span> <span class='ocrx_word' id='word_1_119' title='bbox 2346 1912 2385 1965; x_wconf 69' lang='grc' dir='ltr'>Β</span> 
     </span>
    </p>
   </div>
   <div class='ocr_carea' id='block_1_19' title="bbox 741 2026 2310 2102">
    <p class='ocr_par' dir='ltr' id='par_1_19' title="bbox 741 2026 2310 2102">
     <span class='ocr_line' id='line_1_19' title="bbox 741 2026 2310 2102; baseline 0.008 -22"><span class='ocrx_word' id='word_1_120' title='bbox 741 2027 829 2091; x_wconf 87' lang='lat' dir='ltr'><strong>sit,</strong></span> <span class='ocrx_word' id='word_1_121' title='bbox 886 2026 1202 2079; x_wconf 87' lang='lat' dir='ltr'><strong>miserorum</strong></span> <span class='ocrx_word' id='word_1_122' title='bbox 1251 2041 1520 2083; x_wconf 67' lang='lat' dir='ltr'><strong>(erumnas</strong></span> <span class='ocrx_word' id='word_1_123' title='bbox 1563 2031 1789 2094; x_wconf 76' lang='lat' dir='ltr'><strong>allevet&#39;,</strong></span> <span class='ocrx_word' id='word_1_124' title='bbox 1843 2033 1998 2102; x_wconf 90' lang='lat' dir='ltr'><strong>eique</strong></span> <span class='ocrx_word' id='word_1_125' title='bbox 2030 2050 2310 2091; x_wconf 85' lang='lat' dir='ltr'><strong>commen-</strong></span> 
     </span>
    </p>
   </div>
   <div class='ocr_carea' id='block_1_20' title="bbox 739 2118 2309 2193">
    <p class='ocr_par' dir='ltr' id='par_1_20' title="bbox 739 2118 2309 2193">
     <span class='ocr_line' id='line_1_20' title="bbox 739 2118 2309 2193; baseline 0.007 -22"><span class='ocrx_word' id='word_1_126' title='bbox 739 2120 832 2171; x_wconf 90' lang='lat' dir='ltr'><strong>dat</strong></span> <span class='ocrx_word' id='word_1_127' title='bbox 864 2133 1013 2171; x_wconf 86' lang='lat' dir='ltr'><strong>suam</strong></span> <span class='ocrx_word' id='word_1_128' title='bbox 1047 2118 1334 2187; x_wconf 82' lang='lat' dir='ltr'><strong>quamdam</strong></span> <span class='ocrx_word' id='word_1_129' title='bbox 1379 2122 1805 2189; x_wconf 89' lang='lat' dir='ltr'><strong>possessionem,</strong></span> <span class='ocrx_word' id='word_1_130' title='bbox 1834 2139 1953 2193; x_wconf 67' lang='lat' dir='ltr'><strong>quae</strong></span> <span class='ocrx_word' id='word_1_131' title='bbox 1990 2129 2131 2182; x_wconf 89' lang='lat' dir='ltr'><strong>circa</strong></span> <span class='ocrx_word' id='word_1_132' title='bbox 2167 2130 2309 2184; x_wconf 65' lang='lat' dir='ltr'><strong>C&#39;ha-</strong></span> 
     </span>
    </p>
   </div>
   <div class='ocr_carea' id='block_1_21' title="bbox 743 2210 2308 2289">
    <p class='ocr_par' dir='ltr' id='par_1_21' title="bbox 743 2210 2308 2289">
     <span class='ocr_line' id='line_1_21' title="bbox 743 2210 2308 2289; baseline 0.008 -26"><span class='ocrx_word' id='word_1_133' title='bbox 743 2225 1024 2263; x_wconf 88' lang='lat' dir='ltr'><strong>tuanenetn</strong></span> <span class='ocrx_word' id='word_1_134' title='bbox 1052 2210 1156 2263; x_wconf 83' lang='lat' dir='ltr'><strong>sita</strong></span> <span class='ocrx_word' id='word_1_135' title='bbox 1188 2212 1405 2266; x_wconf 82' lang='lat' dir='ltr'><strong>tributis</strong></span> <span class='ocrx_word' id='word_1_136' title='bbox 1434 2212 1784 2280; x_wconf 83' lang='lat' dir='ltr'><strong>premebatur</strong></span> <span class='ocrx_word' id='word_1_137' title='bbox 1821 2234 1835 2270; x_wconf 95' lang='lat'>:</span> <span class='ocrx_word' id='word_1_138' title='bbox 1876 2232 2025 2272; x_wconf 87' lang='lat' dir='ltr'><strong>suam</strong></span> <span class='ocrx_word' id='word_1_139' title='bbox 2059 2233 2308 2289; x_wconf 85' lang='lat' dir='ltr'><strong>peracute</strong></span> 
     </span>
    </p>
   </div>
   <div class='ocr_carea' id='block_1_22' title="bbox 740 2304 2305 2382">
    <p class='ocr_par' dir='ltr' id='par_1_22' title="bbox 740 2304 2305 2382">
     <span class='ocr_line' id='line_1_22' title="bbox 740 2304 2305 2382; baseline 0.008 -28"><span class='ocrx_word' id='word_1_140' title='bbox 740 2317 960 2368; x_wconf 84' lang='lat' dir='ltr'><strong>vocans,</strong></span> <span class='ocrx_word' id='word_1_141' title='bbox 995 2317 1110 2372; x_wconf 67' lang='lat' dir='ltr'><strong>quae</strong></span> <span class='ocrx_word' id='word_1_142' title='bbox 1136 2313 1252 2356; x_wconf 88' lang='lat' dir='ltr'><strong>erat</strong></span> <span class='ocrx_word' id='word_1_143' title='bbox 1285 2304 1439 2356; x_wconf 90' lang='lat' dir='ltr'><strong>unius</strong></span> <span class='ocrx_word' id='word_1_144' title='bbox 1466 2317 1530 2357; x_wconf 81' lang='lat' dir='ltr'><strong>ex</strong></span> <span class='ocrx_word' id='word_1_145' title='bbox 1560 2305 1772 2361; x_wconf 82' lang='lat' dir='ltr'><strong>amicis.</strong></span> <span class='ocrx_word' id='word_1_146' title='bbox 1810 2308 2021 2378; x_wconf 90' lang='lat' dir='ltr'><strong>Scripta</strong></span> <span class='ocrx_word' id='word_1_147' title='bbox 2054 2313 2167 2368; x_wconf 65' lang='lat' dir='ltr'><strong>hare</strong></span> <span class='ocrx_word' id='word_1_148' title='bbox 2192 2315 2305 2382; x_wconf 84' lang='lat' dir='ltr'><strong>epi-</strong></span> 
     </span>
    </p>
   </div>
   <div class='ocr_carea' id='block_1_23' title="bbox 740 2393 2303 2471">
    <p class='ocr_par' dir='ltr' id='par_1_23' title="bbox 740 2393 2303 2471">
     <span class='ocr_line' id='line_1_23' title="bbox 740 2393 2303 2471; baseline 0.006 -24"><span class='ocrx_word' id='word_1_149' title='bbox 740 2393 873 2447; x_wconf 80' lang='lat' dir='ltr'><strong>stola</strong></span> <span class='ocrx_word' id='word_1_150' title='bbox 904 2410 1006 2447; x_wconf 91' lang='lat' dir='ltr'><strong>nou</strong></span> <span class='ocrx_word' id='word_1_151' title='bbox 1048 2394 1217 2447; x_wconf 92' lang='lat' dir='ltr'><strong>multo</strong></span> <span class='ocrx_word' id='word_1_152' title='bbox 1248 2404 1367 2463; x_wconf 91' lang='lat' dir='ltr'><strong>post</strong></span> <span class='ocrx_word' id='word_1_153' title='bbox 1392 2394 1712 2451; x_wconf 81' lang='lat' dir='ltr'><strong>divisionem</strong></span> <span class='ocrx_word' id='word_1_154' title='bbox 1742 2398 2111 2469; x_wconf 62' lang='lat' dir='ltr'><strong>Cappadociae,</strong></span> <span class='ocrx_word' id='word_1_155' title='bbox 2147 2420 2303 2471; x_wconf 89' lang='lat' dir='ltr'><strong>quam</strong></span> 
     </span>
    </p>
   </div>
   <div class='ocr_carea' id='block_1_24' title="bbox 735 2483 2304 2557">
    <p class='ocr_par' dir='ltr' id='par_1_24' title="bbox 735 2483 2304 2557">
     <span class='ocr_line' id='line_1_24' title="bbox 735 2483 2304 2557; baseline 0.007 -20"><span class='ocrx_word' id='word_1_156' title='bbox 735 2483 998 2548; x_wconf 81' lang='lat' dir='ltr'><strong>Basilius,</strong></span> <span class='ocrx_word' id='word_1_157' title='bbox 1047 2492 1105 2536; x_wconf 91' lang='lat' dir='ltr'><strong>ut</strong></span> <span class='ocrx_word' id='word_1_158' title='bbox 1154 2484 1360 2539; x_wconf 87' lang='lat' dir='ltr'><strong>recenti</strong></span> <span class='ocrx_word' id='word_1_159' title='bbox 1404 2486 1582 2543; x_wconf 86' lang='lat' dir='ltr'><strong>adhuc</strong></span> <span class='ocrx_word' id='word_1_160' title='bbox 1619 2490 1841 2544; x_wconf 88' lang='lat' dir='ltr'><strong>vulnere</strong></span> <span class='ocrx_word' id='word_1_161' title='bbox 1870 2534 1883 2557; x_wconf 93' lang='lat'><strong>,</strong></span> <span class='ocrx_word' id='word_1_162' title='bbox 1939 2493 2145 2546; x_wconf 85' lang='lat' dir='ltr'><strong>omnino</strong></span> <span class='ocrx_word' id='word_1_163' title='bbox 2194 2495 2304 2548; x_wconf 88' lang='lat' dir='ltr'><strong>solo</strong></span> 
     </span>
    </p>
   </div>
   <div class='ocr_carea' id='block_1_25' title="bbox 736 2577 1321 2647">
    <p class='ocr_par' dir='ltr' id='par_1_25' title="bbox 736 2577 1321 2647">
     <span class='ocr_line' id='line_1_25' title="bbox 736 2577 1321 2647; baseline -0.003 -14"><span class='ocrx_word' id='word_1_164' title='bbox 736 2586 996 2647; x_wconf 72' lang='lat' dir='ltr'><strong>arquatum</strong></span> <span class='ocrx_word' id='word_1_165' title='bbox 1027 2577 1321 2632; x_wconf 78' lang='lat' dir='ltr'><strong>existiinat.</strong></span> 
     </span>
    </p>
   </div>
   <div class='ocr_carea' id='block_1_26' title="bbox 808 2669 2301 2745">
    <p class='ocr_par' dir='ltr' id='par_1_26' title="bbox 808 2669 2301 2745">
     <span class='ocr_line' id='line_1_26' title="bbox 808 2669 2301 2745; baseline 0.006 -21"><span class='ocrx_word' id='word_1_166' title='bbox 808 2669 1077 2739; x_wconf 85' lang='lat' dir='ltr'><strong>Scriptam</strong></span> <span class='ocrx_word' id='word_1_167' title='bbox 1103 2671 1370 2723; x_wconf 88' lang='lat' dir='ltr'><strong>credimus</strong></span> <span class='ocrx_word' id='word_1_168' title='bbox 1392 2670 1456 2723; x_wconf 89' lang='lat' dir='ltr'><strong>ad</strong></span> <span class='ocrx_word' id='word_1_169' title='bbox 1478 2671 1643 2725; x_wconf 82' lang='lat' dir='ltr'><strong>Eliam</strong></span> <span class='ocrx_word' id='word_1_170' title='bbox 1668 2673 1947 2741; x_wconf 87' lang='lat' dir='ltr'><strong>epistolam</strong></span> <span class='ocrx_word' id='word_1_171' title='bbox 1972 2688 2301 2745; x_wconf 81' lang='lat' dir='ltr'><strong>sequentem.</strong></span> 
     </span>
    </p>
   </div>
   <div class='ocr_carea' id='block_1_27' title="bbox 734 2761 2303 2842">
    <p class='ocr_par' dir='ltr' id='par_1_27' title="bbox 734 2761 2303 2842">
     <span class='ocr_line' id='line_1_27' title="bbox 734 2761 2303 2842; baseline 0.006 -25"><span class='ocrx_word' id='word_1_172' title='bbox 734 2763 785 2818; x_wconf 84' lang='lat' dir='ltr'><strong>ls</strong></span> <span class='ocrx_word' id='word_1_173' title='bbox 810 2764 1138 2833; x_wconf 84' lang='lat' dir='ltr'><strong>provinciam</strong></span> <span class='ocrx_word' id='word_1_174' title='bbox 1180 2764 1250 2814; x_wconf 92' lang='lat' dir='ltr'><strong>ita</strong></span> <span class='ocrx_word' id='word_1_175' title='bbox 1294 2761 1541 2817; x_wconf 80' lang='lat' dir='ltr'><strong>afﬂictam</strong></span> <span class='ocrx_word' id='word_1_176' title='bbox 1578 2774 1632 2819; x_wconf 91' lang='lat' dir='ltr'><strong>et</strong></span> <span class='ocrx_word' id='word_1_177' title='bbox 1682 2766 2035 2822; x_wconf 82' lang='lat' dir='ltr'><strong>deformatam</strong></span> <span class='ocrx_word' id='word_1_178' title='bbox 2079 2786 2303 2842; x_wconf 65' lang='lat' dir='ltr'><strong>accepeo</strong></span> 
     </span>
    </p>
   </div>
   <div class='ocr_carea' id='block_1_28' title="bbox 732 2855 2303 2932">
    <p class='ocr_par' dir='ltr' id='par_1_28' title="bbox 732 2855 2303 2932">
     <span class='ocr_line' id='line_1_28' title="bbox 732 2855 2303 2932; baseline 0.008 -23"><span class='ocrx_word' id='word_1_179' title='bbox 732 2863 846 2919; x_wconf 86' lang='lat' dir='ltr'><strong>rat,</strong></span> <span class='ocrx_word' id='word_1_180' title='bbox 878 2864 953 2920; x_wconf 92' lang='lat' dir='ltr'><strong>ut,</strong></span> <span class='ocrx_word' id='word_1_181' title='bbox 989 2855 1234 2924; x_wconf 85' lang='lat' dir='ltr'><strong>quamvis</strong></span> <span class='ocrx_word' id='word_1_182' title='bbox 1275 2870 1465 2913; x_wconf 87' lang='lat' dir='ltr'><strong>omnes</strong></span> <span class='ocrx_word' id='word_1_183' title='bbox 1510 2873 1637 2913; x_wconf 86' lang='lat' dir='ltr'><strong>suas</strong></span> <span class='ocrx_word' id='word_1_184' title='bbox 1681 2862 2033 2932; x_wconf 80' lang='lat' dir='ltr'><strong>cogitationes</strong></span> <span class='ocrx_word' id='word_1_185' title='bbox 2074 2867 2140 2920; x_wconf 89' lang='lat' dir='ltr'><strong>ad</strong></span> <span class='ocrx_word' id='word_1_186' title='bbox 2186 2883 2303 2922; x_wconf 89' lang='lat' dir='ltr'><strong>eam</strong></span> 
     </span>
    </p>
   </div>
   <div class='ocr_carea' id='block_1_29' title="bbox 730 2948 2305 3013">
    <p class='ocr_par' dir='ltr' id='par_1_29' title="bbox 730 2948 2305 3013">
     <span class='ocr_line' id='line_1_29' title="bbox 730 2948 2305 3013; baseline 0.008 -12"><span class='ocrx_word' id='word_1_187' title='bbox 730 2948 1112 3002; x_wconf 78' lang='lat' dir='ltr'><strong>sublevandam</strong></span> <span class='ocrx_word' id='word_1_188' title='bbox 1151 2949 1419 3013; x_wconf 88' lang='lat' dir='ltr'><strong>incitaret,</strong></span> <span class='ocrx_word' id='word_1_189' title='bbox 1454 2952 1707 3004; x_wconf 90' lang='lat' dir='ltr'><strong>nonnulla</strong></span> <span class='ocrx_word' id='word_1_190' title='bbox 1755 2963 1932 3007; x_wconf 88' lang='lat' dir='ltr'><strong>tamen</strong></span> <span class='ocrx_word' id='word_1_191' title='bbox 1975 2957 2179 3011; x_wconf 87' lang='lat' dir='ltr'><strong>faceret</strong></span> <span class='ocrx_word' id='word_1_192' title='bbox 2226 2962 2305 3013; x_wconf 91' lang='lat' dir='ltr'><strong>iu-</strong></span> 
     </span>
    </p>
   </div>
   <div class='ocr_carea' id='block_1_30' title="bbox 729 3042 2301 3117">
    <p class='ocr_par' dir='ltr' id='par_1_30' title="bbox 729 3042 2301 3117">
     <span class='ocr_line' id='line_1_30' title="bbox 729 3042 2301 3117; baseline 0.008 -24"><span class='ocrx_word' id='word_1_193' title='bbox 729 3042 896 3106; x_wconf 63' lang='lat' dir='ltr'><strong>vitus,</strong></span> <span class='ocrx_word' id='word_1_194' title='bbox 939 3051 1031 3096; x_wconf 89' lang='lat' dir='ltr'><strong>aut</strong></span> <span class='ocrx_word' id='word_1_195' title='bbox 1075 3042 1188 3097; x_wconf 85' lang='lat' dir='ltr'><strong>fieri</strong></span> <span class='ocrx_word' id='word_1_196' title='bbox 1236 3042 1471 3106; x_wconf 79' lang='lat' dir='ltr'><strong>sineret,</strong></span> <span class='ocrx_word' id='word_1_197' title='bbox 1513 3043 1679 3113; x_wconf 90' lang='lat' dir='ltr'><strong>ipsius</strong></span> <span class='ocrx_word' id='word_1_198' title='bbox 1738 3047 2058 3103; x_wconf 77' lang='lat' dir='ltr'><strong>humanitati</strong></span> <span class='ocrx_word' id='word_1_199' title='bbox 2112 3065 2301 3117; x_wconf 87' lang='lat' dir='ltr'><strong>parum</strong></span> 
     </span>
    </p>
   </div>
   <div class='ocr_carea' id='block_1_31' title="bbox 731 3135 2300 3213">
    <p class='ocr_par' dir='ltr' id='par_1_31' title="bbox 731 3135 2300 3213">
     <span class='ocr_line' id='line_1_31' title="bbox 731 3135 2300 3213; baseline 0.007 -26"><span class='ocrx_word' id='word_1_200' title='bbox 731 3135 1108 3203; x_wconf 83' lang='lat' dir='ltr'><strong>congruentia.</strong></span> <span class='ocrx_word' id='word_1_201' title='bbox 1141 3136 1337 3191; x_wconf 88' lang='lat' dir='ltr'><strong>Senem</strong></span> <span class='ocrx_word' id='word_1_202' title='bbox 1370 3136 1655 3206; x_wconf 89' lang='lat' dir='ltr'><strong>quemdam</strong></span> <span class='ocrx_word' id='word_1_203' title='bbox 1685 3152 1805 3192; x_wconf 91' lang='lat' dir='ltr'><strong>cum</strong></span> <span class='ocrx_word' id='word_1_204' title='bbox 1835 3140 2069 3207; x_wconf 85' lang='lat' dir='ltr'><strong>diploma</strong></span> <span class='ocrx_word' id='word_1_205' title='bbox 2098 3143 2300 3213; x_wconf 77' lang='lat' dir='ltr'><strong>regium</strong></span> 
     </span>
    </p>
   </div>
   <div class='ocr_carea' id='block_1_32' title="bbox 2419 652 3491 726">
    <p class='ocr_par' dir='ltr' id='par_1_32' title="bbox 2419 652 3491 726">
     <span class='ocr_line' id='line_1_32' title="bbox 2419 652 3491 726; baseline 0.008 -23"><span class='ocrx_word' id='word_1_206' title='bbox 2419 665 2577 718; x_wconf 87' lang='lat' dir='ltr'><strong>supra</strong></span> <span class='ocrx_word' id='word_1_207' title='bbox 2614 652 2795 707; x_wconf 77' lang='lat' dir='ltr'><strong>Basilii</strong></span> <span class='ocrx_word' id='word_1_208' title='bbox 2831 653 3079 720; x_wconf 84' lang='lat' dir='ltr'><strong>penicillo</strong></span> <span class='ocrx_word' id='word_1_209' title='bbox 3118 656 3360 726; x_wconf 82' lang='lat' dir='ltr'><strong>depictus</strong></span> <span class='ocrx_word' id='word_1_210' title='bbox 3387 670 3491 712; x_wconf 92' lang='lat' dir='ltr'><strong>est.</strong></span> 
     </span>
    </p>
   </div>
   <div class='ocr_carea' id='block_1_33' title="bbox 2490 742 3984 822">
    <p class='ocr_par' dir='ltr' id='par_1_33' title="bbox 2490 742 3984 822">
     <span class='ocr_line' id='line_1_33' title="bbox 2490 742 3984 822; baseline 0.008 -28"><span class='ocrx_word' id='word_1_211' title='bbox 2490 742 2660 795; x_wconf 86' lang='lat' dir='ltr'><strong>Tanta</strong></span> <span class='ocrx_word' id='word_1_212' title='bbox 2708 755 2824 799; x_wconf 86' lang='lat' dir='ltr'><strong>erat</strong></span> <span class='ocrx_word' id='word_1_213' title='bbox 2863 744 2947 799; x_wconf 89' lang='lat' dir='ltr'><strong>his</strong></span> <span class='ocrx_word' id='word_1_214' title='bbox 2998 749 3333 816; x_wconf 85' lang='lat' dir='ltr'><strong>temporibus</strong></span> <span class='ocrx_word' id='word_1_215' title='bbox 3381 750 3659 807; x_wconf 86' lang='lat' dir='ltr'><strong>calamitas</strong></span> <span class='ocrx_word' id='word_1_216' title='bbox 3704 750 3984 822; x_wconf 60' lang='lat' dir='ltr'><strong>Cappadoc</strong></span> 
     </span>
    </p>
   </div>
   <div class='ocr_carea' id='block_1_34' title="bbox 2419 839 3987 908">
    <p class='ocr_par' dir='ltr' id='par_1_34' title="bbox 2419 839 3987 908">
     <span class='ocr_line' id='line_1_34' title="bbox 2419 839 3987 908; baseline 0.003 -18"><span class='ocrx_word' id='word_1_217' title='bbox 2419 840 2533 903; x_wconf 60' lang='lat' dir='ltr'><strong>ciae,</strong></span> <span class='ocrx_word' id='word_1_218' title='bbox 2574 847 2629 889; x_wconf 95' lang='lat' dir='ltr'><strong>ut</strong></span> <span class='ocrx_word' id='word_1_219' title='bbox 2660 854 2761 893; x_wconf 92' lang='lat' dir='ltr'><strong>una</strong></span> <span class='ocrx_word' id='word_1_220' title='bbox 2803 855 2897 893; x_wconf 72' lang='lat' dir='ltr'><strong>vox</strong></span> <span class='ocrx_word' id='word_1_221' title='bbox 2931 839 3131 908; x_wconf 87' lang='lat' dir='ltr'><strong>ubique</strong></span> <span class='ocrx_word' id='word_1_222' title='bbox 3166 844 3441 899; x_wconf 86' lang='lat' dir='ltr'><strong>audiretur</strong></span> <span class='ocrx_word' id='word_1_223' title='bbox 3465 880 3480 902; x_wconf 86' lang='lat'><strong>,</strong></span> <span class='ocrx_word' id='word_1_224' title='bbox 3526 854 3842 898; x_wconf 72' lang='lat' dir='ltr'><strong>exacturum</strong></span> <span class='ocrx_word' id='word_1_225' title='bbox 3871 882 3888 907; x_wconf 94' lang='lat'><strong>,</strong></span> <span class='ocrx_word' id='word_1_226' title='bbox 3932 849 3987 895; x_wconf 86' lang='lat' dir='ltr'><strong>et</strong></span> 
     </span>
    </p>
   </div>
   <div class='ocr_carea' id='block_1_35' title="bbox 2418 932 3989 1004">
    <p class='ocr_par' dir='ltr' id='par_1_35' title="bbox 2418 932 3989 1004">
     <span class='ocr_line' id='line_1_35' title="bbox 2418 932 3989 1004; baseline 0.004 -22"><span class='ocrx_word' id='word_1_227' title='bbox 2418 945 2601 983; x_wconf 78' lang='lat' dir='ltr'><strong>eorum</strong></span> <span class='ocrx_word' id='word_1_228' title='bbox 2637 946 2665 983; x_wconf 88' lang='lat' dir='ltr'><strong>a</strong></span> <span class='ocrx_word' id='word_1_229' title='bbox 2695 934 2890 999; x_wconf 89' lang='lat' dir='ltr'><strong>quibus</strong></span> <span class='ocrx_word' id='word_1_230' title='bbox 2918 932 3234 1001; x_wconf 73' lang='lat' dir='ltr'><strong>exigebatur</strong></span> <span class='ocrx_word' id='word_1_231' title='bbox 3262 977 3277 999; x_wconf 92' lang='lat'><strong>,</strong></span> <span class='ocrx_word' id='word_1_232' title='bbox 3324 936 3522 1004; x_wconf 88' lang='lat' dir='ltr'><strong>quique</strong></span> <span class='ocrx_word' id='word_1_233' title='bbox 3557 932 3783 1001; x_wconf 82' lang='lat' dir='ltr'><strong>ﬂagellis</strong></span> <span class='ocrx_word' id='word_1_234' title='bbox 3815 934 3989 990; x_wconf 54' lang='lat' dir='ltr'><strong>caede-</strong></span> 
     </span>
    </p>
   </div>
   <div class='ocr_carea' id='block_1_36' title="bbox 2419 1021 3987 1095">
    <p class='ocr_par' dir='ltr' id='par_1_36' title="bbox 2419 1021 3987 1095">
     <span class='ocr_line' id='line_1_36' title="bbox 2419 1021 3987 1095; baseline 0.001 -20"><span class='ocrx_word' id='word_1_235' title='bbox 2419 1021 2638 1087; x_wconf 90' lang='lat' dir='ltr'><strong>bantur,</strong></span> <span class='ocrx_word' id='word_1_236' title='bbox 2674 1033 2731 1074; x_wconf 90' lang='lat' dir='ltr'><strong>ttt</strong></span> <span class='ocrx_word' id='word_1_237' title='bbox 2770 1032 3004 1079; x_wconf 86' lang='lat' dir='ltr'><strong>testatur</strong></span> <span class='ocrx_word' id='word_1_238' title='bbox 3038 1023 3267 1077; x_wconf 87' lang='lat' dir='ltr'><strong>Basilius</strong></span> <span class='ocrx_word' id='word_1_239' title='bbox 3300 1026 3352 1079; x_wconf 92' lang='lat' dir='ltr'><strong>in</strong></span> <span class='ocrx_word' id='word_1_240' title='bbox 3383 1027 3542 1095; x_wconf 88' lang='lat' dir='ltr'><strong>epist.</strong></span> <span class='ocrx_word' id='word_1_241' title='bbox 3572 1023 3662 1083; x_wconf 56' lang='grc' dir='ltr'><strong>τά.</strong></span> <span class='ocrx_word' id='word_1_242' title='bbox 3701 1041 3754 1077; x_wconf 92' lang='lat' dir='ltr'><strong>u.</strong></span> <span class='ocrx_word' id='word_1_243' title='bbox 3784 1026 3838 1078; x_wconf 83' lang='lat'><strong>5.</strong></span> <span class='ocrx_word' id='word_1_244' title='bbox 3890 1022 3987 1079; x_wconf 78' lang='lat' dir='ltr'><strong>Vi-</strong></span> 
     </span>
    </p>
   </div>
   <div class='ocr_carea' id='block_1_37' title="bbox 2418 1114 3989 1187">
    <p class='ocr_par' dir='ltr' id='par_1_37' title="bbox 2418 1114 3989 1187">
     <span class='ocr_line' id='line_1_37' title="bbox 2418 1114 3989 1187; baseline 0 -18"><span class='ocrx_word' id='word_1_245' title='bbox 2418 1116 2574 1171; x_wconf 90' lang='lat' dir='ltr'><strong>detur</strong></span> <span class='ocrx_word' id='word_1_246' title='bbox 2623 1116 2908 1172; x_wconf 91' lang='lat' dir='ltr'><strong>molestum</strong></span> <span class='ocrx_word' id='word_1_247' title='bbox 2960 1115 3090 1173; x_wconf 88' lang='lat' dir='ltr'><strong>illud</strong></span> <span class='ocrx_word' id='word_1_248' title='bbox 3129 1126 3343 1184; x_wconf 87' lang='lat' dir='ltr'><strong>tempus</strong></span> <span class='ocrx_word' id='word_1_249' title='bbox 3394 1130 3615 1187; x_wconf 85' lang='lat' dir='ltr'><strong>pravam</strong></span> <span class='ocrx_word' id='word_1_250' title='bbox 3670 1114 3810 1169; x_wconf 90' lang='lat' dir='ltr'><strong>hanc</strong></span> <span class='ocrx_word' id='word_1_251' title='bbox 3861 1132 3989 1172; x_wconf 81' lang='lat' dir='ltr'><strong>con-</strong></span> 
     </span>
    </p>
   </div>
   <div class='ocr_carea' id='block_1_38' title="bbox 2418 1205 3989 1268">
    <p class='ocr_par' dir='ltr' id='par_1_38' title="bbox 2418 1205 3989 1268">
     <span class='ocr_line' id='line_1_38' title="bbox 2418 1205 3989 1268; baseline 0 -8"><span class='ocrx_word' id='word_1_252' title='bbox 2418 1208 2753 1262; x_wconf 85' lang='lat' dir='ltr'><strong>suetudinem</strong></span> <span class='ocrx_word' id='word_1_253' title='bbox 2798 1207 3074 1263; x_wconf 80' lang='lat' dir='ltr'><strong>induxisse</strong></span> <span class='ocrx_word' id='word_1_254' title='bbox 3108 1207 3190 1262; x_wconf 88' lang='lat' dir='ltr'><strong>vel</strong></span> <span class='ocrx_word' id='word_1_255' title='bbox 3226 1206 3415 1260; x_wconf 88' lang='lat' dir='ltr'><strong>saltem</strong></span> <span class='ocrx_word' id='word_1_256' title='bbox 3448 1206 3685 1268; x_wconf 80' lang='lat' dir='ltr'><strong>auxisse,</strong></span> <span class='ocrx_word' id='word_1_257' title='bbox 3714 1212 3772 1255; x_wconf 91' lang='lat' dir='ltr'><strong>ut</strong></span> <span class='ocrx_word' id='word_1_258' title='bbox 3803 1205 3989 1260; x_wconf 85' lang='lat' dir='ltr'><strong>rustici</strong></span> 
     </span>
    </p>
   </div>
   <div class='ocr_carea' id='block_1_39' title="bbox 2416 1293 3991 1371">
    <p class='ocr_par' dir='ltr' id='par_1_39' title="bbox 2416 1293 3991 1371">
     <span class='ocr_line' id='line_1_39' title="bbox 2416 1293 3991 1371; baseline -0.001 -18"><span class='ocrx_word' id='word_1_259' title='bbox 2416 1302 2483 1355; x_wconf 93' lang='lat' dir='ltr'><strong>ob</strong></span> <span class='ocrx_word' id='word_1_260' title='bbox 2518 1300 2797 1371; x_wconf 85' lang='lat' dir='ltr'><strong>vectigalia</strong></span> <span class='ocrx_word' id='word_1_261' title='bbox 2835 1317 2885 1353; x_wconf 85' lang='lat' dir='ltr'><strong>tn</strong></span> <span class='ocrx_word' id='word_1_262' title='bbox 2924 1302 3301 1370; x_wconf 87' lang='lat' dir='ltr'><strong>jusjurandum</strong></span> <span class='ocrx_word' id='word_1_263' title='bbox 3329 1298 3690 1367; x_wconf 80' lang='lat' dir='ltr'><strong>adigerentur.</strong></span> <span class='ocrx_word' id='word_1_264' title='bbox 3744 1293 3861 1349; x_wconf 81' lang='lat' dir='ltr'><strong>Non</strong></span> <span class='ocrx_word' id='word_1_265' title='bbox 3897 1300 3991 1351; x_wconf 79' lang='lat' dir='ltr'><strong>de-</strong></span> 
     </span>
    </p>
   </div>
   <div class='ocr_carea' id='block_1_40' title="bbox 2416 1386 3989 1458">
    <p class='ocr_par' dir='ltr' id='par_1_40' title="bbox 2416 1386 3989 1458">
     <span class='ocr_line' id='line_1_40' title="bbox 2416 1386 3989 1458; baseline -0.004 -10"><span class='ocrx_word' id='word_1_266' title='bbox 2416 1395 2625 1450; x_wconf 89' lang='lat' dir='ltr'><strong>sinebat</strong></span> <span class='ocrx_word' id='word_1_267' title='bbox 2652 1394 2880 1448; x_wconf 86' lang='lat' dir='ltr'><strong>Basilius</strong></span> <span class='ocrx_word' id='word_1_268' title='bbox 2932 1394 2983 1446; x_wconf 92' lang='lat' dir='ltr'><strong>in</strong></span> <span class='ocrx_word' id='word_1_269' title='bbox 3035 1395 3180 1447; x_wconf 91' lang='lat' dir='ltr'><strong>omni</strong></span> <span class='ocrx_word' id='word_1_270' title='bbox 3234 1401 3499 1447; x_wconf 88' lang='lat' dir='ltr'><strong>conventu</strong></span> <span class='ocrx_word' id='word_1_271' title='bbox 3553 1400 3607 1444; x_wconf 88' lang='lat' dir='ltr'><strong>et</strong></span> <span class='ocrx_word' id='word_1_272' title='bbox 3656 1393 3707 1444; x_wconf 93' lang='lat' dir='ltr'><strong>in</strong></span> <span class='ocrx_word' id='word_1_273' title='bbox 3760 1386 3989 1458; x_wconf 88' lang='lat' dir='ltr'><strong>privatis</strong></span> 
     </span>
    </p>
   </div>
   <div class='ocr_carea' id='block_1_41' title="bbox 2417 1480 3987 1557">
    <p class='ocr_par' dir='ltr' id='par_1_41' title="bbox 2417 1480 3987 1557">
     <span class='ocr_line' id='line_1_41' title="bbox 2417 1480 3987 1557; baseline -0.005 -15"><span class='ocrx_word' id='word_1_274' title='bbox 2417 1489 2696 1557; x_wconf 89' lang='lat' dir='ltr'><strong>colloquiis</strong></span> <span class='ocrx_word' id='word_1_275' title='bbox 2720 1488 2820 1542; x_wconf 89' lang='lat' dir='ltr'><strong>hoc</strong></span> <span class='ocrx_word' id='word_1_276' title='bbox 2858 1486 3044 1540; x_wconf 91' lang='lat' dir='ltr'><strong>vitium</strong></span> <span class='ocrx_word' id='word_1_277' title='bbox 3081 1486 3335 1540; x_wconf 82' lang='lat' dir='ltr'><strong>inscctari</strong></span> <span class='ocrx_word' id='word_1_278' title='bbox 3366 1501 3380 1549; x_wconf 88' lang='lat'>;</span> <span class='ocrx_word' id='word_1_279' title='bbox 3422 1482 3515 1537; x_wconf 90' lang='lat' dir='ltr'><strong>sed</strong></span> <span class='ocrx_word' id='word_1_280' title='bbox 3567 1485 3783 1539; x_wconf 88' lang='lat' dir='ltr'><strong>tandem</strong></span> <span class='ocrx_word' id='word_1_281' title='bbox 3828 1495 3891 1536; x_wconf 90' lang='lat' dir='ltr'><strong>ea</strong></span> <span class='ocrx_word' id='word_1_282' title='bbox 3921 1480 3987 1534; x_wconf 89' lang='lat' dir='ltr'><strong>de</strong></span> 
     </span>
    </p>
   </div>
   <div class='ocr_carea' id='block_1_42' title="bbox 2417 1575 3987 1645">
    <p class='ocr_par' dir='ltr' id='par_1_42' title="bbox 2417 1575 3987 1645">
     <span class='ocr_line' id='line_1_42' title="bbox 2417 1575 3987 1645; baseline -0.004 -12"><span class='ocrx_word' id='word_1_283' title='bbox 2417 1595 2475 1634; x_wconf 90' lang='lat' dir='ltr'><strong>re</strong></span> <span class='ocrx_word' id='word_1_284' title='bbox 2508 1579 2852 1635; x_wconf 88' lang='lat' dir='ltr'><strong>scribendum</strong></span> <span class='ocrx_word' id='word_1_285' title='bbox 2893 1593 3012 1633; x_wconf 88' lang='lat' dir='ltr'><strong>esse</strong></span> <span class='ocrx_word' id='word_1_286' title='bbox 3065 1578 3213 1632; x_wconf 83' lang='lat' dir='ltr'><strong>duxit</strong></span> <span class='ocrx_word' id='word_1_287' title='bbox 3254 1580 3318 1631; x_wconf 87' lang='lat' dir='ltr'><strong>ad</strong></span> <span class='ocrx_word' id='word_1_288' title='bbox 3367 1576 3689 1632; x_wconf 85' lang='lat' dir='ltr'><strong>censitorem</strong></span> <span class='ocrx_word' id='word_1_289' title='bbox 3720 1575 3808 1645; x_wconf 84' lang='lat' dir='ltr'><strong>(ad</strong></span> <span class='ocrx_word' id='word_1_290' title='bbox 3848 1576 3987 1629; x_wconf 89' lang='lat' dir='ltr'><strong>hune</strong></span> 
     </span>
    </p>
   </div>
   <div class='ocr_carea' id='block_1_43' title="bbox 2414 1667 3987 1742">
    <p class='ocr_par' dir='ltr' id='par_1_43' title="bbox 2414 1667 3987 1742">
     <span class='ocr_line' id='line_1_43' title="bbox 2414 1667 3987 1742; baseline -0.004 -15"><span class='ocrx_word' id='word_1_291' title='bbox 2414 1672 2557 1727; x_wconf 89' lang='lat' dir='ltr'><strong>enim</strong></span> <span class='ocrx_word' id='word_1_292' title='bbox 2605 1674 2801 1742; x_wconf 88' lang='lat' dir='ltr'><strong>scripta</strong></span> <span class='ocrx_word' id='word_1_293' title='bbox 2843 1670 3056 1725; x_wconf 90' lang='lat' dir='ltr'><strong>videtur</strong></span> <span class='ocrx_word' id='word_1_294' title='bbox 3098 1670 3212 1724; x_wconf 68' lang='lat' dir='ltr'><strong>hare</strong></span> <span class='ocrx_word' id='word_1_295' title='bbox 3265 1671 3488 1738; x_wconf 90' lang='lat' dir='ltr'><strong>cpistola</strong></span> <span class='ocrx_word' id='word_1_296' title='bbox 3524 1668 3590 1723; x_wconf 81' lang='lat'>85</span> <span class='ocrx_word' id='word_1_297' title='bbox 3635 1667 3987 1736; x_wconf 84' lang='lat' dir='ltr'><strong>inscriptione</strong></span> 
     </span>
    </p>
   </div>
   <div class='ocr_carea' id='block_1_44' title="bbox 2415 1760 3987 1837">
    <p class='ocr_par' dir='ltr' id='par_1_44' title="bbox 2415 1760 3987 1837">
     <span class='ocr_line' id='line_1_44' title="bbox 2415 1760 3987 1837; baseline -0.004 -18"><span class='ocrx_word' id='word_1_298' title='bbox 2415 1767 2685 1837; x_wconf 89' lang='lat' dir='ltr'><strong>carens),</strong></span> <span class='ocrx_word' id='word_1_299' title='bbox 2735 1766 2821 1820; x_wconf 89' lang='lat' dir='ltr'><strong>cui</strong></span> <span class='ocrx_word' id='word_1_300' title='bbox 2878 1765 3217 1819; x_wconf 87' lang='lat' dir='ltr'><strong>demonstrat</strong></span> <span class='ocrx_word' id='word_1_301' title='bbox 3293 1764 3393 1817; x_wconf 89' lang='lat' dir='ltr'><strong>hoc</strong></span> <span class='ocrx_word' id='word_1_302' title='bbox 3455 1760 3830 1831; x_wconf 85' lang='lat' dir='ltr'><strong>jusjurandum</strong></span> <span class='ocrx_word' id='word_1_303' title='bbox 3887 1774 3987 1813; x_wconf 87' lang='lat' dir='ltr'><strong>nec</strong></span> 
     </span>
    </p>
   </div>
   <div class='ocr_carea' id='block_1_45' title="bbox 2414 1852 3985 1927">
    <p class='ocr_par' dir='ltr' id='par_1_45' title="bbox 2414 1852 3985 1927">
     <span class='ocr_line' id='line_1_45' title="bbox 2414 1852 3985 1927; baseline -0.004 -18"><span class='ocrx_word' id='word_1_304' title='bbox 2414 1859 2765 1927; x_wconf 78' lang='lat' dir='ltr'><strong>vectigalibus</strong></span> <span class='ocrx_word' id='word_1_305' title='bbox 2788 1858 3045 1927; x_wconf 88' lang='lat' dir='ltr'><strong>prodesse</strong></span> <span class='ocrx_word' id='word_1_306' title='bbox 3074 1867 3127 1911; x_wconf 89' lang='lat' dir='ltr'><strong>et</strong></span> <span class='ocrx_word' id='word_1_307' title='bbox 3154 1855 3518 1912; x_wconf 90' lang='lat' dir='ltr'><strong>certissimam</strong></span> <span class='ocrx_word' id='word_1_308' title='bbox 3551 1853 3847 1919; x_wconf 87' lang='lat' dir='ltr'><strong>perniciem</strong></span> <span class='ocrx_word' id='word_1_309' title='bbox 3871 1852 3985 1903; x_wconf 89' lang='lat' dir='ltr'><strong>ani-</strong></span> 
     </span>
    </p>
   </div>
   <div class='ocr_carea' id='block_1_46' title="bbox 2415 1950 2858 2004">
    <p class='ocr_par' dir='ltr' id='par_1_46' title="bbox 2415 1950 2858 2004">
     <span class='ocr_line' id='line_1_46' title="bbox 2415 1950 2858 2004; baseline 0 -1"><span class='ocrx_word' id='word_1_310' title='bbox 2415 1950 2603 2003; x_wconf 89' lang='lat' dir='ltr'><strong>mabus</strong></span> <span class='ocrx_word' id='word_1_311' title='bbox 2640 1950 2858 2004; x_wconf 82' lang='lat' dir='ltr'><strong>inferre.</strong></span> 
     </span>
    </p>
   </div>
   <div class='ocr_carea' id='block_1_47' title="bbox 2480 2031 3985 2109">
    <p class='ocr_par' dir='ltr' id='par_1_47' title="bbox 2480 2031 3985 2109">
     <span class='ocr_line' id='line_1_47' title="bbox 2480 2031 3985 2109; baseline -0.007 -16"><span class='ocrx_word' id='word_1_312' title='bbox 2480 2040 2608 2093; x_wconf 89' lang='lat' dir='ltr'><strong>Erat</strong></span> <span class='ocrx_word' id='word_1_313' title='bbox 2639 2039 2939 2094; x_wconf 85' lang='lat' dir='ltr'><strong>Dorotheus</strong></span> <span class='ocrx_word' id='word_1_314' title='bbox 2972 2041 3274 2109; x_wconf 76' lang='lat' dir='ltr'><strong>presbyter,</strong></span> <span class='ocrx_word' id='word_1_315' title='bbox 3308 2044 3365 2091; x_wconf 93' lang='lat' dir='ltr'><strong>ut</strong></span> <span class='ocrx_word' id='word_1_316' title='bbox 3392 2050 3555 2104; x_wconf 83' lang='lat' dir='ltr'><strong>supra</strong></span> <span class='ocrx_word' id='word_1_317' title='bbox 3592 2036 3845 2098; x_wconf 83' lang='lat' dir='ltr'><strong>vidimus,</strong></span> <span class='ocrx_word' id='word_1_318' title='bbox 3882 2031 3985 2085; x_wconf 85' lang='lat' dir='ltr'><strong>Ba-</strong></span> 
     </span>
    </p>
   </div>
   <div class='ocr_carea' id='block_1_48' title="bbox 2412 2123 3983 2197">
    <p class='ocr_par' dir='ltr' id='par_1_48' title="bbox 2412 2123 3983 2197">
     <span class='ocr_line' id='line_1_48' title="bbox 2412 2123 3983 2197; baseline -0.006 -13"><span class='ocrx_word' id='word_1_319' title='bbox 2412 2131 2515 2185; x_wconf 91' lang='lat' dir='ltr'><strong>silii</strong></span> <span class='ocrx_word' id='word_1_320' title='bbox 2566 2133 2927 2188; x_wconf 80' lang='lat' dir='ltr'><strong>collactaneus</strong></span> <span class='ocrx_word' id='word_1_321' title='bbox 2966 2152 2978 2185; x_wconf 91' lang='lat'>:</span> <span class='ocrx_word' id='word_1_322' title='bbox 3013 2132 3097 2185; x_wconf 88' lang='lat' dir='ltr'><strong>cui</strong></span> <span class='ocrx_word' id='word_1_323' title='bbox 3150 2147 3269 2184; x_wconf 87' lang='lat' dir='ltr'><strong>cum</strong></span> <span class='ocrx_word' id='word_1_324' title='bbox 3326 2129 3675 2192; x_wconf 80' lang='lat' dir='ltr'><strong>frumentum,</strong></span> <span class='ocrx_word' id='word_1_325' title='bbox 3722 2128 3865 2197; x_wconf 92' lang='lat' dir='ltr'><strong>quod</strong></span> <span class='ocrx_word' id='word_1_326' title='bbox 3917 2123 3983 2177; x_wconf 82' lang='lat' dir='ltr'><strong>ad</strong></span> 
     </span>
    </p>
   </div>
   <div class='ocr_carea' id='block_1_49' title="bbox 2414 2214 3983 2286">
    <p class='ocr_par' dir='ltr' id='par_1_49' title="bbox 2414 2214 3983 2286">
     <span class='ocr_line' id='line_1_49' title="bbox 2414 2214 3983 2286; baseline -0.004 -11"><span class='ocrx_word' id='word_1_327' title='bbox 2414 2223 2777 2277; x_wconf 88' lang='lat' dir='ltr'><strong>necessarium</strong></span> <span class='ocrx_word' id='word_1_328' title='bbox 2808 2221 2928 2276; x_wconf 68' lang='lat' dir='ltr'><strong>vitre</strong></span> <span class='ocrx_word' id='word_1_329' title='bbox 2966 2238 3120 2275; x_wconf 91' lang='lat' dir='ltr'><strong>usum</strong></span> <span class='ocrx_word' id='word_1_330' title='bbox 3155 2220 3406 2283; x_wconf 83' lang='lat' dir='ltr'><strong>habebat,</strong></span> <span class='ocrx_word' id='word_1_331' title='bbox 3447 2217 3664 2286; x_wconf 90' lang='lat' dir='ltr'><strong>quidam</strong></span> <span class='ocrx_word' id='word_1_332' title='bbox 3695 2218 3746 2270; x_wconf 91' lang='lat' dir='ltr'><strong>in</strong></span> <span class='ocrx_word' id='word_1_333' title='bbox 3778 2214 3983 2269; x_wconf 82' lang='lat' dir='ltr'><strong>Berisis</strong></span> 
     </span>
    </p>
   </div>
   <div class='ocr_carea' id='block_1_50' title="bbox 2412 2308 3980 2385">
    <p class='ocr_par' dir='ltr' id='par_1_50' title="bbox 2412 2308 3980 2385">
     <span class='ocr_line' id='line_1_50' title="bbox 2412 2308 3980 2385; baseline -0.004 -19"><span class='ocrx_word' id='word_1_334' title='bbox 2412 2314 2779 2381; x_wconf 86' lang='lat' dir='ltr'><strong>diripuissent,</strong></span> <span class='ocrx_word' id='word_1_335' title='bbox 2828 2324 2980 2385; x_wconf 84' lang='lat' dir='ltr'><strong>rogat</strong></span> <span class='ocrx_word' id='word_1_336' title='bbox 3008 2312 3233 2368; x_wconf 87' lang='lat' dir='ltr'><strong>Basilius</strong></span> <span class='ocrx_word' id='word_1_337' title='bbox 3260 2310 3331 2380; x_wconf 92' lang='lat' dir='ltr'><strong>(b)</strong></span> <span class='ocrx_word' id='word_1_338' title='bbox 3366 2308 3707 2379; x_wconf 72' lang='lat' dir='ltr'><strong>praepositum</strong></span> <span class='ocrx_word' id='word_1_339' title='bbox 3742 2308 3887 2376; x_wconf 84' lang='lat' dir='ltr'><strong>pagi,</strong></span> <span class='ocrx_word' id='word_1_340' title='bbox 3920 2314 3980 2359; x_wconf 89' lang='lat' dir='ltr'><strong>ut</strong></span> 
     </span>
    </p>
   </div>
   <div class='ocr_carea' id='block_1_51' title="bbox 2414 2399 3977 2474">
    <p class='ocr_par' dir='ltr' id='par_1_51' title="bbox 2414 2399 3977 2474">
     <span class='ocr_line' id='line_1_51' title="bbox 2414 2399 3977 2474; baseline -0.003 -18"><span class='ocrx_word' id='word_1_341' title='bbox 2414 2404 2540 2459; x_wconf 90' lang='lat' dir='ltr'><strong>illud</strong></span> <span class='ocrx_word' id='word_1_342' title='bbox 2590 2407 2872 2461; x_wconf 88' lang='lat' dir='ltr'><strong>restituere</strong></span> <span class='ocrx_word' id='word_1_343' title='bbox 2900 2414 3195 2474; x_wconf 77' lang='lat' dir='ltr'><strong>cogantur,</strong></span> <span class='ocrx_word' id='word_1_344' title='bbox 3227 2418 3327 2457; x_wconf 92' lang='lat' dir='ltr'><strong>nec</strong></span> <span class='ocrx_word' id='word_1_345' title='bbox 3362 2402 3440 2456; x_wconf 88' lang='lat' dir='ltr'><strong>eis</strong></span> <span class='ocrx_word' id='word_1_346' title='bbox 3494 2399 3651 2454; x_wconf 87' lang='lat' dir='ltr'><strong>liceat</strong></span> <span class='ocrx_word' id='word_1_347' title='bbox 3675 2399 3889 2466; x_wconf 87' lang='lat' dir='ltr'><strong>culpam</strong></span> <span class='ocrx_word' id='word_1_348' title='bbox 3924 2399 3977 2451; x_wconf 90' lang='lat' dir='ltr'><strong>in</strong></span> 
     </span>
    </p>
   </div>
   <div class='ocr_carea' id='block_1_52' title="bbox 2411 2495 2819 2564">
    <p class='ocr_par' dir='ltr' id='par_1_52' title="bbox 2411 2495 2819 2564">
     <span class='ocr_line' id='line_1_52' title="bbox 2411 2495 2819 2564; baseline 0.01 -17"><span class='ocrx_word' id='word_1_349' title='bbox 2411 2495 2546 2549; x_wconf 79' lang='lat' dir='ltr'><strong>alios</strong></span> <span class='ocrx_word' id='word_1_350' title='bbox 2576 2496 2819 2564; x_wconf 84' lang='lat' dir='ltr'><strong>rejicere.</strong></span> 
     </span>
    </p>
   </div>
   <div class='ocr_carea' id='block_1_53' title="bbox 2479 2583 3980 2657">
    <p class='ocr_par' dir='ltr' id='par_1_53' title="bbox 2479 2583 3980 2657">
     <span class='ocr_line' id='line_1_53' title="bbox 2479 2583 3980 2657; baseline -0.005 -18"><span class='ocrx_word' id='word_1_351' title='bbox 2479 2586 2759 2641; x_wconf 82' lang='lat' dir='ltr'><strong>Manifesta</strong></span> <span class='ocrx_word' id='word_1_352' title='bbox 2794 2596 2877 2641; x_wconf 91' lang='lat' dir='ltr'><strong>est</strong></span> <span class='ocrx_word' id='word_1_353' title='bbox 2916 2588 3157 2657; x_wconf 70' lang='lat' dir='ltr'><strong>epistolre</strong></span> <span class='ocrx_word' id='word_1_354' title='bbox 3208 2583 3551 2657; x_wconf 72' lang='lat' dir='ltr'><strong>octogesima:</strong></span> <span class='ocrx_word' id='word_1_355' title='bbox 3593 2589 3758 2637; x_wconf 70' lang='lat' dir='ltr'><strong>sextae</strong></span> <span class='ocrx_word' id='word_1_356' title='bbox 3788 2592 3980 2634; x_wconf 89' lang='lat' dir='ltr'><strong>neces-</strong></span> 
     </span>
    </p>
   </div>
   <div class='ocr_carea' id='block_1_54' title="bbox 2408 2672 3979 2749">
    <p class='ocr_par' dir='ltr' id='par_1_54' title="bbox 2408 2672 3979 2749">
     <span class='ocr_line' id='line_1_54' title="bbox 2408 2672 3979 2749; baseline -0.006 -16"><span class='ocrx_word' id='word_1_357' title='bbox 2408 2680 2587 2733; x_wconf 85' lang='lat' dir='ltr'><strong>situdo</strong></span> <span class='ocrx_word' id='word_1_358' title='bbox 2632 2693 2752 2732; x_wconf 93' lang='lat' dir='ltr'><strong>cum</strong></span> <span class='ocrx_word' id='word_1_359' title='bbox 2783 2680 3110 2749; x_wconf 86' lang='lat' dir='ltr'><strong>octogesima</strong></span> <span class='ocrx_word' id='word_1_360' title='bbox 3154 2680 3380 2745; x_wconf 90' lang='lat' dir='ltr'><strong>septima</strong></span> <span class='ocrx_word' id='word_1_361' title='bbox 3409 2718 3423 2743; x_wconf 92' lang='lat'><strong>,</strong></span> <span class='ocrx_word' id='word_1_362' title='bbox 3466 2693 3587 2747; x_wconf 61' lang='lat' dir='ltr'><strong>qua:</strong></span> <span class='ocrx_word' id='word_1_363' title='bbox 3630 2686 3683 2729; x_wconf 91' lang='lat' dir='ltr'><strong>et</strong></span> <span class='ocrx_word' id='word_1_364' title='bbox 3724 2676 3776 2729; x_wconf 93' lang='lat' dir='ltr'><strong>in</strong></span> <span class='ocrx_word' id='word_1_365' title='bbox 3828 2672 3979 2727; x_wconf 88' lang='lat' dir='ltr'><strong>codi-</strong></span> 
     </span>
    </p>
   </div>
   <div class='ocr_carea' id='block_1_55' title="bbox 2408 2766 3983 2839">
    <p class='ocr_par' dir='ltr' id='par_1_55' title="bbox 2408 2766 3983 2839">
     <span class='ocr_line' id='line_1_55' title="bbox 2408 2766 3983 2839; baseline -0.007 -11"><span class='ocrx_word' id='word_1_366' title='bbox 2408 2774 2559 2829; x_wconf 89' lang='lat' dir='ltr'><strong>cibus</strong></span> <span class='ocrx_word' id='word_1_367' title='bbox 2609 2773 2891 2829; x_wconf 75' lang='lat' dir='ltr'><strong>llarlteatio</strong></span> <span class='ocrx_word' id='word_1_368' title='bbox 2943 2781 2996 2827; x_wconf 87' lang='lat' dir='ltr'><strong>et</strong></span> <span class='ocrx_word' id='word_1_369' title='bbox 3041 2771 3301 2827; x_wconf 77' lang='lat' dir='ltr'><strong>Vaticano</strong></span> <span class='ocrx_word' id='word_1_370' title='bbox 3348 2780 3403 2823; x_wconf 92' lang='lat' dir='ltr'><strong>et</strong></span> <span class='ocrx_word' id='word_1_371' title='bbox 3451 2771 3693 2839; x_wconf 87' lang='lat' dir='ltr'><strong>pluribus</strong></span> <span class='ocrx_word' id='word_1_372' title='bbox 3741 2768 3864 2822; x_wconf 90' lang='lat' dir='ltr'><strong>aliis</strong></span> <span class='ocrx_word' id='word_1_373' title='bbox 3904 2766 3983 2821; x_wconf 84' lang='lat' dir='ltr'><strong>al-</strong></span> 
     </span>
    </p>
   </div>
   <div class='ocr_carea' id='block_1_56' title="bbox 2409 2857 3983 2934">
    <p class='ocr_par' dir='ltr' id='par_1_56' title="bbox 2409 2857 3983 2934">
     <span class='ocr_line' id='line_1_56' title="bbox 2409 2857 3983 2934; baseline -0.006 -16"><span class='ocrx_word' id='word_1_374' title='bbox 2409 2874 2578 2919; x_wconf 90' lang='lat' dir='ltr'><strong>teram</strong></span> <span class='ocrx_word' id='word_1_375' title='bbox 2628 2865 2877 2934; x_wconf 87' lang='lat' dir='ltr'><strong>sequitur</strong></span> <span class='ocrx_word' id='word_1_376' title='bbox 2918 2879 3040 2919; x_wconf 91' lang='lat' dir='ltr'><strong>cum</strong></span> <span class='ocrx_word' id='word_1_377' title='bbox 3101 2862 3205 2917; x_wconf 90' lang='lat' dir='ltr'><strong>hac</strong></span> <span class='ocrx_word' id='word_1_378' title='bbox 3244 2862 3640 2929; x_wconf 88' lang='lat' dir='ltr'><strong>inscriptione,</strong></span> <span class='ocrx_word' id='word_1_379' title='bbox 3685 2861 3826 2930; x_wconf 75' lang='grc' dir='ltr'><strong>ὑπὲρ</strong></span> <span class='ocrx_word' id='word_1_380' title='bbox 3871 2857 3983 2909; x_wconf 83' lang='grc' dir='ltr'><strong>τῶν</strong></span> 
     </span>
    </p>
   </div>
   <div class='ocr_carea' id='block_1_57' title="bbox 2407 2949 3983 3023">
    <p class='ocr_par' dir='ltr' id='par_1_57' title="bbox 2407 2949 3983 3023">
     <span class='ocr_line' id='line_1_57' title="bbox 2407 2949 3983 3023; baseline -0.007 -13"><span class='ocrx_word' id='word_1_381' title='bbox 2407 2959 2585 3010; x_wconf 71' lang='grc' dir='ltr'>αὐτῶν</span> <span class='ocrx_word' id='word_1_382' title='bbox 2613 2999 2627 3023; x_wconf 87' lang='grc'><em>,</em></span> <span class='ocrx_word' id='word_1_383' title='bbox 2670 2962 2733 3013; x_wconf 90' lang='lat' dir='ltr'><strong>de</strong></span> <span class='ocrx_word' id='word_1_384' title='bbox 2767 2958 2951 3011; x_wconf 85' lang='lat' dir='ltr'><strong>iisdem</strong></span> <span class='ocrx_word' id='word_1_385' title='bbox 2991 2957 3185 3019; x_wconf 88' lang='lat' dir='ltr'><strong>rebus;</strong></span> <span class='ocrx_word' id='word_1_386' title='bbox 3236 2964 3291 3009; x_wconf 89' lang='lat' dir='ltr'><strong>et</strong></span> <span class='ocrx_word' id='word_1_387' title='bbox 3332 2969 3517 3007; x_wconf 83' lang='lat' dir='ltr'><strong>revera</strong></span> <span class='ocrx_word' id='word_1_388' title='bbox 3563 2954 3625 3006; x_wconf 91' lang='lat' dir='ltr'><strong>de</strong></span> <span class='ocrx_word' id='word_1_389' title='bbox 3653 2951 3839 3005; x_wconf 91' lang='lat' dir='ltr'><strong>eodem</strong></span> <span class='ocrx_word' id='word_1_390' title='bbox 3872 2949 3983 3018; x_wconf 84' lang='lat' dir='ltr'><strong>agit</strong></span> 
     </span>
    </p>
   </div>
   <div class='ocr_carea' id='block_1_58' title="bbox 2406 3043 3985 3118">
    <p class='ocr_par' dir='ltr' id='par_1_58' title="bbox 2406 3043 3985 3118">
     <span class='ocr_line' id='line_1_58' title="bbox 2406 3043 3985 3118; baseline -0.006 -18"><span class='ocrx_word' id='word_1_391' title='bbox 2406 3051 2754 3118; x_wconf 83' lang='lat' dir='ltr'><strong>presbytero,</strong></span> <span class='ocrx_word' id='word_1_392' title='bbox 2785 3049 2875 3117; x_wconf 91' lang='lat' dir='ltr'><strong>qui</strong></span> <span class='ocrx_word' id='word_1_393' title='bbox 2910 3045 3054 3115; x_wconf 92' lang='lat' dir='ltr'><strong>quod</strong></span> <span class='ocrx_word' id='word_1_394' title='bbox 3102 3046 3317 3099; x_wconf 92' lang='lat' dir='ltr'><strong>unicum</strong></span> <span class='ocrx_word' id='word_1_395' title='bbox 3355 3043 3589 3099; x_wconf 83' lang='lat' dir='ltr'><strong>habebat</strong></span> <span class='ocrx_word' id='word_1_396' title='bbox 3622 3044 3743 3097; x_wconf 68' lang='lat' dir='ltr'><strong>vitae</strong></span> <span class='ocrx_word' id='word_1_397' title='bbox 3776 3049 3985 3096; x_wconf 82' lang='lat' dir='ltr'><strong>susten—</strong></span> 
     </span>
    </p>
   </div>
   <div class='ocr_carea' id='block_1_59' title="bbox 2406 3129 3985 3207">
    <p class='ocr_par' dir='ltr' id='par_1_59' title="bbox 2406 3129 3985 3207">
     <span class='ocr_line' id='line_1_59' title="bbox 2406 3129 3985 3207; baseline -0.007 -16"><span class='ocrx_word' id='word_1_398' title='bbox 2406 3140 2579 3192; x_wconf 67' lang='lat' dir='ltr'><strong>tanda:</strong></span> <span class='ocrx_word' id='word_1_399' title='bbox 2618 3138 2948 3207; x_wconf 70' lang='lat' dir='ltr'><strong>praesidium,</strong></span> <span class='ocrx_word' id='word_1_400' title='bbox 2984 3150 3049 3190; x_wconf 90' lang='lat' dir='ltr'><strong>eo</strong></span> <span class='ocrx_word' id='word_1_401' title='bbox 3083 3134 3345 3206; x_wconf 81' lang='lat' dir='ltr'><strong>spoliatus</strong></span> <span class='ocrx_word' id='word_1_402' title='bbox 3383 3146 3483 3191; x_wconf 89' lang='lat' dir='ltr'><strong>est.</strong></span> <span class='ocrx_word' id='word_1_403' title='bbox 3517 3134 3695 3202; x_wconf 87' lang='lat' dir='ltr'><strong>Quare</strong></span> <span class='ocrx_word' id='word_1_404' title='bbox 3726 3148 3848 3187; x_wconf 90' lang='lat' dir='ltr'><strong>cum</strong></span> <span class='ocrx_word' id='word_1_405' title='bbox 3878 3129 3985 3182; x_wconf 82' lang='lat' dir='ltr'><strong>Ba-</strong></span> 
     </span>
    </p>
   </div>
   <div class='ocr_carea' id='block_1_60' title="bbox 729 3224 3981 3312">
    <p class='ocr_par' dir='ltr' id='par_1_60' title="bbox 729 3224 3981 3312">
     <span class='ocr_line' id='line_1_60' title="bbox 729 3224 3981 3312; baseline 0.001 -37"><span class='ocrx_word' id='word_1_406' title='bbox 729 3224 959 3293; x_wconf 83' lang='lat' dir='ltr'><strong>publicis</strong></span> <span class='ocrx_word' id='word_1_407' title='bbox 983 3228 1294 3282; x_wconf 89' lang='lat' dir='ltr'><strong>muneribus</strong></span> <span class='ocrx_word' id='word_1_408' title='bbox 1315 3236 1615 3293; x_wconf 78' lang='lat' dir='ltr'><strong>exemerat,</strong></span> <span class='ocrx_word' id='word_1_409' title='bbox 1662 3240 1770 3284; x_wconf 91' lang='lat' dir='ltr'><strong>tum</strong></span> <span class='ocrx_word' id='word_1_410' title='bbox 1813 3232 1924 3301; x_wconf 90' lang='lat' dir='ltr'><strong>ipsa</strong></span> <span class='ocrx_word' id='word_1_411' title='bbox 1964 3242 2089 3289; x_wconf 85' lang='lat' dir='ltr'><strong>ante</strong></span> <span class='ocrx_word' id='word_1_412' title='bbox 2124 3248 2301 3306; x_wconf 82' lang='lat' dir='ltr'><strong>regem</strong></span> <span class='ocrx_word' id='word_1_413' title='bbox 2332 3249 2375 3312; x_wconf 73' lang='lat' dir='ltr'><strong>C</strong></span> <span class='ocrx_word' id='word_1_414' title='bbox 2407 3232 2559 3286; x_wconf 88' lang='lat' dir='ltr'><strong>silius</strong></span> <span class='ocrx_word' id='word_1_415' title='bbox 2590 3233 2732 3286; x_wconf 91' lang='lat' dir='ltr'><strong>dicat</strong></span> <span class='ocrx_word' id='word_1_416' title='bbox 2764 3232 2815 3285; x_wconf 94' lang='lat' dir='ltr'><strong>in</strong></span> <span class='ocrx_word' id='word_1_417' title='bbox 2852 3229 3077 3301; x_wconf 89' lang='lat' dir='ltr'><strong>epistola</strong></span> <span class='ocrx_word' id='word_1_418' title='bbox 3123 3232 3448 3301; x_wconf 89' lang='lat' dir='ltr'><strong>octogesima</strong></span> <span class='ocrx_word' id='word_1_419' title='bbox 3489 3230 3710 3297; x_wconf 87' lang='lat' dir='ltr'><strong>septima</strong></span> <span class='ocrx_word' id='word_1_420' title='bbox 3746 3241 3803 3280; x_wconf 89' lang='lat' dir='ltr'><strong>se</strong></span> <span class='ocrx_word' id='word_1_421' title='bbox 3840 3226 3981 3279; x_wconf 80' lang='lat' dir='ltr'><strong>scri-</strong></span> 
     </span>
    </p>
   </div>
   <div class='ocr_carea' id='block_1_61' title="bbox 730 3318 2302 3397">
    <p class='ocr_par' dir='ltr' id='par_1_61' title="bbox 730 3318 2302 3397">
     <span class='ocr_line' id='line_1_61' title="bbox 730 3318 2302 3397; baseline 0.008 -27"><span class='ocrx_word' id='word_1_422' title='bbox 730 3326 979 3370; x_wconf 84' lang='lat' dir='ltr'><strong>senectus</strong></span> <span class='ocrx_word' id='word_1_423' title='bbox 1026 3318 1418 3373; x_wconf 83' lang='lat' dir='ltr'><strong>immunitatem</strong></span> <span class='ocrx_word' id='word_1_424' title='bbox 1462 3320 1704 3374; x_wconf 88' lang='lat' dir='ltr'><strong>dederat.</strong></span> <span class='ocrx_word' id='word_1_425' title='bbox 1739 3324 2062 3379; x_wconf 83' lang='lat' dir='ltr'><strong>Beuelicium</strong></span> <span class='ocrx_word' id='word_1_426' title='bbox 2099 3329 2302 3397; x_wconf 86' lang='lat' dir='ltr'><strong>regium</strong></span> 
     </span>
    </p>
   </div>
   <div class='ocr_carea' id='block_1_62' title="bbox 727 3410 2301 3480">
    <p class='ocr_par' dir='ltr' id='par_1_62' title="bbox 727 3410 2301 3480">
     <span class='ocr_line' id='line_1_62' title="bbox 727 3410 2301 3480; baseline 0.008 -17"><span class='ocrx_word' id='word_1_427' title='bbox 727 3410 1390 3480; x_wconf 77' lang='lat' dir='ltr'><strong>coulirmaveratprznses,</strong></span> <span class='ocrx_word' id='word_1_428' title='bbox 1435 3412 1529 3466; x_wconf 89' lang='lat' dir='ltr'><strong>sed</strong></span> <span class='ocrx_word' id='word_1_429' title='bbox 1582 3426 1703 3467; x_wconf 89' lang='lat' dir='ltr'><strong>eum</strong></span> <span class='ocrx_word' id='word_1_430' title='bbox 1745 3429 1932 3469; x_wconf 90' lang='lat' dir='ltr'><strong>rursus</strong></span> <span class='ocrx_word' id='word_1_431' title='bbox 1976 3418 2079 3469; x_wconf 89' lang='lat' dir='ltr'><strong>alia</strong></span> <span class='ocrx_word' id='word_1_432' title='bbox 2115 3422 2198 3471; x_wconf 89' lang='lat' dir='ltr'><strong>via</strong></span> <span class='ocrx_word' id='word_1_433' title='bbox 2251 3421 2301 3475; x_wconf 89' lang='lat' dir='ltr'><strong>in</strong></span> 
     </span>
    </p>
   </div>
   <div class='ocr_carea' id='block_1_63' title="bbox 728 3502 2301 3574">
    <p class='ocr_par' dir='ltr' id='par_1_63' title="bbox 728 3502 2301 3574">
     <span class='ocr_line' id='line_1_63' title="bbox 728 3502 2301 3574; baseline 0.006 -21"><span class='ocrx_word' id='word_1_434' title='bbox 728 3502 941 3569; x_wconf 85' lang='lat' dir='ltr'><strong>negotia</strong></span> <span class='ocrx_word' id='word_1_435' title='bbox 976 3512 1341 3570; x_wconf 80' lang='lat' dir='ltr'><strong>protraxerat,</strong></span> <span class='ocrx_word' id='word_1_436' title='bbox 1383 3503 1523 3558; x_wconf 89' lang='lat' dir='ltr'><strong>illius</strong></span> <span class='ocrx_word' id='word_1_437' title='bbox 1559 3514 1773 3574; x_wconf 89' lang='lat' dir='ltr'><strong>nepote,</strong></span> <span class='ocrx_word' id='word_1_438' title='bbox 1812 3504 1901 3571; x_wconf 91' lang='lat' dir='ltr'><strong>qui</strong></span> <span class='ocrx_word' id='word_1_439' title='bbox 1935 3507 2169 3559; x_wconf 91' lang='lat' dir='ltr'><strong>nondum</strong></span> <span class='ocrx_word' id='word_1_440' title='bbox 2202 3523 2301 3562; x_wconf 88' lang='lat' dir='ltr'><strong>an-</strong></span> 
     </span>
    </p>
   </div>
   <div class='ocr_carea' id='block_1_64' title="bbox 724 3595 2297 3661">
    <p class='ocr_par' dir='ltr' id='par_1_64' title="bbox 724 3595 2297 3661">
     <span class='ocr_line' id='line_1_64' title="bbox 724 3595 2297 3661; baseline 0.003 -16"><span class='ocrx_word' id='word_1_441' title='bbox 724 3607 820 3646; x_wconf 92' lang='lat' dir='ltr'><strong>uos</strong></span> <span class='ocrx_word' id='word_1_442' title='bbox 854 3604 1085 3661; x_wconf 89' lang='lat' dir='ltr'><strong>quatuor</strong></span> <span class='ocrx_word' id='word_1_443' title='bbox 1116 3605 1275 3647; x_wconf 89' lang='lat' dir='ltr'><strong>natus</strong></span> <span class='ocrx_word' id='word_1_444' title='bbox 1308 3607 1461 3659; x_wconf 90' lang='lat' dir='ltr'><strong>erat,</strong></span> <span class='ocrx_word' id='word_1_445' title='bbox 1514 3596 1678 3651; x_wconf 64' lang='lat' dir='ltr'><strong>curiae</strong></span> <span class='ocrx_word' id='word_1_446' title='bbox 1722 3596 1958 3651; x_wconf 84' lang='lat' dir='ltr'><strong>addicto.</strong></span> <span class='ocrx_word' id='word_1_447' title='bbox 2011 3595 2143 3650; x_wconf 82' lang='lat' dir='ltr'><strong>Nam</strong></span> <span class='ocrx_word' id='word_1_448' title='bbox 2179 3613 2297 3652; x_wconf 91' lang='lat' dir='ltr'><strong>cum</strong></span> 
     </span>
    </p>
   </div>
   <div class='ocr_carea' id='block_1_65' title="bbox 724 3682 2300 3758">
    <p class='ocr_par' dir='ltr' id='par_1_65' title="bbox 724 3682 2300 3758">
     <span class='ocr_line' id='line_1_65' title="bbox 724 3682 2300 3758; baseline 0.005 -23"><span class='ocrx_word' id='word_1_449' title='bbox 724 3682 986 3749; x_wconf 89' lang='lat' dir='ltr'><strong>puerulus</strong></span> <span class='ocrx_word' id='word_1_450' title='bbox 1031 3683 1171 3738; x_wconf 89' lang='lat' dir='ltr'><strong>inter</strong></span> <span class='ocrx_word' id='word_1_451' title='bbox 1194 3686 1421 3740; x_wconf 89' lang='lat' dir='ltr'><strong>curiales</strong></span> <span class='ocrx_word' id='word_1_452' title='bbox 1455 3687 1722 3741; x_wconf 90' lang='lat' dir='ltr'><strong>recenseri</strong></span> <span class='ocrx_word' id='word_1_453' title='bbox 1772 3702 1877 3743; x_wconf 91' lang='lat' dir='ltr'><strong>non</strong></span> <span class='ocrx_word' id='word_1_454' title='bbox 1932 3698 2148 3758; x_wconf 88' lang='lat' dir='ltr'><strong>posset,</strong></span> <span class='ocrx_word' id='word_1_455' title='bbox 2202 3704 2300 3743; x_wconf 91' lang='lat' dir='ltr'><strong>nec</strong></span> 
     </span>
    </p>
   </div>
   <div class='ocr_carea' id='block_1_66' title="bbox 726 3776 2298 3851">
    <p class='ocr_par' dir='ltr' id='par_1_66' title="bbox 726 3776 2298 3851">
     <span class='ocr_line' id='line_1_66' title="bbox 726 3776 2298 3851; baseline 0.005 -24"><span class='ocrx_word' id='word_1_456' title='bbox 726 3776 923 3829; x_wconf 79' lang='lat' dir='ltr'><strong>tributa</strong></span> <span class='ocrx_word' id='word_1_457' title='bbox 954 3778 1215 3845; x_wconf 79' lang='lat' dir='ltr'><strong>colligere</strong></span> <span class='ocrx_word' id='word_1_458' title='bbox 1239 3820 1254 3841; x_wconf 88' lang='lat'><strong>,</strong></span> <span class='ocrx_word' id='word_1_459' title='bbox 1304 3790 1396 3831; x_wconf 92' lang='lat' dir='ltr'><strong>aut</strong></span> <span class='ocrx_word' id='word_1_460' title='bbox 1432 3780 1692 3835; x_wconf 88' lang='lat' dir='ltr'><strong>militibus</strong></span> <span class='ocrx_word' id='word_1_461' title='bbox 1738 3796 2007 3834; x_wconf 82' lang='lat' dir='ltr'><strong>annonam</strong></span> <span class='ocrx_word' id='word_1_462' title='bbox 2044 3783 2298 3851; x_wconf 85' lang='lat' dir='ltr'><strong>suppedi-</strong></span> 
     </span>
    </p>
   </div>
   <div class='ocr_carea' id='block_1_67' title="bbox 724 3872 2299 3935">
    <p class='ocr_par' dir='ltr' id='par_1_67' title="bbox 724 3872 2299 3935">
     <span class='ocr_line' id='line_1_67' title="bbox 724 3872 2299 3935; baseline 0.005 -14"><span class='ocrx_word' id='word_1_463' title='bbox 724 3878 880 3935; x_wconf 75' lang='lat' dir='ltr'><strong>zare;</strong></span> <span class='ocrx_word' id='word_1_464' title='bbox 912 3885 1133 3924; x_wconf 87' lang='lat' dir='ltr'><strong>necesse</strong></span> <span class='ocrx_word' id='word_1_465' title='bbox 1177 3879 1293 3923; x_wconf 88' lang='lat' dir='ltr'><strong>erat</strong></span> <span class='ocrx_word' id='word_1_466' title='bbox 1346 3872 1527 3924; x_wconf 87' lang='lat' dir='ltr'><strong>miseri</strong></span> <span class='ocrx_word' id='word_1_467' title='bbox 1571 3872 1721 3927; x_wconf 90' lang='lat' dir='ltr'><strong>senis</strong></span> <span class='ocrx_word' id='word_1_468' title='bbox 1768 3875 2023 3928; x_wconf 89' lang='lat' dir='ltr'><strong>canitiem</strong></span> <span class='ocrx_word' id='word_1_469' title='bbox 2067 3875 2299 3929; x_wconf 85' lang='lat' dir='ltr'><strong>dedeco-</strong></span> 
     </span>
    </p>
   </div>
   <div class='ocr_carea' id='block_1_68' title="bbox 725 3960 2299 4029">
    <p class='ocr_par' dir='ltr' id='par_1_68' title="bbox 725 3960 2299 4029">
     <span class='ocr_line' id='line_1_68' title="bbox 725 3960 2299 4029; baseline 0.005 -18"><span class='ocrx_word' id='word_1_470' title='bbox 725 3960 867 4023; x_wconf 89' lang='lat' dir='ltr'><strong>rari,</strong></span> <span class='ocrx_word' id='word_1_471' title='bbox 908 3970 963 4013; x_wconf 90' lang='lat' dir='ltr'><strong>et</strong></span> <span class='ocrx_word' id='word_1_472' title='bbox 991 3961 1131 4028; x_wconf 91' lang='lat' dir='ltr'><strong>quod</strong></span> <span class='ocrx_word' id='word_1_473' title='bbox 1171 3961 1407 4015; x_wconf 86' lang='lat' dir='ltr'><strong>solamen</strong></span> <span class='ocrx_word' id='word_1_474' title='bbox 1450 3962 1705 4017; x_wconf 86' lang='lat' dir='ltr'><strong>orbitatis</strong></span> <span class='ocrx_word' id='word_1_475' title='bbox 1752 3976 1870 4017; x_wconf 84' lang='lat' dir='ltr'><strong>esse</strong></span> <span class='ocrx_word' id='word_1_476' title='bbox 1920 3965 2202 4029; x_wconf 89' lang='lat' dir='ltr'><strong>debuerat,</strong></span> <span class='ocrx_word' id='word_1_477' title='bbox 2249 3967 2299 4019; x_wconf 90' lang='lat' dir='ltr'><strong>id</strong></span> 
     </span>
    </p>
   </div>
   <div class='ocr_carea' id='block_1_69' title="bbox 722 4051 2295 4111">
    <p class='ocr_par' dir='ltr' id='par_1_69' title="bbox 722 4051 2295 4111">
     <span class='ocr_line' id='line_1_69' title="bbox 722 4051 2295 4111; baseline 0.004 -10"><span class='ocrx_word' id='word_1_478' title='bbox 722 4051 769 4102; x_wconf 94' lang='lat' dir='ltr'><strong>ei</strong></span> <span class='ocrx_word' id='word_1_479' title='bbox 801 4052 851 4103; x_wconf 92' lang='lat' dir='ltr'><strong>in</strong></span> <span class='ocrx_word' id='word_1_480' title='bbox 876 4052 1218 4105; x_wconf 82' lang='lat' dir='ltr'><strong>occasionem</strong></span> <span class='ocrx_word' id='word_1_481' title='bbox 1245 4052 1722 4107; x_wconf 90' lang='lat' dir='ltr'><strong>innumerabilium</strong></span> <span class='ocrx_word' id='word_1_482' title='bbox 1746 4054 2007 4108; x_wconf 90' lang='lat' dir='ltr'><strong>malorum</strong></span> <span class='ocrx_word' id='word_1_483' title='bbox 2032 4057 2295 4111; x_wconf 87' lang='lat' dir='ltr'><strong>converti.</strong></span> 
     </span>
    </p>
   </div>
   <div class='ocr_carea' id='block_1_70' title="bbox 722 4144 2299 4217">
    <p class='ocr_par' dir='ltr' id='par_1_70' title="bbox 722 4144 2299 4217">
     <span class='ocr_line' id='line_1_70' title="bbox 722 4144 2299 4217; baseline 0.005 -21"><span class='ocrx_word' id='word_1_484' title='bbox 722 4144 910 4213; x_wconf 84' lang='lat' dir='ltr'><strong>Itaque</strong></span> <span class='ocrx_word' id='word_1_485' title='bbox 939 4144 1189 4210; x_wconf 84' lang='lat' dir='ltr'><strong>Basilius,</strong></span> <span class='ocrx_word' id='word_1_486' title='bbox 1240 4148 1331 4216; x_wconf 90' lang='lat' dir='ltr'><strong>qui</strong></span> <span class='ocrx_word' id='word_1_487' title='bbox 1377 4161 1662 4202; x_wconf 84' lang='lat' dir='ltr'><strong>commune</strong></span> <span class='ocrx_word' id='word_1_488' title='bbox 1712 4147 2013 4217; x_wconf 80' lang='lat' dir='ltr'><strong>perfugium</strong></span> <span class='ocrx_word' id='word_1_489' title='bbox 2047 4158 2166 4203; x_wconf 89' lang='lat' dir='ltr'><strong>erat</strong></span> <span class='ocrx_word' id='word_1_490' title='bbox 2199 4149 2299 4204; x_wconf 85' lang='lat' dir='ltr'><strong>mi-</strong></span> 
     </span>
    </p>
   </div>
   <div class='ocr_carea' id='block_1_71' title="bbox 723 4240 2293 4313">
    <p class='ocr_par' dir='ltr' id='par_1_71' title="bbox 723 4240 2293 4313">
     <span class='ocr_line' id='line_1_71' title="bbox 723 4240 2293 4313; baseline 0.005 -22"><span class='ocrx_word' id='word_1_491' title='bbox 723 4254 992 4302; x_wconf 86' lang='lat' dir='ltr'><strong>scrorum,</strong></span> <span class='ocrx_word' id='word_1_492' title='bbox 1044 4248 1099 4292; x_wconf 92' lang='lat' dir='ltr'><strong>et</strong></span> <span class='ocrx_word' id='word_1_493' title='bbox 1132 4240 1354 4307; x_wconf 90' lang='lat' dir='ltr'><strong>parvulo</strong></span> <span class='ocrx_word' id='word_1_494' title='bbox 1390 4248 1446 4295; x_wconf 90' lang='lat' dir='ltr'><strong>et</strong></span> <span class='ocrx_word' id='word_1_495' title='bbox 1477 4240 1589 4294; x_wconf 88' lang='lat' dir='ltr'><strong>seni</strong></span> <span class='ocrx_word' id='word_1_496' title='bbox 1640 4240 2071 4295; x_wconf 85' lang='lat' dir='ltr'><strong>misericordiam</strong></span> <span class='ocrx_word' id='word_1_497' title='bbox 2100 4242 2293 4313; x_wconf 68' lang='lat' dir='ltr'><strong>praesi-</strong></span> 
     </span>
    </p>
   </div>
   <div class='ocr_carea' id='block_1_72' title="bbox 721 4330 1108 4398">
    <p class='ocr_par' dir='ltr' id='par_1_72' title="bbox 721 4330 1108 4398">
     <span class='ocr_line' id='line_1_72' title="bbox 721 4330 1108 4398; baseline -0.003 -16"><span class='ocrx_word' id='word_1_498' title='bbox 721 4331 803 4382; x_wconf 81' lang='lat' dir='ltr'><strong>dis</strong></span> <span class='ocrx_word' id='word_1_499' title='bbox 838 4330 1108 4398; x_wconf 89' lang='lat' dir='ltr'><strong>implorat.</strong></span> 
     </span>
    </p>
   </div>
   <div class='ocr_carea' id='block_1_73' title="bbox 800 4417 2294 4488">
    <p class='ocr_par' dir='ltr' id='par_1_73' title="bbox 800 4417 2294 4488">
     <span class='ocr_line' id='line_1_73' title="bbox 800 4417 2294 4488; baseline 0.005 -17"><span class='ocrx_word' id='word_1_500' title='bbox 800 4419 923 4473; x_wconf 84' lang='lat' dir='ltr'><strong>llaec</strong></span> <span class='ocrx_word' id='word_1_501' title='bbox 953 4428 1131 4472; x_wconf 88' lang='lat' dir='ltr'><strong>autem</strong></span> <span class='ocrx_word' id='word_1_502' title='bbox 1159 4417 1468 4488; x_wconf 90' lang='lat' dir='ltr'><strong>contigisse,</strong></span> <span class='ocrx_word' id='word_1_503' title='bbox 1503 4434 1624 4473; x_wconf 92' lang='lat' dir='ltr'><strong>cum</strong></span> <span class='ocrx_word' id='word_1_504' title='bbox 1651 4419 2006 4478; x_wconf 76' lang='lat' dir='ltr'><strong>Caesariensis</strong></span> <span class='ocrx_word' id='word_1_505' title='bbox 2038 4424 2170 4477; x_wconf 87' lang='lat' dir='ltr'><strong>ordo</strong></span> <span class='ocrx_word' id='word_1_506' title='bbox 2200 4423 2294 4478; x_wconf 87' lang='lat' dir='ltr'><strong>ab-</strong></span> 
     </span>
    </p>
   </div>
   <div class='ocr_carea' id='block_1_74' title="bbox 722 4510 2293 4583">
    <p class='ocr_par' dir='ltr' id='par_1_74' title="bbox 722 4510 2293 4583">
     <span class='ocr_line' id='line_1_74' title="bbox 722 4510 2293 4583; baseline 0.005 -20"><span class='ocrx_word' id='word_1_507' title='bbox 722 4510 846 4566; x_wconf 81' lang='lat' dir='ltr'><strong>latis</strong></span> <span class='ocrx_word' id='word_1_508' title='bbox 888 4511 1160 4582; x_wconf 89' lang='lat' dir='ltr'><strong>plerisque</strong></span> <span class='ocrx_word' id='word_1_509' title='bbox 1209 4513 1616 4582; x_wconf 83' lang='lat' dir='ltr'><strong>magistratibus</strong></span> <span class='ocrx_word' id='word_1_510' title='bbox 1646 4529 1785 4583; x_wconf 89' lang='lat' dir='ltr'><strong>peue</strong></span> <span class='ocrx_word' id='word_1_511' title='bbox 1819 4515 2169 4577; x_wconf 81' lang='lat' dir='ltr'><strong>concidisset,</strong></span> <span class='ocrx_word' id='word_1_512' title='bbox 2210 4517 2293 4571; x_wconf 90' lang='lat' dir='ltr'><strong>vel</strong></span> 
     </span>
    </p>
   </div>
   <div class='ocr_carea' id='block_1_75' title="bbox 2408 3316 3979 3393">
    <p class='ocr_par' dir='ltr' id='par_1_75' title="bbox 2408 3316 3979 3393">
     <span class='ocr_line' id='line_1_75' title="bbox 2408 3316 3979 3393; baseline -0.004 -17"><span class='ocrx_word' id='word_1_513' title='bbox 2408 3324 2575 3391; x_wconf 90' lang='lat' dir='ltr'><strong>psisse</strong></span> <span class='ocrx_word' id='word_1_514' title='bbox 2606 3323 2671 3376; x_wconf 90' lang='lat' dir='ltr'><strong>ad</strong></span> <span class='ocrx_word' id='word_1_515' title='bbox 2709 3325 3054 3393; x_wconf 55' lang='lat' dir='ltr'><strong>prapositum</strong></span> <span class='ocrx_word' id='word_1_516' title='bbox 3111 3324 3334 3393; x_wconf 66' lang='lat' dir='ltr'><strong>patriae,</strong></span> <span class='ocrx_word' id='word_1_517' title='bbox 3390 3321 3512 3375; x_wconf 89' lang='lat' dir='ltr'><strong>inde</strong></span> <span class='ocrx_word' id='word_1_518' title='bbox 3554 3319 3853 3389; x_wconf 85' lang='lat' dir='ltr'><strong>colligimus</strong></span> <span class='ocrx_word' id='word_1_519' title='bbox 3912 3316 3979 3369; x_wconf 89' lang='lat' dir='ltr'><strong>ad</strong></span> 
     </span>
    </p>
   </div>
   <div class='ocr_carea' id='block_1_76' title="bbox 2406 3409 3982 3486">
    <p class='ocr_par' dir='ltr' id='par_1_76' title="bbox 2406 3409 3982 3486">
     <span class='ocr_line' id='line_1_76' title="bbox 2406 3409 3982 3486; baseline -0.003 -19"><span class='ocrx_word' id='word_1_520' title='bbox 2406 3414 2549 3469; x_wconf 91' lang='lat' dir='ltr'><strong>hunc</strong></span> <span class='ocrx_word' id='word_1_521' title='bbox 2579 3417 2920 3484; x_wconf 75' lang='lat' dir='ltr'><strong>praepositum</strong></span> <span class='ocrx_word' id='word_1_522' title='bbox 2956 3417 3219 3486; x_wconf 86' lang='lat' dir='ltr'><strong>scriptam</strong></span> <span class='ocrx_word' id='word_1_523' title='bbox 3257 3428 3377 3469; x_wconf 90' lang='lat' dir='ltr'><strong>esse</strong></span> <span class='ocrx_word' id='word_1_524' title='bbox 3407 3412 3687 3484; x_wconf 88' lang='lat' dir='ltr'><strong>epistolam</strong></span> <span class='ocrx_word' id='word_1_525' title='bbox 3712 3409 3982 3480; x_wconf 78' lang='lat' dir='ltr'><strong>octogesi-</strong></span> 
     </span>
    </p>
   </div>
   <div class='ocr_carea' id='block_1_77' title="bbox 2405 3501 3985 3575">
    <p class='ocr_par' dir='ltr' id='par_1_77' title="bbox 2405 3501 3985 3575">
     <span class='ocr_line' id='line_1_77' title="bbox 2405 3501 3985 3575; baseline -0.003 -16"><span class='ocrx_word' id='word_1_526' title='bbox 2405 3522 2546 3561; x_wconf 89' lang='lat' dir='ltr'><strong>mam</strong></span> <span class='ocrx_word' id='word_1_527' title='bbox 2576 3518 2807 3575; x_wconf 78' lang='lat' dir='ltr'><strong>sextam,</strong></span> <span class='ocrx_word' id='word_1_528' title='bbox 2832 3518 2886 3564; x_wconf 92' lang='lat' dir='ltr'><strong>et</strong></span> <span class='ocrx_word' id='word_1_529' title='bbox 2918 3510 3247 3564; x_wconf 89' lang='lat' dir='ltr'><strong>Dorotltcum</strong></span> <span class='ocrx_word' id='word_1_530' title='bbox 3281 3506 3382 3562; x_wconf 92' lang='lat' dir='ltr'><strong>loci</strong></span> <span class='ocrx_word' id='word_1_531' title='bbox 3417 3506 3584 3570; x_wconf 89' lang='lat' dir='ltr'><strong>illius,</strong></span> <span class='ocrx_word' id='word_1_532' title='bbox 3637 3519 3793 3573; x_wconf 91' lang='lat' dir='ltr'><strong>quem</strong></span> <span class='ocrx_word' id='word_1_533' title='bbox 3829 3501 3985 3555; x_wconf 76' lang='lat' dir='ltr'><strong>Basi-</strong></span> 
     </span>
    </p>
   </div>
   <div class='ocr_carea' id='block_1_78' title="bbox 2404 3593 3701 3668">
    <p class='ocr_par' dir='ltr' id='par_1_78' title="bbox 2404 3593 3701 3668">
     <span class='ocr_line' id='line_1_78' title="bbox 2404 3593 3701 3668; baseline 0 -21"><span class='ocrx_word' id='word_1_534' title='bbox 2404 3595 2507 3648; x_wconf 90' lang='lat' dir='ltr'><strong>lius</strong></span> <span class='ocrx_word' id='word_1_535' title='bbox 2542 3599 2775 3663; x_wconf 79' lang='lat' dir='ltr'><strong>patriam</strong></span> <span class='ocrx_word' id='word_1_536' title='bbox 2812 3598 3064 3666; x_wconf 91' lang='lat' dir='ltr'><strong>appellat,</strong></span> <span class='ocrx_word' id='word_1_537' title='bbox 3101 3598 3475 3668; x_wconf 81' lang='lat' dir='ltr'><strong>presbyterum</strong></span> <span class='ocrx_word' id='word_1_538' title='bbox 3513 3593 3701 3649; x_wconf 86' lang='lat' dir='ltr'><strong>fuisse.</strong></span> 
     </span>
    </p>
   </div>
   <div class='ocr_carea' id='block_1_79' title="bbox 2481 3680 3982 3754">
    <p class='ocr_par' dir='ltr' id='par_1_79' title="bbox 2481 3680 3982 3754">
     <span class='ocr_line' id='line_1_79' title="bbox 2481 3680 3982 3754; baseline -0.005 -14"><span class='ocrx_word' id='word_1_539' title='bbox 2481 3684 2774 3754; x_wconf 87' lang='lat' dir='ltr'><strong>Utramque</strong></span> <span class='ocrx_word' id='word_1_540' title='bbox 2801 3694 2977 3739; x_wconf 86' lang='lat' dir='ltr'><strong>autem</strong></span> <span class='ocrx_word' id='word_1_541' title='bbox 3014 3689 3302 3754; x_wconf 89' lang='lat' dir='ltr'><strong>epistolam</strong></span> <span class='ocrx_word' id='word_1_542' title='bbox 3336 3688 3401 3740; x_wconf 86' lang='lat' dir='ltr'><strong>ad</strong></span> <span class='ocrx_word' id='word_1_543' title='bbox 3433 3688 3575 3739; x_wconf 90' lang='lat' dir='ltr'><strong>hunc</strong></span> <span class='ocrx_word' id='word_1_544' title='bbox 3602 3698 3801 3737; x_wconf 88' lang='lat' dir='ltr'><strong>annum</strong></span> <span class='ocrx_word' id='word_1_545' title='bbox 3840 3680 3982 3735; x_wconf 82' lang='lat' dir='ltr'><strong>refe-</strong></span> 
     </span>
    </p>
   </div>
   <div class='ocr_carea' id='block_1_80' title="bbox 2407 3773 3982 3848">
    <p class='ocr_par' dir='ltr' id='par_1_80' title="bbox 2407 3773 3982 3848">
     <span class='ocr_line' id='line_1_80' title="bbox 2407 3773 3982 3848; baseline -0.006 -13"><span class='ocrx_word' id='word_1_546' title='bbox 2407 3782 2594 3845; x_wconf 85' lang='lat' dir='ltr'><strong>rimus,</strong></span> <span class='ocrx_word' id='word_1_547' title='bbox 2629 3778 2751 3848; x_wconf 84' lang='lat' dir='ltr'><strong>quia</strong></span> <span class='ocrx_word' id='word_1_548' title='bbox 2779 3778 3106 3846; x_wconf 87' lang='lat' dir='ltr'><strong>octogesima</strong></span> <span class='ocrx_word' id='word_1_549' title='bbox 3138 3778 3372 3847; x_wconf 87' lang='lat' dir='ltr'><strong>septima</strong></span> <span class='ocrx_word' id='word_1_550' title='bbox 3406 3777 3470 3828; x_wconf 86' lang='lat' dir='ltr'><strong>ad</strong></span> <span class='ocrx_word' id='word_1_551' title='bbox 3501 3776 3783 3844; x_wconf 74' lang='lat' dir='ltr'><strong>prazsi&#39;dem</strong></span> <span class='ocrx_word' id='word_1_552' title='bbox 3809 3773 3982 3825; x_wconf 85' lang='lat' dir='ltr'><strong>Eliam</strong></span> 
     </span>
    </p>
   </div>
   <div class='ocr_carea' id='block_1_81' title="bbox 2404 3867 3983 3940">
    <p class='ocr_par' dir='ltr' id='par_1_81' title="bbox 2404 3867 3983 3940">
     <span class='ocr_line' id='line_1_81' title="bbox 2404 3867 3983 3940; baseline -0.004 -13"><span class='ocrx_word' id='word_1_553' title='bbox 2404 3874 2613 3927; x_wconf 82' lang='lat' dir='ltr'><strong>videtur</strong></span> <span class='ocrx_word' id='word_1_554' title='bbox 2644 3871 2859 3940; x_wconf 91' lang='lat' dir='ltr'><strong>scripta.</strong></span> <span class='ocrx_word' id='word_1_555' title='bbox 2910 3870 3123 3926; x_wconf 85' lang='lat' dir='ltr'><strong>Laudat</strong></span> <span class='ocrx_word' id='word_1_556' title='bbox 3155 3871 3390 3927; x_wconf 77' lang='lat' dir='ltr'><strong>Basilius</strong></span> <span class='ocrx_word' id='word_1_557' title='bbox 3435 3869 3487 3921; x_wconf 92' lang='lat' dir='ltr'><strong>in</strong></span> <span class='ocrx_word' id='word_1_558' title='bbox 3532 3867 3644 3920; x_wconf 84' lang='lat' dir='ltr'><strong>Elia</strong></span> <span class='ocrx_word' id='word_1_559' title='bbox 3669 3908 3684 3934; x_wconf 96' lang='lat'><strong>,</strong></span> <span class='ocrx_word' id='word_1_560' title='bbox 3719 3877 3777 3921; x_wconf 90' lang='lat' dir='ltr'><strong>ut</strong></span> <span class='ocrx_word' id='word_1_561' title='bbox 3820 3881 3983 3935; x_wconf 86' lang='lat' dir='ltr'><strong>supra</strong></span> 
     </span>
    </p>
   </div>
   <div class='ocr_carea' id='block_1_82' title="bbox 2406 3959 3981 4035">
    <p class='ocr_par' dir='ltr' id='par_1_82' title="bbox 2406 3959 3981 4035">
     <span class='ocr_line' id='line_1_82' title="bbox 2406 3959 3981 4035; baseline -0.003 -19"><span class='ocrx_word' id='word_1_562' title='bbox 2406 3965 2656 4028; x_wconf 89' lang='lat' dir='ltr'><strong>vidimus,</strong></span> <span class='ocrx_word' id='word_1_563' title='bbox 2697 3979 2962 4019; x_wconf 90' lang='lat' dir='ltr'><strong>summam</strong></span> <span class='ocrx_word' id='word_1_564' title='bbox 3000 3965 3054 4019; x_wconf 89' lang='lat' dir='ltr'><strong>in</strong></span> <span class='ocrx_word' id='word_1_565' title='bbox 3095 3965 3217 4035; x_wconf 90' lang='lat' dir='ltr'><strong>jure</strong></span> <span class='ocrx_word' id='word_1_566' title='bbox 3244 3961 3603 4019; x_wconf 76' lang='lat' dir='ltr'><strong>describenda</strong></span> <span class='ocrx_word' id='word_1_567' title='bbox 3635 3959 3981 4029; x_wconf 82' lang='lat' dir='ltr'><strong>aequabilita-</strong></span> 
     </span>
    </p>
   </div>
   <div class='ocr_carea' id='block_1_83' title="bbox 2406 4052 3986 4127">
    <p class='ocr_par' dir='ltr' id='par_1_83' title="bbox 2406 4052 3986 4127">
     <span class='ocr_line' id='line_1_83' title="bbox 2406 4052 3986 4127; baseline -0.002 -18"><span class='ocrx_word' id='word_1_568' title='bbox 2406 4066 2954 4127; x_wconf 60' lang='lat' dir='ltr'><strong>tem,,magnumque</strong></span> <span class='ocrx_word' id='word_1_569' title='bbox 2994 4058 3119 4113; x_wconf 78' lang='lat' dir='ltr'><strong>fidei</strong></span> <span class='ocrx_word' id='word_1_570' title='bbox 3152 4056 3434 4112; x_wconf 70' lang='lat' dir='ltr'><strong>catholica:</strong></span> <span class='ocrx_word' id='word_1_571' title='bbox 3488 4062 3545 4107; x_wconf 88' lang='lat' dir='ltr'><strong>et</strong></span> <span class='ocrx_word' id='word_1_572' title='bbox 3594 4053 3745 4123; x_wconf 89' lang='lat' dir='ltr'><strong>pacis</strong></span> <span class='ocrx_word' id='word_1_573' title='bbox 3803 4052 3986 4106; x_wconf 83' lang='lat' dir='ltr'><strong>eccle-</strong></span> 
     </span>
    </p>
   </div>
   <div class='ocr_carea' id='block_1_84' title="bbox 2400 4145 3987 4215">
    <p class='ocr_par' dir='ltr' id='par_1_84' title="bbox 2400 4145 3987 4215">
     <span class='ocr_line' id='line_1_84' title="bbox 2400 4145 3987 4215; baseline -0.003 -14"><span class='ocrx_word' id='word_1_574' title='bbox 2400 4147 2633 4203; x_wconf 68' lang='lat' dir='ltr'><strong>siastica:</strong></span> <span class='ocrx_word' id='word_1_575' title='bbox 2665 4151 2923 4203; x_wconf 89' lang='lat' dir='ltr'><strong>studium.</strong></span> <span class='ocrx_word' id='word_1_576' title='bbox 2981 4150 3159 4215; x_wconf 85' lang='lat' dir='ltr'><strong>Quare</strong></span> <span class='ocrx_word' id='word_1_577' title='bbox 3188 4163 3309 4202; x_wconf 90' lang='lat' dir='ltr'><strong>cum</strong></span> <span class='ocrx_word' id='word_1_578' title='bbox 3340 4164 3485 4214; x_wconf 91' lang='lat' dir='ltr'><strong>eum,</strong></span> <span class='ocrx_word' id='word_1_579' title='bbox 3532 4145 3600 4200; x_wconf 87' lang='lat' dir='ltr'><strong>ad</strong></span> <span class='ocrx_word' id='word_1_580' title='bbox 3648 4160 3808 4214; x_wconf 85' lang='lat' dir='ltr'><strong>quem</strong></span> <span class='ocrx_word' id='word_1_581' title='bbox 3843 4145 3987 4198; x_wconf 54' lang='lat' dir='ltr'><strong>scri-</strong></span> 
     </span>
    </p>
   </div>
   <div class='ocr_carea' id='block_1_85' title="bbox 2398 4234 3984 4307">
    <p class='ocr_par' dir='ltr' id='par_1_85' title="bbox 2398 4234 3984 4307">
     <span class='ocr_line' id='line_1_85' title="bbox 2398 4234 3984 4307; baseline -0.004 -14"><span class='ocrx_word' id='word_1_582' title='bbox 2398 4240 2477 4293; x_wconf 92' lang='lat' dir='ltr'><strong>bit</strong></span> <span class='ocrx_word' id='word_1_583' title='bbox 2531 4238 2811 4307; x_wconf 89' lang='lat' dir='ltr'><strong>epistolam</strong></span> <span class='ocrx_word' id='word_1_584' title='bbox 2838 4238 2928 4299; x_wconf 87' lang='lat'><strong>87,</strong></span> <span class='ocrx_word' id='word_1_585' title='bbox 2960 4253 3063 4291; x_wconf 92' lang='lat' dir='ltr'><strong>non</strong></span> <span class='ocrx_word' id='word_1_586' title='bbox 3110 4239 3266 4292; x_wconf 90' lang='lat' dir='ltr'><strong>modo</strong></span> <span class='ocrx_word' id='word_1_587' title='bbox 3305 4253 3408 4291; x_wconf 93' lang='lat' dir='ltr'><strong>non</strong></span> <span class='ocrx_word' id='word_1_588' title='bbox 3442 4235 3757 4306; x_wconf 85' lang='lat' dir='ltr'><strong>permittere</strong></span> <span class='ocrx_word' id='word_1_589' title='bbox 3787 4234 3984 4288; x_wconf 86' lang='lat' dir='ltr'><strong>debere</strong></span> 
     </span>
    </p>
   </div>
   <div class='ocr_carea' id='block_1_86' title="bbox 2397 4326 3982 4399">
    <p class='ocr_par' dir='ltr' id='par_1_86' title="bbox 2397 4326 3982 4399">
     <span class='ocr_line' id='line_1_86' title="bbox 2397 4326 3982 4399; baseline -0.006 -12"><span class='ocrx_word' id='word_1_590' title='bbox 2397 4333 2554 4399; x_wconf 80' lang='lat' dir='ltr'><strong>dicit,</strong></span> <span class='ocrx_word' id='word_1_591' title='bbox 2599 4332 2689 4385; x_wconf 82' lang='lat' dir='ltr'><strong>sed</strong></span> <span class='ocrx_word' id='word_1_592' title='bbox 2743 4332 2907 4385; x_wconf 90' lang='lat' dir='ltr'><strong>etiam</strong></span> <span class='ocrx_word' id='word_1_593' title='bbox 2950 4331 3075 4384; x_wconf 86' lang='lat' dir='ltr'><strong>totis</strong></span> <span class='ocrx_word' id='word_1_594' title='bbox 3126 4330 3332 4383; x_wconf 90' lang='lat' dir='ltr'><strong>viribus</strong></span> <span class='ocrx_word' id='word_1_595' title='bbox 3366 4328 3631 4397; x_wconf 88' lang='lat' dir='ltr'><strong>impedire</strong></span> <span class='ocrx_word' id='word_1_596' title='bbox 3686 4326 3982 4394; x_wconf 77' lang='lat' dir='ltr'><strong>Quominus</strong></span> 
     </span>
    </p>
   </div>
   <div class='ocr_carea' id='block_1_87' title="bbox 2396 4415 3983 4489">
    <p class='ocr_par' dir='ltr' id='par_1_87' title="bbox 2396 4415 3983 4489">
     <span class='ocr_line' id='line_1_87' title="bbox 2396 4415 3983 4489; baseline -0.007 -10"><span class='ocrx_word' id='word_1_597' title='bbox 2396 4424 2510 4480; x_wconf 76' lang='lat' dir='ltr'><strong>hazc</strong></span> <span class='ocrx_word' id='word_1_598' title='bbox 2540 4421 2966 4484; x_wconf 87' lang='lat' dir='ltr'><strong>committantur,</strong></span> <span class='ocrx_word' id='word_1_599' title='bbox 2992 4420 3223 4488; x_wconf 72' lang='lat' dir='ltr'><strong>maxime</strong></span> <span class='ocrx_word' id='word_1_600' title='bbox 3248 4420 3465 4489; x_wconf 89' lang='lat' dir='ltr'><strong>quidem</strong></span> <span class='ocrx_word' id='word_1_601' title='bbox 3504 4418 3555 4471; x_wconf 90' lang='lat' dir='ltr'><strong>in</strong></span> <span class='ocrx_word' id='word_1_602' title='bbox 3583 4432 3775 4473; x_wconf 90' lang='lat' dir='ltr'><strong>omnes</strong></span> <span class='ocrx_word' id='word_1_603' title='bbox 3804 4415 3983 4470; x_wconf 82' lang='lat' dir='ltr'><strong>homi-</strong></span> 
     </span>
    </p>
   </div>
   <div class='ocr_carea' id='block_1_88' title="bbox 2398 4513 3972 4583">
    <p class='ocr_par' dir='ltr' id='par_1_88' title="bbox 2398 4513 3972 4583">
     <span class='ocr_line' id='line_1_88' title="bbox 2398 4513 3972 4583; baseline -0.008 -12"><span class='ocrx_word' id='word_1_604' title='bbox 2398 4534 2524 4583; x_wconf 85' lang='lat' dir='ltr'><strong>nes;</strong></span> <span class='ocrx_word' id='word_1_605' title='bbox 2556 4518 2639 4571; x_wconf 87' lang='lat' dir='ltr'><strong>sin</strong></span> <span class='ocrx_word' id='word_1_606' title='bbox 2679 4515 2856 4569; x_wconf 89' lang='lat' dir='ltr'><strong>minus</strong></span> <span class='ocrx_word' id='word_1_607' title='bbox 2884 4513 3073 4568; x_wconf 89' lang='lat' dir='ltr'><strong>saltem</strong></span> <span class='ocrx_word' id='word_1_608' title='bbox 3102 4521 3290 4567; x_wconf 90' lang='lat' dir='ltr'><strong>contra</strong></span> <span class='ocrx_word' id='word_1_609' title='bbox 3319 4514 3685 4582; x_wconf 82' lang='lat' dir='ltr'><strong>presbyteros,</strong></span> <span class='ocrx_word' id='word_1_610' title='bbox 3723 4524 3811 4563; x_wconf 79' lang='lat' dir='ltr'><strong>eos</strong></span> <span class='ocrx_word' id='word_1_611' title='bbox 3837 4522 3972 4577; x_wconf 75' lang='lat' dir='ltr'><strong>prte-</strong></span> 
     </span>
    </p>
   </div>
   <div class='ocr_carea' id='block_1_89' title="bbox 720 4600 3978 4679">
    <p class='ocr_par' dir='ltr' id='par_1_89' title="bbox 720 4600 3978 4679">
     <span class='ocr_line' id='line_1_89' title="bbox 720 4600 3978 4679; baseline -0.002 -20"><span class='ocrx_word' id='word_1_612' title='bbox 720 4607 892 4674; x_wconf 67' lang='lat' dir='ltr'><strong>ipsut‘a</strong></span> <span class='ocrx_word' id='word_1_613' title='bbox 935 4606 1138 4660; x_wconf 89' lang='lat' dir='ltr'><strong>clamat</strong></span> <span class='ocrx_word' id='word_1_614' title='bbox 1172 4607 1419 4675; x_wconf 63' lang='lat' dir='ltr'><strong>praesidis</strong></span> <span class='ocrx_word' id='word_1_615' title='bbox 1456 4605 1681 4673; x_wconf 85' lang='lat' dir='ltr'><strong>factum,</strong></span> <span class='ocrx_word' id='word_1_616' title='bbox 1714 4622 1874 4676; x_wconf 89' lang='lat' dir='ltr'><strong>quem</strong></span> <span class='ocrx_word' id='word_1_617' title='bbox 1922 4608 2117 4663; x_wconf 90' lang='lat' dir='ltr'><strong>talibus</strong></span> <span class='ocrx_word' id='word_1_618' title='bbox 2154 4625 2295 4679; x_wconf 74' lang='lat' dir='ltr'><strong>pne-</strong></span> <span class='ocrx_word' id='word_1_619' title='bbox 2330 4601 2372 4654; x_wconf 82' lang='grc' dir='ltr'><strong>Ι)</strong></span> <span class='ocrx_word' id='word_1_620' title='bbox 2401 4614 2577 4665; x_wconf 83' lang='lat' dir='ltr'><strong>sertim</strong></span> <span class='ocrx_word' id='word_1_621' title='bbox 2602 4649 2615 4675; x_wconf 95' lang='lat'><strong>,</strong></span> <span class='ocrx_word' id='word_1_622' title='bbox 2649 4609 2850 4677; x_wconf 90' lang='lat' dir='ltr'><strong>inquit,</strong></span> <span class='ocrx_word' id='word_1_623' title='bbox 2882 4607 2971 4676; x_wconf 89' lang='lat' dir='ltr'><strong>qui</strong></span> <span class='ocrx_word' id='word_1_624' title='bbox 3010 4605 3153 4659; x_wconf 84' lang='lat' dir='ltr'><strong>nobis</strong></span> <span class='ocrx_word' id='word_1_625' title='bbox 3184 4605 3453 4658; x_wconf 79' lang='lat' dir='ltr'><strong>unanimes</strong></span> <span class='ocrx_word' id='word_1_626' title='bbox 3499 4615 3619 4659; x_wconf 83' lang='lat' dir='ltr'><strong>sunt</strong></span> <span class='ocrx_word' id='word_1_627' title='bbox 3656 4612 3706 4659; x_wconf 83' lang='lat' dir='ltr'><strong>et</strong></span> <span class='ocrx_word' id='word_1_628' title='bbox 3739 4600 3978 4657; x_wconf 64' lang='lat' dir='ltr'><strong>eamdem</strong></span> 
     </span>
    </p>
   </div>
   <div class='ocr_carea' id='block_1_90' title="bbox 720 4698 2289 4769">
    <p class='ocr_par' dir='ltr' id='par_1_90' title="bbox 720 4698 2289 4769">
     <span class='ocr_line' id='line_1_90' title="bbox 720 4698 2289 4769; baseline 0.002 -16"><span class='ocrx_word' id='word_1_629' title='bbox 720 4701 889 4754; x_wconf 91' lang='lat' dir='ltr'><strong>ditum</strong></span> <span class='ocrx_word' id='word_1_630' title='bbox 920 4699 1159 4755; x_wconf 87' lang='lat' dir='ltr'><strong>moribus</strong></span> <span class='ocrx_word' id='word_1_631' title='bbox 1183 4739 1199 4765; x_wconf 89' lang='lat'><strong>,</strong></span> <span class='ocrx_word' id='word_1_632' title='bbox 1234 4700 1421 4768; x_wconf 88' lang='lat' dir='ltr'><strong>quales</strong></span> <span class='ocrx_word' id='word_1_633' title='bbox 1450 4699 1710 4769; x_wconf 64' lang='lat' dir='ltr'><strong>praedicat</strong></span> <span class='ocrx_word' id='word_1_634' title='bbox 1743 4698 2008 4761; x_wconf 84' lang='lat' dir='ltr'><strong>Basilius,</strong></span> <span class='ocrx_word' id='word_1_635' title='bbox 2047 4702 2158 4754; x_wconf 85' lang='lat' dir='ltr'><strong>sola</strong></span> <span class='ocrx_word' id='word_1_636' title='bbox 2199 4718 2289 4756; x_wconf 88' lang='lat' dir='ltr'><strong>ue-</strong></span> 
     </span>
    </p>
   </div>
   <div class='ocr_carea' id='block_1_91' title="bbox 719 4790 2297 4864">
    <p class='ocr_par' dir='ltr' id='par_1_91' title="bbox 719 4790 2297 4864">
     <span class='ocr_line' id='line_1_91' title="bbox 719 4790 2297 4864; baseline 0.004 -21"><span class='ocrx_word' id='word_1_637' title='bbox 719 4791 945 4844; x_wconf 85' lang='lat' dir='ltr'><strong>cessitas</strong></span> <span class='ocrx_word' id='word_1_638' title='bbox 979 4805 1173 4860; x_wconf 80' lang='lat' dir='ltr'><strong>cogere</strong></span> <span class='ocrx_word' id='word_1_639' title='bbox 1200 4790 1395 4859; x_wconf 87' lang='lat' dir='ltr'><strong>potuit,</strong></span> <span class='ocrx_word' id='word_1_640' title='bbox 1428 4801 1487 4844; x_wconf 89' lang='lat' dir='ltr'><strong>ut</strong></span> <span class='ocrx_word' id='word_1_641' title='bbox 1512 4806 1631 4845; x_wconf 90' lang='lat' dir='ltr'><strong>cum</strong></span> <span class='ocrx_word' id='word_1_642' title='bbox 1668 4807 1798 4847; x_wconf 90' lang='lat' dir='ltr'><strong>sene</strong></span> <span class='ocrx_word' id='word_1_643' title='bbox 1842 4802 1898 4847; x_wconf 89' lang='lat' dir='ltr'><strong>et</strong></span> <span class='ocrx_word' id='word_1_644' title='bbox 1932 4793 2072 4849; x_wconf 87' lang='lat' dir='ltr'><strong>illius</strong></span> <span class='ocrx_word' id='word_1_645' title='bbox 2102 4806 2297 4864; x_wconf 92' lang='lat' dir='ltr'><strong>nepote</strong></span> 
     </span>
    </p>
   </div>
   <div class='ocr_carea' id='block_1_92' title="bbox 720 4882 2297 4955">
    <p class='ocr_par' dir='ltr' id='par_1_92' title="bbox 720 4882 2297 4955">
     <span class='ocr_line' id='line_1_92' title="bbox 720 4882 2297 4955; baseline 0.004 -21"><span class='ocrx_word' id='word_1_646' title='bbox 720 4882 908 4936; x_wconf 89' lang='lat' dir='ltr'><strong>durius</strong></span> <span class='ocrx_word' id='word_1_647' title='bbox 954 4894 1157 4953; x_wconf 85' lang='lat' dir='ltr'><strong>ageret.</strong></span> <span class='ocrx_word' id='word_1_648' title='bbox 1216 4884 1418 4939; x_wconf 88' lang='lat' dir='ltr'><strong>Deinde</strong></span> <span class='ocrx_word' id='word_1_649' title='bbox 1451 4901 1579 4940; x_wconf 88' lang='lat' dir='ltr'><strong>vero</strong></span> <span class='ocrx_word' id='word_1_650' title='bbox 1624 4900 1862 4955; x_wconf 70' lang='lat' dir='ltr'><strong>praeses,</strong></span> <span class='ocrx_word' id='word_1_651' title='bbox 1910 4887 1993 4940; x_wconf 92' lang='lat' dir='ltr'><strong>cui</strong></span> <span class='ocrx_word' id='word_1_652' title='bbox 2046 4902 2207 4943; x_wconf 79' lang='lat' dir='ltr'><strong>senex</strong></span> <span class='ocrx_word' id='word_1_653' title='bbox 2241 4897 2297 4943; x_wconf 92' lang='lat' dir='ltr'><strong>et</strong></span> 
     </span>
    </p>
   </div>
   <div class='ocr_carea' id='block_1_93' title="bbox 721 4978 2293 5054">
    <p class='ocr_par' dir='ltr' id='par_1_93' title="bbox 721 4978 2293 5054">
     <span class='ocr_line' id='line_1_93' title="bbox 721 4978 2293 5054; baseline 0.004 -27"><span class='ocrx_word' id='word_1_654' title='bbox 721 4992 852 5045; x_wconf 89' lang='lat' dir='ltr'><strong>puer</strong></span> <span class='ocrx_word' id='word_1_655' title='bbox 884 4978 1334 5031; x_wconf 89' lang='lat' dir='ltr'><strong>commendantur</strong></span> <span class='ocrx_word' id='word_1_656' title='bbox 1363 5019 1378 5043; x_wconf 96' lang='lat'><strong>,</strong></span> <span class='ocrx_word' id='word_1_657' title='bbox 1424 4979 1631 5033; x_wconf 88' lang='lat' dir='ltr'><strong>amicus</strong></span> <span class='ocrx_word' id='word_1_658' title='bbox 1683 4988 1802 5032; x_wconf 89' lang='lat' dir='ltr'><strong>erat</strong></span> <span class='ocrx_word' id='word_1_659' title='bbox 1847 4978 2069 5054; x_wconf 80' lang='lat' dir='ltr'><strong>Basilii,</strong></span> <span class='ocrx_word' id='word_1_660' title='bbox 2120 4988 2178 5033; x_wconf 90' lang='lat' dir='ltr'><strong>ut</strong></span> <span class='ocrx_word' id='word_1_661' title='bbox 2228 4994 2293 5033; x_wconf 80' lang='lat' dir='ltr'><strong>ex</strong></span> 
     </span>
    </p>
   </div>
   <div class='ocr_carea' id='block_1_94' title="bbox 719 5070 2299 5139">
    <p class='ocr_par' dir='ltr' id='par_1_94' title="bbox 719 5070 2299 5139">
     <span class='ocr_line' id='line_1_94' title="bbox 719 5070 2299 5139; baseline 0 -17"><span class='ocrx_word' id='word_1_662' title='bbox 719 5071 874 5123; x_wconf 90' lang='lat' dir='ltr'><strong>initio</strong></span> <span class='ocrx_word' id='word_1_663' title='bbox 907 5078 961 5123; x_wconf 88' lang='lat' dir='ltr'><strong>et</strong></span> <span class='ocrx_word' id='word_1_664' title='bbox 1007 5070 1110 5123; x_wconf 89' lang='lat' dir='ltr'><strong>line</strong></span> <span class='ocrx_word' id='word_1_665' title='bbox 1150 5070 1391 5138; x_wconf 83' lang='lat' dir='ltr'><strong>epistolae</strong></span> <span class='ocrx_word' id='word_1_666' title='bbox 1432 5083 1611 5139; x_wconf 82' lang='lat' dir='ltr'><strong>patet,</strong></span> <span class='ocrx_word' id='word_1_667' title='bbox 1644 5086 1709 5126; x_wconf 92' lang='lat' dir='ltr'><strong>ac</strong></span> <span class='ocrx_word' id='word_1_668' title='bbox 1746 5086 1956 5124; x_wconf 89' lang='lat' dir='ltr'><strong>summa</strong></span> <span class='ocrx_word' id='word_1_669' title='bbox 1988 5070 2039 5124; x_wconf 93' lang='lat' dir='ltr'><strong>in</strong></span> <span class='ocrx_word' id='word_1_670' title='bbox 2062 5071 2184 5139; x_wconf 87' lang='lat' dir='ltr'><strong>jure</strong></span> <span class='ocrx_word' id='word_1_671' title='bbox 2213 5075 2299 5124; x_wconf 70' lang='lat' dir='ltr'><strong>de.-</strong></span> 
     </span>
    </p>
   </div>
   <div class='ocr_carea' id='block_1_95' title="bbox 721 5161 2295 5230">
    <p class='ocr_par' dir='ltr' id='par_1_95' title="bbox 721 5161 2295 5230">
     <span class='ocr_line' id='line_1_95' title="bbox 721 5161 2295 5230; baseline -0.001 -15"><span class='ocrx_word' id='word_1_672' title='bbox 721 5161 1005 5215; x_wconf 79' lang='lat' dir='ltr'><strong>scribendo</strong></span> <span class='ocrx_word' id='word_1_673' title='bbox 1037 5170 1089 5214; x_wconf 92' lang='lat' dir='ltr'><strong>et</strong></span> <span class='ocrx_word' id='word_1_674' title='bbox 1125 5162 1463 5217; x_wconf 87' lang='lat' dir='ltr'><strong>calamitosis</strong></span> <span class='ocrx_word' id='word_1_675' title='bbox 1505 5162 1757 5230; x_wconf 90' lang='lat' dir='ltr'><strong>juvandis</strong></span> <span class='ocrx_word' id='word_1_676' title='bbox 1813 5163 2142 5217; x_wconf 85' lang='lat' dir='ltr'><strong>constantia.</strong></span> <span class='ocrx_word' id='word_1_677' title='bbox 2198 5161 2295 5215; x_wconf 78' lang='lat' dir='ltr'><strong>Mi-</strong></span> 
     </span>
    </p>
   </div>
   <div class='ocr_carea' id='block_1_96' title="bbox 722 5254 2293 5322">
    <p class='ocr_par' dir='ltr' id='par_1_96' title="bbox 722 5254 2293 5322">
     <span class='ocr_line' id='line_1_96' title="bbox 722 5254 2293 5322; baseline 0.001 -16"><span class='ocrx_word' id='word_1_678' title='bbox 722 5254 869 5307; x_wconf 82' lang='lat' dir='ltr'><strong>rifice</strong></span> <span class='ocrx_word' id='word_1_679' title='bbox 894 5254 1007 5308; x_wconf 68' lang='lat' dir='ltr'><strong>hinc</strong></span> <span class='ocrx_word' id='word_1_680' title='bbox 1040 5254 1311 5322; x_wconf 89' lang='lat' dir='ltr'><strong>quadrant</strong></span> <span class='ocrx_word' id='word_1_681' title='bbox 1363 5270 1486 5309; x_wconf 89' lang='lat' dir='ltr'><strong>cum</strong></span> <span class='ocrx_word' id='word_1_682' title='bbox 1531 5256 1702 5310; x_wconf 90' lang='lat' dir='ltr'><strong>libero</strong></span> <span class='ocrx_word' id='word_1_683' title='bbox 1732 5254 1861 5308; x_wconf 73' lang='lat' dir='ltr'><strong>Elite</strong></span> <span class='ocrx_word' id='word_1_684' title='bbox 1891 5264 1945 5308; x_wconf 91' lang='lat' dir='ltr'><strong>et</strong></span> <span class='ocrx_word' id='word_1_685' title='bbox 1996 5255 2179 5309; x_wconf 81' lang='lat' dir='ltr'><strong>nescio</strong></span> <span class='ocrx_word' id='word_1_686' title='bbox 2210 5270 2293 5308; x_wconf 88' lang='lat' dir='ltr'><strong>as-</strong></span> 
     </span>
    </p>
   </div>
   <div class='ocr_carea' id='block_1_97' title="bbox 718 5348 2289 5415">
    <p class='ocr_par' dir='ltr' id='par_1_97' title="bbox 718 5348 2289 5415">
     <span class='ocr_line' id='line_1_97' title="bbox 718 5348 2289 5415; baseline 0.002 -15"><span class='ocrx_word' id='word_1_687' title='bbox 718 5349 1038 5403; x_wconf 86' lang='lat' dir='ltr'><strong>sentatiouis</strong></span> <span class='ocrx_word' id='word_1_688' title='bbox 1070 5353 1266 5402; x_wconf 89' lang='lat' dir='ltr'><strong>animo.</strong></span> <span class='ocrx_word' id='word_1_689' title='bbox 1296 5348 1507 5415; x_wconf 84' lang='lat' dir='ltr'><strong>Quibus</strong></span> <span class='ocrx_word' id='word_1_690' title='bbox 1550 5351 1801 5405; x_wconf 89' lang='lat' dir='ltr'><strong>laudibus</strong></span> <span class='ocrx_word' id='word_1_691' title='bbox 1832 5352 1876 5403; x_wconf 92' lang='lat' dir='ltr'><strong>si</strong></span> <span class='ocrx_word' id='word_1_692' title='bbox 1912 5350 2080 5403; x_wconf 89' lang='lat' dir='ltr'><strong>addas</strong></span> <span class='ocrx_word' id='word_1_693' title='bbox 2107 5349 2289 5403; x_wconf 88' lang='lat' dir='ltr'><strong>Basilii</strong></span> 
     </span>
    </p>
   </div>
   <div class='ocr_carea' id='block_1_98' title="bbox 717 5442 2292 5512">
    <p class='ocr_par' dir='ltr' id='par_1_98' title="bbox 717 5442 2292 5512">
     <span class='ocr_line' id='line_1_98' title="bbox 717 5442 2292 5512; baseline 0 -20"><span class='ocrx_word' id='word_1_694' title='bbox 717 5453 924 5504; x_wconf 90' lang='lat' dir='ltr'><strong>votum,</strong></span> <span class='ocrx_word' id='word_1_695' title='bbox 953 5445 1092 5512; x_wconf 82' lang='lat' dir='ltr'><strong>quod</strong></span> <span class='ocrx_word' id='word_1_696' title='bbox 1134 5445 1342 5509; x_wconf 80' lang='lat' dir='ltr'><strong>prtesidi</strong></span> <span class='ocrx_word' id='word_1_697' title='bbox 1373 5444 1439 5496; x_wconf 91' lang='lat' dir='ltr'><strong>ab</strong></span> <span class='ocrx_word' id='word_1_698' title='bbox 1468 5445 1725 5497; x_wconf 88' lang='lat' dir='ltr'><strong>omnibus</strong></span> <span class='ocrx_word' id='word_1_699' title='bbox 1763 5444 1907 5497; x_wconf 90' lang='lat' dir='ltr'><strong>illius</strong></span> <span class='ocrx_word' id='word_1_700' title='bbox 1948 5442 2292 5494; x_wconf 84' lang='lat' dir='ltr'><strong>administra-</strong></span> 
     </span>
    </p>
   </div>
   <div class='ocr_carea' id='block_1_99' title="bbox 719 5534 2293 5604">
    <p class='ocr_par' dir='ltr' id='par_1_99' title="bbox 719 5534 2293 5604">
     <span class='ocr_line' id='line_1_99' title="bbox 719 5534 2293 5604; baseline 0.002 -20"><span class='ocrx_word' id='word_1_701' title='bbox 719 5534 917 5587; x_wconf 89' lang='lat' dir='ltr'><strong>tionem</strong></span> <span class='ocrx_word' id='word_1_702' title='bbox 954 5536 1187 5604; x_wconf 85' lang='lat' dir='ltr'><strong>expertis</strong></span> <span class='ocrx_word' id='word_1_703' title='bbox 1230 5534 1413 5590; x_wconf 87' lang='lat' dir='ltr'><strong>deberi</strong></span> <span class='ocrx_word' id='word_1_704' title='bbox 1450 5536 1600 5598; x_wconf 91' lang='lat' dir='ltr'><strong>dicit,</strong></span> <span class='ocrx_word' id='word_1_705' title='bbox 1642 5547 1695 5589; x_wconf 83' lang='lat' dir='ltr'><strong>ut</strong></span> <span class='ocrx_word' id='word_1_706' title='bbox 1738 5538 1878 5589; x_wconf 86' lang='lat' dir='ltr'><strong>omni</strong></span> <span class='ocrx_word' id='word_1_707' title='bbox 1908 5536 2173 5589; x_wconf 81' lang='lat' dir='ltr'><strong>hominum</strong></span> <span class='ocrx_word' id='word_1_708' title='bbox 2206 5552 2293 5602; x_wconf 63' lang='lat' dir='ltr'><strong>ge-</strong></span> 
     </span>
    </p>
   </div>
   <div class='ocr_carea' id='block_1_100' title="bbox 716 5625 2283 5695">
    <p class='ocr_par' dir='ltr' id='par_1_100' title="bbox 716 5625 2283 5695">
     <span class='ocr_line' id='line_1_100' title="bbox 716 5625 2283 5695; baseline 0 -18"><span class='ocrx_word' id='word_1_709' title='bbox 716 5625 826 5677; x_wconf 81' lang='lat' dir='ltr'><strong>neri</strong></span> <span class='ocrx_word' id='word_1_710' title='bbox 854 5627 1201 5689; x_wconf 73' lang='lat' dir='ltr'><strong>custodiatur,</strong></span> <span class='ocrx_word' id='word_1_711' title='bbox 1237 5627 1573 5695; x_wconf 75' lang='lat' dir='ltr'><strong>prwfecturas</strong></span> <span class='ocrx_word' id='word_1_712' title='bbox 1614 5642 1676 5679; x_wconf 81' lang='lat' dir='ltr'><strong>ea:</strong></span> <span class='ocrx_word' id='word_1_713' title='bbox 1705 5628 2042 5694; x_wconf 59' lang='lat' dir='ltr'><strong>prayfecturis</strong></span> <span class='ocrx_word' id='word_1_714' title='bbox 2079 5642 2283 5695; x_wconf 83' lang='lat' dir='ltr'><strong>gerem,</strong></span> 
     </span>
    </p>
   </div>
   <div class='ocr_carea' id='block_1_101' title="bbox 716 5714 2286 5788">
    <p class='ocr_par' dir='ltr' id='par_1_101' title="bbox 716 5714 2286 5788">
     <span class='ocr_line' id='line_1_101' title="bbox 716 5714 2286 5788; baseline 0.002 -20"><span class='ocrx_word' id='word_1_715' title='bbox 716 5726 762 5768; x_wconf 83' lang='lat' dir='ltr'><strong>et</strong></span> <span class='ocrx_word' id='word_1_716' title='bbox 788 5714 920 5769; x_wconf 83' lang='lat' dir='ltr'><strong>alios</strong></span> <span class='ocrx_word' id='word_1_717' title='bbox 970 5733 1125 5788; x_wconf 70' lang='lat' dir='ltr'><strong>atque</strong></span> <span class='ocrx_word' id='word_1_718' title='bbox 1160 5719 1287 5773; x_wconf 85' lang='lat' dir='ltr'><strong>alios</strong></span> <span class='ocrx_word' id='word_1_719' title='bbox 1336 5737 1431 5773; x_wconf 85' lang='lat' dir='ltr'><strong>sua</strong></span> <span class='ocrx_word' id='word_1_720' title='bbox 1474 5719 1935 5774; x_wconf 75' lang='lat' dir='ltr'><strong>administratione</strong></span> <span class='ocrx_word' id='word_1_721' title='bbox 1984 5718 2286 5787; x_wconf 81' lang='lat' dir='ltr'><strong>adjuraus;</strong></span> 
     </span>
    </p>
   </div>
   <div class='ocr_carea' id='block_1_102' title="bbox 778 5894 1095 5966">
    <p class='ocr_par' dir='ltr' id='par_1_102' title="bbox 778 5894 1095 5966">
     <span class='ocr_line' id='line_1_102' title="bbox 778 5894 1095 5966; baseline 0.013 -17"><span class='ocrx_word' id='word_1_722' title='bbox 778 5894 852 5966; x_wconf 81' lang='grc' dir='ltr'><strong>(α)</strong></span> <span class='ocrx_word' id='word_1_723' title='bbox 885 5895 979 5965; x_wconf 66' lang='lat' dir='ltr'><strong>Ep.</strong></span> <span class='ocrx_word' id='word_1_724' title='bbox 1009 5896 1095 5955; x_wconf 74' lang='grc' dir='ltr'><strong>εδ.</strong></span> 
     </span>
    </p>
   </div>
   <div class='ocr_carea' id='block_1_103' title="bbox 2397 4694 3977 4771">
    <p class='ocr_par' dir='ltr' id='par_1_103' title="bbox 2397 4694 3977 4771">
     <span class='ocr_line' id='line_1_103' title="bbox 2397 4694 3977 4771; baseline -0.004 -17"><span class='ocrx_word' id='word_1_725' title='bbox 2397 4703 2609 4771; x_wconf 80' lang='lat' dir='ltr'><strong>pietatis</strong></span> <span class='ocrx_word' id='word_1_726' title='bbox 2645 4704 2779 4755; x_wconf 76' lang='lat' dir='ltr'><strong>viam</strong></span> <span class='ocrx_word' id='word_1_727' title='bbox 2814 4702 3036 4763; x_wconf 87' lang='lat' dir='ltr'><strong>ineunt;</strong></span> <span class='ocrx_word' id='word_1_728' title='bbox 3076 4697 3209 4762; x_wconf 62' lang='lat' dir='ltr'><strong>haec,</strong></span> <span class='ocrx_word' id='word_1_729' title='bbox 3257 4697 3498 4765; x_wconf 89' lang='lat' dir='ltr'><strong>inquam,</strong></span> <span class='ocrx_word' id='word_1_730' title='bbox 3530 4711 3651 4751; x_wconf 90' lang='lat' dir='ltr'><strong>cum</strong></span> <span class='ocrx_word' id='word_1_731' title='bbox 3683 4694 3834 4761; x_wconf 89' lang='lat' dir='ltr'><strong>dicit,</strong></span> <span class='ocrx_word' id='word_1_732' title='bbox 3867 4707 3977 4747; x_wconf 87' lang='lat' dir='ltr'><strong>non</strong></span> 
     </span>
    </p>
   </div>
   <div class='ocr_carea' id='block_1_104' title="bbox 2398 4788 3975 4859">
    <p class='ocr_par' dir='ltr' id='par_1_104' title="bbox 2398 4788 3975 4859">
     <span class='ocr_line' id='line_1_104' title="bbox 2398 4788 3975 4859; baseline -0.003 -12"><span class='ocrx_word' id='word_1_733' title='bbox 2398 4795 2562 4847; x_wconf 89' lang='lat' dir='ltr'><strong>alium</strong></span> <span class='ocrx_word' id='word_1_734' title='bbox 2612 4795 2825 4848; x_wconf 89' lang='lat' dir='ltr'><strong>videtur</strong></span> <span class='ocrx_word' id='word_1_735' title='bbox 2875 4791 3076 4859; x_wconf 89' lang='lat' dir='ltr'><strong>alloqui</strong></span> <span class='ocrx_word' id='word_1_736' title='bbox 3136 4805 3296 4859; x_wconf 90' lang='lat' dir='ltr'><strong>quam</strong></span> <span class='ocrx_word' id='word_1_737' title='bbox 3342 4790 3533 4845; x_wconf 85' lang='lat' dir='ltr'><strong>Eliam.</strong></span> <span class='ocrx_word' id='word_1_738' title='bbox 3597 4790 3782 4858; x_wconf 82' lang='lat' dir='ltr'><strong>Neque</strong></span> <span class='ocrx_word' id='word_1_739' title='bbox 3829 4788 3975 4843; x_wconf 90' lang='lat' dir='ltr'><strong>enim</strong></span> 
     </span>
    </p>
   </div>
   <div class='ocr_carea' id='block_1_105' title="bbox 2401 4881 3973 4954">
    <p class='ocr_par' dir='ltr' id='par_1_105' title="bbox 2401 4881 3973 4954">
     <span class='ocr_line' id='line_1_105' title="bbox 2401 4881 3973 4954; baseline -0.003 -15"><span class='ocrx_word' id='word_1_740' title='bbox 2401 4887 2563 4939; x_wconf 83' lang='lat' dir='ltr'><strong>alium</strong></span> <span class='ocrx_word' id='word_1_741' title='bbox 2596 4887 2857 4940; x_wconf 86' lang='lat' dir='ltr'><strong>habemus</strong></span> <span class='ocrx_word' id='word_1_742' title='bbox 2892 4884 3247 4954; x_wconf 68' lang='lat' dir='ltr'><strong>Cappadociae</strong></span> <span class='ocrx_word' id='word_1_743' title='bbox 3286 4884 3591 4953; x_wconf 66' lang='lat' dir='ltr'><strong>praesidem,</strong></span> <span class='ocrx_word' id='word_1_744' title='bbox 3631 4881 3773 4951; x_wconf 88' lang='lat' dir='ltr'><strong>apud</strong></span> <span class='ocrx_word' id='word_1_745' title='bbox 3805 4896 3973 4951; x_wconf 88' lang='lat' dir='ltr'><strong>quem</strong></span> 
     </span>
    </p>
   </div>
   <div class='ocr_carea' id='block_1_106' title="bbox 2402 4973 3974 5047">
    <p class='ocr_par' dir='ltr' id='par_1_106' title="bbox 2402 4973 3974 5047">
     <span class='ocr_line' id='line_1_106' title="bbox 2402 4973 3974 5047; baseline -0.004 -13"><span class='ocrx_word' id='word_1_746' title='bbox 2402 4980 2517 5034; x_wconf 37' lang='lat' dir='ltr'><strong>bare</strong></span> <span class='ocrx_word' id='word_1_747' title='bbox 2550 4978 2975 5047; x_wconf 84' lang='lat' dir='ltr'><strong>reprehendendi</strong></span> <span class='ocrx_word' id='word_1_748' title='bbox 3005 4985 3059 5031; x_wconf 87' lang='lat' dir='ltr'><strong>et</strong></span> <span class='ocrx_word' id='word_1_749' title='bbox 3107 4976 3519 5031; x_wconf 87' lang='lat' dir='ltr'><strong>commendandi</strong></span> <span class='ocrx_word' id='word_1_750' title='bbox 3555 4976 3694 5028; x_wconf 89' lang='lat' dir='ltr'><strong>ratio</strong></span> <span class='ocrx_word' id='word_1_751' title='bbox 3724 4973 3974 5028; x_wconf 88' lang='lat' dir='ltr'><strong>adhiberi</strong></span> 
     </span>
    </p>
   </div>
   <div class='ocr_carea' id='block_1_107' title="bbox 2399 5064 3974 5140">
    <p class='ocr_par' dir='ltr' id='par_1_107' title="bbox 2399 5064 3974 5140">
     <span class='ocr_line' id='line_1_107' title="bbox 2399 5064 3974 5140; baseline -0.001 -18"><span class='ocrx_word' id='word_1_752' title='bbox 2399 5071 2662 5140; x_wconf 88' lang='lat' dir='ltr'><strong>potuerit.</strong></span> <span class='ocrx_word' id='word_1_753' title='bbox 2698 5069 3038 5138; x_wconf 87' lang='lat' dir='ltr'><strong>Perspicitur</strong></span> <span class='ocrx_word' id='word_1_754' title='bbox 3074 5069 3237 5122; x_wconf 90' lang='lat' dir='ltr'><strong>etiam</strong></span> <span class='ocrx_word' id='word_1_755' title='bbox 3295 5082 3361 5122; x_wconf 89' lang='lat' dir='ltr'><strong>ex</strong></span> <span class='ocrx_word' id='word_1_756' title='bbox 3408 5068 3601 5122; x_wconf 85' lang='lat' dir='ltr'><strong>iisdem</strong></span> <span class='ocrx_word' id='word_1_757' title='bbox 3646 5067 3826 5121; x_wconf 86' lang='lat' dir='ltr'><strong>verbis</strong></span> <span class='ocrx_word' id='word_1_758' title='bbox 3868 5064 3974 5120; x_wconf 81' lang='lat' dir='ltr'><strong>alia</strong></span> 
     </span>
    </p>
   </div>
   <div class='ocr_carea' id='block_1_108' title="bbox 2397 5159 3612 5225">
    <p class='ocr_par' dir='ltr' id='par_1_108' title="bbox 2397 5159 3612 5225">
     <span class='ocr_line' id='line_1_108' title="bbox 2397 5159 3612 5225; baseline -0.002 -11"><span class='ocrx_word' id='word_1_759' title='bbox 2397 5162 2515 5215; x_wconf 90' lang='lat' dir='ltr'><strong>laus</strong></span> <span class='ocrx_word' id='word_1_760' title='bbox 2543 5161 2694 5225; x_wconf 71' lang='lat' dir='ltr'><strong>Elite,</strong></span> <span class='ocrx_word' id='word_1_761' title='bbox 2729 5175 2938 5215; x_wconf 90' lang='lat' dir='ltr'><strong>summa</strong></span> <span class='ocrx_word' id='word_1_762' title='bbox 2972 5177 3095 5215; x_wconf 88' lang='lat' dir='ltr'><strong>cmn</strong></span> <span class='ocrx_word' id='word_1_763' title='bbox 3128 5159 3326 5214; x_wconf 88' lang='lat' dir='ltr'><strong>Basilio</strong></span> <span class='ocrx_word' id='word_1_764' title='bbox 3355 5159 3612 5213; x_wconf 88' lang='lat' dir='ltr'><strong>amicitia.</strong></span> 
     </span>
    </p>
   </div>
   <div class='ocr_carea' id='block_1_109' title="bbox 2472 5250 3972 5322">
    <p class='ocr_par' dir='ltr' id='par_1_109' title="bbox 2472 5250 3972 5322">
     <span class='ocr_line' id='line_1_109' title="bbox 2472 5250 3972 5322; baseline -0.001 -17"><span class='ocrx_word' id='word_1_765' title='bbox 2472 5254 2527 5306; x_wconf 92' lang='lat' dir='ltr'><strong>In</strong></span> <span class='ocrx_word' id='word_1_766' title='bbox 2577 5254 2824 5322; x_wconf 90' lang='lat' dir='ltr'><strong>sequenti</strong></span> <span class='ocrx_word' id='word_1_767' title='bbox 2879 5253 3105 5322; x_wconf 88' lang='lat' dir='ltr'><strong>epistola</strong></span> <span class='ocrx_word' id='word_1_768' title='bbox 3150 5251 3217 5305; x_wconf 88' lang='lat'><strong>88</strong></span> <span class='ocrx_word' id='word_1_769' title='bbox 3264 5250 3419 5305; x_wconf 82' lang='lat' dir='ltr'><strong>facile</strong></span> <span class='ocrx_word' id='word_1_770' title='bbox 3465 5250 3777 5321; x_wconf 88' lang='lat' dir='ltr'><strong>agnoscitur</strong></span> <span class='ocrx_word' id='word_1_771' title='bbox 3830 5251 3972 5306; x_wconf 91' lang='lat' dir='ltr'><strong>idem</strong></span> 
     </span>
    </p>
   </div>
   <div class='ocr_carea' id='block_1_110' title="bbox 2400 5343 3974 5415">
    <p class='ocr_par' dir='ltr' id='par_1_110' title="bbox 2400 5343 3974 5415">
     <span class='ocr_line' id='line_1_110' title="bbox 2400 5343 3974 5415; baseline -0.001 -16"><span class='ocrx_word' id='word_1_772' title='bbox 2400 5344 2577 5410; x_wconf 86' lang='lat' dir='ltr'><strong>Elias,</strong></span> <span class='ocrx_word' id='word_1_773' title='bbox 2612 5346 2703 5415; x_wconf 87' lang='lat' dir='ltr'><strong>qui</strong></span> <span class='ocrx_word' id='word_1_774' title='bbox 2766 5362 2861 5413; x_wconf 91' lang='lat' dir='ltr'><strong>pro</strong></span> <span class='ocrx_word' id='word_1_775' title='bbox 2908 5359 3118 5399; x_wconf 80' lang='lat' dir='ltr'><strong>summa</strong></span> <span class='ocrx_word' id='word_1_776' title='bbox 3168 5358 3263 5397; x_wconf 92' lang='lat' dir='ltr'><strong>sua</strong></span> <span class='ocrx_word' id='word_1_777' title='bbox 3329 5343 3660 5397; x_wconf 88' lang='lat' dir='ltr'><strong>humanitate</strong></span> <span class='ocrx_word' id='word_1_778' title='bbox 3712 5346 3974 5398; x_wconf 79' lang='lat' dir='ltr'><strong>hactenus</strong></span> 
     </span>
    </p>
   </div>
   <div class='ocr_carea' id='block_1_111' title="bbox 2404 5435 3973 5507">
    <p class='ocr_par' dir='ltr' id='par_1_111' title="bbox 2404 5435 3973 5507">
     <span class='ocr_line' id='line_1_111' title="bbox 2404 5435 3973 5507; baseline -0.002 -15"><span class='ocrx_word' id='word_1_779' title='bbox 2404 5438 2780 5507; x_wconf 85' lang='lat' dir='ltr'><strong>Cappadocum</strong></span> <span class='ocrx_word' id='word_1_780' title='bbox 2811 5438 3066 5492; x_wconf 86' lang='lat' dir='ltr'><strong>misertus</strong></span> <span class='ocrx_word' id='word_1_781' title='bbox 3092 5446 3230 5501; x_wconf 88' lang='lat' dir='ltr'><strong>erat,</strong></span> <span class='ocrx_word' id='word_1_782' title='bbox 3261 5447 3315 5490; x_wconf 90' lang='lat' dir='ltr'><strong>et</strong></span> <span class='ocrx_word' id='word_1_783' title='bbox 3345 5450 3464 5489; x_wconf 75' lang='lat' dir='ltr'><strong>eum</strong></span> <span class='ocrx_word' id='word_1_784' title='bbox 3499 5436 3602 5489; x_wconf 91' lang='lat' dir='ltr'><strong>illis</strong></span> <span class='ocrx_word' id='word_1_785' title='bbox 3636 5435 3973 5506; x_wconf 80' lang='lat' dir='ltr'><strong>indulgenter</strong></span> 
     </span>
    </p>
   </div>
   <div class='ocr_carea' id='block_1_112' title="bbox 2402 5530 3974 5601">
    <p class='ocr_par' dir='ltr' id='par_1_112' title="bbox 2402 5530 3974 5601">
     <span class='ocr_line' id='line_1_112' title="bbox 2402 5530 3974 5601; baseline -0.004 -13"><span class='ocrx_word' id='word_1_786' title='bbox 2402 5541 2621 5601; x_wconf 80' lang='lat' dir='ltr'><strong>egerat,</strong></span> <span class='ocrx_word' id='word_1_787' title='bbox 2656 5548 2911 5601; x_wconf 84' lang='lat' dir='ltr'><strong>nusquam</strong></span> <span class='ocrx_word' id='word_1_788' title='bbox 2964 5550 2995 5585; x_wconf 92' lang='lat' dir='ltr'><strong>a</strong></span> <span class='ocrx_word' id='word_1_789' title='bbox 3040 5531 3140 5584; x_wconf 86' lang='lat' dir='ltr'><strong>leni</strong></span> <span class='ocrx_word' id='word_1_790' title='bbox 3186 5530 3276 5583; x_wconf 84' lang='lat' dir='ltr'><strong>illo</strong></span> <span class='ocrx_word' id='word_1_791' title='bbox 3318 5547 3522 5583; x_wconf 85' lang='lat' dir='ltr'><strong>morum</strong></span> <span class='ocrx_word' id='word_1_792' title='bbox 3575 5546 3788 5583; x_wconf 85' lang='lat' dir='ltr'><strong>suorum</strong></span> <span class='ocrx_word' id='word_1_793' title='bbox 3833 5540 3974 5582; x_wconf 78' lang='lat' dir='ltr'><strong>statu</strong></span> 
     </span>
    </p>
   </div>
   <div class='ocr_carea' id='block_1_113' title="bbox 2400 5620 3975 5687">
    <p class='ocr_par' dir='ltr' id='par_1_113' title="bbox 2400 5620 3975 5687">
     <span class='ocr_line' id='line_1_113' title="bbox 2400 5620 3975 5687; baseline -0.002 -10"><span class='ocrx_word' id='word_1_794' title='bbox 2400 5627 2667 5678; x_wconf 79' lang='lat' dir='ltr'><strong>discedens</strong></span> <span class='ocrx_word' id='word_1_795' title='bbox 2720 5627 2780 5677; x_wconf 91' lang='lat' dir='ltr'><strong>ob</strong></span> <span class='ocrx_word' id='word_1_796' title='bbox 2825 5634 3013 5677; x_wconf 87' lang='lat' dir='ltr'><strong>metum</strong></span> <span class='ocrx_word' id='word_1_797' title='bbox 3058 5640 3275 5687; x_wconf 70' lang='lat' dir='ltr'><strong>eorum,</strong></span> <span class='ocrx_word' id='word_1_798' title='bbox 3330 5640 3450 5686; x_wconf 75' lang='lat' dir='ltr'><strong>qua:</strong></span> <span class='ocrx_word' id='word_1_799' title='bbox 3506 5640 3536 5675; x_wconf 87' lang='lat' dir='ltr'><strong>a</strong></span> <span class='ocrx_word' id='word_1_800' title='bbox 3581 5620 3975 5675; x_wconf 75' lang='lat' dir='ltr'><strong>sublimioribus</strong></span> 
     </span>
    </p>
   </div>
   <div class='ocr_carea' id='block_1_114' title="bbox 2397 5714 3975 5787">
    <p class='ocr_par' dir='ltr' id='par_1_114' title="bbox 2397 5714 3975 5787">
     <span class='ocr_line' id='line_1_114' title="bbox 2397 5714 3975 5787; baseline -0.003 -16"><span class='ocrx_word' id='word_1_801' title='bbox 2397 5717 2738 5787; x_wconf 78' lang='lat' dir='ltr'><strong>potestatibus</strong></span> <span class='ocrx_word' id='word_1_802' title='bbox 2765 5716 3119 5773; x_wconf 80' lang='lat' dir='ltr'><strong>imminebant.</strong></span> <span class='ocrx_word' id='word_1_803' title='bbox 3154 5715 3392 5785; x_wconf 87' lang='lat' dir='ltr'><strong>Tempus</strong></span> <span class='ocrx_word' id='word_1_804' title='bbox 3423 5716 3586 5770; x_wconf 90' lang='lat' dir='ltr'><strong>etiam</strong></span> <span class='ocrx_word' id='word_1_805' title='bbox 3618 5714 3820 5769; x_wconf 86' lang='lat' dir='ltr'><strong>ootime</strong></span> <span class='ocrx_word' id='word_1_806' title='bbox 3851 5728 3975 5768; x_wconf 88' lang='lat' dir='ltr'><strong>con-</strong></span> 
     </span>
    </p>
   </div>
   <div class='ocr_carea' id='block_1_115' title="bbox 2474 5896 2773 5965">
    <p class='ocr_par' dir='ltr' id='par_1_115' title="bbox 2474 5896 2773 5965">
     <span class='ocr_line' id='line_1_115' title="bbox 2474 5896 2773 5965; baseline 0.003 -15"><span class='ocrx_word' id='word_1_807' title='bbox 2474 5899 2522 5965; x_wconf 91' lang='lat' dir='ltr'><strong>b)</strong></span> <span class='ocrx_word' id='word_1_808' title='bbox 2558 5896 2656 5960; x_wconf 83' lang='lat' dir='ltr'><strong>Ep.</strong></span> <span class='ocrx_word' id='word_1_809' title='bbox 2688 5896 2773 5952; x_wconf 86' lang='lat'><strong>86.</strong></span> 
     </span>
    </p>
   </div>
  </div>
