4214 6550
1569 493 1729 549 VI'I'A
1773 493 1829 550 S.
1862 490 2015 547 BASI
2029 490 2134 545 LII.

3272 506 3490 548 ιιι-ιχκή

230 618 350 690 gruit.
390 616 536 670 Nam
581 617 849 687 plerique
891 617 1299 688 magistratuum
1340 624 1496 670 erant
1541 616 1591 668 in
1632 615 1795 684 agris.
1830 618 1870 673 Α
1905 612 2103 670 nianis,
2161 608 2245 679 qui
2294 624 2355 663 eo
2397 610 2612 664 nomine
2644 616 2863 662 vocatur
2908 608 2961 663 in
3001 607 3225 676 epistola
3267 609 3489 665 Liberii'.

234 712 326 765 illuc
348 712 491 765 enim
526 720 917 774 secesserant,
973 719 1028 762 ut
1057 710 1289 763 vidimus
1326 710 1379 761 in
1427 706 1797 776 superioribus

234 804 435 873 epistolis
469 804 577 873 (η),
622 805 875 857 animum
905 804 955 855 in
989 812 1063 855 tot
1099 801 1353 855 aerumnis
1382 800 1794 868 despondentes.

236 898 337 952 Cum
366 908 550 950 autem
594 904 1061 965 appropinquaret
1105 904 1349 963 tempus,
1399 894 1539 961 quod
1585 892 1651 945 ad
1690 890 1799 944 sol-

238 991 433 1045 vendum
475 1004 679 1041 aurum
727 987 1164 1054 comparatitium
1213 985 1690 1051 praestituebatur,
1746 991 1799 1034 et

237 1080 286 1130 ad
324 1079 705 1147 praescriptam
738 1093 1002 1132 summam
1053 1076 1255 1142 aliquid
1304 1076 1535 1139 deesset,
1570 1073 1800 1128 Basilius

237 1170 520 1223 universam
556 1172 839 1224 civitatem
881 1169 1127 1221 hortatus
1156 1178 1259 1229 est,
1300 1178 1357 1219 ut
1394 1182 1544 1221 suam
1573 1167 1799 1236 quisque

235 1262 509 1331 Symbolum
542 1263 721 1316 daret.
772 1260 876 1314 Sed
927 1260 1364 1329 perincommode
1401 1258 1709 1321 ceciderat,
1748 1271 1802 1314 ut

236 1354 455 1422 plerique
492 1356 916 1422 magistratuum
946 1351 1077 1404 urbe
1108 1353 1376 1405 abessent.
1413 1350 1590 1417 Quare
1626 1351 1797 1403 Etiam

236 1452 389 1513 rogat,
424 1456 485 1498 ut
516 1445 601 1499 vel
637 1458 903 1497 summam
955 1444 1093 1504 auri,
1126 1442 1299 1510 qualis
1329 1442 1592 1496 hactenus
1622 1444 1798 1513 colligi

232 1548 484 1608 potuerat,
524 1539 576 1590 in
628 1539 919 1590 thesauros
957 1539 1168 1601 mittat;
1198 1535 1461 1604 reliquum
1495 1545 1677 1605 postea
1717 1553 1804 1591 so-

234 1634 385 1685 lutum
416 1632 479 1684 iri
513 1632 836 1698 pollicetur:
873 1631 977 1693 vel,
1013 1631 1055 1683 si
1092 1640 1257 1683 totum
1284 1644 1503 1683 necesse
1530 1639 1614 1684 est
1641 1630 1803 1705 mitti,

232 1726 296 1777 ita
324 1734 380 1777 ut
422 1710 558 1776 nihil
601 1738 828 1791 prorsus
861 1722 1131 1789 reliquum
1175 1720 1279 1785 sit,
1326 1722 1558 1788 spatium
1594 1738 1803 1784 eorum,

232 1816 311 1883 qui
339 1816 472 1866 urbe
506 1816 757 1877 aberant,
786 1814 1247 1868 admonendorum
1273 1813 1557 1866 concedat.
1585 1812 1799 1877 Scripta

232 1920 347 1974 ergo
395 1906 515 1959 huic
564 1907 790 1973 epistola
854 1908 953 1960 hoc
999 1920 1140 1958 anno
1183 1904 1288 1958 57"2
1333 1907 1476 1959 circa
1524 1903 1802 1958 Martium.

235 1996 355 2049 Nam
386 2006 603 2065 tempus
637 1999 755 2052 auri
787 1998 1152 2066 comparatitii
1182 1997 1468 2067 colligendi
1500 2014 1526 2050 a
1550 1997 1804 2051 Kalendis
1837 1981 1883 2040 Β
1982 2021 2041 2073 ε.
2080 2021 2416 2077 Athanasius
2441 2021 2548 2088 me,

234 2091 566 2158 Septembris
601 2091 667 2144 ad
699 2091 815 2144 Kal.
844 2090 1012 2158 April.
1042 2091 1452 2153 extendebatur,
1488 2100 1544 2143 ut
1586 2090 1637 2143 in
1671 2089 1802 2144 Nota

232 2185 293 2239 ad
326 2184 465 2238 hanc
498 2184 782 2252 epistolam
820 2182 1243 2235 observavimus.

791 2271 1017 2326 CAPUT
1073 2271 1236 2325 XXII.

233 2365 271 2422 ι.
300 2368 363 2423 S.
392 2366 716 2419 Atuanasius
781 2363 1051 2420 respondet
1096 2360 1298 2414 Basilio
1350 2378 1440 2429 per
1489 2360 1805 2414 Daret/tcum

303 2439 467 2490 Roma
500 2444 857 2501 revertentem.
888 2431 1056 2501 Negat
1086 2450 1137 2485 se
1172 2434 1397 2498 priorem
1430 2449 1575 2497 posse
1601 2431 1655 2486 S.
1691 2432 1806 2484 Me-

297 2508 421 2560 letio
454 2505 696 2559 scribere.
740 2503 800 2557 ll.
835 2500 1099 2555 Probatur
1124 2504 1465 2554 Athanasium
1502 2504 1672 2563 illum,
1718 2503 1806 2569 qui

298 2594 351 2630 se
391 2594 422 2627 a
462 2575 672 2627 Mcletio
698 2575 808 2626 sine
842 2574 1203 2626 communione
1233 2574 1506 2623 dimissum
1547 2574 1803 2637 queritur,

301 2646 721 2699 Alexandrinum
772 2661 898 2697 csse.
956 2643 1036 2694 III.
1074 2642 1362 2693 Daret/reus
1403 2643 1569 2692 reddit
1603 2640 1807 2693 Basilio

302 2718 503 2770 litteras
545 2714 983 2768 Occidentalium.
1022 2714 1107 2763 IV.
1133 2710 1369 2763 Basilius
1407 2712 1677 2777 respondet
1718 2728 1808 2777 per

302 2783 560 2843 Sabinum
584 2788 881 2837 diaconum.
907 2782 964 2835 V.
996 2781 1226 2848 Epistola
1250 2785 1539 2833 communis
1569 2782 1809 2835 Orienta-

301 2858 429 2910 lium
470 2858 629 2908 missa
670 2871 759 2919 per
797 2853 1031 2904 eumdem
1064 2849 1338 2904 Sabinum.
1393 2852 1475 2905 Vl.
1503 2851 1809 2907 Consulilur

303 2928 537 2981 Basilius
564 2926 626 2976 de
652 2923 945 2975 domesticis
981 2922 1452 2976 communiouibus.

300 3044 339 3097 Ι,
381 3042 555 3109 Supra
602 3038 832 3092 vidimus
873 3037 1173 3105 episcopos,
1230 3053 1364 3105 quos
1411 3034 1639 3091 Basilius
1686 3051 1807 3090 cum

234 3134 530 3187 Athanasio
580 3128 905 3199 conjungere
950 3131 1178 3190 volebat,
1222 3128 1441 3196 petiisse
1483 3140 1537 3182 ut
1569 3130 1810 3183 Athana.

235 3228 343 3280 sius
382 3225 533 3294 prior
560 3225 625 3277 ad
655 3239 713 3277 se
757 3222 1039 3283 scriberet,
1091 3232 1146 3274 et
1186 3222 1310 3289 quid
1341 3226 1603 3292 agendum
1640 3225 1711 3277 sit
1745 3225 1811 3277 ad

1905 704 2013 759 Sed
2070 715 2243 757 tamen
2284 705 2352 756 ita
2389 703 2517 755 mihi
2546 702 2830 771 quadrare
2878 702 3057 756 omnia
3104 702 3366 762 videntur,
3416 706 3486 755 ita

1904 808 2024 865 apta
2048 813 2165 851 esse
2189 807 2239 849 et
2276 797 2491 858 innexa,
2516 807 2573 849 ut
2595 796 2657 848 ad
2680 796 2840 849 alium
2863 810 3024 866 quam
3056 810 3301 866 maguum
3323 795 3494 849 Atha-

1906 890 2113 943 nasium
2150 888 2337 942 referri
2384 904 2486 941 non
2520 888 2741 955 possint.

1978 982 2033 1033 1ο
2072 981 2216 1035 Inter
2272 980 2575 1048 episcopos,
2636 993 2771 1047 quos
2826 978 3055 1032 Basilius
3113 994 3231 1033 cum
3299 996 3493 1051 magno

1904 1073 2201 1127 Athanasio
2249 1072 2575 1140 conjungere
2621 1083 2844 1126 conatus
2883 1084 2981 1131 est.
3028 1075 3294 1144 praecipua
3354 1076 3494 1127 illius

1908 1182 2035 1220 cura
2078 1167 2415 1220 I’uitsanctus
2455 1165 2718 1219 Meletius.
2762 1164 2894 1219 Ilinc
2922 1168 3081 1218 etiam
3128 1176 3290 1236 atque
3326 1173 3489 1221 etiam

1908 1258 2044 1328 petit
2066 1258 2116 1311 iu
2149 1256 2390 1325 epistolis
2419 1254 2509 1318 66,
2548 1256 2613 1307 67
2639 1266 2690 1308 et
2720 1254 2809 1317 69,
2861 1266 2917 1308 ut
2948 1255 3157 1309 initium
3205 1256 3497 1324 paciﬁcan-

1908 1352 1987 1404 dzn
2021 1349 2276 1404 Ecclesia:
2322 1348 2387 1401 ab
2430 1348 2767 1401 Antiochena
2813 1346 3053 1402 Ecclesia
3101 1347 3345 1402 ducatur.
3390 1349 3496 1403 llas

1909 1441 2092 1511 procul
2124 1441 2283 1495 dubio
2308 1442 2518 1495 litteras
2553 1440 2775 1505 iudicat,
2804 1456 2930 1494 cum
2966 1442 3042 1494 ait
3077 1442 3291 1497 Meletio
3328 1459 3385 1496 se
3419 1446 3497 1496 ni-

1911 1534 1985 1590 hil
2029 1534 2220 1589 litteris
2262 1536 2375 1589 suis
2414 1548 2750 1602 promovere.
2813 1534 2879 1588 At
2928 1544 2985 1587 ut
3044 1534 3313 1589 Meletiuin
3373 1550 3495 1590 cum

1913 1627 2291 1682 Maecdouiano
2362 1626 2539 1695 aliquo
2593 1624 2966 1696 coniungeret,
3029 1643 3137 1680 non
3196 1629 3405 1683 videtur
3446 1631 3496 1683 id

1912 1736 2033 1775 eum
2089 1721 2245 1775 valde
2298 1720 2641 1786 sollicitasse,
2712 1734 2810 1773 nec
2870 1720 2973 1773 ulla
3037 1736 3256 1788 prorsus
3325 1733 3501 1778 exstat

1913 1832 1972 1868 ea
2019 1817 2084 1869 de
2128 1829 2185 1869 re
2219 1814 2463 1883 epistola,
2504 1814 2708 1869 nullum
2742 1814 2884 1869 illius
2923 1814 3122 1870 laboris
3177 1833 3500 1872 monumen-

1918 1916 2051 1961 tum.

2586 2022 2651 2077 de
2686 2038 2793 2092 quo
2828 2026 3067 2091 loquitur
3099 2024 3345 2091 Basilius,
3376 2044 3499 2098 pro-

1912 2129 2111 2184 pensus
2141 2124 2336 2168 eratut
2362 2114 2779 2185 coniungeretur
2813 2130 2932 2169 cum
2968 2116 3214 2181 Metello;
3248 2121 3341 2173 sed
3365 2121 3500 2177 nihil

1913 2204 1981 2259 ab
2016 2219 2079 2260 eo
2134 2206 2409 2274 impetrari
2462 2215 2699 2275 poterat,
2738 2206 2837 2259 nisi
2867 2206 3112 2262 Meletius
3139 2210 3314 2280 aliqua
3346 2227 3498 2266 com-

1916 2298 2187 2351 munionis
2220 2297 2373 2367 signa
2402 2298 2548 2367 prior
2578 2298 2895 2368 impertiret.
2920 2300 2989 2353 At
3023 2303 3145 2369 quis
3176 2304 3290 2358 haec
3326 2316 3501 2373 postu-

1915 2390 2027 2444 lare
2056 2393 2247 2459 potuit,
2281 2392 2381 2445 nisi
2426 2408 2654 2460 magnus
2677 2393 3024 2459 Athanasius,
3066 2398 3146 2449 cui
3189 2398 3351 2465 paulo
3374 2409 3501 2456 ante

1914 2479 2140 2535 Basilius
2165 2481 2241 2553 (τι)
2270 2482 2690 2551 signiﬁcaverat,
2723 2486 3006 2554 episcopos
3030 2499 3211 2556 petere
3240 2498 3295 2541 ut
3323 2490 3497 2544 Atha-

1917 2573 2100 2627 nasius
2132 2574 2198 2625 ad
2231 2588 2324 2626 eos
2354 2576 2499 2641 prior
2532 2576 2831 2629 scriberet?
2864 2577 3179 2633 Necessario
3215 2596 3342 2652 ergo
3367 2598 3500 2637 Cull-

1910 2664 2095 2733 juncta
2121 2664 2295 2735 magni
2323 2665 2599 2721 Athanasii
2634 2669 2911 2737 responsio
2940 2685 3061 2724 cum
3085 2672 3365 2740 postulatis
3388 2676 3500 2745 cpi-

1917 2772 2227 2826 scoporum.

1986 2870 2043 2923 5-
2084 2870 2324 2936 Querelae
2354 2871 2657 2938 Athanasii,
2688 2873 2827 2942 quod
2854 2889 2882 2926 a
2915 2872 3125 2931 Meletio
3150 2877 3408 2932 dimissus
3433 2877 3505 2932 sit

1916 2961 2034 3015 sine
2072 2964 2472 3027 communione,
2528 2966 2866 3018 mauil‘estam
2912 2966 3114 3022 habent
3155 2972 3506 3024 necessitudi-

1918 3068 2039 3105 nem
2075 3068 2196 3106 cum
2232 3054 2297 3108 iis
2328 3070 2446 3122 qua:
2475 3053 2744 3109 Melctium
2782 3056 2923 3111 inter
2961 3071 3016 3113 et
3057 3076 3306 3130 maguum
3330 3063 3505 3116 Atha-

1918 3147 2130 3201 nasium
2178 3148 2278 3202 sub
2309 3146 2534 3202 Joviano
2568 3148 3008 3204 intercesserunt.
3063 3152 3194 3206 Rem
3230 3153 3504 3209 illustrant

1922 3240 2037 3295 hinc
2061 3240 2224 3294 verba
2250 3240 2427 3294 Basilii
2459 3242 2510 3294 in
2534 3242 2757 3309 epistola
2782 3242 2886 3296 258
2916 3245 2979 3298 ad
3006 3244 3379 3313 Epiphanium,
3415 3250 3503 3301 uhi

234 3317 599 3386 pacificandas
637 3314 905 3367 Ecelcsias
929 3323 1244 3382 exponeret.
1270 3314 1495 3368 Basilius
1520 3316 1593 3387 (ll)
1624 3333 1809 3371 eorum

1922 3331 1999 3383 sic
2033 3331 2287 3396 loquitur,
2339 3348 2390 3383 ιι.
2427 3333 2459 3385 5
2499 3354 2511 3384 :
2561 3332 2715 3384 Ἐπεὶ
2752 3333 2846 3384 καὶ
2878 3337 2905 3386 ὁ
2942 3335 3362 3406 μακαριώτατος
3397 3339 3504 3391 πά-

233 3408 496 3478 postulata
536 3404 835 3458 Athanasio
865 3404 1204 3475 signiﬁcavit,
1248 3422 1309 3459 ac
1336 3419 1455 3457 eum
1494 3411 1719 3477 rogavit,
1762 3416 1817 3458 ut

232 3504 329 3558 sibi
370 3506 466 3556 has
501 3500 707 3553 litteras
739 3500 995 3566 mitteret,
1048 3500 1162 3553 sive
1204 3515 1297 3567 per
1334 3499 1567 3568 aliquem
1613 3516 1643 3553 e
1674 3500 1814 3554 rlvro

230 3595 618 3659 Alexandrino,
650 3595 762 3650 sive
798 3607 895 3661 per
920 3591 1264 3656 Dorotlieum,
1299 3608 1457 3660 quem
1504 3594 1812 3646 redeuntem

229 3688 557 3741 Alexandria
592 3686 945 3741 transiturum
969 3686 1193 3739 sciebat.
1229 3684 1375 3738 Satis
1404 3696 1703 3753 Opportune
1732 3702 1816 3740 re—

228 3778 324 3830 diit
371 3776 700 3840 Dorotheus,
737 3785 793 3827 ut
830 3776 878 3827 ei
922 3774 1252 3827 Athanasius
1284 3774 1368 3827 his
1401 3777 1682 3841 postulatis
1728 3793 1813 3831 re-

226 3882 427 3935 sponsa
480 3867 863 3919 committeret.
918 3863 1051 3917 Nam
1102 3864 1352 3930 Basilius,
1403 3880 1467 3919 eo
1498 3868 1817 3923 adveniente

225 3958 556 4020 Caesaream,
604 3956 820 4023 scripsit
874 3952 932 4008 S.
980 3954 1213 4020 Meletio,
1255 3971 1489 4028 eumque
1534 3962 1597 4015 de
1631 3974 1818 4016 sancto

224 4048 530 4101 Athanasio
551 4049 629 4100 sic
661 4044 950 4115 alloquitur
979 4045 1047 4117 (ε)
1075 4064 1087 4100 :
1123 4046 1245 4099 1am
1291 4050 1431 4117 quod
1476 4052 1543 4103 ad
1589 4068 1821 4105 reveren-

222 4146 504 4196 dissimum
540 4142 835 4209 episcopum
867 4140 1210 4195 Athanasium
1240 4144 1454 4203 attinet,
1480 4144 1636 4210 probe
1660 4147 1821 4197 scien-

223 4244 327 4287 tem
350 4236 601 4288 eximiam
626 4245 769 4286 tuam
800 4234 1135 4302 prudentiam
1167 4236 1403 4297 monebo,
1434 4236 1549 4302 ﬁeri
1574 4254 1674 4289 non
1694 4255 1818 4301 pos-

220 4345 278 4382 se
309 4338 367 4381 ut
400 4328 531 4380 meis
562 4326 746 4379 litteris
776 4327 978 4397 aliquid
997 4340 1379 4396 promoventur,
1416 4342 1506 4383 aut
1535 4332 1819 4402 quidquam

220 4437 411 4475 eorum
442 4436 561 4488 quae
582 4428 779 4485 oportet
806 4419 1129 4485 perficiatur,
1156 4420 1255 4472 nisi
1289 4431 1334 4473 et
1358 4436 1391 4472 a
1416 4423 1556 4475 vobis
1586 4424 1675 4491 qui
1699 4434 1819 4475 tunc

221 4516 395 4583 ipsius
419 4512 838 4567 communionem
865 4514 1313 4581 procrastinastis,
1349 4516 1485 4569 lianc
1513 4518 1681 4584 ipsam
1716 4518 1820 4567 ali-

220 4619 329 4673 qua
378 4615 536 4671 pacto
588 4602 836 4668 accipiat.
882 4601 1043 4654 Aiunt
1071 4606 1207 4656 enim
1244 4604 1411 4669 ipsum
1454 4606 1662 4659 omnino
1694 4624 1819 4674 pro-

1920 3441 2027 3486 πας
2070 3422 2406 3487 ἈΟανάςιος,
2453 3424 2679 3488 ἐπιστὰς
2721 3426 2829 3478 ἀπὸ
2875 3427 3305 3499 Ἀλεξανδρείας,
3360 3431 3504 3487 πάνυ

1918 3515 2169 3567 ἐϐούλετο
2228 3515 2377 3584 αὐτῷ
2421 3514 2519 3586 τὴν
2586 3517 2722 3588 πρὸς
2779 3520 2941 3573 αὑτὸν
3004 3523 3287 3576 κοινωνίαν
3336 3542 3506 3579 κατα-

1919 3609 2248 3680 πραχθῆναι.
2325 3609 2487 3663 Ἀλλά
2556 3613 2726 3683 κακίᾳ
2791 3614 3112 3684 συμϐούλων
3180 3619 3259 3680 εἰς
3320 3619 3507 3691 ἕτερον

1920 3702 2109 3775 καιρὸν
2178 3704 2480 3774 ὑπερετέοη
2556 3705 2732 3757 αὐτῶν
2803 3708 2836 3778 ἡ
2903 3708 3200 3779 συνάφεια·
3273 3711 3349 3776 ὡς
3408 3714 3509 3769 οὐκ

1920 3795 2172 3867 ὠφειλεν.
2229 3796 2369 3849 Nam
2406 3810 2448 3849 et
2478 3799 2808 3854 beatissimus
2847 3817 2985 3870 papa
3017 3804 3358 3869 Athanasius,
3388 3824 3506 3859 cum

1920 3888 2245 3941 Alexandria
2273 3892 2510 3952 venisset,
2542 3889 2757 3940 omnino
2788 3891 3018 3957 optabat,
3053 3904 3105 3943 ut
3126 3894 3225 3944 sibi
3256 3910 3371 3947 cum
3396 3897 3507 3961 ipso

1922 3984 2216 4033 communio
2249 3981 2650 4047 conciliaretur;
2703 3986 2792 4036 sed
2826 3984 3033 4037 malitia
3078 3986 3507 4042 consiliariorum

1921 4073 1977 4125 in
2003 4073 2150 4125 aliud
2184 4083 2381 4139 tempus
2406 4074 2570 4127 dilata
2590 4091 2763 4127 eorum
2795 4074 3114 4144 conjunctio,
3142 4084 3278 4149 quod
3309 4084 3507 4137 utinam

1922 4182 2025 4218 non
2053 4167 2330 4220 evenisset!
2362 4168 2493 4222 Cum
2514 4169 2594 4221 his
2624 4168 2822 4229 verbis,
2856 4168 2923 4222 In
2944 4172 3093 4224 aliud
3124 4184 3321 4236 tempus
3344 4175 3507 4229 dilata

1922 4270 2099 4308 eorum
2130 4257 2448 4324 conjunctio,
2484 4271 2673 4325 nempe
2706 4256 2764 4314 S.
2800 4260 3077 4316 Athanasii
3110 4273 3164 4317 et
3192 4264 3249 4319 S.
3288 4264 3505 4327 Meletii,

1922 4346 2265 4400 manifestam
2305 4347 2467 4399 habet
2509 4349 2965 4405 necessitudinem
3010 4353 3139 4407 illud
3178 4356 3415 4424 epistola:
3441 4358 3509 4413 89

1925 4438 1991 4490 ad
2057 4437 2350 4500 Meletium,
2395 4436 2496 4501 Qui
2552 4448 2673 4494 tunc
2734 4441 2919 4509 ipsius,
2972 4460 3164 4515 nempe
3204 4447 3509 4513 Athanasii,

1925 4529 2337 4581 communionem
2366 4533 2822 4599 procrastinastis.

1996 4620 2167 4674 Dilata
2205 4636 2333 4692 ergo
2371 4620 2547 4677 fuerat
2578 4623 2845 4678 lllelctium
2890 4625 3034 4681 inter
3068 4638 3122 4683 et
3154 4632 3509 4689 Athanasium

220 4696 480 4761 pendere,
526 4703 581 4746 ut
620 4692 884 4745 nobiscum
913 4691 1285 4762 conjungatur,
1330 4704 1377 4748 et
1405 4694 1659 4763 quidquid
1682 4707 1818 4764 pote-

1928 4715 2273 4773 communio:
2308 4731 2408 4770 nec
2440 4717 2544 4771 alio
2571 4733 2713 4773 nunc
2743 4730 2987 4787 spectant
3008 4724 3288 4779 Athanasii
3323 4742 3507 4795 quere-

222 4785 294 4837 rit
338 4784 684 4848 collaturum,
730 4784 819 4835 sed
858 4780 1030 4835 dolere
1070 4784 1206 4849 quod
1238 4794 1283 4836 et
1316 4792 1437 4836 tunc
1469 4782 1716 4837 dimissus
1750 4786 1818 4839 sit

221 4878 342 4929 sine
365 4876 753 4941 communione,
780 4885 826 4927 et
856 4874 1139 4926 etiamnum
1170 4877 1429 4943 promissa
1461 4885 1703 4929 maneant
1739 4877 1812 4927 ir-

223 4969 360 5023 rita.

302 5077 371 5131 ll.
407 5078 522 5133 Non
566 5086 718 5147 putat
745 5077 1120 5134 Tillemontius
1164 5079 1275 5135 haec
1322 5080 1387 5135 de
1420 5096 1613 5149 magno
1645 5081 1818 5135 Atha-

223 5170 392 5224 nasio
446 5171 671 5241 intelligi
730 5184 924 5239 posse;
980 5187 1149 5240 neque
1185 5172 1328 5225 enim
1378 5172 1657 5240 probabile
1700 5188 1821 5227 esse

225 5272 485 5319 sanctum
518 5263 788 5319 hleletiam
817 5264 866 5315 ei
901 5280 1134 5333 unquam
1165 5266 1460 5333 denegasse
1482 5267 1821 5319 communio-

228 5368 359 5409 nem
388 5368 559 5419 suam,
584 5355 745 5424 idque
775 5363 1056 5423 postquam
1083 5356 1224 5409 illam
1256 5356 1613 5422 promisisset.
1640 5358 1819 5422 Quare

231 5450 413 5504 satius
444 5464 563 5504 esse
590 5459 744 5518 putat
780 5446 940 5501 alium
965 5448 1321 5503 Athanasium
1362 5449 1683 5519 intelligere.
1718 5466 1822 5504 non

236 5537 390 5591 illum
421 5542 633 5613 quidem
668 5542 1015 5610 Ancyranum
1065 5540 1149 5612 (is
1175 5540 1315 5596 enim
1358 5543 1581 5596 concilio
1626 5541 1823 5596 Metelli

239 5627 555 5689 interfuerat
591 5647 735 5688 anno
760 5631 913 5703 565),
951 5634 1042 5687 sed
1097 5634 1234 5692 forte
1276 5650 1439 5689 unum
1476 5651 1538 5689 ex
1580 5635 1829 5690 Macedo-

298 5878 383 5947 (α)
423 5879 513 5949 Ep.
543 5882 635 5943 τι,
666 5880 760 5948 75,
790 5878 881 5933 76.

294 5950 378 6016 (ὁ)
412 5952 505 6020 Ep.
538 5953 625 6006 82.

1929 4804 2013 4872 Ize,
2047 4807 2138 4875 qui
2186 4811 2434 4877 quamvis
2472 4808 2654 4863 Basilii
2696 4813 2947 4880 precibus
2974 4814 3267 4883 plurimum
3299 4820 3509 4874 tribue-

1923 4906 2029 4961 ret,
2078 4901 2289 4969 rogauti
2338 4910 2541 4965 tamen,
2578 4912 2634 4955 ut
2666 4904 2815 4971 prior
2861 4906 3069 4961 litteras
3108 4913 3509 4967 communionis

1930 4990 2214 5058 scriberet,
2243 4992 2463 5047 minime
2494 4996 2705 5060 annuit,
2733 4998 3077 5054 committere
3108 5002 3294 5055 nolens
3322 5012 3373 5056 ut
3406 5004 3507 5056 ite-

1931 5101 2050 5140 rum
2098 5086 2483 5154 despiceretur.
2532 5089 2646 5143 Etsi
2698 5091 2843 5145 enim
2898 5091 3126 5148 Basilius
3180 5095 3232 5147 in
3284 5096 3509 5159 epistola

1929 5178 1993 5230 ad
2027 5177 2386 5247 Epiphanium
2432 5179 2642 5249 culpam
2695 5198 2799 5237 non
2854 5186 3029 5252 rejicit
3080 5186 3396 5242 nominatim
3457 5191 3508 5243 in

1928 5270 2134 5324 amicos
2164 5268 2383 5336 Meletii,
2418 5276 2594 5340 potius
2632 5291 2793 5344 quam
2827 5278 3133 5344 Athanasii,
3169 5282 3262 5335 sed
3304 5297 3416 5335 rem
3457 5285 3508 5336 in

1928 5360 2182 5427 ambiguo
2222 5361 2512 5430 relinquit;
2564 5373 2741 5419 tamen
2782 5382 2845 5421 ex
2896 5370 2996 5423 hac
3023 5371 3247 5439 epistola
3280 5372 3348 5425 89
3386 5390 3507 5443 per-

1924 5449 2209 5517 spicimus,
2248 5466 2353 5503 non
2399 5468 2496 5520 per
2535 5453 2915 5523 Athanasium,
2955 5462 3048 5513 sed
3103 5478 3196 5530 per
3233 5462 3505 5519 llleletium

1927 5544 2167 5607 stetisse,
2194 5546 2484 5613 quominus
2510 5550 2817 5604 communio
2843 5552 2984 5607 inter
3012 5563 3296 5625 utrumque
3328 5556 3508 5609 Iirma-

1930 5648 2101 5697 retur.
2134 5655 2199 5693 ac
2231 5641 2455 5709 proinde
2494 5643 2859 5710 consiliarios,
2906 5649 2995 5717 qui
3046 5663 3157 5703 rem
3190 5649 3510 5719 inzerpeltao

2004 5878 2074 5946 (τ)
2118 5880 2211 5949 Ep.
2246 5880 2332 5940 39,
2362 5900 2412 5937 η.
2443 5884 2497 5937 2.

2004 5951 2080 6015 (ιι)
2124 5954 2214 6018 ιιςρ.
2247 5952 2331 6005 se.
