4214 6540
749 488 995 534 ’.ιὶιτηι

2087 479 2626 536 PROLEGOMENA.

749 602 899 660 runt,
952 603 1059 647 non
1099 588 1159 647 S.
1190 589 1496 649 Athanasii.
1543 587 1636 644 sed
1680 589 1852 645 sancti
1887 588 2082 646 Melctii
2117 594 2324 650 amicos
2354 606 2399 662 Α
2429 598 2564 653 nihil
2597 596 2709 651 fere
2740 596 2804 652 de
2836 599 2995 654 rebus
3029 597 3431 655 ecclesiasticis.
3462 598 3554 655 lla:
3580 607 3755 656 autem
3790 601 4001 662 Damasi

752 684 939 740 fuisse.
971 682 1028 738 in
1054 697 1161 754 quo
1191 698 1320 740 sane
1356 682 1542 737 mirari
1573 682 1738 750 subit,
1778 698 1875 739 cur
1901 699 2023 739 cum
2058 682 2116 739 S.
2159 684 2324 742 Mele-

750 778 811 832 tii
855 777 989 832 nihil
1024 777 1194 848 magis
1238 777 1523 832 interesset
1559 777 1625 831 ad
1652 775 1792 844 juris
1819 779 1900 832 sui
1943 787 1996 832 et
2022 793 2203 834 causae
2232 781 2326 835 de-

749 870 1069 939 fensionem,
1110 887 1269 941 quam
1297 872 1812 929 communicatorem
1842 870 2039 926 habere
2069 871 2127 926 S.
2156 873 2325 926 Atha-

747 964 980 1030 nasium,
1015 963 1173 1019 rebus
1195 965 1312 1020 suis
1342 979 1448 1018 tam
1480 963 1617 1017 male
1655 962 2004 1017 consuluerit.
2039 960 2145 1017 Sed
2182 964 2321 1018 idem

747 1054 823 1108 illi
846 1056 1024 1110 evenit
1044 1070 1107 1109 ac
1134 1054 1351 1121 Basilio,
1379 1072 1438 1108 ut
1464 1054 1515 1107 in
1553 1051 1743 1105 amicis
1772 1060 1826 1105 et
1847 1053 2324 1107 commtmicatori.

747 1144 848 1201 bus
896 1147 1011 1201 suis
1058 1146 1347 1202 nonnullos
1403 1146 1632 1200 haberet
1676 1140 1832 1212 longe
1873 1144 1955 1197 sui
2010 1144 2318 1206 dissimiles,

747 1240 838 1307 qui
869 1238 1178 1296 diﬂ'erendte
1210 1255 1334 1296 cum
1366 1236 1669 1293 Athanasio
1696 1235 2094 1291 communionis
2129 1250 2322 1291 causas

747 1332 1108 1390 innectereut.

814 1425 932 1482 Non
961 1425 1142 1483 favent
1163 1422 1506 1481 Tiilemontio
1532 1421 1646 1477 hac
1685 1421 1868 1478 Basilii
1917 1422 2076 1478 verba
2109 1439 2121 1477 :
2156 1421 2320 1476 Aiunt

743 1522 883 1577 enim
916 1524 1084 1591 ipsum
1113 1522 1323 1576 omnino
1346 1523 1662 1588 propendere
1695 1528 1752 1572 ut
1796 1518 2065 1573 nobiscum
2098 1517 2321 1586 conjun-

710 1623 920 1685 -gatur.
959 1612 1215 1679 Quamvis
1240 1611 1383 1667 enim
1414 1610 1646 1668 Basilius
1690 1610 2071 1666 communione
2108 1617 2162 1662 et
2186 1608 2323 1661 ami-

743 1706 868 1761 citia
927 1705 1393 1775 conjunctissimus
1451 1720 1574 1761 cum
1636 1712 1824 1759 sancto
1876 1701 2178 1757 Athanasio
2234 1715 2322 1756 cs-

741 1809 845 1863 set,
898 1799 1021 1868 quia
1077 1808 1255 1853 tamen
1322 1798 1468 1853 illius
1511 1796 1941 1853 communionem
1992 1795 2105 1850 suis
2155 1793 2317 1849 etiam

742 1893 931 1948 amicis
969 1892 1259 1947 conciliare
1288 1890 1503 1953 avebat,
1535 1890 1736 1944 idcirco
1773 1895 2031 1957 tanquam
2080 1902 2219 1941 unus
2248 1901 2312 1940 ex

2427 690 2494 744 ad
2524 689 2783 744 Basilium
2810 690 3001 747 litterae
3031 707 3136 747 non
3166 691 3332 747 solius
3356 692 3567 748 Damasi
3599 692 3773 759 fuere,
3803 696 3898 750 sed
3927 706 4002 752 to-

2432 784 2538 837 tius
2588 783 2803 838 concilii
2848 782 3074 840 Romaui
3118 785 3497 853 episcoporum
3557 787 3627 842 93
3660 802 3726 842 ex
3762 787 3911 842 italia
3950 800 4001 844 et

2427 872 2619 939 Gallia,
2648 872 2795 943 quod
2827 872 2892 928 de
2916 874 3076 930 rebus
3110 875 3307 947 lllyrici
3334 876 3652 943 habebatur,
3677 892 3795 932 cum
3830 878 3997 932 Doro-

2429 966 2585 1022 theus
2611 966 2853 1030 advenit,
2876 978 2969 1022 aut
2986 968 3173 1024 saltem
3198 969 3357 1039 paulo
3390 978 3676 1041 antequam
3703 972 3998 1027 adveniret.

2428 1059 2750 1132 Synodicam
2784 1062 2997 1117 concilii
3035 1064 3320 1133 epistolam
3355 1064 3577 1133 pertulit
3614 1064 3848 1120 Sabinus
3890 1065 4001 1119 dia-

2426 1167 2614 1219 conus,
2662 1154 2898 1225 primum
2949 1155 3164 1225 quidem
3222 1158 3290 1213 ad
3347 1157 3580 1229 lllyrios,
3625 1173 3757 1227 quos
3800 1172 3863 1211 ea
3905 1173 3999 1225 po-

2428 1245 2695 1301 tissimum
2734 1246 3034 1317 spectabat,
3084 1247 3275 1307 deinde
3317 1251 3371 1303 in
3403 1248 3695 1320 Egyptum
3725 1259 3779 1303 et
3811 1250 3999 1304 Orien-

2429 1347 2534 1393 tem
2596 1352 2715 1392 cum
2798 1338 2994 1394 litteris
3060 1339 3126 1393 ad
3187 1340 3538 1396 Athanasium
3604 1351 3658 1395 et
3720 1340 3994 1394 Basiiittm.

2431 1429 2527 1484 Vix
2550 1429 2764 1486 dubium
2786 1441 2869 1487 est
2895 1431 3025 1501 quin
3052 1447 3176 1487 eum
3209 1432 3505 1489 Dorotheus
3542 1448 3858 1504 perpetuum
3902 1436 3999 1489 viae

2425 1522 2678 1575 comitem
2750 1523 3036 1591 habuerit;
3107 1522 3269 1578 ambo
3334 1524 3476 1578 enim
3548 1524 3707 1578 simul
3768 1524 4001 1578 adverte.

2424 1620 2571 1667 runt.

2493 1704 2585 1764 iV.
2626 1707 2855 1765 Basilius
2884 1718 3073 1765 sancto
3100 1708 3313 1765 Meletio
3338 1709 3549 1763 nuntiat
3575 1711 3649 1780 (f)
3671 1711 3798 1781 quid
3823 1711 4000 1779 priva-

2420 1800 2514 1859 tim
2543 1816 2641 1857 suo
2674 1803 2892 1858 nomine
2918 1805 3256 1874 scripsisset;
3298 1805 3391 1859 sed
3433 1804 3552 1873 quia
3578 1816 3996 1861 consentaneum

2421 1899 2557 1957 erat,
2588 1899 2648 1946 ttt
2672 1892 2905 1961 aliquem
2950 1895 3227 1950 mitterent
3263 1893 3585 1959 Orientales,
3622 1897 3711 1964 qui
3747 1913 3995 1952 commu-

742 1983 845 2039 lllis
881 1982 1136 2051 loquitur.
1178 1981 1317 2036 Hinc
1355 1982 1407 2036 in
1452 1979 1681 2051 cpistoia
1713 1977 1802 2043 82.
1837 1978 2189 2032 Athanasium
2225 1991 2316 2031 το·
2345 1974 2391 2029 Β
2424 1996 2518 2036 nes
2538 1981 2745 2038 litteras
2774 1984 3027 2053 deferret,
3064 1998 3219 2055 rogat
3246 1988 3539 2055 Meletium,
3574 1998 3631 2042 ut
3662 1988 3756 2042 bas
3786 1988 3996 2044 litteras

738 2086 849 2148 gat,
909 2086 962 2128 ut
1026 2075 1169 2129 nobis
1227 2075 1489 2138 omnibus,
1543 2072 1737 2149 inquit,
1799 2070 1997 2126 scribas
2040 2069 2313 2140 epistolam

739 2182 917 2225 unam,
948 2181 1065 2233 qum
1100 2165 1226 2235 quid
1248 2165 1505 2235 agendum
1534 2165 1602 2218 sit
1626 2164 1927 2216 admoneat.
1973 2160 2123 2216 Licet
2152 2162 2313 2217 etiam

739 2258 1174 2312 animadvertere
1202 2272 1362 2328 quam
1391 2265 1582 2313 cautus
1609 2265 1749 2312 esset
1774 2254 2006 2310 Basilius
2031 2255 2083 2309 in
2111 2254 2198 2309 his
2228 2270 2315 2310 re-

740 2352 841 2406 bus
894 2351 1355 2416 administrandis,
1405 2352 1519 2420 qui,
1558 2348 1805 2418 quamvis
1853 2363 2110 2419 respousa
2140 2348 2310 2404 Atha-

744 2446 883 2501 nasii
954 2461 1051 2516 per
1110 2444 1435 2499 Dorotheunt
1497 2441 1828 2512 accepisset,
1884 2442 2066 2496 arcani
2132 2450 2309 2497 tamen

741 2538 953 2608 tegendi
1005 2552 1189 2602 causa,
1239 2537 1407 2591 utitur
1453 2535 1537 2591 his
1583 2533 1784 2598 verbis,
1842 2534 1999 2588 Aiunt
2049 2535 2184 2590 enim
2231 2537 2311 2605 ip-

736 2648 874 2696 sum,
900 2642 1006 2686 etc.

813 2723 898 2777 ill.
940 2723 1085 2777 Misit
1128 2722 1290 2777 etiam
1328 2721 1387 2777 S.
1422 2724 1753 2779 Athanasius
1802 2724 1861 2781 S.
1885 2722 2080 2778 Basilio
2107 2720 2183 2791 ((ι)
2221 2718 2311 2773 lit-

733 2826 900 2879 teras,
929 2832 1062 2884 quas
1091 2816 1157 2869 ab
1196 2815 1483 2871 Occidente
1520 2830 1827 2887 acceperat,
1874 2826 1931 2870 ut
1970 2830 2064 2871 eas
2110 2813 2306 2867 Basilio

737 2906 1083 2977 perferendas
1129 2914 1366 2960 curaret.
1408 2906 1517 2960 llas
1569 2906 1739 2961 Roma
1786 2908 1967 2962 attulit
2006 2906 2308 2962 Dorotheus

736 2999 1017 3061 diaconus,
1064 2997 1146 3051 vel
1192 2996 1427 3052 Sabinus
1476 2996 1759 3060 diaconus,
1794 3000 1883 3067 qui
1928 2999 1975 3054 ei
2020 3012 2199 3053 eomes
2232 2995 2304 3067 (ὁ)

731 3090 944 3146 videtur
970 3091 1254 3159 adjunctus
1280 3089 1447 3144 fuisse
1477 3089 1545 3143 ab
1572 3088 2020 3153 Occidentalibus,
2061 3098 2115 3143 et
2156 3088 2307 3140 Basi-

731 3180 804 3236 lio
853 3181 1132 3251 epistolam
1178 3179 1446 3236 Val‘eriaui
1480 3178 1743 3249 Aquileiae
1774 3180 2013 3249 episc0pi
2054 3178 2303 3232 reddidit.

733 3274 985 3339 Basilius,
1018 3272 1275 3327 facultate
1304 3273 1483 3328 oblata
1518 3272 1699 3328 Sabini
1731 3272 1965 3336 diaconi,
1993 3269 2210 3340 scripsit
2234 3267 2303 3339 (ε)

2430 2082 2641 2127 exaret.
2664 2075 2875 2145 Scripta
2908 2076 3126 2145 quidem
3154 2078 3459 2134 Communis
3479 2078 3722 2149 epistola,
3755 2080 3849 2133 sed
3875 2096 3992 2135 eam

2418 2161 2571 2217 solus
2596 2164 2806 2220 rediens
2830 2166 3063 2225 Sabinus
3086 2170 3322 2239 pertulit,
3357 2186 3454 2227 nec
3476 2173 3767 2242 quisquam
3798 2171 3995 2225 missus

2423 2249 2777 2311 O'rientalium
2812 2260 3046 2315 nomine.
3088 2260 3256 2330 Hujus
3298 2261 3540 2332 epistolae
3584 2262 3803 2331 conjicit
3835 2259 3994 2315 Tille-

2422 2348 2657 2403 montius
2684 2358 2958 2405 auctorem
2984 2366 3103 2406 esse
3124 2364 3367 2409 sanctum
3400 2354 3690 2419 Meletium,
3726 2354 3810 2409 ctri
3844 2354 3994 2407 Basi-

2419 2440 2523 2495 lius
2559 2443 2660 2495 hoc
2690 2440 3192 2497 munusdetulerat.
3221 2444 3326 2500 Sed
3354 2456 3530 2501 tamen
3557 2447 3780 2502 omnino
3808 2444 3990 2502 Basilii

2419 2534 2615 2604 stylum
2645 2534 2868 2589 redolet.

2492 2625 2751 2682 Videntur
2768 2636 2951 2682 autem
2990 2626 3128 2683 tituli
3164 2627 3217 2683 in
3256 2627 3339 2683 itis
3365 2628 3608 2691 epistolis
3645 2632 3992 2687 librariorum

2420 2716 2627 2771 incuria
2661 2719 2870 2775 confusi
2902 2730 2956 2775 et
2985 2721 3279 2791 perturbati
3304 2719 3489 2775 fuisse.
3526 2720 3660 2775 Nam
3694 2738 3815 2776 cum
3843 2724 3995 2778 Basi-

2417 2809 2522 2863 lius
2556 2809 2702 2865 dicat
2739 2811 2791 2865 iu
2827 2813 3051 2881 epistola
3081 2814 3153 2869 89
3207 2828 3266 2869 se
3315 2812 3598 2883 scripsisse
3646 2812 3712 2868 ad
3752 2814 3914 2869 italos
3938 2826 3993 2870 ct

2419 2901 2632 2969 Gailos;
2665 2919 2897 2974 cumque
2938 2904 3207 2960 Meletium
3252 2916 3422 2976 roget,
3466 2916 3521 2961 ut
3555 2921 3899 2962 communem
3926 2908 3991 2960 ad

2414 2996 2787 3053 Occidentales
2839 2998 3121 3068 epistolam
3180 3000 3365 3064 dictet,
3426 3000 3611 3055 nescio
3665 3014 3773 3070 quo
3835 3008 3993 3069 pacto

2415 3086 2661 3155 contigit,
2688 3097 2747 3141 ut
2770 3088 2976 3156 privata
2995 3088 3221 3159 epistola
3258 3088 3712 3155 Occidentalibus,
3740 3104 3991 3145 commuo

2414 3176 2497 3231 nis
2532 3177 2695 3231 Italiae
2734 3188 2789 3232 et
2825 3178 3008 3235 Gallia:
3041 3182 3309 3252 episcopis
3348 3182 3735 3238 inscriberetur
3783 3199 3798 3237 :
3848 3179 3991 3254 quod

2413 3281 2600 3324 contra
2636 3272 2937 3340 oportebat.

732 3370 798 3423 ad
825 3368 1049 3439 Illyrios,
1081 3377 1133 3423 et
1161 3368 1226 3421 ad
1255 3367 1417 3422 Italia:
1451 3376 1505 3421 et
1526 3365 1712 3421 Gallia:
1741 3364 2043 3435 episcOpos,
2072 3338 2126 3417 et
2145 3376 2308 3432 quos-
2337 3338 2382 3399 (ἶ
2485 3362 2537 3417 in
2583 3338 2685 3418 hac
2716 3364 2943 3434 epistola
2984 3381 3144 3433 quam
3176 3338 3407 3425 Basilius
3442 3369 3514 3441 (g)
3560 3370 3705 3427 Italis
3735 3382 3789 3427 et
3822 3371 3991 3428 Gallis

736 3463 858 3517 dant
900 3461 1053 3526 alios,
1105 3462 1195 3530 qui
1246 3461 1495 3529 privatim
1522 3461 1734 3514 litteras
1776 3460 1840 3513 ad
1874 3474 1994 3513 eum
2023 3458 2303 3513 dederant.

731 3554 810 3609 Ex
851 3555 914 3610 iis
946 3553 1128 3608 Basilii
1170 3552 1412 3623 epistolis
1460 3553 1580 3607 dua:
1606 3561 1838 3616 exstant,
1879 3566 1981 3605 una
2009 3550 2303 3622 generatim

733 3644 1168 3700 Occidentalibus
1196 3644 1476 3713 inscripta,
1512 3646 1681 3697 altera
1711 3641 2002 3695 Valeriano
2052 3640 2307 3707 Aquileiae

732 3735 1006 3804 episcopo,
1036 3733 1125 3801 qui
1159 3734 1227 3787 ob
1261 3734 1590 3787 vicinitatem
1616 3732 1813 3803 Illyrici
1841 3731 2123 3801 episcOpus
2152 3730 2204 3782 in
2238 3729 2307 3781 ti-

735 3825 845 3878 tulo
880 3825 1099 3880 dicitur.
1137 3821 1302 3895 illyrii
1331 3832 1508 3877 autem
1539 3832 1591 3878 et
1617 3823 1783 3877 italiae
1808 3837 1871 3876 ac
1893 3822 2078 3879 Galliae
2101 3822 2307 3890 episco-

731 3919 782 3987 pi
811 3932 916 3972 nou
943 3919 1241 3986 generatim
1267 3916 1655 3981 Orientalibus,
1695 3916 1790 3971 sed
1820 3914 1918 3970 soli
1950 3914 2146 3969 Basilio
2170 3914 2307 3969 scri-

730 4027 888 4088 psere
918 4028 931 4063 :
967 4026 1066 4066 nec
1105 4013 1259 4066 video
1283 4012 1411 4082 quid
1440 4008 1786 4065 Tillemontio
1813 4008 2141 4079 persuaserit
2161 4023 2307 4063 com-

738 4119 954 4158 munem
993 4102 1415 4158 Occidentalium
1455 4102 1521 4153 ad
1555 4098 1857 4154 Orientales
1890 4098 2171 4166 epistolam
2203 4112 2303 4151 non

728 4197 986 4256 defuisse.
1020 4196 1205 4266 Neque
1238 4197 1380 4250 enim
1409 4208 1505 4249 suo
1534 4193 1754 4245 umnine
1788 4191 2019 4245 Basilius
2046 4190 2306 4245 rescribe-

731 4296 816 4345 ret
843 4289 1006 4344 ltalia:
1034 4298 1087 4342 et
1117 4288 1303 4343 Galliae
1325 4285 1620 4357 episcopis,
1648 4283 1691 4337 si
1716 4298 1905 4337 eorum
1938 4283 2127 4337 litterte
2162 4298 2308 4336 cmu-

731 4399 924 4439 munes
964 4383 1061 4452 ipsi
1089 4398 1210 4437 cum
1246 4383 1367 4436 aliis
1397 4380 1645 4435 fuissent.
1693 4378 1958 4433 Praeterea
2005 4377 2306 4432 Orientales

730 4474 785 4529 in
811 4488 897 4543 ep.
931 4472 1001 4528 92
1031 4472 1229 4526 nullam
1254 4471 1322 4525 ab
1350 4469 1782 4525 Occidentalibus
1810 4478 2083 4538 acceptam
2107 4467 2307 4537 episto-

730 4568 838 4622 lam
890 4571 1214 4621 memorant.
1258 4563 1418 4618 Solus
1465 4562 1693 4617 Basilius
1726 4563 1802 4632 (ιι)
1834 4563 2037 4635 gratias
2088 4561 2196 4632 agit
2236 4560 2305 4615 ob

728 4668 1012 4728 acceptum
1046 4672 1107 4712 ex
1141 4669 1327 4711 eorum
1350 4654 1542 4707 litteris
1572 4654 1846 4709 solatium.
1888 4652 2073 4723 Neque
2122 4653 2173 4706 id
2206 4652 2306 4706 mi-

732 4767 853 4807 rum
884 4749 1052 4804 videri
1080 4750 1258 4813 debet,
1288 4762 1411 4802 nam
1452 4748 1598 4804 solus
1631 4746 1861 4802 Basilius
1901 4747 2130 4799 Damaso
2170 4746 2306 4798 scri-

735 4848 919 4911 pserat
947 4853 962 4891 :
993 4848 1047 4890 et
1071 4836 1424 4890 Athanasium
1460 4846 1763 4907 rogaverat,
1802 4845 1860 4889 ut
1887 4837 2117 4905 aliquem
2143 4849 2171 4887 e
2195 4835 2304 4889 suis

731 4932 945 4989 clericis
984 4930 1239 4984 comitem
1277 4926 1554 4982 Dorotlteo
1576 4928 1749 4993 daret,
1784 4942 2017 4996 suasque
2049 4925 2303 4996 adjunge-

732 5034 817 5079 ret
845 5025 1076 5077 litteras.
1107 5023 1288 5089 Quare
1314 5035 1433 5075 eum
1457 5021 1788 5075 Athanasius
1810 5019 1990 5075 Basilii
2019 5019 2299 5091 epistolam

728 5115 955 5170 Romam
1001 5115 1263 5179 misisset,
1302 5112 1539 5168 vicissim
1586 5113 1849 5167 Damasus
1896 5113 2023 5167 ltuic
2059 5112 2300 5183 epistulas

724 5225 981 5279 responsa
1008 5209 1074 5263 ad
1100 5208 1455 5263 Athanasium
1484 5208 1648 5273 misit,
1676 5216 1732 5260 ut
1757 5222 1817 5261 ea
1843 5207 2040 5261 Basilio
2072 5209 2303 5261 redden-

724 5304 793 5357 da
832 5312 1065 5357 curaret.
1100 5302 1174 5357 Eo
1210 5304 1379 5373 magis
1404 5302 1506 5355 hac
1529 5300 1578 5353 in
1610 5316 1667 5354 re
1692 5301 1920 5355 Basilius
1943 5316 2078 5370 opus
2116 5299 2302 5353 habuit

724 5398 785 5453 S.
812 5399 1128 5462 Athanasio,
1156 5397 1299 5468 quod
1326 5397 1439 5463 ipse
1466 5409 1551 5449 res
1578 5403 1753 5448 tantas
1779 5396 1928 5448 solus
1951 5394 2165 5463 aggredi
2194 5408 2295 5446 non

723 5489 978 5557 audebat,
1039 5488 1198 5557 idque
1238 5502 1333 5557 per
1372 5500 1609 5539 eanones
1661 5500 1765 5538 non
1801 5483 1960 5538 licere
2001 5485 2076 5536 ait
2119 5485 2168 5535 in
2205 5499 2293 5550 ep.

724 5581 851 5637 ΙΗ.
874 5580 1053 5634 Voluit
1074 5580 1293 5647 quidem
1319 5581 1467 5633 solus
1491 5578 1731 5633 scribere
1764 5591 1904 5631 anno
1934 5574 2040 5629 375
2074 5576 2165 5647 (ε).
2194 5576 2290 5630 sed

796 5703 870 5765 (a)
912 5699 1010 5765 Ep.
1049 5696 1136 5751 90.

796 5769 869 5835 (ὑ)
912 5771 1005 5833 Ep.
1039 5768 1128 5821 9i.

798 5845 867 5905 te)
912 5838 1004 5903 lelp.
1031 5839 1097 5888 90
1111 5878 1122 5889 .

821 5911 872 5968 Λ)
918 5905 1012 5969 Ep.
1050 5906 1138 5960 90.
1176 5921 1227 5956 η.
1260 5906 1309 5959 i.

821 5911 872 5968 Λ)
918 5908 1012 5969 Ep.
1050 5908 1138 5960 90.
1176 5921 1227 5956 η.
1260 5908 1309 5959 i.

797 5908 870 6039 ξε.)
916 5974 1008 6038 ιιν.
1040 5973 1164 6033 253,
1196 5991 1244 6023 tt.
1279 5975 1332 6025 2.

2410 3468 2506 3508 suo
2532 3456 2752 3525 scripsit
2782 3456 3019 3522 nomine,
3052 3456 3293 3510 laetitiam
3322 3473 3474 3512 suam
3503 3460 3768 3528 significat
3799 3477 3866 3516 cx
3893 3478 3989 3516 eo-

2409 3563 2527 3601 rum
2582 3547 2775 3603 litteris
2809 3557 3109 3617 acceptam,
3163 3565 3226 3604 ex
3269 3551 3463 3620 quibus
3498 3566 3764 3606 summam
3795 3569 3985 3608 eorum

2410 3640 2751 3693 e0ncordiam
2806 3648 2860 3694 et
2902 3641 3159 3695 unitatem
3204 3651 3579 3714 perspexerat.
3635 3642 3739 3698 Sed
3777 3653 3835 3697 ut
3864 3660 3992 3714 pro-

2411 3730 2583 3796 prium
2610 3746 2763 3784 suum
2794 3746 2914 3787 esse
2936 3733 3081 3787 ducit
3104 3732 3315 3790 felicem
3348 3736 3559 3791 illorum
3598 3734 3855 3793 Ecclesia
3877 3749 3991 3793 sta-

2412 3828 2546 3885 tum,
2572 3820 2643 3874 ita
2671 3836 2763 3876 eos
2793 3835 2964 3894 rogat,
3001 3841 3059 3880 ut
3098 3829 3333 3883 vicissim
3360 3828 3595 3885 Orientis
3643 3832 3802 3886 malis
3838 3847 3992 3887 com-

2410 3919 2747 3965 moveantur.
2810 3914 3037 3985 Egregie
3075 3918 3342 3974 describit
3388 3920 3487 3976 has
3528 3936 3823 3985 aerumnas,
3867 3938 3991 3993 quas

2406 4003 2515 4073 jam
2544 4019 2640 4075 per
2676 4014 2846 4060 totum
2872 4006 3056 4060 orbem
3086 4022 3513 4075 personuerant.-
3539 4012 3764 4069 Nuntiat
3799 4014 3992 4071 Patres

2407 4108 2463 4151 et
2504 4099 2819 4153 traditiones
2847 4100 3141 4166 contemni,
3194 4112 3510 4157 novaturum
3544 4118 3850 4161 commenta
3890 4108 3984 4162 do—

2409 4191 2628 4256 minari,
2663 4191 2870 4248 abactis
2902 4193 3205 4261 pastoribus
3245 4192 3399 4265 lupus
3444 4193 3711 4250 introduci
3750 4196 3989 4253 :‘domus

2409 4283 2674 4337 orationis
2716 4285 2959 4340 desertas
2994 4301 3145 4353 esse;
3203 4286 3520 4341 solitudines
3561 4286 3987 4345 lamentantibus

2410 4375 2636 4429 refertas
2665 4390 2805 4430 esse.
2834 4377 3003 4443 Bogat
3034 4393 3162 4447 ergo
3197 4375 3360 4432 italia:
3390 4388 3444 4433 et
3472 4376 3654 4433 Galliae
3678 4380 3984 4451 episcopos.

2409 4476 2467 4521 ut
2499 4468 2712 4521 tandem
2747 4466 2984 4523 Orientis
3020 4469 3218 4524 auxilio
3240 4472 3477 4525 veniant.
3504 4470 3769 4527 Assentiri
3804 4487 3864 4528 se
3886 4472 3987 4529 tle-

2406 4561 2577 4614 clarat
2622 4560 2687 4614 iis
2731 4563 3002 4631 omnibus,
3047 4577 3167 4632 quae
3202 4565 3457 4620 canonice
3503 4574 3624 4621 aeta
3658 4562 3874 4621 fuerant
3928 4568 3984 4623 in

2412 4652 2615 4723 synodo
2641 4653 2909 4711 Romana.

2486 4743 2693 4815 Scripta
2728 4756 2808 4800 est
2853 4749 2903 4800 iu
2955 4745 3197 4801 eamdem
3244 4748 3566 4803 sententiam
3617 4746 3845 4817 epistola
3900 4763 3986 4804 se-

2412 4852 2579 4905 quens
2608 4837 2684 4909 (It)
2709 4841 2773 4891 ad
2809 4839 3169 4904 Valerianum,
3193 4842 3343 4909 cujus
3372 4840 3690 4895 eharitatem
3721 4856 3787 4897 co
3813 4842 3986 4910 magis

2415 4929 2645 4981 miratur
2679 4928 2935 4994 Basilius,
2992 4934 3132 4998 quod
3186 4932 3231 4985 is
3260 4931 3406 4999 prior
3451 4930 3764 5001 scripserat,
3824 4930 3985 4985 nullis

2409 5022 2761 5090 compellatus
2788 5024 3001 5075 litteris.
3048 5021 3276 5076 Necesse
3318 5036 3439 5077 esse
3473 5024 3567 5090 ait,
3601 5024 3646 5079 si
3690 5022 3849 5078 modo
3876 5039 3981 5078 non

2402 5112 2513 5181 jam
2548 5112 2857 5166 conclusum
2895 5121 2975 5165 cst
3005 5113 3183 5165 mundi
3218 5120 3447 5181 tempus,
3503 5117 3597 5168 sed
3640 5115 3818 5168 adhuc
3857 5116 3982 5169 vita:

2411 5205 2658 5261 humanae
2710 5208 2824 5260 dies
2883 5213 3191 5276 supersunt,
3252 5214 3311 5259 ut
3374 5205 3752 5261 Occidentales
3820 5208 3979 5263 iidem

2408 5295 2645 5353 Orientis
2678 5308 2956 5361 renovent,
2990 5307 3043 5351 et
3074 5298 3361 5361 bonorum,
3396 5314 3514 5367 qua:
3534 5300 3600 5353 ab
3631 5297 3851 5355 Oriente
3886 5314 3979 5353 ac-

2407 5399 2686 5460 ceperunt,
2742 5389 3232 5446 remunerationem
3297 5390 3368 5445 illi
3430 5392 3483 5445 itt
3539 5401 3783 5461 tempore
3853 5406 3976 5461 per-

2405 5485 2639 5538 solvant.

2476 5575 2538 5629 V.
2588 5575 2835 5643 Epistula:
2865 5574 2928 5645 (i)
2959 5573 3126 5629 Gallis
3151 5572 3365 5629 etitalis
3391 5573 3604 5643 scripta:
3630 5571 3975 5630 subscribqu

2476 5690 2551 5763 (r)
2588 5691 2685 5774 Et»
2719 5692 2807 5745 89-

2476 5766 2549 5844 (9)
2593 5764 2687 5844 ξίν·
2716 5763 2803 5844 9.9-

2478 5837 2554 5910 (θ’.)
2585 5832 2690 5910 Ξεν-
