4214 6486
1526 432 1682 486 VITA
1728 431 1787 484 S.
1826 431 2088 485 BASlLll.

3211 439 3412 479 ιῖὶλῖλ

201 550 406 619 episcopi
437 548 527 613 31,
556 548 705 607 inter
740 567 878 623 quos
907 552 1142 623 insignes
1178 560 1303 609 sunt
1348 565 1565 607 sanctus
1586 554 1744 607 Mete-
1774 556 1821 612 Α
1866 551 2068 607 Pascha
2106 546 2302 607 dimitti
2339 547 2483 618 velit,
2527 549 2653 621 quia
2698 559 2952 616 responsa
2992 544 3289 601 Samosatis
3317 558 3416 595 cx-

201 645 305 707 lius,
345 640 399 692 S.
433 638 702 699 Eusebius
749 644 1163 711 Samosatensis,
1215 652 1433 698 sanctus
1488 645 1740 707 Basilius.

198 730 457 799 Gregorius
490 732 755 803 TheOIOgi
803 743 973 801 pater,
1021 733 1265 803 Pelagius
1289 733 1597 800 Laodicaeze,
1630 738 1743 789 An-

198 823 371 873 thimus
390 819 730 893 Tyanorum,
789 805 1091 880 Theodotus
1133 825 1554 892 Nicopolitauns,
1592 828 1743 880 Virus

196 910 494 967 Uatrltorum
529 916 581 966 in
618 912 1033 982 Mesopotamia,
1056 918 1325 972 Abraham
1353 915 1656 972 Urimorum
1692 917 1743 969 in

197 1000 353 1068 Syria,
395 1007 480 1074 qui
511 1006 757 1058 concilio
785 1008 1119 1063 Autioeheno
1162 1006 1402 1061 interfuit
1429 1025 1567 1062 anno
1597 1006 1701 1061 365
1728 1024 1742 1071 ;

195 1096 315 1147 alter
355 1097 623 1150 Abraham
677 1096 998 1163 Batnorum,
1050 1101 1113 1151 ad
1149 1115 1306 1168 quem
1350 1111 1526 1155 exstat
1564 1098 1745 1152 Basilii

195 1184 414 1251 epistola,
450 1186 598 1239 Zeno
629 1188 787 1259 Tyrii,
835 1190 1168 1255 Eustathius,
1214 1201 1270 1244 ut
1322 1189 1613 1245 verisimile.
1645 1196 1742 1252 est,

194 1274 523 1332 Sebastcnns't
554 1280 662 1342 Pro
687 1284 905 1343 Narses.
932 1280 1055 1351 legit
1088 1280 1324 1337 Valesius
1358 1283 1552 1334 Barses
1582 1278 1747 1335 Edes-

197 1383 276 1421 διε.
306 1368 406 1422 Sed
432 1387 553 1424 cum
602 1374 651 1427 is
694 1376 835 1426 inter
862 1383 1159 1441 postremos
1183 1373 1508 1432 subscribat.
1532 1372 1747 1441 conjicit
1808 1424 1811 1425 ν

197 1457 547 1516 Tillemontius
609 1478 737 1516 eum
786 1463 978 1530 potius,
1031 1464 1119 1532 qui
1150 1464 1347 1517 Bassus
1376 1463 1593 1523 dicitur,
1629 1478 1747 1516 esse

194 1548 392 1604 Baream
476 1553 726 1606 Edessm.
808 1549 913 1608 Pro
982 1555 1141 1610 latrio
1216 1555 1442 1608 libenter
1516 1552 1746 1623 legerem

194 1636 413 1693 Otreium
450 1641 892 1700 Melitinensem..
917 1645 1123 1700 Favent
1151 1646 1276 1699 huic
1304 1645 1582 1698 sententiae
1614 1660 1747 1698 uou-

196 1731 305 1784 nulli
345 1731 582 1795 codices,
642 1733 696 1786 in
740 1737 935 1805 quibus
983 1736 1174 1803 legitur
1216 1736 1452 1789 Atreius.
1494 1733 1745 1801 Iosacem,

194 1824 293 1877 sire
340 1821 575 1877 lsaacem
637 1826 1012 1883 Tilletnontitts
1076 1827 1321 1880 eumdem
1387 1842 1506 1882 esse
1564 1829 1748 1883 existi-

1846 645 2144 714 spectabat.

1929 733 2015 788 Vl.
2070 732 2350 790 Consuluit
2410 734 2659 788 Basiliam
2712 744 2960 787 matrona
3011 728 3288 797 qtt'etlam,
3344 738 3414 777 an

1854 827 1982 880 utile
2030 832 2099 881 sit
2140 826 2379 897 quotidie
2427 825 2853 892 communicare,
2900 824 2955 877 et
3003 820 3053 871 in
3106 817 3414 872 domesticis

1855 918 2322 972 communionibus
2352 932 2417 970 au
2452 916 2609 970 liceat
2643 915 2812 977 laieis,
2848 916 3070 970 absente
3100 910 3412 979 presbytero

1853 1020 1944 1063 aut
1976 1012 2223 1076 diacono,
2254 1010 2681 1065 communionem
2706 1008 2919 1075 propria
2950 1020 3108 1058 manu
3142 1002 3410 1066 accipere.

1862 1103 2071 1157 Laudat
2098 1103 2323 1156 Basilius
2362 1100 2793 1155 Communionetn
2832 1098 3223 1165 quotidianam,
3254 1106 3411 1159 quam

1859 1207 2034 1249 tamen
2065 1194 2265 1248 fatetur
2298 1194 2434 1261 apud
2463 1191 2822 1245 Ca-sarieuses
2850 1188 3099 1240 usitatam
3132 1203 3235 1239 non
3270 1198 3411 1238 esse.

1855 1280 1962 1338 llos
1993 1280 2133 1336 enim
2183 1289 2369 1349 quater
2399 1276 2621 1345 singulis
2657 1272 3083 1329 hebdomadibus
3114 1269 3418 1323 commutti-

1858 1386 2006 1435 care,
2036 1371 2307 1425 Dominica
2328 1370 2435 1430 die,
2461 1377 2653 1436 quarta
2678 1366 2783 1432 die,
2811 1364 2860 1415 in
2886 1362 3178 1415 Paraseeve
3204 1370 3257 1412 ct
3285 1359 3417 1411 Sab-

1854 1464 2003 1523 bato,
2034 1472 2087 1515 et
2111 1462 2230 1514 aliis
2264 1462 2475 1521 diebus,
2507 1459 2548 1511 si
2574 1458 2743 1511 Sancti
2772 1453 2999 1520 alicujus
3029 1459 3278 1504 occurrat
3302 1465 3415 1503 me-

1855 1556 2047 1609 moria.
2104 1553 2273 1606 Alteri
2335 1550 2615 1619 qumstioui
2670 1548 2954 1616 respondet
3010 1544 3141 1598 nihil
3197 1556 3416 1610 prorsus

1856 1645 2183 1700 incommodi
2235 1657 2372 1706 esse,
2436 1643 2478 1695 si
2529 1640 2649 1709 quis
2700 1636 3086 1707 persecutionis
3138 1641 3413 1701 tempore,

1851 1740 2072 1793 absente
2118 1734 2432 1807 presbytero
2469 1743 2523 1787 et
2564 1733 2810 1791 diacono,
2862 1724 3254 1781 Eucharisliam
3289 1738 3419 1791 pro-

1852 1833 1967 1900 pria
1998 1847 2156 1885 manu
2186 1827 2439 1896 accipiat.
2471 1827 2525 1879 Id
2557 1825 2697 1879 enim
2734 1832 2787 1877 et
2823 1820 3116 1875 monachos
3144 1818 3195 1872 in
3228 1816 3419 1870 solitu-

196 1922 310 1974 mat,
356 1928 417 1967 ac
468 1913 745 1971 lsaeocem
794 1918 1058 1970 Armeniae
1103 1918 1321 1988 majoris
1350 1920 1446 1990 (α).
1490 1920 1744 1988 Equidem
1782 1895 1823 1954 Β
1856 1895 2091 1987 diuibus,
2122 1934 2175 1978 et
2220 1932 2656 1991 unumquemque
2698 1916 2762 1969 de
2800 1914 2953 1981 plebe
2991 1909 3327 1964 Alexandriae
3365 1914 3420 1961 et

197 2016 281 2070 pro
305 2016 365 2055 eo
393 2006 534 2073 quod
568 2015 660 2059 est
691 2007 740 2058 in
770 2007 927 2060 editis
962 2007 1219 2080 Ἰωσάκης
1250 2010 1497 2063 libentius
1523 2011 1750 2079 legerem

210 2090 462 2164 Ἰπαάκης.
502 2096 596 2150 Sic
622 2097 769 2150 enim
807 2098 858 2151 itt
889 2098 1044 2166 epist.
1078 2101 1198 2163 158,
1224 2116 1341 2153 cum
1374 2110 1600 2166 quatuor
1624 2114 1748 2151 mss.

201 2183 442 2240 baberent
486 2188 779 2259 Ἰωσὰκης,
807 2192 953 2259 sequi
992 2192 1149 2244 malui
1180 2192 1311 2243 alios
1349 2192 1583 2246 melioris
1620 2202 1755 2245 nota:

202 2278 247 2329 in
302 2280 492 2347 quibus
554 2282 757 2350 legitur
807 2284 1079 2351 Ἰσαάκης.
1132 2282 1230 2337 llic
1282 2294 1458 2337 autem
1516 2284 1647 2338 nihil
1700 2286 1753 2339 iu

200 2380 433 2425 contextu
493 2374 828 2427 mutavimus
895 2374 964 2427 ob
1030 2390 1292 2428 summam
1352 2376 1592 2430 codicmn
1666 2394 1755 2431 ve-

203 2471 360 2517 terum
417 2465 867 2538 discrepantiam,
912 2469 1018 2523 ‘sed
1074 2480 1249 2522 tamen
1299 2467 1532 2523 lsaacetn
1591 2471 1757 2523 inter-

206 2565 431 2620 pretatus
498 2574 655 2617 sum.
709 2558 999 2629 Gregorius
1048 2570 1225 2614 autem
1280 2561 1417 2613 alter
1479 2576 1581 2612 non
1623 2560 1758 2613 alius

206 2646 398 2699 videtur
445 2660 569 2701 esse
628 2663 794 2719 quam
852 2649 1150 2720 Nyssenus,
1203 2665 1360 2720 quem
1417 2650 1758 2718 probavimus

199 2739 297 2806 jam
345 2751 455 2795 tum
510 2742 690 2798 fuisse
739 2742 1065 2813 episcopum.
1121 2743 1310 2799 (ἐπιειί
1351 2744 1505 2798 nobis
1540 2759 1757 2814 prorsus

203 2834 370 2901 ignoti.

264 2923 396 2979 N:bil
426 2927 829 2997 significantius
862 2930 962 2983 hac
1004 2929 1249 2999 epistola,
1287 2929 1419 2983 nihil
1443 2930 1508 2983 ad
1548 2944 1760 2999 permo-

205 3020 393 3072 vendos
437 3021 660 3073 animos
695 3022 893 3087 aptius.
947 3020 1207 3073 Fateatur
1244 3019 1389 3085 justo
1436 3020 1527 3073 Dei
1560 3020 1760 3089 judicio

204 3109 454 3176 evenisse,
486 3121 718 3176 ut,cum
747 3110 1114 3166 Occidentales
1134 3112 1339 3165 tristem
1373 3109 1609 3167 Orientis
1644 3120 1761 3165 sta-

208 3208 304 3252 tum
343 3202 664 3267 didicerint,
699 3204 929 3256 nondum
965 3212 1140 3256 tamen
1171 3215 1326 3269 opem
1372 3200 1607 3254 tulerint.
1653 3198 1756 3253 Sed

208 3308 334 3346 nunc
364 3294 781 3349 demississimia
815 3293 1063 3363 precibus
1097 3302 1306 3363 rogant,
1331 3300 1388 3346 ut
1415 3293 1626 3346 tandem
1658 3291 1756 3344 ali-

206 3384 400 3449 quando
426 3393 775 3448 succurrant,
818 3385 903 3437 ubi
930 3384 1109 3437 omnia
1144 3399 1172 3436 a
1220 3383 1419 3436 Sabino
1454 3382 1755 3437 didicerint.

207 3472 307 3528 Non
335 3477 472 3529 enim
504 3490 668 3529 unam
701 3475 990 3545 periclitari
1034 3473 1351 3537 Ecelcsiam,
1392 3474 1485 3527 sed
1524 3472 1695 3527 ferme
1729 3488 1757 3526 a

208 3564 387 3620 ﬁnibus
417 3566 621 3635 lllyrici
657 3580 831 3635 usque
855 3567 920 3619 ad
956 3565 1280 3621 Thebaidem
1320 3565 1567 3621 haeresim
1608 3579 1761 3633 gras-

206 3658 322 3712 sari.
358 3657 501 3714 Hinc
554 3658 791 3714 confusa:
824 3657 1074 3713 Ecclesia:
1105 3658 1271 3729 leges,
1301 3658 1640 3729 episcopatus
1668 3655 1761 3709 im-

209 3750 375 3817 pietati
404 3753 455 3805 in
485 3750 775 3821 praemium
799 3752 1122 3819 pr0posit'us.
1158 3752 1376 3804 Sunuua
1410 3747 1661 3818 peccandi
1694 3747 1758 3799 li-

206 3842 393 3908 bertas,
445 3844 721 3914 episcopis
756 3845 931 3898 omnia
978 3843 1043 3896 ad
1082 3843 1306 3912 gratiam
1356 3853 1410 3896 et
1436 3840 1760 3909 voluptatem

206 3949 376 3990 eorum
410 3936 768 3999 facientibus,
794 3950 823 3988 a
855 3935 1048 4004 quibus
1085 3935 1450 4005 episcopatum
1481 3948 1760 4001 accepere.

207 4023 457 4081 Nonnulli
480 4042 667 4081 ansam
704 4041 851 4082 sana:
880 4026 1142 4081 doctrinae
1168 4025 1455 4095 arripiunt,
1485 4035 1543 4079 ut
1574 4027 1763 4078 adver-

208 4117 368 4173 sarios
398 4116 761 4172 ulciscantur.
804 4115 906 4170 Alii
943 4117 1267 4172 discordiam
1294 4116 1464 4179 alunt,
1502 4125 1559 4170 ut
1581 4115 1764 4169 crimi-

206 4222 266 4261 na
290 4226 383 4265 sua
425 4210 699 4265 occultent
750 4209 938 4281 Populi
966 4227 1064 4281 pro
1086 4211 1357 4265 manibus
1381 4208 1534 4265 eﬂusi
1556 4208 1653 4263 sub
1678 4208 1765 4263 dio

206 4314 383 4369 preces
420 4301 677 4367 fundunt,
702 4317 766 4357 ac
794 4302 1124 4369 precationis
1145 4303 1359 4365 domos,
1386 4310 1443 4353 ut
1474 4299 1764 4369 impietatis

207 4392 413 4447 scholas
440 4392 671 4463 fugiunt.
695 4393 973 4464 Bogantur
995 4406 1127 4461 ergo
1148 4390 1541 4451 Occidentales.
1572 4402 1628 4444 ut
1657 4392 1766 4445 cito

208 4484 375 4552 plures
437 4484 489 4539 in
538 4486 810 4541 Orientem
848 4485 1043 4539 fratres
1079 4484 1319 4545 mittant,
1362 4493 1418 4536 ut
1456 4498 1562 4537 non
1594 4484 1763 4537 solum

1857 2016 1907 2068 in
1954 2016 2189 2085 ASgypto
2230 2016 2407 2067 facere
2448 2010 2644 2073 solere,
2679 2017 2738 2060 ut
2771 2004 3164 2059 Euebaristiam
3202 2000 3414 2051 doumm

1855 2106 2123 2169 auferant,
2174 2112 2229 2157 et
2260 2120 2354 2172 pcr
2394 2118 2455 2158 se
2492 2100 2589 2171 ipsi
2630 2095 3054 2153 communicent.
3086 2092 3251 2144 Porro
3296 2103 3416 2141 cum

1856 2198 2185 2253 sacrificium
2219 2197 2474 2249 sacerdos
2506 2191 2755 2257 absolvit,
2784 2190 2825 2244 si
2858 2188 2979 2257 quis
3012 2186 3076 2238 ab
3107 2198 3171 2237 eo
3206 2180 3418 2234 Eucha-

1856 2289 2067 2344 ristiam
2096 2288 2161 2340 ad
2190 2286 2372 2355 plures
2399 2285 2507 2338 dies
2539 2284 2789 2352 accipiat,
2823 2282 2867 2335 is
2897 2298 2925 2334 a
2968 2276 3247 2332 sacerdote
3289 2286 3421 2325 cen-

1856 2394 2006 2437 setur
2031 2380 2298 2448 accipere,
2333 2377 2543 2446 quoties
2572 2376 2781 2446 propria
2813 2388 2970 2426 manu
3003 2364 3387 2423 communicat.

1928 2475 2074 2529 lianc
2103 2471 2383 2542 epistolam
2416 2471 2560 2526 circa
2604 2481 2803 2521 annum
2831 2464 2934 2517 372
2969 2461 3221 2526 scriptam
3253 2457 3427 2525 conji-

1856 2567 2051 2627 cimus,
2095 2564 2216 2632 quia
2263 2563 2567 2632 persecutio
2610 2555 2895 2629 prtesentia
2950 2550 3191 2607 Valentis
3239 2548 3424 2616 ingrax

1857 2671 2081 2711 vescens
2126 2655 2178 2710 in
2208 2653 2426 2708 Oriente
2454 2662 2506 2706 et
2553 2650 2796 2705 finitimis
2838 2646 2989 2707 locis,
3034 2643 3245 2695 videtur
3278 2638 3406 2706 ejus-

1859 2749 2000 2804 modi
2050 2745 2332 2816 qutestioni
2382 2744 2556 2799 locum
2606 2742 2834 2796 dedisse.
2880 2735 3138 2802 Quamvis
3178 2734 3319 2785 enim
3366 2730 3405 2784 it

1858 2840 2101 2909 pluribus
2125 2836 2255 2891 locis
2284 2832 2567 2894 Catholici,
2599 2841 2658 2882 ut
2684 2842 2849 2895 supra
2881 2825 3133 2884 vidimus.
3163 2822 3283 2876 odio
3313 2820 3413 2873 lue.

1859 2934 1993 2986 resis
2034 2942 2184 2984 cura
2224 2928 2410 2981 urbem
2454 2925 2551 2977 sub
2583 2922 2670 2976 dio
2718 2926 3084 2990 precarentur,
3126 2927 3299 2981 neque
3339 2911 3420 2966 bis

1860 3021 2211 3076 eunventibus
2235 3018 2532 3087 presbyteri
2562 3024 2617 3068 et
2641 3012 2855 3067 diaconi
2881 3009 3151 3068 deessent,
3181 3015 3241 3059 ut
3272 3014 3423 3073 patet

1860 3128 1925 3165 ex
1996 3112 2087 3165 lib.
2142 3125 2196 3164 tv
2262 3105 2609 3167 Theodoreti,
2660 3105 2746 3157 ubi
2813 3102 3085 3155 Modestus
3136 3098 3422 3150 Edessena:

1864 3203 2005 3270 plebi
2059 3216 2156 3269 pro
2193 3199 2460 3253 luminibus
2500 3196 2679 3250 ρπιιεεθ
2722 3205 2942 3263 parcere
2985 3200 3233 3251 coactus,
3276 3185 3424 3241 solos

1814 3283 1832 3306 ¹
1865 3296 2044 3355 duces.
2082 3292 2133 3345 id
2175 3300 2257 3346 est
2302 3290 2644 3360 presbyteros
2667 3296 2722 3341 et
2761 3286 3034 3349 diaconos,
3070 3278 3424 3346 aggreditur;

1864 3395 2165 3439 nontamen
2195 3382 2473 3454 probabile
2494 3389 2575 3436 est
2601 3379 2927 3433 sacrificium
2953 3376 3051 3429 sub
3075 3374 3162 3426 dio
3184 3372 3421 3425 oblatum

1864 3477 2046 3539 fuisse,
2082 3475 2174 3528 sed
2216 3483 2418 3526 tantum
2450 3472 2500 3523 in
2542 3469 2766 3535 privatis
2802 3467 3028 3519 aedibus.
3076 3461 3225 3516 Unde
3268 3457 3421 3511 Basi-

1861 3568 1965 3621 lius
2004 3567 2053 3620 in
2085 3567 2242 3634 epist.
2273 3563 2403 3626 243,
2437 3580 2489 3616 ιι.
2524 3561 2596 3615 '5:
2638 3560 2834 3613 Vacant
2871 3557 3065 3609 altaria
3098 3553 3242 3607 cultu
3265 3550 3427 3618 spirit

1863 3658 2013 3711 tituli.
2064 3654 2186 3710 Non
2225 3655 2338 3725 jam
2393 3662 2667 3705 conventus
2720 3647 3212 3703 Christianorum...
3266 3657 3426 3711 nequ:

1865 3749 2011 3799 beata
2044 3746 2137 3799 illa
2186 3745 2478 3807 animarum
2528 3740 2831 3806 exsultatio,
2872 3754 2990 3808 qua!
3037 3752 3105 3789 ea:
3140 3731 3427 3805 synaxibua

1864 3851 1910 3892 et
1943 3837 2408 3892 communicatione
2436 3837 2695 3887 donorum
2720 3830 3074 3899 spiritualium
3105 3867 3119 3891 ,
3146 3824 3423 3879 animabus

1864 3931 2181 3985 credentium
2210 3928 2261 3981 in
2283 3927 2563 3981 Dominum
2588 3924 2899 3978 innascitur.
2920 3922 3097 3985 Quare
3122 3933 3183 3971 cu
3196 3932 3244 3969 ιιι
3267 3916 3428 3969 sacri-

1866 4023 2043 4077 ficium
2081 4029 2322 4075 nontam
2366 4020 2677 4084 frequenter
2717 4010 2977 4067 celebrari
3017 4017 3213 4078 posset,
3261 4022 3424 4077 quam

1864 4114 2037 4183 pietas
2099 4109 2334 4164 fidelium
2372 4109 2616 4175 optabat,
2663 4117 2882 4157 necesse
2926 4109 3044 4154 erat
3095 4108 3153 4153 ut
3210 4113 3426 4152 sacrum

1867 4204 2178 4257 alimentum
2209 4198 2309 4253 sibi
2342 4201 2391 4249 iu
2422 4196 2615 4249 multos
2645 4194 2758 4248 dies
2784 4192 3145 4262 providerent.

1938 4294 2120 4349 Basilii
2148 4308 2251 4346 non
2282 4305 2401 4345 esse
2428 4289 2566 4343 hanc
2589 4286 2864 4355 epistolam
2897 4283 3203 4351 suspicatur
3229 4276 3433 4332 doctis-

1868 4388 2040 4441 simus
2084 4384 2348 4439 Arnaldus
2396 4382 2465 4451 (c)
2520 4398 2532 4434 :
2585 4380 2678 4433 sed
2741 4377 2943 4432 nullam
2997 4370 3266 4441 opinionis
3321 4386 3432 4425 sua:

1870 4482 2131 4531 rationem
2170 4475 2346 4529 ail'ert.
2378 4472 2605 4541 Coujieit
2637 4466 3015 4523 Tillemontius
3040 4460 3293 4533 longioris
3319 4462 3435 4529 epi-

207 4580 466 4645 gravitate
524 4592 643 4641 sua,
696 4579 787 4633 sed
826 4578 987 4632 etiam
1035 4590 1262 4629 numero
1312 4576 1519 4644 pondus
1569 4585 1622 4628 et
1669 4588 1767 4627 au-
1798 4593 1849 4651 ι)
1874 4570 2024 4623 stulte
2050 4568 2407 4637 fragmentum
2436 4579 2577 4625 eSse,
2606 4558 2977 4614 etCa:sariam
3011 4553 3321 4617 Patriciam,
3347 4551 3435 4605 cui

207 4673 506 4725 ctoritatem
569 4670 795 4724 habeant
846 4670 912 4724 ad
970 4667 1219 4723 barresim
1285 4667 1656 4731 evertendam,
1714 4674 1769 4719 et

208 4763 544 4817 concordiam
585 4761 724 4815 inter
764 4775 857 4815 eos
905 4761 990 4830 qui
1038 4760 1177 4814 idem
1218 4756 1456 4813 sentiunt
1484 4758 1769 4813 restituen-

207 4854 339 4909 dam.

270 4945 404 4997 Cum
455 4942 778 5007 Dorotheus,
824 4942 913 5011 qui
969 4942 1299 5012 aliquantum
1349 4940 1401 4993 in
1454 4938 1667 5009 Illyrico
1712 4948 1766 4993 et

209 5035 547 5091 Alexandria:
597 5046 839 5091 moratus
885 5044 987 5098 est,
1037 5045 1163 5089 ante
1213 5035 1417 5089 Pascha
1463 5032 1763 5086 Caesaream

209 5129 515 5195 advenerit;
568 5128 618 5182 id
652 5137 970 5197 argumento
1002 5137 1085 5182 est
1126 5128 1410 5182 concilium
1464 5126 1766 5179 Romanum

213 5234 310 5274 non
337 5221 516 5276 serius
544 5218 709 5273 initiis
734 5220 857 5271 anui
880 5218 985 5272 572
1016 5218 1253 5271 babitmn
1280 5217 1443 5271 fuisse
1471 5217 1567 5285 (ὁ).
1594 5214 1769 5286 Rogat

212 5316 347 5367 enim
402 5312 674 5368 Heletium
730 5310 980 5378 Basilius,
1037 5320 1094 5364 ut
1146 5312 1329 5363 statim
1386 5319 1507 5379 post
1556 5308 1763 5363 Pascha

212 5402 560 5466 Dorotneum,
589 5402 656 5457 ad
686 5403 985 5472 propositas
1022 5416 1109 5456 res
1143 5393 1474 5470 peragetidas
1507 5399 1761 5453 dimittat.

213 5493 284 5547 Ex
322 5508 427 5563 quo
471 5496 675 5549 frustra
722 5491 977 5561 conjicias
1022 5492 1250 5546 voluisse
1299 5490 1575 5555 Basilium,
1614 5501 1670 5545 ut
1724 5492 1768 5544 is

216 5584 430 5641 Romam
452 5587 680 5643 rediret.
712 5584 994 5640 [tationem
1019 5585 1159 5641 enim
1185 5583 1352 5649 addit,
1380 5597 1477 5639 cur
1506 5596 1627 5639 eum
1652 5593 1770 5653 post

278 5793 351 5859 (τι)
386 5792 598 5847 Socrat.
632 5792 728 5845 lib.
766 5806 846 5855 ιιι,
877 5806 922 5846 c.
954 5789 1038 5844 15.

277 5865 347 5936 (ft)
382 5862 473 5935 Ep.
505 5861 594 5929 89,
624 5879 681 5917 η.
714 5861 769 5916 3.

1876 4661 2127 4730 inscripta
2152 4668 2253 4721 est,
2284 4672 2508 4711 uxorem
2538 4668 2654 4707 esse
2679 4651 2911 4706 Petronii
2946 4646 3182 4719 patricii,
3207 4644 3295 4714 qui
3326 4643 3433 4697 Va-

1875 4748 2032 4801 lentis
2072 4760 2227 4800 socer
2270 4744 2389 4804 fuit.
2432 4757 2496 4796 ac
2524 4740 2668 4794 solus
2713 4740 2795 4794 his
2844 4736 3173 4803 temporibus
3224 4734 3435 4804 patricii

1874 4838 2185 4907 dignitatem
2200 4835 2417 4890 habuit.
2449 4833 2554 4888 Sed
2584 4841 2639 4884 ut
2664 4831 2910 4884 omittam
2938 4825 3173 4881 Caesarie
3211 4824 3439 4893 patricio

1874 4929 2155 4999 epistolam
2194 4925 2414 4982 inscribi
2455 4925 2507 4979 in
2553 4924 2738 4979 codice
2770 4917 3101 4981 Colbertino,
3132 4930 3196 4971 ac
3230 4914 3435 4983 simpli-

1870 5024 2005 5077 citer
2042 5021 2280 5076 Cassario
2304 5019 2357 5104 iln
2388 5032 2494 5070 uno
2518 5032 2581 5069 es
2616 5014 2799 5084 ltegiis
2827 5010 3132 5076 codicibus;
3162 5017 3309 5064 certe
3339 5008 3432 5061 ho:

1873 5112 2120 5171 “uicis:
2149 5097 2339 5165 nomen
2366 5126 2469 5163 non
2497 5105 2803 5160 necessario
2826 5101 3139 5171 dignitatem
3166 5097 3421 5164 designat.

2430 5198 2657 5255 CAPUT
2692 5196 2874 5252 XXIII.

1954 5298 2229 5351 Antltintus
2263 5294 2546 5365 Tytiuensia
2585 5290 2979 5365 metropolitano
3007 5285 3136 5365 Ξἰρινα
3170 5284 3221 5363 in
3252 5300 3439 5365 suun.

1956 5373 2067 5423 tum
2101 5354 2484 5436 Cappadociam
2518 5363 2613 5415 sibi
2644 5354 2879 5429 arrogat.
2913 5357 2975 5412 ll.
3002 5356 3281 5436 Gregorius
3319 5354 3435 5436 {Ya-

1954 5424 2233 5490 zianaenus
2266 5436 2464 5491 Basilio
2496 5448 2701 5501 cperant
2733 5424 3282 5501 suattt'porrigittdll;
3311 5424 3437 5476 lla-1

1950 5510 2203 5562 dissensio
2230 5520 2343 5559 orta
2369 5514 2481 5574 post
2513 5493 2798 5574 discessum
2839 5493 3088 5574 Valentis.
3238 5493 3440 5572 Pugna

1953 5596 2109 5647 prope
2142 5575 2345 5630 Susima
2369 5565 2593 5627 'iutcrest
2636 5570 2919 5639 Gregorius
2956 5584 3016 5621 ac
3050 5568 3249 5620 rediens
3291 5565 3439 5618 anti-

1962 5780 2030 5854 (ι)
2070 5780 2227 5852 Frcq.
2267 5797 2396 5834 cont.
2428 5778 2519 5833 lib.
2543 5792 2583 5845 ι,
2612 5792 2659 5832 c.
2696 5774 2749 5829 8.
