4214 6484
754 440 817 478 xc
2087 416 2615 473 PBOLECOML‘NA.

822 551 975 591 natur
1027 539 1351 592 Sasimornm
1399 538 1683 599 i'piat'nptts.
1707 572 1717 581 .
1738 537 1797 589 γ.
1846 539 2197 605 Reme/tensus
2258 538 2315 588 ob
2352 544 2394 598 Α
2424 537 2707 591 discordia:
2733 546 2927 607 rcpltttl
2955 552 3017 592 ex
3049 538 3269 601 invidia,
3300 537 3675 607 episcnpormn
3706 534 3982 599 videiiCt‘l,

821 612 952 661 hunc
993 611 1366 659 ortlinatitmtm
1402 607 1646 657 [lusit/ts.
1692 609 1771 659 Vl.
1816 608 2029 661 l’erarta
2076 620 2147 659 est
2202 608 2315 659 Na-

823 682 1015 739 zianzi,
1049 689 1094 728 et
1138 680 1249 739 ipso
1294 680 1373 728 die
1403 675 1677 745 Gregorius
1717 682 2003 732 oratimtem
2040 678 2314 742 septimani

821 751 1142 814 pronuntiat.
1180 747 1284 799 γιι.
1316 746 1485 798 Paulo
1515 757 1623 806 post
1650 749 1899 799 inrisitur
1926 768 1955 802 a
2000 746 2234 813 Nysseno
2268 760 2311 799 et

823 820 1109 869 orationem
1160 828 1360 869 sextam
1416 817 1583 868 habet.
1634 816 1765 868 \‘lll.
1817 818 1974 877 Fur/it
2032 818 2314 883 “regat-itis

823 888 1038 953 altjectis
1074 886 1311 941 Sasimis.
1345 900 1390 937 et
1422 887 1649 938 dolorem
1688 906 1838 939 suum
1884 889 2081 943 b’usiliu
2112 888 2316 956 signiﬁ-

820 967 903 1011 Cal
932 960 1164 1025 pluribus
1192 957 1406 1010 litteris.

822 1091 860 1146 1.
900 1091 1101 1147 Divisio
1134 1092 1503 1161 Cappadocia:,
1542 1106 1604 1145 ex
1646 1109 1747 1161 qua
1789 1103 1861 1148 tot
1910 1093 2044 1147 mala
2084 1094 2135 1147 in
2178 1096 2313 1148 hanc

750 1184 1081 1252 provinciam
1131 1185 1342 1238 ﬂuxisse
1388 1184 1638 1243 vidimus.
1695 1186 1760 1237 ad
1813 1186 1980 1253 ipsius
2029 1188 2190 1241 etiam
2239 1188 2309 1239 rei

751 1274 1127 1329 ecclesiastica:
1173 1274 1628 1341 perturbationem
1678 1275 2014 1330 redundavit.
2067 1279 2143 1345 (η)
2202 1279 2311 1329 An-

753 1366 954 1420 tliimus
980 1364 1273 1435 Tyancnsis
1307 1365 1589 1433 episcopus
1622 1367 1983 1419 contendebat
2012 1370 2149 1421 hanc
2183 1367 2313 1419 civi-
2360 1404 2375 1414 .

753 1466 938 1518 tatem,
973 1471 1089 1523 qua:
1133 1455 1381 1507 secundae
1430 1454 1782 1523 Cappadocia:
1832 1456 2141 1524 metropolis
2179 1454 2312 1507 facta

753 1547 947 1607 fuerat,
994 1545 1180 1599 eodem
1211 1545 1330 1611 jure
1371 1548 1421 1600 in
1457 1547 1840 1602 ecclesiasticis
1869 1548 2029 1602 rebus
2068 1563 2185 1601 esse
2219 1549 2313 1599 de-

752 1637 898 1690 bere.
941 1635 1140 1689 Contra
1183 1636 1410 1690 Basilius
1446 1641 1610 1692 veleri
1656 1640 2031 1692 consuetudini
2070 1654 2132 1690 ac
2177 1638 2316 1691 divi-

750 1724 885 1775 sioni
937 1739 966 1777 a
1010 1724 1248 1793 patribus
1290 1724 1447 1778 facta:
1495 1726 1885 1781 inhaerendum.
1931 1727 2112 1781 Basilii
2152 1744 2316 1782 causa

750 1814 936 1869 multis
966 1816 1272 1868 nominibus
1305 1816 1477 1884 potior
1506 1816 1671 1871 videri
1703 1827 1931 1887 poterat.
1968 1818 2121 1884 Nam,
2154 1827 2210 1871 ut
2241 1820 2318 1874 ait

751 1906 803 1958 in
849 1922 904 1960 re
952 1906 1109 1957 simili
1148 1905 1489 1960 Innocentius
1525 1908 1580 1973 l,
1617 1908 1669 1961 in
1716 1910 1935 1979 epistqu
1975 1911 2038 1962 ad
2081 1911 2315 1966 Alexan-

750 2001 905 2049 drum
937 1997 1352 2062 Antioclienum,
1396 2014 1497 2050 non
1533 2001 1674 2052 decet
1725 2000 1793 2052 ad
1843 2000 2181 2053 mobilitatem
2230 2020 2317 2055 ne-

751 2094 1051 2145 cessitatum
1101 2092 1484 2144 mundanorum
1516 2091 1611 2144 Dei
1652 2090 1939 2144 Ecclesium
1974 2093 2314 2155 commutari;

748 2187 1068 2251 honoresque
1089 2195 1176 2234 aut
1201 2184 1475 2235 divisiones
1498 2183 1710 2249 perpeti,
1736 2199 1866 2249 quas
1888 2201 1981 2251 pro
2006 2186 2119 2237 suis
2142 2188 2315 2237 causis

751 2275 1017 2341 faciendas
1044 2274 1251 2326 duxerit
1284 2276 1582 2342 imperator.
1620 2273 1748 2337 Sed,
1778 2276 1918 2345 quod
1956 2276 2193 2329 Antbimi
2230 2292 2315 2329 res

749 2369 1034 2439 plurimum
1068 2369 1348 2434 promovit,
1380 2368 1644 2437 episcopis
1678 2368 2029 2436 Cappadocia:
2070 2384 2175 2422 non
2206 2371 2314 2424 dis-

749 2458 936 2527 plicuit
992 2458 1205 2512 occasio
1286 2458 1559 2525 rejiciendi
1616 2459 1819 2521 Basilii,
1869 2460 1955 2512 cui
2013 2460 2186 2513 tribus
2246 2460 2311 2513 de

750 2550 931 2603 causis
973 2550 1132 2604 amici
1187 2566 1288 2604 non
1327 2560 1497 2604 erant.
1540 2549 1669 2601 Nam
1720 2564 1816 2603 nec
1852 2549 1902 2602 in
1954 2549 2055 2605 lide
2088 2566 2210 2605 cum
2251 2566 2315 2603 eo

748 2642 1182 2703 consentiebant,
1216 2641 1314 2694 nisi
1347 2649 1605 2709 quantum
1651 2640 1699 2693 id
1733 2639 1884 2709 ipsis,
1924 2650 2146 2711 cogente
2175 2642 2312 2696 mul-

752 2733 995 2795 titudine,
1034 2732 1337 2786 faciendum
1387 2741 1541 2797 erat;
1584 2747 1681 2786 nec
1725 2744 2043 2801 conceptum
2077 2734 2314 2788 dolorem

748 2837 813 2875 ex
862 2822 1004 2875 illius
1053 2823 1392 2877 ordinatione
1440 2824 1847 2891 deposuerant:
1894 2834 1945 2875 ct
1988 2822 2157 2891 gloria
2208 2834 2312 2876 tam

750 2912 905 2981 longe
937 2914 1004 2966 ab
1046 2928 1110 2966 eo
1139 2914 1381 2981 superari
1414 2916 1853 2968 molestissimum
1888 2915 1990 2967 illis
2017 2925 2155 2976 erat,
2191 2914 2321 2968 licet

751 3005 909 3059 fateri
943 3006 1332 3071 turpissimum.
1368 3005 1489 3059 “th
1514 3006 1769 3059 discimus
1797 3021 1861 3061 ex
1891 3006 2178 3075 Gregorio,
2211 3022 2310 3061 cu-

743 3098 837 3165 jus
867 3096 1233 3150 testimonium
1274 3097 1558 3150 continuat
1595 3096 1828 3153 Basilius
1862 3098 1913 3151 in
1949 3098 2172 3167 cpistola
2204 3098 2271 3153 98
2297 3139 2312 3162 ,

752 3193 802 3243 in
853 3206 956 3260 qua
999 3190 1075 3260 (n.
1127 3190 1183 3256 2)
1231 3190 1308 3243 sic
1360 3192 1591 3259 loquitur
1635 3193 1700 3245 tle
1744 3192 2009 3261 episcopis
2067 3192 2315 3246 secunda:
2344 3219 2383 3267 ρ

748 3282 1099 3349 Cappadocia:
1132 3300 1144 3333 :
1182 3280 1468 3350 Postquam
1517 3283 1756 3345 alterius,
1793 3283 1987 3349 inquit,
2032 3285 2313 3350 provinciis

750 3389 933 3425 nomen
960 3373 1275 3438 habuerunt,
1308 3374 1483 3425 subito
1520 3374 1887 3425 existimarunt
1916 3390 1970 3425 se
2007 3389 2070 3425 ea:
2115 3374 2221 3425 alia
2254 3390 2316 3426 ac

750 3482 842 3517 nos
870 3466 1076 3517 natione
1104 3475 1149 3517 et
1178 3476 1325 3532 gente
1346 3479 1479 3525 esse,
1512 3472 1817 3534 tantumque
1845 3480 1937 3517 nos
1976 3464 2310 3532 ignorarunt,

751 3568 999 3628 quantum
1033 3556 1122 3627 qui
1164 3556 1365 3609 nullum
1408 3572 1622 3623 prorsus
1664 3556 1954 3625 periculum
1998 3556 2186 3625 fecere,
2222 3573 2315 3610 nec

750 3666 978 3715 unquam
1007 3650 1058 3700 in
1096 3648 1412 3716 colloquium
1440 3658 1707 3701 venerunt.
1748 3649 1824 3702 De
1852 3650 1981 3717 ipsis
2013 3650 2174 3701 etiam
2200 3650 2314 3718 epi-

752 3741 931 3805 scopis
957 3740 1141 3805 primae
1168 3737 1517 3803 Cappadocia:
1542 3747 1852 3802 querentem
1889 3738 2191 3792 videbimus
2212 3737 2317 3792 Ba-

750 3828 929 3881 silium
973 3829 1026 3881 in
1074 3828 1315 3897 epistolis
1347 3826 1471 3880 anni
1504 3827 1779 3895 sequentis
1809 3828 1873 3881 ad
1916 3829 1971 3882 S.
2023 3829 2313 3884 Eusebium

749 3923 1206 3976 Samosatensem.

830 4015 1106 4068 \nthimus
1145 4016 1244 4067 hoc
1294 4013 1546 4083 praesidio
1598 4013 1839 4068 munitus
1878 4014 2043 4082 coepit
2073 4028 2309 4069 conven-

752 4119 835 4160 lus
856 4123 882 4158 a
912 4108 1111 4160 Basilio
1136 4116 1402 4169 avertere,
1445 4106 1649 4161 reditus
1684 4106 1938 4161 Ecclesia:
1960 4107 2315 4161 Ctesariensis

751 4192 1003 4261 diripere,
1048 4192 1409 4247 Ecclesiarum
1460 4195 1807 4264 presbyteros
1862 4196 2060 4264 partim
2103 4210 2311 4249 sermo-

750 4301 876 4339 num
925 4286 1202 4339 blanditiis
1251 4286 1492 4352 allicere,
1537 4288 1734 4356 partim
1778 4288 2054 4356 expellere
2089 4297 2142 4341 et
2181 4288 2314 4341 alios

751 4378 1103 4434 substituere.
1163 4378 1218 4432 Si
1254 4378 1384 4447 quid
1436 4388 1613 4432 autem
1670 4379 1736 4433 de
1800 4378 1989 4433 Basilii
2050 4380 2315 4434 reditibus

752 4467 1105 4533 prtedaretur,
1154 4470 1448 4535 speciosam
1494 4470 1778 4524 latrocinio
1822 4480 1877 4524 et
1904 4471 2144 4523 avaritia:
2180 4486 2314 4525 cau-

758 4572 872 4608 sam
933 4558 1285 4623 praetexebat,
1335 4558 1471 4610 ﬁlios
1516 4559 1825 4626 spirituales
1868 4571 1924 4613 et
1978 4561 2227 4625 animas,
2259 4570 2313 4613 et
2346 4549 2391 4606 υ

754 4647 873 4699 lidei
908 4646 1241 4709 doctrinam,
1284 4646 1520 4715 itemque
1567 4649 1719 4714 illud,
1755 4650 2015 4704 tributum
2056 4666 2160 4705 non
2196 4666 2315 4706 esse

753 4739 1020 4792 hzrreticis
1048 4740 1403 4808 pendendum.

824 4828 885 4883 ll.
926 4829 1058 4883 Erat
1085 4830 1350 4897 ejusmodi
1380 4831 1574 4886 bellum
1605 4839 1658 4885 et
1682 4833 1950 4901 episcopis
1979 4849 2198 4901 prorsus
2233 4836 2315 4887 in-

754 4916 1064 4985 honestum,
1108 4933 1165 4975 et
1212 4922 1423 4990 populis
1460 4924 1843 4991 perniciosum.
1894 4924 2027 4979 Cum
2077 4927 2315 4979 audisset

748 5011 1041 5080 Gregorius
1072 5011 1270 5067 Basilio
1312 5013 1589 5067 molestias
1627 5016 1889 5080 exhiberi,
1921 5016 2160 5070 debitum
2188 5016 2312 5071 huic

752 5104 973 5171 tempori
1026 5104 1259 5158 ollicium
1314 5119 1418 5157 non
1478 5107 1828 5173 praetermisit
1878 5108 1977 5177 (b).
2030 5107 2195 5161 Suam
2261 5111 2315 5162 ei.

748 5196 945 5248 obtulit
974 5210 1218 5264 operam,
1250 5211 1418 5264 seque
1446 5196 1752 5250 Cassaream
1789 5207 2070 5251 venturum
2105 5200 2311 5267 promi-

748 5290 839 5347 sit,
893 5289 934 5340 si
980 5290 1047 5340 ita
1083 5288 1276 5341 Basilio
1312 5288 1605 5350 videretur,
1646 5297 1760 5339 tum
1803 5298 1857 5339 ut
1907 5302 2030 5340 cum
2085 5288 2312 5340 consilio

748 5380 979 5445 iuvaret,
1035 5388 1143 5431 ttnn
1204 5388 1261 5432 ut
1310 5379 1661 5431 contumelias
1712 5392 1832 5429 cum
1887 5394 1951 5430 eo
1999 5379 2309 5444 partiretur.

748 5471 1061 5537 Quanquam
1112 5472 1350 5524 declarat
1390 5486 1446 5523 se
1494 5485 1597 5523 non
1634 5480 1897 5532 metuere,
1942 5483 2007 5521 ne
2051 5470 2176 5536 quid
2213 5470 2311 5520 Ba-

749 5562 901 5616 silius
958 5564 1235 5635 indignum
1312 5563 1646 5636 philosotihia
1704 5562 2028 5617 committat.
2081 5561 2307 5615 Causam

813 5696 885 5763 (η)
938 5698 1060 5753 Nat.
1092 5717 1171 5754 or.
1206 5701 1297 5758 c.20.

819 5771 891 5837 (Ιι)
936 5770 1063 5825 Naz.
1097 5788 1178 5838 cp.
1222 5773 1309 5826 23.

833 5838 897 5912 (ι)
946 5844 1109 5911 Lpist.
1142 5843 1227 5895 82.

2402 2738 2712 2806 .ampliludo
2767 2736 3061 2802 agebantur
3102 2750 3113 2784 :

2421 629 2614 698 quibus
2657 629 2757 684 hoc
2790 629 2975 682 vitium
3009 632 3252 683 attribuit
3280 630 3334 683 in
3367 638 3507 681 orat.
3535 628 3626 680 “.20.
3665 628 3773 683 Sed
3802 640 3979 681 tamen

2422 722 2599 789 plures
2646 734 2709 772 ex
2770 722 2855 779 iis.
2908 720 2995 787 qui
3050 720 3231 772 Basilii
3275 722 3413 773 latus
3468 719 3775 787 cingebant,
3832 729 3979 774 extra

2420 813 2625 879 culpam
2678 829 2781 865 non
2816 828 2935 867 esse
2983 814 3313 879 pronuntiat,
3345 822 3403 866 ut
3454 814 3542 882 qui
3576 815 3853 864 commoda
3887 828 3981 865 sua

2423 921 2514 972 per
2545 903 2800 955 Basiliam
2828 912 3091 973 quzcraut.
3129 914 3184 957 et
3223 904 3575 958 dissensionis
3612 902 3855 955 fomitem
3886 920 3978 957 ac-

2420 996 2667 1048 cendant.
2705 993 2899 1049 Censet
2943 996 3317 1049 Tillemoutius
3366 996 3632 1049 Eustatliii
3684 994 3981 1063 discipulos

2420 1086 2487 1136 ab
2528 1100 2591 1139 eo
2642 1085 2913 1150 designari
2954 1106 2965 1139 :
3015 1101 3187 1155 neque
3234 1086 3344 1139 haec
3388 1085 3752 1153 improbabilis
3798 1086 3983 1151 conje-

2420 1189 2587 1228 ctura.
2621 1174 2843 1230 Videtur
2892 1179 3036 1229 enim
3078 1179 3357 1231 Enstathio
3406 1178 3611 1232 amicus
3656 1194 3758 1232 non
3812 1178 3979 1230 fuisse

2419 1270 2725 1333 Anthimus,
2759 1270 2849 1339 qui
2901 1285 3022 1323 cum
3060 1272 3331 1325 illIEl'CllCiS
3364 1271 3694 1339 pendendum
3725 1284 3827 1322 non
3858 1284 3978 1321 esse

2421 1364 2675 1413 tributum
2703 1362 2923 1426 diceret,
2959 1374 3063 1413 tam
3098 1362 3379 1416 inhoneste
3411 1363 3746 1415 conviciandi
3784 1377 3975 1414 ansam

2420 1456 2632 1509 aliunde
2658 1454 2897 1523 arripere
2931 1469 3032 1505 non
3084 1455 3271 1521 potuit,
3320 1471 3479 1523 quant
3528 1469 3592 1506 ex
3626 1452 3811 1507 Basilii
3852 1467 3975 1505 (runt

2421 1546 2701 1600 Eustathio
2751 1544 3147 1611 conjunctione.
3190 1545 3476 1614 Postquam
3527 1545 3785 1598 Basilium
3842 1547 3983 1598 inter

2417 1650 2467 1689 et
2498 1638 2830 1692 Eustathium
2863 1648 3012 1705 rupta
3045 1638 3371 1702 communio,
3403 1640 3631 1693 Basilius
3660 1637 3974 1689 Anthinium

2419 1738 2573 1781 vocat
2605 1729 2907 1781 unanimem
2938 1743 3089 1781 sumu
3119 1729 3169 1781 in
3201 1727 3361 1796 epist.
3393 1727 3518 1789 '2l0,
3549 1746 3600 1782 n.
3631 1728 3683 1783 5.
3722 1725 3837 1780 Non
3873 1726 3977 1776 im-

2420 1820 2691 1888 probabile
2736 1834 2862 1888 ergo
2892 1832 2971 1873 est
3002 1820 3267 1874 Eustathii
3301 1820 3613 1886 discipulos,
3660 1837 3778 1873 cum
3822 1816 3981 1871 intel-

2419 1912 2640 1980 ligerent
2688 1912 2813 1980 quid
2858 1913 2920 1963 de
2951 1914 3076 1980 ipsis
3112 1914 3336 1965 sentiret
3387 1911 3696 1975 Authimus,
3741 1927 3839 1980 pro
3870 1925 3970 1964 sua

2418 2015 2569 2073 parte
2598 2003 2836 2059 fomitem
2866 2004 3219 2057 dissensionis
3250 2004 3569 2057 incendisse.

2490 2096 2804 2152 Necessario
2842 2096 3120 2149 referenda
3153 2105 3239 2148 est
3270 2096 3331 2146 ad
3362 2110 3500 2159 eam,
3537 2108 3696 2161 quam
3729 2095 3977 2156 dicimus,

2417 2188 2740 2242 discordiam
2779 2188 2893 2241 haec
2923 2184 3249 2239 Nazianzeni
3283 2183 3530 2250 epistola.
3572 2182 3641 2236 Ut
3667 2184 3811 2235 enim
3848 2184 3982 2235 invt-

2418 2281 2559 2332 diam
2594 2282 2965 2349 episcOpoi-mu
2994 2289 3043 2331 et
3074 2276 3242 2329 factas
3271 2274 3473 2327 Basilio
3509 2273 3731 2339 injurias
3756 2284 3982 2339 praster-

2419 2372 2625 2423 mittam
2647 2410 2661 2433 ,
2699 2370 2809 2437 ipsa
2848 2370 2933 2421 illa
2976 2385 3118 2435 spes,
3145 2382 3308 2437 quam
3348 2364 3447 2418 sibi
3476 2363 3770 2432 Gregorius
3799 2363 3980 2414 inesse

2420 2473 2667 2523 testatur,
2701 2461 2831 2514 nihil
2865 2462 3126 2514 facturum
3161 2461 3433 2523 Basilinm,
3458 2459 3597 2526 quod
3630 2454 3973 2523 phil050pltia

2419 2556 2693 2623 indignum
2721 2554 2812 2617 sit,
2840 2555 3037 2621 optime
3061 2553 3306 2618 congruit
3333 2548 3591 2616 ejusmodi
3621 2545 3987 2605 dissensioni,

2419 2647 2468 2699 in
2501 2661 2606 2715 qua
2647 2660 2751 2698 non
2787 2646 2915 2697 lides
2947 2656 3036 2695 aut
3075 2645 3339 2701 doctrina,
3388 2642 3479 2693 sed
3520 2640 3719 2693 reditus
3750 2647 3804 2691 et
3836 2637 3982 2690 sedis

3164 2733 3355 2783 deinde
3403 2745 3529 2781 vero
3581 2730 3833 2783 exhibita:
3877 2729 3979 2780 illa:

2418 2825 2671 2879 molestia:
2699 2825 2758 2878 ob
2792 2837 3039 2876 recentem
3072 2838 3245 2875 rerum
3283 2820 3633 2884 novationem,
3670 2829 3715 2871 et
3758 2827 3873 2870 orta
3900 2832 3978 2869 e3:

2416 2918 2693 2983 sophistica
2724 2918 2950 2986 quadam
2993 2926 3038 2969 et
3080 2916 3276 2967 usitata
3310 2928 3510 2976 eorum,
3541 2914 3627 2980 qui
3660 2927 3833 2963 rerum
3884 2927 3981 2981 po-

2417 3008 2643 3072 tiuntur,
2682 3009 2985 3061 curiositate
3020 3011 3249 3077 negotia,
3280 3022 3383 3060 non
3421 3016 3643 3076 possunt
3674 3007 3739 3059 ad
3769 3004 3976 3073 Cappa-

2417 3103 2585 3156 docia:
2623 3102 2934 3156 divisionem
2972 3116 3076 3154 nou
3113 3100 3319 3153 referri.

2490 3195 2573 3249 ιιι.
2624 3195 2946 3249 Divisionem
2995 3193 3205 3244 civilem
3257 3189 3608 3257 Cappadocia:
3646 3202 3750 3240 non
3793 3185 3977 3239 statim

2419 3294 2603 3340 secuta
2657 3294 2738 3337 est
2792 3282 3176 3336 ecclesiasticae
3231 3279 3518 3347 provincia:
3566 3278 3782 3330 divisio.
3842 3275 3977 3330 Nam

2420 3378 2589 3444 prima
2623 3376 2720 3431 sub
2746 3375 2952 3428 initium
2989 3371 3180 3425 hiemis
3209 3371 3475 3435 instituta,
3503 3370 3668 3424 altera
3693 3384 3821 3421 vero
3850 3380 3971 3437 post

2418 3469 2709 3520 discessum
2745 3466 3002 3528 Valentis,
3034 3464 3082 3517 id
3112 3475 3214 3525 est,
3245 3465 3390 3517 circa
3436 3477 3673 3516 mensem
3718 3460 3975 3514 Martium

2418 3558 2576 3626 hujus
2606 3556 2729 3610 anni
2754 3556 2875 3610 572.
2913 3556 3015 3609 Res
3041 3554 3250 3625 probari
3286 3563 3457 3623 potest
3483 3568 3586 3606 nou
3615 3552 3862 3607 obscuris
3890 3551 3973 3604 in-

2418 3649 2589 3704 diciis.

2492 3742 2540 3797 l“
2594 3740 2812 3795 Summa
2856 3749 2971 3793 erat
3009 3740 3381 3809 episcoporum
3411 3736 3695 3791 concordia
3728 3736 3981 3789 saeviente

2418 3836 2810 3903 persecutione,
2864 3842 2921 3887 ut
2970 3842 3193 3886 testatur
3241 3830 3469 3885 Basilius
3508 3830 3576 3898 (ε)
3624 3829 3678 3881 in
3713 3826 3977 3896 cpistola,

2419 3944 2577 3995 quam
2612 3937 2735 3979 tunc
2766 3928 2830 3979 ad
2876 3928 2933 3980 S.
2969 3924 3326 3977 Athanasium
3360 3922 3651 3976 scribebat.
3689 3919 3797 3974 Nec
3849 3934 3979 3974 sane

2417 4032 2596 4091 aptqu
2630 4031 2745 4075 erat
2780 4020 2961 4072 litilms
3000 4018 3387 4086 persequendis
3428 4016 3529 4069 hoc
3563 4024 3797 4081 tempus,
3834 4013 3977 4082 quod

2414 4116 2624 4167 animos
2664 4114 2728 4165 ad
2762 4114 3061 4166 communis
3094 4125 3269 4163 causa:
3306 4108 3670 4161 defensionem
3720 4119 3977 4158 revocare

2416 4205 2617 4259 debuit.
2652 4203 2912 4256 Prteterea
2945 4217 3045 4254 non
3078 4204 3257 4253 statim
3290 4199 3490 4267 Tyauis
3519 4197 3752 4250 secunda
3781 4206 3978 4250 metro—

2416 4295 2551 4365 polis
2583 4295 2893 4356 constituta,
2934 4292 3025 4345 sed
3072 4306 3199 4360 pars
3244 4290 3407 4344 curia:
3438 4288 3748 4341 Podandum
3806 4290 3977 4357 primo

2418 4381 2671 4435 translata
2720 4380 2940 4434 fuerat:
2990 4380 3128 4432 unde
3163 4394 3265 4431 non
3319 4380 3513 4430 mirum
3560 4386 3661 4439 est,
3718 4377 3761 4429 si
3806 4378 3981 4430 serius

2420 4482 2540 4523 nata
2578 4471 2834 4523 Antliimo
2859 4469 3252 4537 jurisdictionis
3278 4467 3387 4521 sibi.
3407 4467 3721 4535 arrogantiae
3742 4468 3976 4520 occasio.

2486 4562 2543 4613 “2°
2583 4559 2671 4613 Sic
2712 4560 2957 4613 discessit
2986 4558 3226 4613 Caesarea
3258 4556 3451 4611 Valens
3474 4566 3531 4609 ut
3561 4554 3755 4610 Basilio
3782 4559 3977 4607 mirum

2417 4653 2467 4705 in
2496 4655 2709 4706 modum
2746 4651 2966 4705 faveret.
2995 4649 3172 4715 Quare
3202 4650 3243 4701 si
3274 4663 3337 4702 eo
3367 4658 3633 4715 prasente
3664 4656 3973 4700 controver-

2414 4743 2491 4797 sia
2528 4744 2825 4811 erupisset,
2858 4743 2988 4795 satis
3020 4743 3165 4793 dura:
3208 4742 3452 4793 Anthinii
3493 4749 3673 4809 partes
3706 4738 3941 4791 fuissent
3963 4777 3979 4802 ,

2417 4831 2504 4898 qui
2536 4839 2709 4883 tamen
2742 4830 2809 4883 ab
2843 4830 2970 4899 ipsis
3002 4828 3165 4882 initiis
3196 4828 3342 4882 velut
3392 4831 3442 4882 in
3479 4828 3699 4881 victoria
3733 4826 3979 4881 exsulta-

2417 4924 2529 4977 bat;
2554 4925 2622 4975 At
2652 4922 2921 4977 Valentem
2950 4936 3010 4975 ea
3038 4923 3101 4973 dc
3132 4936 3186 4973 re
3218 4936 3322 4973 non
3357 4922 3515 4974 modo
3544 4919 3675 4971 nihil
3702 4920 3978 4980 statuisse,

2420 5015 2511 5067 sed
2558 5030 2621 5067 ne
2663 5014 2927 5067 audivisse
2973 5015 3187 5081 quidem
3238 5013 3361 5066 inde
3392 5012 3569 5080 colligi
3600 5021 3795 5079 potest,
3839 5012 3979 5081 quod

2422 5115 2541 5173 post
2581 5105 2694 5172 ejus
2729 5105 3019 5159 discessum
3061 5107 3350 5159 Anthimus
3382 5114 3435 5158 et
3486 5106 3535 5158 ei
3584 5104 3823 5159 faventes
3868 5106 3982 5172 epi-

2421 5198 2562 5263 scopi
2592 5196 2694 5265 (d),
2727 5206 2785 5249 ut
2819 5197 2869 5249 in
2906 5213 2963 5249 re
3001 5212 3222 5265 prorsus
3272 5200 3474 5265 integra
3507 5209 3559 5248 et
3605 5196 3805 5250 intacta
3840 5210 3976 5265 pra:—

2422 5287 2588 5341 sidem
2625 5286 2897 5351 adierunt,
2937 5304 3170 5357 eumque
3200 5292 3248 5341 in
3284 5305 3407 5341 suas
3440 5301 3619 5355 partes
3646 5289 3862 5341 trahere
3894 5301 3980 5341 co-

2423 5378 2528 5429 nati
2567 5386 2709 5432 sunt.
2743 5376 2859 5444 Ipse
2890 5380 3052 5433 etiam
3088 5380 3313 5434 Basilius
3338 5381 3404 5447 (ε)
3446 5396 3565 5432 cum
3606 5379 3832 5444 prteside
3860 5387 3981 5444 post

2422 5470 2761 5540 imperatoris
2792 5470 3087 5527 discessum
3118 5488 3277 5538 agere
3309 5490 3367 5524 ea
3400 5472 3466 5524 de
3502 5485 3557 5523 rc
3587 5470 3842 5523 voluerat.
3875 5470 3977 5523 Sed

2420 5578 2475 5615 se
2510 5562 2623 5629 ipse
2659 5564 2935 5631 repressit,
2978 5573 3086 5618 tutu
3120 5578 3182 5616 ne
3210 5564 3409 5619 homini
3441 5570 3518 5618 tot
3547 5563 3773 5633 negotiis
3809 5578 3971 5617 occuo

2488 5698 2564 5767 (Α)
2604 5701 2693 5767 lip.
2727 5701 2815 5756 θι.

2494 5772 2561 5839 (υ)
2598 5771 2725 5823 llud.
