4214 6484
1531 445 1694 503 VITA
1734 448 1791 504 S.
1842 448 2105 505 BASILII.
3338 458 3426 502 xc!

204 575 311 638 pato
337 578 522 618 norum
549 576 693 618 onus
718 563 961 628 adderet,
995 572 1106 617 tum
1140 577 1204 618 ne
1227 578 1414 633 puram
1450 565 1595 621 illius
1626 569 1744 621 ani-
1785 577 1831 631 Α
1862 571 2142 623 ordinatus
2188 579 2284 624 est.
2333 570 2529 623 Locum
2566 569 2783 640 egregie
2830 568 3087 623 describit
3137 566 3427 635 Gregorius

205 672 328 711 mam
345 659 718 724 episcoporum
740 656 1115 710 altercationes
1133 656 1410 713 lazdcrent.
1438 658 1550 713 Non
1578 660 1749 715 multo

206 760 359 801 tamen
396 757 511 815 post
553 747 855 802 discessum
911 747 1144 803 Valentis
1187 750 1391 804 exarsit
1447 752 1745 821 dissensio;

205 840 444 903 siquidem
476 838 780 903 Gregorius
808 840 1137 895 Sasimorum
1169 842 1472 910 episcopus,
1501 853 1559 896 ut
1590 847 1747 900 modo

203 930 494 992 videbimus,
534 938 666 983 ante
699 930 902 984 Pascha
936 932 1093 1000 hujus
1146 934 1269 987 anni
1323 933 1426 988 372
1468 937 1748 992 ordinatus

203 1032 290 1083 est,
316 1022 448 1087 quod
480 1022 532 1074 in
564 1022 713 1075 diem
751 1032 995 1075 octavum
1026 1024 1226 1092 Aprilis
1256 1025 1462 1081 incidit.

261 1108 339 1164 IV.
377 1110 652 1165 Auxilium
700 1112 840 1164 enim
877 1128 905 1163 a
951 1112 1209 1183 Gregorio
1239 1126 1578 1182 peramanter
1600 1117 1749 1171 obla-

204 1216 319 1266 tum,
348 1204 527 1270 procul
570 1204 738 1257 dubio
775 1204 1003 1259 Basilius
1053 1205 1281 1259 libenter
1309 1206 1410 1259 sibi
1452 1208 1665 1273 ascivit,
1694 1219 1748 1263 et

201 1296 433 1363 amicum,
463 1306 521 1349 ut
549 1298 765 1351 veniret
792 1313 951 1366 quam
981 1298 1279 1361 celerrime,
1317 1302 1541 1369 rogavit.
1573 1302 1747 1356 Ambo

201 1389 340 1442 simul
370 1390 596 1458 profecti
634 1400 763 1444 sunt
804 1392 869 1444 ad
903 1402 1136 1443 montem
1168 1390 1404 1445 Taurum
1430 1433 1445 1457 ,
1479 1395 1566 1448 ubi
1599 1394 1749 1449 locus

202 1482 395 1548 quidam
431 1490 549 1534 erat
580 1483 699 1536 sive
748 1482 975 1537 ecclesia
1027 1482 1124 1535 sub
1172 1484 1346 1537 sancti
1395 1484 1606 1541 Orestis
1655 1502 1747 1539 no-

202 1574 346 1635 mine,
372 1574 510 1626 unde
540 1588 753 1630 annuos
796 1574 997 1627 reditus
1027 1575 1269 1642 capiebat
1302 1578 1585 1647 episcopus
1634 1578 1747 1632 Cte-

201 1662 455 1715 sarieusis.
502 1663 643 1717 Dum
686 1666 929 1725 redeunt,
962 1664 1252 1721 Authimus
1286 1683 1480 1736 prmter
1534 1679 1747 1723 :etatem

200 1767 334 1805 suam
376 1764 428 1807 et
474 1755 842 1824 episcopalem
896 1756 1213 1823 gravitatem
1261 1774 1381 1812 cum
1430 1760 1745 1828 prmdaturia

199 1859 340 1896 manu
376 1849 656 1916 angustias
690 1858 917 1913 oceupat
952 1848 1051 1917 (a),
1089 1858 1143 1903 et
1186 1852 1513 1903 transeuntis
1564 1849 1744 1905 Basilii

199 1935 357 1999 mulis,
385 1939 471 2005 qui
517 1938 684 1991 rebus
716 1952 782 1990 ex
816 1948 1005 1993 sancto
1043 1937 1234 1993 Oreste
1266 1943 1534 2009 perceptis
1564 1944 1743 1996 onusti
1782 1929 1822 1983 Β

199 2024 423 2079 videntur
473 2026 666 2091 fuisse,
714 2028 814 2081 iter
850 2029 1196 2093 intercludit;
1228 2048 1349 2084 nam
1395 2032 1659 2087 lactentes
1699 2046 1753 2087 et

200 2132 309 2171 ares
354 2127 405 2172 et
453 2118 559 2171 alia
618 2118 887 2188 ejusmodi
942 2122 1063 2174 inde
1118 2125 1450 2192 percipiebat
1499 2124 1748 2180 Basilius.

198 2210 473 2265 Commissa
515 2213 633 2265 ba‘c
687 2228 862 2283 pugna
910 2231 1075 2285 prepe
1117 2217 1349 2273 Sasima.
1390 2218 1522 2272 Nam
1553 2220 1753 2291 Grego-

200 2305 294 2355 rius
320 2301 503 2370 tb)non
533 2304 657 2357 sine
680 2306 955 2359 stomacho
979 2306 1189 2373 jocatur
1213 2309 1262 2361 in
1294 2308 1545 2363 Basilium
1569 2328 1583 2375 ;
1610 2314 1751 2379 quod

197 2408 247 2443 se
274 2393 599 2448 Sasimorum
644 2397 957 2468 episcopum
991 2400 1376 2464 constituisset,
1407 2410 1462 2453 ut
1487 2418 1605 2454 cum
1644 2404 1752 2455 An-

198 2485 347 2539 tbimo
399 2485 600 2542 bellum
657 2503 890 2559 gereret,
922 2492 965 2545 si
1010 2492 1223 2559 quando
1269 2492 1312 2543 is
1360 2490 1543 2545 Basilii
1582 2495 1754 2549 mulos

197 2576 460 2646 arriperet,
486 2582 772 2652 angustias
796 2592 977 2637 tenens
996 2592 1049 2634 et
1073 2582 1217 2635 velut
1242 2582 1465 2638 Amalec
1497 2585 1751 2641 lsraelem

198 2684 448 2725 coercens.
484 2672 635 2727 [dem
668 2675 797 2727 dicit
828 2674 877 2727 iu
918 2672 1158 2727 carmine
1185 2672 1252 2727 de
1280 2676 1391 2728 vita
1416 2690 1539 2741 sua,
1566 2693 1756 2748 nempe

196 2762 359 2814 datum
390 2780 447 2817 se
488 2763 664 2818 fuisse
699 2764 951 2831 Sasimis,
993 2766 1117 2833 quia
1164 2765 1370 2820 bellica:
1417 2766 1755 2823 fortitudinis

196 2852 609 2921 signiﬁcationes
650 2855 874 2909 dederat
916 2855 982 2909 ad
1028 2854 1211 2911 Basilii
1260 2872 1438 2912 causae
1484 2859 1755 2915 defensio-

197 2960 322 2994 nem.
353 2944 499 2999 Unde
532 2949 705 2999 etiam
748 2950 942 3019 colligo
972 2966 1094 3004 eum
1132 2952 1440 3006 interfuisse
1474 2952 1545 3003 illi
1584 2969 1750 3021 prope

200 3036 419 3089 Sasimos
458 3054 699 3108 pugna}:
734 3056 837 3094 non
865 3042 1004 3095 enim
1037 3042 1177 3094 aliud
1212 3052 1421 3109 tempus
1473 3043 1647 3108 video,
1698 3045 1750 3097 in

199 3142 291 3193 quo
322 3130 636 3183 bellicosum
686 3146 743 3183 se
788 3130 965 3183 Basilii
1015 3131 1245 3185 amicum
1279 3143 1537 3200 prtcstare
1568 3144 1755 3202 potue-

198 3220 273 3271 rit.
303 3218 495 3272 Locum
535 3222 804 3287 integrum
839 3221 1086 3275 referam.

252 3352 458 3429 Ioni-.02;
497 3356 559 3425 μ’
592 3356 618 3408 ὁ
651 3358 985 3429 πξντήκοντα
1020 3362 1455 3429 χωρεπιςκόποις

256 3423 609 3497 Στενούμὲνος
642 3423 857 3481 δέδωκέ·
888 3430 987 3499 τῆς
1020 3423 1301 3499 ἔὺᾧυχίας.

255 3497 355 3570 Ιξαὶ
378 3501 533 3551 ταῦτ’
567 3500 631 3551 ἵν’
662 3497 995 3569 ἁρπάζοντάς
1020 3497 1188 3553 ἄλλον]
1208 3504 1339 3570 πρὸς
1377 3502 1515 3569 βίαν,

257 3567 637 3639 Περικρατήςῃ
669 3567 767 3638 τὴν
804 3571 1067 3639 καθέδραν
1097 3567 1363 3633 καινίὰας,

265 3638 441 3706 Ἡμεῖς
469 3641 583 3708 γὰρ
612 3638 764 3707 ἀξιτῴ
798 3639 1186 3709 τῶν-Ἀρηῖων
1219 3641 1387 3709 φίλων

254 3705 583 3782 ξξὰΑτῖρῶῖαλ
618 3705 746 3782 (ot-1i.
776 3705 1052 3782 γὰρ-ἦμέν
1075 3705 1310 3782 dimittat:
1347 3713 1507 3781 ποτε)

255 3776 355 3828 Καὶ
383 3778 559 3831 δεινὸν
585 3779 738 3832 οὐδὲν
766 3776 1031 3850 «pauper
1070 3776 1432 3854 ηὑλοῨημένα.

258 3888 365 3965 fiis,
391 3893 668 3962 quinquies
702 3910 782 3948 me
815 3896 1197 3965 chorepiswpis
1230 3902 1403 3949 decem

255 3960 463 4036 Itonaoit
494 3975 698 4027 arctus,
734 3966 868 4017 mira
899 3960 1097 4021 ornaris
1119 3960 1383 4036 pignora!

254 4031 406 4105 {itque
440 4038 495 4088 id
530 4036 762 4102 quidem,
789 4046 842 4087 ut
873 4038 1107 4103 rapiente
1128 4031 1241 4090 non
1266 4041 1417 4105 probe
1443 4040 1611 4094 altera

264 4099 436 4171 i’ictor
464 4099 716 4165 maneret,
748 4099 949 4171 eriqens
990 4109 1163 4159 sedem
1193 4099 1326 4161 hanc
1352 4126 1499 4165 nove.

256 4170 387 4225 Nam
425 4175 703 4228 bellicosus
730 4175 805 4227 illi
832 4170 1032 4227 anticus
1062 4180 1235 4229 ea‘stiti

256 4239 455 4322 {rima
478 4246 635 4311 (acer
668 4247 858 4298 etenim
890 4256 936 4297 et
972 4257 1218 4322 strenuus
1253 4251 1518 4322 quondam
1545 4252 1645 4322 fni)

261 4309 543 4367 Benedicta
576 4332 679 4368 non
706 4326 781 4369 est
812 4318 1239 4386 conquerendum
1266 4309 1338 4371 ad
1373 4309 1610 4376 vulnera.

255 4433 377 4487 Dum
432 4431 734 4485 Caesaream
790 4434 926 4487 redit
979 4434 1223 4496 Basilius,
1277 4435 1487 4491 videtur
1539 4443 1753 4498 venisse

196 4520 541 4586 Naziauzum,
568 4520 750 4589 ibique
777 4520 1110 4575 Sasimnrum
1137 4525 1450 4592 episcopum
1472 4529 1754 4584 ordinasse

1861 662 1913 715 iu
1943 661 2182 716 carmine
2209 663 2273 715 de
2305 660 2425 715 Vita
2454 675 2570 726 sua,
2596 661 2684 714 ubi
2717 661 2831 715 ha:c
2862 661 3135 730 leguntur:

2002 774 2246 847 gneus;
2281 792 2363 847 τις
2401 775 2545 847 ἐςτιν
2564 776 2637 847 μὲν
2658 775 2796 847 μέσῃ
2824 774 3082 847 λεωφορῳ

1996 842 2107 917 Τῆς
2133 842 2529 917 Καππαδοκῶν,
2559 845 2619 917 ὃς
2645 842 2840 913 exigar
2871 842 2955 917 ei:
2975 842 3194 917 cptath
3218 845 3357 905 ὁδόν.

2000 915 2275 985 Ἀνυδρος,
2295 917 2508 985 ἄχλους,
2540 915 2646 968 οὐδ’
2674 916 2807 978 ὅλως
2841 915 3141 985 ὲλεύθέρος,

1996 986 2197 1057 Aen/Cu;
2224 985 2502 1057 ἀπευκτὸν
2535 988 2643 1057 καὶ
2662 989 2841 1039 στενὸν
2866 985 3193 1057 κωμύδριον.

1996 1005 2197 1048 Δεινως
2233 1005 2502 1039 απευκτον
2535 1005 2627 1038 και
2662 1005 2841 1039 στενον
2866 1005 2945 1039 κω
2994 1005 3172 1057 υοριον

1995 1056 2159 1129 δόξαις
2179 1055 2247 1107 τὰ
2278 1058 2468 1120 πάντα,
2502 1058 2593 1129 καὶ
2619 1056 2800 1125 ψόφοι,
2828 1058 2921 1110 σὺν
2948 1005 3174 1129 ἕρμασι,

1997 1124 2229 1199 Θρῇνρμ
2258 1128 2570 1199 στεναγμοὶ,
2600 1124 2927 1199 πράκτορες,
2960 1124 3237 1199 septem,
3256 1128 3429 1183 πέδαι·

1994 1196 2132 1268 Aab;
2154 1196 2196 1248 δ’
2218 1198 2329 1249 ὅσοι
2357 1198 2493 1263 ξένοι
2520 1214 2577 1249 τε
2600 1200 2692 1249 καὶ
2725 1196 3078 1268 mansuem.

1984 1265 2131 1328 Αὕτη
2162 1268 2415 1337 Σασὶμων
2441 1268 2547 1321 τῶν
2576 1268 2720 1326 ὲμῶν
2748 1265 3027 1337 ὲκκλήσία.

1999 1400 2067 1453 1η
2102 1404 2257 1470 regia:
2283 1404 2452 1456 medio
2485 1405 2577 1457 via:
2602 1415 2677 1459 est
2710 1406 2852 1458 uicus
2893 1406 3044 1468 situs,

2008 1470 2111 1545 Qui
2136 1474 2329 1525 scindit
2358 1474 2415 1526 in
2442 1484 2543 1527 tres
2573 1491 2625 1527 se
2654 1477 2790 1537 eius,
2823 1476 3046 1545 lymphis
3075 1491 3283 1535 carens,

2001 1541 2200 1595 Exsors
2224 1545 2430 1606 oiraris,
2469 1545 2629 1597 libero
2659 1541 2907 1613 indignus
2930 1541 3060 1609 uiro,

1996 1612 2313 1680 Aratumque
2336 1630 2551 1681 prorsus
2592 1615 2854 1683 Oppidum,
2881 1617 3027 1668 triste
3043 1628 3089 1669 et
3118 1615 3295 1669 nimis.

2004 1683 2101 1735 llic
2120 1693 2307 1736 cuncta
2335 1687 2603 1751 strepitus,
2646 1686 2813 1747 pulvis
2841 1686 2922 1738 liic
2953 1702 3068 1738 cum
3099 1687 3365 1751 curribus,

2002 1752 2273 1828 éanienta,
2298 1756 2470 1828 fletus,
2497 1755 2757 1828 carnifex,
2779 1766 2823 1808 et
2852 1758 3159 1828 compulch

2002 1822 2314 1894 Tormenta:
2347 1826 2480 1877 cives
2508 1826 2735 1887 hospites
2762 1829 2865 1891 hic,
2896 1837 2939 1879 et
2967 1822 3104 1894 rogi.

2000 1892 2134 1945 Erat
2166 1898 2274 1946 hazc
2298 1910 2531 1947 meorum
2558 1894 2885 1949 Sasimorunt
2915 1892 3156 1957 ecclesia.

1931 2025 1994 2082 V.
2030 2027 2142 2082 [lac
2170 2030 2512 2087 ordinatione
2536 2032 2727 2087 vulnus
2768 2034 3076 2103 impositum
3108 2034 3262 2089 cordi
3294 2038 3433 2089 Gre-

1858 2120 2016 2189 gorii,
2044 2124 2183 2191 quod
2220 2125 2361 2178 nulla
2391 2126 2477 2179 die
2511 2126 2705 2181 obduci
2745 2129 2936 2196 potuit.
2985 2128 3239 2184 Pluribus
3299 2129 3436 2184 locls

1858 2214 2147 2282 exprobrat
2181 2213 2376 2269 Basilio
2402 2215 2688 2271 elationem
2714 2217 2875 2270 animi
2896 2218 3187 2286 quamdam
3222 2217 3434 2286 magni-

1861 2307 2045 2358 tudine
2078 2307 2221 2360 sedis
2245 2305 2504 2363 aﬂlatam.
2527 2308 2782 2375 Queritur
2808 2310 2987 2379 elapso
3014 2309 3272 2364 decennio
3288 2309 3431 2377 quod

1858 2409 1978 2447 eum
2016 2395 2142 2447 olim
2174 2411 2233 2449 se
2267 2397 2499 2451 Basilius
2530 2398 2792 2469 Gregorio
2822 2416 2927 2453 non
2963 2399 3266 2469 prteferret,
3297 2409 3350 2453 et
3389 2398 3435 2453 si

1858 2485 2201 2551 praetulisset,
2261 2488 2645 2543 dissentientes
2706 2492 2983 2544 habuisset
3018 2506 3199 2558 atquos
3254 2504 3436 2543 rerum

1856 2577 2253 2643 aestimatores;
2287 2592 2473 2648 postea
2504 2583 2555 2634 in
2600 2582 2931 2650 amplissimo
2968 2583 3263 2637 collocatus
3299 2583 3438 2647 loco,

1859 2670 2093 2724 amicum
2128 2687 2232 2725 non
2262 2672 2430 2741 pluris
2479 2688 2641 2741 quam
2691 2672 2905 2729 simium
2944 2675 3150 2730 fecerit.
3202 2676 3278 2728 Eo
3305 2674 3439 2727 libe-

1858 2762 1971 2816 rius
2002 2765 2053 2817 in
2097 2764 2195 2817 bas
2232 2765 2483 2832 querelas
2522 2768 2859 2836 erumpebat,
2892 2768 3033 2837 quod
3076 2782 3288 2828 eorum,
3320 2782 3443 2835 qua:

1858 2853 2041 2907 Basilii
2076 2869 2237 2908 causa
2274 2855 2497 2924 fecerat,
2539 2870 2706 2914 testes
2755 2872 2910 2914 erant
2938 2859 3142 2914 Pontus
3179 2870 3232 2913 et
3260 2860 3445 2913 Czesa—

1862 2963 1972 3013 rea,
2000 2962 2063 3000 ac
2105 2949 2203 3016 ipsi
2246 2948 2448 3004 Basilio
2488 2967 2647 3006 suum
2681 2955 3077 3023 approbavcrat
3114 2952 3324 3005 vivendi
3385 2953 3440 3005 in

1858 3039 2151 3094 solitudine
2182 3042 2495 3111 consilium,
2527 3056 2813 3115 postquam
2848 3054 3101 3114 parentes
3127 3058 3157 3099 e
3186 3042 3297 3096 vita
3334 3045 3445 3096 mi-

1859 3134 2356 3203 grassent.ltaque
2425 3140 2681 3193 amicitia:
2744 3138 2983 3193 colendze
3052 3137 3287 3203 laudem,
3334 3150 3445 3203 qua

1862 3227 2007 3280 illum
2058 3227 2329 3281 fatebatur
2378 3230 2668 3293 excellere,
2714 3232 2815 3285 hac
2859 3232 2911 3283 iu
2945 3247 3001 3283 re
3030 3230 3077 3283 ei
3112 3228 3440 3299 denegabat.

1932 3318 2218 3371 Multorum
2244 3334 2376 3373 sane
2411 3322 2463 3373 in
2501 3322 2764 3391 vituperia
2794 3321 2978 3375 incidit
3006 3321 3254 3384 Basilius,
3288 3320 3440 3374 fidis-

1861 3411 1997 3463 simo
2037 3411 2212 3463 amico
2248 3426 2312 3465 ac
2348 3414 2553 3481 optime
2588 3414 2653 3469 de
2686 3429 2745 3469 se
2780 3416 2973 3469 merito
3010 3416 3059 3468 in
3108 3416 3439 3485 episcopales

1859 3516 2016 3554 curas
2054 3513 2253 3571 printer
2287 3505 2456 3573 ipsius
2507 3504 2835 3559 voluntatem
2883 3507 3151 3574 conjecto,
3184 3516 3237 3559 et
3297 3508 3437 3574 quod

1860 3596 2039 3651 minus
2086 3596 2325 3652 habebat
2354 3598 2747 3662 excusationis,
2796 3598 2914 3652 viro
2946 3606 3022 3651 tot
3072 3613 3136 3652 ac
3166 3609 3311 3651 tanta
3351 3599 3442 3653 ha-

1860 3691 2006 3744 benti
2041 3692 2294 3745 Ecclesia:
2326 3690 2577 3762 iuvanda:
2621 3692 2975 3745 instrumenta
3022 3692 3075 3744 in
3119 3691 3442 3747 obscurissi-

1861 3799 2005 3834 mum
2034 3782 2287 3854 angulum
2312 3794 2365 3835 et
2384 3783 2635 3835 omnibus
2654 3782 2777 3834 vita:
2801 3782 3101 3837 commodis
3120 3783 3437 3836 destitutum

1860 3872 2095 3942 relegata
2110 3873 2310 3943 (d).Qui
2335 3872 2605 3925 levissime
2626 3872 3110 3940 reprehendebant,
3131 3875 3434 3945 neglectum

1863 3981 1925 4017 ac
1953 3974 2321 4033 contemptum
2346 3962 2511 4017 fuisse
2529 3962 2847 4033 Gregorium
2865 3966 3139 4029 dicebant,
3163 3978 3216 4021 et
3241 3983 3267 4019 a
3288 3967 3438 4021 Basi-

1863 4054 1954 4117 lio,
2001 4064 2287 4125 postquam
2320 4056 2487 4125 ipsius
2522 4070 2686 4125 opera
2721 4072 2847 4110 usus
2898 4058 3096 4123 fuerat,
3133 4059 3289 4113 veluti
3340 4075 3441 4115 vas

1861 4148 2129 4215 quoddam
2174 4149 2424 4220 ignobiie,
2476 4150 2773 4218 projectum
2824 4149 2916 4217 (e).
2958 4150 3035 4204 Ne
3083 4152 3179 4218 ipsi
3217 4153 3443 4223 quidem

1861 4237 2091 4291 Eusebio
2122 4238 2490 4293 Samosatcasi
2530 4236 2751 4305 probata
2783 4237 2897 4292 brec
2929 4238 3222 4297 ordinatio.

1934 4328 2335 4397 llepreliensam
2402 4329 2453 4380 in
2518 4327 2718 4383 Basilio
2787 4329 3079 4383 elationem
3142 4331 3309 4384 animi
3370 4332 3436 4383 li-

1861 4421 2051 4475 benter
2104 4423 2367 4490 arripiunt
2418 4423 2681 4485 nonnulli,
2746 4432 2805 4475 ut
2849 4424 3113 4490 ejusmodi
3158 4425 3435 4477 hominum

1862 4515 2205 4566 sanctitatem
2266 4528 2371 4565 non
2435 4524 2635 4566 tantam
2691 4512 2855 4566 fuisse
2924 4516 3172 4581 probent,
3231 4524 3441 4583 quanta

197 4611 524 4679 Gregorium.
562 4611 676 4667 Non
705 4612 849 4665 enim
882 4612 931 4664 id
958 4612 1215 4667 Caesarea:
1243 4615 1467 4677 factum,
1495 4628 1552 4671 ut
1578 4622 1754 4672 existi.
1788 4616 1822 4669 Ι]

1864 4608 2019 4674 vulgo
2076 4606 2437 4661 existimatur.
2508 4607 2611 4659 Sed
2680 4604 2794 4673 ipse
2855 4605 3145 4675 Gregorius
3195 4608 3259 4676 (Ι)
3319 4622 3429 4661 tum

199 4708 346 4760 marit
386 4704 770 4761 Tillemontius
800 4701 896 4772 (c).
936 4703 1165 4760 Basilius
1205 4720 1326 4759 cum
1373 4724 1473 4764 nec
1515 4711 1754 4765 Antbimi

198 4799 462 4853 malefaeta
507 4797 711 4852 imitari
748 4794 924 4859 vellet,
966 4810 1064 4850 nec
1100 4812 1211 4851 rem
1246 4798 1516 4867 negligere
1542 4841 1555 4865 ,
1602 4811 1756 4870 opta-

199 4890 450 4943 tissimum
503 4889 801 4941 remedium
831 4886 1124 4955 excogitat,
1157 4897 1210 4942 et
1237 4890 1586 4957 episcopatus
1619 4891 1754 4943 mula-

198 4979 426 5047 tiplicare
475 4982 684 5041 statuit,
736 4991 793 5034 ut
836 4983 1011 5049 ipsum
1058 4979 1342 5035 dissidium
1382 4983 1446 5035 ad
1501 4980 1754 5037 Ecclesiae

196 5072 467 5126 utilitatem
497 5083 873 5128 convertatur.
908 5073 1020 5127 lloc
1051 5074 1337 5127 consilium
1372 5077 1459 5129 ditt
1492 5078 1749 5129 multum-

197 5177 285 5229 que
317 5164 489 5218 doluit
530 5164 815 5233 Gregorio,
846 5167 934 5233 qui
966 5182 1084 5219 cum
1130 5166 1435 5233 episeOpale
1469 5182 1607 5221 onus
1642 5167 1752 5220 for-

198 5253 429 5316 midaret,
480 5270 543 5308 ac
584 5268 811 5323 prorsus
844 5256 1075 5323 fugeret,
1107 5256 1242 5311 adeo
1273 5257 1322 5311 ei
1373 5260 1570 5313 institit
1605 5260 1756 5313 Basi-

199 5344 304 5411 lius,
338 5347 633 5416 adjuvante
658 5348 901 5417 Gregorii
927 5360 1098 5417 patre,
1126 5360 1185 5403 ut
1212 5353 1425 5404 tandem
1453 5352 1643 5405 cedere
1670 5366 1757 5404 cn-

196 5453 413 5507 geretur,
442 5453 495 5495 et
526 5443 570 5495 si
612 5444 793 5496 minus
823 5442 1086 5506 animum,
1115 5443 1303 5499 saltem
1335 5454 1492 5513 caput
1530 5446 1750 5497 ordina—

199 5534 306 5587 tioni
373 5536 741 5590 submitteret.
814 5532 999 5606 Itaque
1058 5537 1395 5594 Sasimorum
1465 5536 1753 5606 episcopus

254 5766 320 5827 lit)
349 5766 473 5820 Νη.
518 5782 603 5837 ep.
638 5768 728 5831 31,
763 5782 842 5823 or.
874 5765 963 5822 9.0.

255 5836 319 5900 ib)
367 5836 501 5891 Ibid.

252 5908 313 5973 (ί)
355 5909 481 5964 Nat.
515 5926 598 5965 or.
633 5910 725 5963 ‘20.

1859 4715 1979 4751 cum
2023 4698 2087 4751 de
2118 4696 2321 4753 Basilio
2350 4700 2614 4767 queritur,
2654 4695 2705 4750 in
2742 4713 2847 4766 quo
2877 4699 3048 4767 posita
3102 4698 3263 4751 fuerit
3318 4700 3435 4752 haec

1859 4792 2022 4844 animi
2064 4792 2244 4857 elatio,
2279 4794 2357 4845 sic
2390 4790 2621 4859 explicat
2658 4810 2671 4843 :
2712 4789 2833 4843 Nisi
2856 4792 2971 4859 quis
2996 4801 3189 4854 tamen,
3232 4791 3434 4857 inquit,

1856 4889 2117 4965 lioca‘nte
2164 4904 2256 4955 pro
2296 4886 2440 4939 illius
2467 4888 2781 4955 purgatione
2813 4885 3063 4953 accipiat,
3092 4884 3231 4953 quod
3264 4885 3432 4937 subli-

1857 4986 2049 5048 miora,
2078 4997 2235 5053 quant
2264 4997 2361 5050 pro
2400 4981 2622 5035 hominis
2672 4978 2972 5032 conditione
2996 4978 3242 5041 sentiens,
3275 4988 3433 5049 atque

1857 5075 2001 5138 hinc,
2050 5075 2195 5141 prius
2240 5073 2397 5125 etiam
2429 5088 2583 5137 quam
2634 5073 2738 5123 vita
2791 5068 3082 5133 excederet,
3142 5071 3433 5139 digressus,

1858 5168 2035 5218 omnia
2077 5166 2144 5217 ad
2175 5165 2413 5230 spiritum
2448 5161 2701 5227 referebat
2726 5177 2744 5213 :
2774 5168 2929 5227 atque
2971 5161 3215 5213 amicitia:
3239 5161 3430 5233 oﬂicia,

1854 5276 1970 5325 qua:
2001 5259 2198 5321 alioqui
2242 5264 2417 5307 sancte
2447 5252 2663 5317 colebat,
2704 5254 2785 5305 hic
2811 5253 2980 5305 solum
3024 5254 3425 5319 aspernabatur,

1858 5353 1942 5403 ubi
1984 5350 2146 5401 Deum
2170 5352 2411 5416 anteponi
2454 5347 2721 5411 oportebat
2768 5356 2921 5412 atque
2970 5348 3288 5416 antiquiores
3331 5348 3430 5398 Ita-

1859 5446 1973 5495 rere
2006 5458 2081 5493 res
2105 5446 2155 5493 in
2191 5457 2277 5504 spe
2299 5439 2518 5508 positas,
2544 5455 2701 5505 quam
2734 5438 2945 5507 fragiles
2971 5450 3016 5490 et
3048 5441 3438 5498 raduealea-c

1857 5536 2149 5604 Gregorius
2199 5535 2265 5587 de
2310 5531 2505 5585 Basilio
2535 5532 2585 5585 in
2630 5530 2824 5587 cwlum
2872 5544 3081 5589 evecto.
3118 5531 3225 5589 Nec
3272 5534 3432 5593 aliter

1924 5767 1999 5833 (τί)
2031 5767 2160 5820 Nar.
2200 5784 2283 5837 ep.
2316 5769 2403 5822 3|.

1927 5840 1997 5905 (θ)
2030 5838 2126 5905 Ep.
2156 5838 2243 5902 98,
2274 5854 2325 5893 tt.
2367 5840 2422 5894 Ξ.

1929 5908 1993 5979 (f)
2019 5906 2108 5964 Or.
2140 5909 2230 5965 9.0.
