4214 6484
768 450 879 495 BG!

2116 436 2643 497 PROLECOMENA.

769 568 892 605 eum
926 551 984 607 in
1021 553 1178 607 ternis
1208 563 1510 609 versantem
1552 552 1814 611 allocutus
1849 566 1952 623 est,
1996 564 2053 612 ut
2090 567 2236 625 patet
2271 574 2333 615 ex
2365 566 2409 622 Α
2439 561 2728 617 solaretur.
2798 560 2866 615 Et
2924 558 3046 629 quia
3103 553 3466 612 Nazianzenus
3508 555 3560 609 in
3610 556 3855 612 oratione
3892 554 3997 627 (Δ),

769 642 852 697 his
884 644 1060 699 verbis
1095 645 1173 715 (a)
1206 661 1221 696 :
1264 644 1378 701 Οὐκ
1408 646 1641 717 ἤνεγκας
1675 647 1735 700 τὸ
1772 647 1990 719 πνεῦμα
2028 647 2129 718 τῆς
2160 650 2335 719 φιλίας

769 734 989 808 παιῆσαι
1026 735 1297 809 δεύτεροψ
1335 738 1455 790 ἐπεὶ
1496 737 1605 790 τῶν
1650 739 1746 809 μὲν
1793 738 1964 793 ἄλλων
1999 740 2129 804 ἴσως
2157 742 2335 813 ἡμεῖς,

767 829 923 902 ἡμῶν
948 830 1005 884 δὲ
1037 831 1096 885 τὸ
1123 830 1339 900 πνεῦμά
1366 848 1448 885 σοι
1480 829 1658 901 πολλῷ
1702 830 2043 904 τιμιώτερον.
2082 832 2337 900 Spiritum

766 921 1010 975 amicitia:
1024 921 1329 983 post/rabere
1350 921 1558 973 minime
1573 921 1893 987 sustinuisti,
1915 913 2337 991 quandoquidem

769 1019 825 1062 ut
853 1027 943 1065 nos
973 1010 1148 1079 pluris
1189 1012 1437 1080 fortasse,
1468 1027 1623 1080 quam
1656 1010 1787 1065 alios
1828 1027 2003 1066 omnes
2035 1013 2181 1067 ducis
2219 1012 2338 1066 :ita

767 1119 974 1156 rursum
998 1102 1256 1172 Spiritum
1277 1103 1426 1156 nobis
1452 1103 1604 1172 longe
1628 1104 1926 1171 anteponis.

836 1193 921 1249 Vl.
978 1194 1128 1249 Ilanc
1175 1194 1567 1250 ordinationem
1621 1209 1724 1247 non
1777 1193 2059 1259 Cmsareze,
2102 1194 2189 1249 sed
2232 1193 2338 1247 Na-

767 1285 940 1341 zianzi
971 1294 1244 1356 peractam
1266 1299 1387 1341 csse
1418 1293 1648 1340 testatur
1678 1284 1791 1353 ipse
1813 1283 2102 1356 Gregorius
2126 1285 2221 1357 (ὁ),
2245 1285 2335 1357 qui

766 1379 1020 1434 Basilium
1054 1379 1267 1434 venisse
1288 1376 1619 1431 Nazianzum
1656 1377 1810 1432 dicit.

992 1471 1128 1525 Ἀλλ’
1152 1468 1285 1542 ἧκεν
1311 1472 1439 1542 ἡμῖν
1462 1469 1572 1524 τῶν
1600 1469 1767 1541 φίλων
1785 1472 1813 1525 ὀ
1842 1470 2094 1538 φίλτατος

1052 1542 1318 1606 Βασιλίος,
1354 1552 1460 1597 etc.

977 1654 1079 1711 Sed
1108 1656 1241 1709 venit
1271 1655 1339 1708 ad
1364 1670 1456 1708 nos
1483 1656 1715 1709 omnium
1746 1654 2088 1709 cfsarissimus

1052 1727 1310 1792 Basilius,
1343 1736 1449 1781 etc.

765 1839 901 1896 Tum
932 1850 1121 1896 narrat
1151 1841 1423 1909 quomodo
1462 1848 1616 1910 patre
1640 1838 1897 1895 Basiliam
1926 1839 2217 1910 adjuvante
2241 1838 2337 1896 de-

2436 669 2598 724 quam
2631 652 2820 708 habuit
2848 666 3029 707 coram
3066 648 3330 721 Nysseno,
3362 649 3431 703 ab
3459 648 3628 703 amico
3652 661 3776 702 eum
3814 647 3997 705 venire

2436 744 2589 810 dicit,
2620 742 2712 813 qui
2746 757 2843 797 nec
2871 742 3066 796 virtute
3115 740 3335 796 inferior
3376 750 3516 803 erat,
3551 753 3651 795 nec
3674 739 3854 794 minus
3875 739 3995 795 dili-

2438 837 2626 905 gebat;
2689 834 2831 888 hunc
2883 834 3113 888 amicum
3176 831 3548 887 Tillemontius
3608 830 3996 900 interpretatur

2441 928 2499 982 S.
2548 926 2815 982 Melctium
2872 936 2964 980 aut
3014 925 3071 980 S.
3115 925 3400 980 Eusebium
3454 923 3884 979 Samosatenum.
3926 920 3998 978 At

2443 1018 2688 1089 profecto
2716 1018 2925 1074 amicus
2962 1018 3048 1072 ille
3084 1035 3186 1073 non
3222 1016 3357 1071 alius
3379 1026 3481 1081 est,
3507 1031 3668 1085 quam
3705 1016 3820 1085 ipse
3844 1013 3998 1068 Basi-

2448 1111 2570 1165 lius.
2606 1109 2891 1180 Postquam
2915 1109 3056 1163 enim
3083 1109 3451 1164 Nazianzenus
3473 1108 3525 1160 in
3550 1106 3810 1161 orationis
3837 1119 3998 1160 exor-

2440 1205 2529 1259 dio
2578 1205 2812 1258 amicum
2854 1203 2955 1260 sibi
2988 1204 3056 1257 ab
3088 1202 3260 1257 amico
3307 1201 3493 1256 venire
3525 1198 3681 1263 dixit,
3721 1207 3832 1252 tum
3862 1198 3999 1270 petit

2440 1304 2716 1351 oratorum
2763 1311 2912 1350 more
2953 1295 3020 1349 ab
3050 1294 3409 1358 audientibus,
3444 1308 3511 1347 an
3537 1306 3648 1346 rem
3678 1289 3878 1344 clarius
3906 1290 3999 1343 de-

2443 1389 2590 1460 pingi
2627 1386 2813 1450 velint,
2854 1388 3147 1455 statimque
3172 1384 3389 1457 Moysen
3414 1396 3468 1439 et
3502 1387 3769 1439 Aaronem
3804 1381 3856 1435 in
3887 1396 4000 1436 me-

2439 1480 2585 1533 dium
2617 1478 2859 1539 adducit,
2902 1478 3078 1547 iisque
3104 1483 3356 1545 peracute
3388 1475 3526 1529 inter
3561 1489 3619 1529 se
3649 1474 3996 1540 comparatis.

2441 1571 2632 1625 iterum
2669 1569 2910 1640 postulat
2967 1568 3035 1623 ab
3062 1566 3417 1631 auditoribus,
3461 1579 3528 1618 an
3564 1579 3669 1619 non
3715 1562 4002 1634 perspicue

2438 1662 2814 1731 cognominem
2860 1675 3039 1723 suum,
3089 1661 3141 1714 id
3187 1667 3271 1714 est
3322 1655 3659 1725 Gregorium,
3714 1666 3771 1723 et
3812 1653 4004 1708 unani-

2446 1771 2611 1822 mem,
2646 1757 2698 1811 id
2732 1765 2814 1811 est
2844 1754 3124 1818 Basilium,
3155 1751 3349 1822 pictrix
3381 1748 3554 1806 oratio
3574 1744 3857 1802 efﬁnxerit.
3892 1744 4004 1798 Ho-

2440 1866 2555 1902 rum
2590 1849 2741 1915 alter,
2784 1847 2979 1918 inquit,
3032 1862 3124 1901 nos
3157 1848 3305 1900 unxit
3347 1860 3408 1899 ac
3436 1842 3654 1896 latentes
3687 1841 3742 1892 in
3773 1840 4002 1892 medium

765 1945 952 2006 ceptus
976 1934 1156 1989 fuerit.
1195 1935 1481 1997 Przeterea,
1517 1948 1623 2002 quo
1658 1932 1744 1987 die
1771 1933 2049 1988 ordinatus
2067 1944 2172 1999 est,
2205 1949 2333 1989 ora—
2367 1914 2409 1968 Β
2434 1943 2751 2012 produxit...
2781 1914 2884 1996 ηοίι
2922 1952 2977 1995 ω
3013 1941 3224 2011 dignum
3247 1946 3360 1992 erat
3387 1954 3444 1991 ιο
3468 1935 3655 2004 spiritu
3680 1932 3768 2000 qui
3808 1932 3861 1983 in
3889 1933 4001 1998 ipso

767 2030 967 2084 tionem
997 2029 1186 2083 habuit
1216 2044 1396 2084 coram
1419 2036 1569 2098 patre
1592 2039 1645 2082 et
1662 2024 1881 2091 Basilio,
1911 2037 1965 2081 et
1984 2027 2104 2082 aliis
2128 2028 2337 2097 cpisco-

763 2122 849 2192 pis
896 2121 987 2191 qui
1031 2136 1153 2176 eum
1200 2121 1608 2176 ordinaverunt.
1664 2120 1733 2173 At
1778 2118 2100 2188 Gregorium
2151 2133 2334 2173 senem

763 2213 922 2279 huius
955 2214 1318 2269 ordinationis
1354 2227 1518 2267 causa
1548 2211 1850 2267 Ccesaream
1879 2209 2112 2275 venisse.
2145 2226 2233 2267 res
2253 2220 2337 2266 est

766 2321 891 2359 cmn
919 2322 1013 2362 sua
1049 2317 1241 2376 sponte
1284 2306 1677 2377 improbabilia,
1723 2314 1834 2358 tum
1870 2306 2083 2361 silentio
2116 2305 2335 2362 minime

764 2398 1226 2463 praetermittenda
1266 2414 1296 2453 a
1340 2397 1620 2467 Gregorio,
1659 2398 1749 2468 qui
1791 2399 1965 2455 simile
1998 2398 2165 2469 putris
2210 2399 2333 2465 iter,

772 2491 953 2545 Basilii
993 2505 1156 2544 causa
1208 2502 1539 2562 susceptum,
1582 2503 1635 2548 ut
1667 2510 1894 2549 summa:
1921 2492 2087 2546 animi
2118 2492 2337 2546 fortitu-

763 2582 909 2640 dinis
936 2584 989 2637 in
1024 2583 1185 2639 effeto
1216 2599 1441 2654 corpore
1470 2586 1767 2655 specimen,
1805 2586 2123 2640 admiratur.
2156 2584 2336 2653 Septi-

770 2693 853 2730 ma
884 2684 969 2731 est
1019 2675 1133 2731 haec
1175 2678 1352 2731 oratio
1380 2677 1522 2731 inter
1552 2679 1831 2733 orationes
1860 2675 2126 2747 Gregorii.
2150 2675 2336 2729 Miscet

763 2766 1010 2824 lmdibns
1068 2768 1247 2824 Basilii
1314 2770 1604 2840 vitupcria,
1649 2779 1705 2823 et
1748 2768 2012 2839 obsequio
2062 2767 2333 2837 querelas,

762 2862 908 2928 quod
935 2871 1159 2916 coactus
1195 2860 1385 2931 magis,
1418 2876 1577 2931 quam
1598 2861 1973 2931 persuadendo
1999 2860 2172 2916 victus
2207 2860 2334 2916 fuis-

765 2963 871 3010 t'et.
897 2953 1189 3024 Postquam
1224 2962 1404 3009 autem
1448 2954 1697 3023 exposuit
1726 2970 1822 3009 cur
1857 2956 2225 3025 episcopatum
2255 2954 2337 3007 fu.

758 3047 920 3115 gerit.
960 3063 1022 3102 ac
1062 3046 1317 3102 nonnullo
1358 3046 1614 3115 temporis
1648 3046 1823 3115 spatio
1883 3060 2018 3114 opus
2060 3044 2332 3107 habuerit,

761 3147 821 3190 ut
844 3152 901 3189 se
930 3136 1044 3204 ipse
1078 3135 1375 3206 colligeret,
1420 3149 1486 3188 ac
1522 3135 1737 3187 tandem
1789 3132 2101 3187 melioribus
2130 3132 2337 3201 cogita-

2436 2044 2509 2089 εει
2525 2052 2543 2100 ;
2577 2035 2712 2089 alter
2735 2037 2870 2089 uenit
2902 2046 2954 2089 ut
2984 2051 3075 2088 nos
3102 2035 3395 2087 consoletur
3424 2047 3483 2085 ac
3507 2035 3805 2095 componat,
3829 2022 4005 2093 Spiri-

2435 2129 2610 2195 tuique
2632 2125 3028 2193 mansuefacint.

2507 2220 2668 2275 Venit
2703 2234 2833 2290 ergo
2866 2216 3189 2271 Nazianzum
3223 2216 3535 2287 Nyssenus;
3569 2220 3624 2268 et
3648 2225 3768 2266 cum
3790 2223 3822 2263 a
3851 2204 4004 2260 Basi-

2436 2314 2507 2367 lio
2548 2312 2743 2366 tnissns
2795 2308 2975 2373 fuerit,
3012 2306 3265 2361 advenire
3295 2322 3399 2362 non
3432 2304 3606 2375 potuit
3633 2298 3895 2373 postridie
3915 2311 4008 2349 or-

2436 2404 2756 2468 dinationis,
2797 2410 2853 2456 ut
2890 2397 3223 2471 perabsurde
3249 2396 3444 2466 legitur
3469 2395 3522 2449 in
3554 2394 3708 2448 titulo
3738 2386 4007 2446 orationis

2435 2508 2603 2552 sextze
2626 2493 2978 2553 Nasianzeui.
3011 2490 3113 2545 Sed
3147 2498 3322 2544 tamen
3360 2486 3641 2553 perpaucis
3695 2492 3817 2554 post
3858 2479 4008 2536 ordi-

2438 2590 2713 2643 nationem
2742 2585 2928 2641 diebus
2975 2582 3213 2637 advenit.
3266 2578 3398 2633 Nam
3440 2577 3553 2632 haec
3602 2575 3798 2636 oratio,
3839 2585 4006 2642 quam

2435 2692 2618 2733 coram
2643 2691 2707 2731 eo
2736 2676 3109 2729 Nazianzenus
3153 2671 3290 2726 festo
3323 2666 3555 2738 quodam
3595 2671 3894 2733 martyrum
3920 2661 4010 2714 die

2438 2769 2647 2833 habuit,
2690 2768 2741 2821 in
2777 2765 3019 2820 eamdem
3048 2778 3269 2835 prorsus
3305 2760 3626 2817 sententiam
3660 2752 4009 2824 pronuntiata

2435 2870 2540 2923 est,
2572 2875 2633 2914 ac
2660 2859 2885 2928 septima
2914 2871 3096 2911 coram
3133 2854 3350 2908 Basilio.
3396 2852 3682 2921 Vituperat
3724 2843 3869 2900 enim
3901 2840 4010 2895 Ba-

2435 2954 2614 3008 silium
2640 2950 2780 3021 quod
2815 2949 2916 3005 sibi
2943 2948 3049 3003 vim
3076 2945 3336 3009 intulerit,
3370 2944 3462 2999 sed
3493 2951 3671 2997 tamen
3708 2950 3863 2993 suum
3911 2934 4013 2989 ob-

2435 3045 2679 3114 sequium
2729 3043 3019 3114 signillcat.
3083 3038 3240 3094 Dolet
3294 3036 3437 3107 quod
3497 3033 3794 3105 Gregorius
3833 3027 4011 3085 serius

2438 3136 2667 3197 venerit,
2694 3133 2862 3189 veluti
2892 3141 3012 3201 post
3032 3132 3237 3187 cladem
3263 3127 3541 3192 auxilium,
3565 3132 3687 3194 post
3715 3129 4011 3192 tempesta-

765 3228 1005 3281 tionibus
1057 3227 1413 3283 subeuntibus
1442 3224 1519 3297 (p.
1554 3224 1699 3293 144),
1746 3223 1969 3294 Spiritui
2027 3237 2145 3276 sese
2178 3222 2329 3278 daret
2359 3254 2408 3319 Ο
2440 3237 2543 3281 tem
2570 3224 2915 3296 gubernator,
2952 3233 3072 3291 post
3109 3222 3416 3277 cicatricem
3457 3216 3719 3273 medicina
3764 3216 3842 3285 (p.
3878 3210 4007 3276 138.

763 3321 831 3375 ad
883 3320 1270 3387 ministerium;
1324 3328 1437 3375 tum
1478 3332 1608 3375 vero
1652 3316 1719 3372 ad
1754 3316 2034 3385 episcopos
2075 3330 2105 3369 a
2139 3314 2334 3385 quibus

764 3411 1049 3465 ordinatus
1080 3411 1274 3476 fuerat,
1306 3425 1368 3464 ac
1394 3409 1714 3464 nominatim
1757 3408 1823 3461 ad
1858 3417 2065 3477 patrem
2094 3421 2157 3461 ac
2188 3406 2336 3460 Basi-

762 3502 892 3557 lium
946 3501 1245 3557 orationem
1298 3499 1592 3566 convertit,
1633 3507 1687 3554 et
1718 3497 1786 3553 ab
1814 3499 1893 3553 eis
1943 3497 2101 3563 petit,
2129 3506 2186 3551 ut
2233 3495 2335 3551 sibi

758 3596 1022 3665 optimam
1058 3594 1312 3649 Ecclesia:
1340 3592 1586 3664 regendae
1618 3591 1882 3645 rationem
1910 3590 2148 3641 tradant.

832 3685 1083 3742 Adfnisse
1129 3684 1337 3755 aliquos
1362 3698 1393 3736 e.
1428 3684 1722 3738 Sasimensi
1756 3680 1953 3750 papqu
1985 3680 2194 3750 legatos
2219 3678 2338 3732 exi-

769 3778 953 3833 stimat
994 3778 1394 3837 Tillemontius.
1448 3774 1607 3843 idque
1652 3772 1949 3842 colligitex
1980 3786 2044 3826 co
2068 3770 2208 3840 quod
2262 3768 2339 3823 ait

768 3870 1062 3941 Gregorius
1099 3870 1187 3940 (p..
1214 3869 1340 3939 145)
1384 3881 1441 3923 se
1478 3866 1707 3935 Spiritui
1746 3865 1978 3920 cessisse
2020 3864 2099 3928 εἰς
2136 3878 2339 3933 aurap-

772 3965 955 4035 τισμὸν
977 3962 1071 4018 τοῦ
1088 3961 1218 4017 λαοῦ
1240 3962 1452 4025 τούτου,
1476 3961 1543 4014 ad
1569 3958 1927 4024 perfectionem
1950 3955 2108 4025 hujus
2128 3954 2336 4024 populi:

769 4068 823 4111 et
857 4058 956 4111 sub
987 4057 1147 4110 linem
1192 4054 1453 4109 orationis
1491 4070 1504 4106 :
1561 4049 1629 4104 Et
1669 4067 1769 4115 me,
1807 4059 1853 4103 et
1890 4066 1994 4102 una
2023 4064 2222 4102 mecum
2248 4062 2339 4099 sa-

768 4167 910 4203 crum
949 4149 1085 4203 [tunc
1109 4163 1313 4219 gregem
1360 4146 1579 4215 pascite,
1608 4142 1943 4213 ποιμαίνοιτε
1970 4141 2064 4195 καὶ
2106 4154 2338 4211 συμποι-

768 4241 1031 4313 μαίνοιτε.
1087 4240 1194 4295 Sed
1245 4253 1404 4307 supra
1455 4237 1532 4306 (ε)
1573 4234 1979 4289 observavimus
2020 4232 2337 4301 Gregorium

770 4332 1097 4405 Nyssenum,
1144 4330 1247 4384 etsi
1296 4330 1557 4385 Caesareae
1602 4343 1707 4382 non
1764 4321 2103 4395 loquebatur,
2138 4322 2339 4376 dixisse

768 4436 948 4481 tamen
994 4426 1060 4482 de
1090 4423 1336 4479 Basilio:
1383 4420 1629 4473 Testatur
1677 4421 1762 4473 hic
1805 4416 2027 4489 papulas
2061 4431 2209 4486 quem
2250 4429 2341 4491 per

766 4520 1115 4577 sacerdotium
1142 4517 1294 4570 duxit
1321 4514 1392 4571 ad
1432 4512 1528 4569 Dei
1545 4512 1954 4578 promissionem,
1986 4508 2337 4581 quemadmoc

2438 3320 2582 3390 141).
2625 3318 2731 3374 Sed
2760 3325 2940 3371 tamen
2976 3328 3035 3369 se
3074 3330 3217 3369 nunc
3242 3313 3436 3369 cedere
3459 3320 3514 3365 et
3548 3308 3798 3363 fiduciam
3822 3304 4009 3360 conci-

2437 3426 2564 3481 pere
2591 3408 2862 3473 declarat;
2885 3405 3027 3477 quod
3068 3412 3385 3474 argumento
3408 3410 3489 3453 est
3518 3400 3634 3452 inec
3650 3397 3850 3450 dixisse
3871 3393 4011 3450 Gre-

2437 3504 2669 3572 gorium,
2709 3511 2997 3570 antequam
3046 3495 3273 3567 fugeret.
3321 3490 3477 3546 Nulla
3513 3486 3719 3542 mentio
3759 3483 4011 3546 Gregorii

2437 3597 2603 3664 patris
2638 3595 2693 3649 in
2720 3596 2827 3649 hac
2856 3591 3102 3648 oratione
3133 3606 3146 3644 :
3188 3586 3326 3643 forte
3349 3582 3475 3655 quia
3505 3578 3761 3650 templum
3798 3586 4011 3646 marty-

2442 3703 2581 3752 rum,
2605 3686 2698 3757 qui
2734 3701 2800 3743 eo
2835 3686 2924 3741 die
2965 3683 3301 3745 colebantur,
3333 3674 3557 3733 nimium
3592 3672 3726 3729 urbe
3752 3668 4013 3737 distabat,

2439 3794 2597 3851 quam
2631 3788 2689 3832 ut
2722 3793 2887 3833 senex
2918 3792 2981 3832 eo
3008 3781 3275 3846 pergeret.

2518 3870 2646 3930 VIII.
2697 3872 2797 3929 Vix
2849 3869 3123 3941 Nyssenus
3175 3864 3447 3920 Nazianzo
3492 3862 3837 3924 discesserat,
3886 3868 4009 3912 eum

2437 3966 2733 4039 Gregorius
2784 3964 3063 4033 deceptum
3126 3973 3187 4015 se
3228 3969 3347 4012 esse
3394 3953 3585 4009 sensit.
3636 3951 4011 4005 Recursarunt

2440 4059 2580 4114 illius
2601 4060 2782 4113 animo
2826 4056 3005 4126 priora
3039 4051 3287 4108 fastidia:
3325 4046 3455 4101 vidit
3483 4044 3623 4099 hanc
3660 4041 3732 4111 (e)
3766 4038 4012 4094 Sasimo-

2442 4166 2559 4204 rum
2588 4152 2767 4204 sedem
2804 4148 2923 4201 sine
2953 4144 3217 4215 sanguine
3254 4136 3487 4196 obtineri
3524 4149 3628 4189 non
3664 4146 3821 4198 posse
3850 4146 3866 4183 :
3901 4144 4009 4184 non

2442 4243 2750 4298 habiturum
2781 4252 2841 4293 se
2890 4237 2982 4292 ubi
3008 4237 3217 4292 senium
3248 4240 3433 4305 ponat.
3466 4227 3561 4283 sed
3596 4223 3821 4280 subinde
3867 4231 4014 4279 tecto

2440 4334 2717 4405 expulsum
2752 4331 2815 4386 iri
2853 4346 2870 4385 :
2927 4344 3032 4385 non
3080 4328 3388 4383 adfuturum
3427 4332 3619 4391 panem
3666 4331 3825 4386 quem
3884 4327 4010 4368 cum

2444 4426 2653 4495 hospite
2705 4423 3004 4494 partiatur;
3052 4419 3257 4473 nullum
3316 4414 3537 4469 omnino
3591 4409 3707 4466 fore
3762 4406 4008 4460 laborum

2446 4519 2702 4583 fructum,
2756 4531 2855 4575 nec
2891 4526 3071 4573 tamen
3116 4511 3221 4566 ulla
3265 4508 3513 4565 ablutura
3549 4503 3759 4560 urbium
3803 4498 4011 4551 incom-

767 4615 892 4667 dum
926 4611 1089 4666 etiam
1134 4610 1332 4664 ibidem
1378 4610 1454 4661 ait
1484 4604 1767 4669 Basilium,
1810 4604 2037 4657 urbanos
2078 4599 2335 4656 tumultus
2368 4613 2413 4667 ι)

2368 4613 2413 4667 ι)
2444 4612 2621 4666 moda.
2662 4609 2754 4663 llis
2770 4608 3153 4680 cogitationum
3195 4600 3395 4657 aculeis
3426 4590 3787 4669 pungentibus
3814 4587 4007 4643 iterum

767 4716 814 4760 et
834 4702 1131 4759 materiales
1156 4702 1250 4756 hos
1278 4700 1535 4753 tumultus
1558 4696 1784 4768 fugisse.
1810 4692 1927 4749 Non
1960 4694 2095 4748 alius
2126 4693 2336 4748 videtur

766 4811 887 4853 esse
933 4809 1127 4850 sensus
1172 4790 1501 4848 Nazianzeni
1551 4789 1863 4844 verborum.
1905 4786 2095 4841 Dicere
2138 4785 2338 4855 potuit.

768 4886 1142 4945 Nazianzenos
1159 4900 1319 4939 manu
1346 4882 1719 4944 monstrando,
1757 4895 1815 4934 sc
1849 4879 1914 4933 ad
1950 4876 2335 4948 perfectionem

772 4982 930 5051 hujus
956 4979 1134 5050 populi
1174 4975 1535 5032 constitutum
1568 4988 1691 5030 esse
1728 4970 2068 5041 episcopum,
2092 4970 2340 5038 quamvis

771 5073 1106 5129 Sasimorum
1132 5078 1297 5133 esset,
1343 5084 1448 5123 non
1488 5066 1744 5121 Nazianzi
1775 5064 2080 5133 episcopus.
2114 5063 2189 5117 Eo
2224 5079 2337 5116 ma-

762 5170 849 5235 gis
876 5161 1168 5233 probanda:
1202 5160 1461 5230 ejusmodi
1503 5160 1744 5215 rationes
1782 5158 2059 5230 loquendi,
2093 5160 2234 5229 quod
2282 5159 2335 5211 in

768 5255 1006 5315 Ecclesia
1034 5271 1138 5309 una
1167 5265 1251 5309 est
1273 5254 1529 5309 cathedra
1554 5263 1609 5306 et
1644 5267 1783 5306 unus
1810 5267 1959 5322 gres.

840 5351 944 5409 νη.
982 5349 1113 5403 Illud
1166 5347 1330 5403 etiam
1361 5362 1465 5402 non
1514 5346 1653 5401 belle
1683 5345 1935 5415 Opinatus
1958 5354 2041 5400 est
2076 5345 2338 5401 Baronius

769 5442 1083 5515 Gregorium
1109 5435 1407 5511 Nyssenum
1439 5438 1699 5508 postridie
1726 5438 2085 5494 ordinationis
2107 5436 2341 5491 Nazian-

770 5540 883 5598 κριιί
914 5539 1217 5594 Caesaream
1258 5537 1491 5603 venisse,
1529 5545 1588 5590 ut
1622 5536 1999 5608 cognominem
2027 5553 2181 5593 suum
2205 5550 2334 5591 con-

838 5744 917 5813 (η)
948 5745 1041 5801 0r.
1079 5746 1131 5803 ὅ.

841 5816 916 5880 (b)
942 5819 1119 5867 tiarnr.
1157 5816 1222 5867 de
1256 5814 1368 5870 Vit.

841 5882 915 5949 (ε)
943 5882 1071 5950 ϐιῳ.
1108 5884 1189 5947 ll,
1224 5901 1277 5938 η.
1304 5886 1357 5937 t.

2442 4700 2601 4771 fuglt,
2637 4713 2703 4752 ac
2735 4697 3041 4755 solitudinis
3076 4694 3284 4749 deliciis
3306 4687 3621 4761 perfruitur.

2515 4766 2845 4849 l’ermolesta
2895 4789 2994 4845 fuit
3024 4785 3221 4842 Basilio
3260 4780 3506 4852 Gregorii
3537 4774 3685 4844 fuga,
3732 4787 3841 4843 qua
3889 4766 4011 4838 qui-

2442 4886 2563 4942 dem
2588 4884 2815 4939 consilia
2847 4897 2941 4937 sua
2974 4879 3207 4950 perverti
3230 4876 3436 4939 videns,
3461 4885 3582 4925 cum
3606 4882 3671 4923 eo
3698 4859 4010 4934 expostula-

2442 4980 2520 5033 vit
2551 4992 2655 5032 non
2698 4977 2814 5031 sine
2846 4972 3012 5028 animi
3047 4969 3234 5027 offensi
3266 4975 3320 5021 et
3354 4961 3579 5019 subirati
3605 4952 4011 5030 signiﬁcationi-

2446 5073 2567 5125 bus.
2620 5069 2691 5123 At
2722 5068 3015 5139 Gregorius
3060 5065 3137 5134 (f)
3178 5064 3230 5117 in
3281 5056 3653 5127 respondendo
3692 5062 3798 5104 non
3832 5046 4011 5139 minus

2444 5166 2765 5227 vehemens,
2817 5136 2977 5231 negat
3013 5158 3115 5213 sibi
3151 5155 3296 5209 litem
3335 5150 3666 5207 inferendam
3698 5155 3819 5194 esse
3866 5136 4010 5209 quod

2446 5257 2689 5312 fraudem
2744 5254 2957 5310 tandem
3020 5248 3307 5318 aliquando
3365 5241 3614 5303 senserit,
3666 5232 4009 5307 periuiquum

2445 5349 2590 5403 enim
2640 5360 2780 5410 esse,
2826 5354 2879 5399 ut
2928 5344 3066 5399 idem
3104 5338 3293 5407 injuria
3327 5332 3588 5389 aﬂiciatur
3612 5338 3669 5383 et
3700 5334 4013 5380 accusetur.

2448 5439 2696 5496 lleclarat
2719 5454 2777 5492 se
2803 5452 2951 5491 arma
2973 5436 3111 5489 ferre
3141 5447 3246 5485 non
3278 5443 3453 5497 posse,
3480 5434 3533 5479 et
3558 5435 3656 5491 pro
3690 5416 4012 5475 lactentibus

2444 5545 2496 5591 et
2518 5532 2711 5587 avibus
2742 5529 2924 5584 Basilii
2962 5537 3211 5597 tanquam
3257 5538 3352 5595 pro
3381 5518 3665 5576 animabus
3701 5522 3757 5570 et
3792 5506 4012 5567 canoni-

2528 5736 2599 5807 (ὀὶ
2623 5734 2749 5807 ‘._\’as.
2777 5749 2857 5807 or‘.
2893 5737 2958 5807 6.

2524 5800 2593 5869 le)
2621 5803 2851 5869 Carum!
2885 5805 2951 5858 de
2990 5800 3098 5858 Vit.

2527 5868 2591 5937 lli
2620 5868 2889 5935 Epist.5l.
