4214 6484
1565 445 1719 501 VITA
1760 446 1815 501 S.
1851 446 1932 500 BA
1943 445 2111 500 SlLll.

3304 456 3435 501 XCI"

218 564 305 617 bus
340 560 657 632 digladiari,
710 574 863 634 rogat
893 575 949 618 ut
983 564 1099 635 ipse
1139 578 1258 619 cum
1291 563 1546 620 Antbituo
1590 565 1782 621 bellum
1811 572 1860 629 Α
1958 578 2221 631 ponuntur
2243 566 2378 621 inter
2394 566 2644 621 Basiliam
2676 566 3060 619 etAnthimum.
3093 564 3197 619 νη.
3236 564 3434 621 llursus

216 666 376 728 gerat,
429 671 493 713 ac
521 656 631 712 sibi
691 658 928 713 omnium
958 673 1135 713 rerum
1180 656 1297 713 loco
1326 658 1557 729 quietem
1588 673 1777 714 conce-

216 749 314 801 dat.
348 746 452 804 Sed
491 747 640 803 illius
696 749 847 803 dolor
904 758 1028 804 tunc
1084 750 1315 804 maxime
1362 753 1611 819 erumpit,
1653 764 1775 804 cum

217 836 455 892 Basilinm
486 841 763 905 hortatur,
793 852 849 894 ut
880 841 1055 895 omnia
1077 842 1146 893 ad
1173 856 1323 895 suam
1344 842 1505 906 ipsius
1529 842 1769 911 gloriam,

212 932 653 997 quemadmodum
690 933 839 1001 fluvii
859 941 1126 995 torrentes,
1150 934 1346 997 trahat,
1375 949 1466 987 nec
1489 935 1774 989 amicitiam

217 1037 297 1073 nec
313 1023 750 1076 consuetudinem
770 1032 819 1077 et
846 1021 1263 1090 [anciliaritatem
1298 1023 1481 1078 virtute
1504 1041 1564 1078 ac
1583 1026 1773 1093 pietate

213 1113 451 1176 potiorem
507 1112 734 1178 habens,
792 1129 880 1166 nec
924 1129 1043 1182 qua:
1098 1130 1163 1168 ea:
1210 1114 1292 1168 his
1326 1115 1472 1167 rebus
1505 1114 1770 1170 hominum

210 1202 372 1267 opinio
390 1204 452 1257 de
471 1221 528 1259 se
558 1205 744 1273 futura
759 1207 846 1270 sit,
865 1222 1077 1275 curans,
1102 1208 1191 1262 sed
1220 1207 1310 1262 uni
1333 1205 1586 1262 duntaxat
1617 1208 1774 1279 spiri-

212 1293 279 1344 tui
300 1309 354 1348 se
376 1295 655 1352 addicens.

275 1383 505 1443 Ctedere
533 1403 645 1445 non
670 1403 887 1458 possum
916 1389 1169 1448 Basilium
1200 1405 1262 1445 ea
1296 1390 1580 1463 ingessisse
1604 1391 1771 1449 male-

210 1474 364 1543 dicta,
400 1478 605 1546 quibus
641 1480 939 1550 appetitum
970 1496 1029 1536 se
1073 1480 1367 1551 Gregorius
1389 1482 1520 1537 dicit
1556 1500 1573 1539 :
1613 1482 1769 1538 Desi-

212 1580 377 1629 nesne,
425 1566 633 1636 inquit,
689 1587 781 1624 nos
811 1572 1017 1625 tandem
1059 1570 1347 1626 maledictis
1382 1573 1657 1641 incessere,
1709 1586 1766 1631 ut

208 1655 419 1709 insulsos
448 1667 495 1710 et
532 1661 768 1714 rusticos
801 1672 847 1715 ct
869 1664 977 1716 sine
1011 1677 1207 1727 amore,
1245 1673 1293 1717 et
1337 1680 1399 1719 ne
1430 1669 1532 1720 vita
1555 1669 1761 1737 quidem

206 1746 419 1814 dignos?
451 1749 542 1815 Ὡς
588 1751 967 1830 ἀπαιδεύτρυς,
1006 1754 1099 1806 καὶ
1127 1757 1367 1822 σκαιοὺς,
1398 1758 1491 1811 καὶ
1517 1757 1759 1827 ἀφίλως,

208 1839 291 1892 ut
314 1840 433 1895 οὐδὲ
461 1842 568 1915 ζῇν
606 1845 808 1912 ἀξίους.
836 1844 952 1913 liis,
984 1846 1223 1916 inquam,
1249 1863 1279 1905 e
1314 1850 1473 1906 trivio
1502 1852 1761 1908 conviciis

210 1931 455 1991 Basilium
503 1954 668 1993 usum
715 1951 836 1992 esse
874 1952 1096 2008 prorsus
1124 1940 1474 2011 improbabile
1510 1954 1616 2009 est,
1667 1946 1760 1999 sed

205 2038 265 2078 es
299 2028 413 2094 eius
464 2028 637 2082 dictis
683 2030 939 2099 consequi
981 2028 1239 2101 Gregorio
1292 2031 1610 2089 videbantur
1652 2049 1764 2095 orre

206 2120 360 2176 nimio
391 2120 613 2176 dolore.

267 2211 474 2281 Scripta
494 2213 622 2266 haec
648 2211 918 2267 tricesima
939 2212 1107 2283 prima
1135 2212 1379 2286 Gregorii
1408 2217 1628 2287 epistola
1653 2234 1759 2274 non

204 2302 359 2355 solum
400 2312 525 2371 post
576 2302 995 2365 ordinationem.
1033 2306 1126 2360 sed
1157 2307 1321 2361 etiam
1384 2317 1504 2377 post
1558 2309 1759 2379 fugam.

201 2393 463 2461 Siquidem
494 2394 797 2467 Gregorius
832 2397 1086 2452 damnum
1119 2408 1397 2469 acceptum
1430 2408 1483 2453 et
1517 2400 1757 2455 fraudem

202 2481 292 2537 sibi
322 2480 517 2538 laetam
550 2485 789 2541 sensisse
822 2498 882 2540 se
918 2487 1064 2549 dicit,
1104 2496 1159 2541 et
1202 2501 1233 2540 a
1283 2486 1481 2543 Basilio
1518 2490 1757 2546 omnium

203 2588 370 2629 rerum
398 2576 521 2633 loco
553 2578 791 2647 quietem
830 2577 1084 2648 postulat.
1114 2576 1230 2647 Ipsa
1249 2578 1411 2633 etiam
1448 2580 1758 2650 maledicta,

200 2666 379 2734 quibus
414 2681 475 2724 se
517 2667 814 2736 Gregorius
857 2683 886 2719 a
933 2666 1127 2722 Basilio
1180 2669 1402 2737 petitum
1456 2671 1607 2739 dicit,
1646 2675 1757 2745 jam

200 2756 382 2827 iugisse
419 2757 747 2828 Gregorium
788 2757 1035 2826 probant,
1076 2769 1132 2814 et
1170 2759 1365 2818 Basilio
1420 2765 1757 2820 stomachum

200 2850 404 2916 iecisse,
433 2851 569 2906 dum
606 2850 781 2920 palam
809 2859 862 2906 et
893 2864 1076 2922 aperte
1092 2852 1456 2912 Sasimensem
1479 2859 1759 2930 episcopa-

199 2950 297 2996 tum
327 2942 573 3011 pmjicit.

258 3030 480 3104 Scripta
516 3035 681 3090 etiam
712 3034 766 3090 in
808 3051 1021 3092 secessu
1051 3051 1283 3106 sequens
1323 3038 1544 3109 epismla
1579 3041 1667 3106 3%,
1702 3042 1755 3098 in

196 3139 289 3191 qua
309 3124 616 3197 Gregorius
660 3127 966 3196 indignatur
998 3130 1239 3184 accusari
1274 3145 1332 3186 se
1363 3133 1595 3199 inertiae,
1629 3136 1753 3205 quia

197 3214 390 3269 Sasima
422 3230 537 3270 non
563 3216 793 3283 accepit.
814 3216 937 3272 Otio
964 3232 1022 3273 se
1059 3229 1111 3274 et
1134 3221 1313 3290 quiete
1354 3225 1508 3281 unice
1535 3227 1752 3297 gloriari
1778 3258 1823 3315 ε

198 3306 497 3375 proﬁtetur,
523 3322 622 3362 nec
636 3308 843 3364 dubitat
866 3310 994 3380 quin
1018 3321 1073 3367 et
1098 3313 1355 3371 Ecclesia:
1386 3315 1438 3370 in
1472 3320 1755 3389 tranquillo

196 3410 464 3468 essent,et
495 3402 697 3457 lidesin
735 3412 867 3471 tuto,
895 3405 939 3459 si
974 3421 1163 3463 omnes
1197 3408 1295 3464 sibi
1332 3409 1434 3465 hoc
1451 3414 1751 3482 exemplum

194 3491 252 3547 ad
271 3492 596 3549 imitandqu
632 3506 1015 3564 proponerent.

258 3582 541 3643 ltiimerito
580 3586 953 3643 Tillemontius
979 3589 1234 3658 scriptam
1265 3589 1405 3647 inter
1431 3591 1544 3647 btec
1571 3591 1748 3665 iurgia

193 3682 329 3742 putat
348 3674 637 3743 epistolam
666 3674 953 3730 secundam
988 3674 1254 3747 Gregorii,
1288 3693 1409 3749 qua:
1438 3691 1526 3735 est
1553 3683 1621 3738 ad
1648 3681 1745 3738 Ni-

193 3766 454 3821 cobulum.
482 3764 618 3821 Cum
660 3768 902 3823 mitteret
946 3766 1207 3827 Nicobule
1231 3770 1438 3831 litteras
1464 3774 1648 3834 Basilii
1674 3778 1746 3834 si-

193 3858 291 3914 mul
339 3875 469 3917 cum
504 3860 619 3917 suis
641 3900 657 3927 ,
691 3860 777 3917 bis
809 3877 928 3934 qua:
971 3863 1150 3920 Basilii
1206 3877 1363 3923 erant
1412 3871 1594 3939 priore
1630 3871 1748 3929 loco

193 3954 387 4020 positis,
446 3968 576 4009 suas
630 3953 922 4025 subiunxit,
958 3971 1078 4011 sese
1122 3958 1336 4027 quidem
1379 3976 1499 4017 cum
1548 3962 1747 4021 Basilio

192 4042 379 4108 Ibique
429 4044 681 4113 conjungi
716 4045 923 4109 volens,
968 4047 1062 4099 sed
1091 4062 1212 4099 eum
1250 4049 1351 4103 sibi
1393 4061 1743 4123 anteponens.

193 4128 352 4187 Binus
380 4133 645 4187 intellexit
673 4132 1047 4187 Tillemontius
1078 4134 1190 4188 [nec
1223 4136 1381 4192 verba
1418 4155 1432 4193 :
1471 4140 1601 4196 Cum
1632 4142 1742 4198 Ba-

192 4221 356 4274 siliam
391 4238 641 4288 magnum
668 4224 793 4278 mihi
826 4241 1025 4295 semper
1054 4229 1399 4294 prtctulerim,
1428 4238 1631 4290 tametsi
1665 4239 1745 4292 illi

191 4316 500 4368 contrarium
541 4317 816 4383 videatur;
851 4336 985 4373 nunc
1011 4336 1211 4389 quoque
1245 4325 1492 4393 pra'fero,
1538 4339 1663 4396 etc.,
1689 4332 1740 4386 id

190 4413 279 4466 est,
311 4405 485 4474 inquit
508 4403 713 4469 Dillius,
742 4411 947 4463 tametsi
971 4412 1059 4465 ille
1091 4431 1170 4468 me
1190 4413 1288 4468 sibi
1310 4415 1586 4483 anteferat.
1619 4421 1741 4477 Non

187 4494 310 4547 enim
334 4498 447 4550 haec
479 4496 635 4551 verba
661 4496 734 4549 ita
779 4500 1080 4559 accipienda
1114 4517 1256 4571 sunt,
1290 4509 1442 4576 quasi
1480 4506 1735 4567 Basiliam

187 4586 431 4641 existimet
469 4587 757 4659 Gregorius
778 4590 892 4659 plus
917 4595 1015 4647 sibi
1048 4598 1273 4653 tribuere
1293 4617 1447 4669 quam
1476 4601 1595 4669 ipsi.

738 4724 960 4782 CAPUT
994 4728 1179 4786 XXlV.

188 4809 222 4867 l.
250 4812 302 4871 S.
336 4814 571 4871 Basilius
594 4821 815 4892 exstruit
850 4820 1320 4892 ptochotrophium,
1356 4837 1404 4881 et
1430 4847 1489 4884 eo
1531 4834 1733 4887 nomine

248 4897 527 4961 accusatur
552 4888 618 4961 ab
652 4891 900 4961 episcopis
939 4894 1081 4961 apud
1110 4888 1399 4952 Eliamill.
1436 4900 1583 4955 lledit
1605 4899 1733 4956 Gre-

247 4960 422 5041 gorius
444 4956 607 5023 paulo
627 4969 741 5022 post
770 4956 1043 5041 l’asclta'ft
1072 4980 1247 5041 c_o_rarn
1273 4966 1474 5041 Basilio
1495 4973 1727 5041 quintam

247 5029 536 5106 arationem
580 5031 1039 5106 pronuntiabulll.
1085 5032 1397 5105 Episcopum
1432 5029 1617 5095 Do'aris
1645 5060 1732 5097 or-

246 5098 751 5180 d‘inlat,nqui'priﬂus
772 5104 945 5180 oppidi
977 5098 1241 5172 episcopus
1274 5098 1494 5175 fuit.lV.
1520 5110 1597 5164 De
1624 5114 1728 5179 epi-

243 5164 602 5241 stola_Basilii
626 5169 718 5241 95.
762 5166 919 5241 Elius
948 5164 1224 5228 accusatus
1260 5164 1553 5241 Sep/tronio
1591 5164 1731 5235 coin-

242 5236 519 5316 mentiatur
547 5252 580 5316 ᾳ
627 5239 851 5316 Basilio.
885 5239 951 5316 V_._
965 5314 973 5316 ᾗ
998 5243 1181 5300 Peleus
1212 5236 1420 5302 Sa‘sima
1450 5248 1729 5316 Gregorius

243 5308 590 5400 cfpillliturab
608 5309 874 5364 Ant/timo.
903 5310 1034 5400 Ejus
1064 5328 1234 5400 tamen
1265 5331 1449 5400 rogatu
1473 5308 1578 5387 agil
1610 5341 1724 5377 cum

241 5372 441 5458 Basiliq
472 5380 537 5458 de
577 5372 1132 5458 congressa/innuit
1168 5372 1399 5458 Basilius
1429 5372 1723 5458 pinati}

241 5446 441 5523 senatui
495 5445 775 5523 Tyanensi.
838 5449 936 5523 λνι.
988 5452 1351 5523 Proﬁciscitur
1413 5457 1722 5516 Sebastiam.

244 5513 585 5593 lbinEusebio
613 5521 895 5593 respondet
937 5538 1027 5589 per
1060 5513 1327 5593 epistolam
1354 5528 1441 5581 98.
1462 5513 1726 5583 Probatur

243 5582 575 5664 deIGregorio
601 5582 963 5664 Nasia_naeno_
975 5593 1059 5643 hic
1087 5582 1199 5664 agi,
1217 5611 1288 5664 ac
1316 5607 1577 5664 cantante
1609 5582 1717 5649 ρας

242 5652 355 5702 uia
384 5656 688 5708 ordinatum
706 5659 895 5724 fuisse.
924 5652 1260 5726 Synodu's'in
1293 5678 1394 5731 qua
1427 5662 1541 5717 lites
1576 5680 1715 5718 com-

238 5846 305 5905 is)
335 5845 425 5908 Ep.
451 5847 538 5903 9i.

1960 641 2014 691 in
2040 638 2339 692 Armeniam
2366 638 2617 697 Basilius.
2650 649 2705 689 ut
2732 640 2994 704 episcopos
3032 638 3305 688 constituat
3328 652 3344 687 :
3378 646 3432 689 at

1960 707 2251 761 Theodotus
2280 724 2394 760 eum
2419 708 2604 775 jurare
2643 723 2742 759 non
2779 708 2903 769 rult,
2938 721 3030 759 nec
3053 722 3167 757 cum
3196 723 3269 775 eo,
3294 722 3434 757 com-

1951 780 2235 831 municare.
2262 774 2535 843 Cognoscit
2563 775 2791 829 Basilius
2823 775 2886 827 de
2908 776 3209 827 criminibus
3235 774 3431 843 Cyrillo

1952 851 2191 913 episcopo
2224 848 2408 902 illatis.
2455 846 2584 901 Vill.
2628 843 2840 898 Rediens
2884 846 3064 897 scribit
3096 843 3330 898 Terentio
3383 854 3430 896 et

1948 916 2192 981 Eusebio,
2256 926 2305 972 et
2342 918 2493 985 epist.
2558 916 2679 972 iOl.
2716 914 3033 970 Ptemenium
3076 913 3431 969 Sotalensibus

1946 991 2236 1055 cpiscolmm
2267 990 2523 1042 concedit.

1942 1081 1985 1136 l.
2038 1081 2182 1135 lnler
2248 1082 2458 1151 negotia
2518 1080 2585 1134 ab
2638 1078 2892 1134 Anthimo
2939 1085 2992 1132 et
3019 1077 3139 1131 aliis
3183 1075 3432 1131 secunda:

1881 1173 2233 1243 Cappadocia:
2268 1174 2533 1243 episcopis
2573 1172 2831 1237 exhibita,
2868 1185 3112 1240 magnum
3145 1168 3428 1223 aedilicium

1869 1263 2098 1319 Basilius
2128 1268 2193 1319 ad
2221 1265 2502 1319 utilitatem
2538 1262 2791 1319 Ecclesia:
2822 1262 3164 1318 Cmsarieosis
3195 1272 3433 1316 exstrue-

1870 1355 1963 1411 bat
1988 1356 2083 1428 (a).
2116 1356 2169 1410 In
2200 1357 2387 1425 primis
2418 1357 2740 1427 precationis
2773 1356 2964 1410 domus
3002 1352 3283 1423 magniﬁce
3335 1368 3431 1405 eu-

1869 1448 2212 1513 strnebatur;
2258 1448 2399 1501 circa
2457 1446 2596 1500 illam
2641 1445 2784 1500 mdes
2828 1454 3009 1507 erant,
3063 1443 3166 1496 alia
3211 1440 3425 1511 quidem

1880 1538 2087 1595 liberali
2116 1540 2313 1609 specie,
2340 1538 2587 1609 episcopo
2614 1538 2860 1608 privatim
2896 1537 3127 1600 addicta,
3159 1534 3275 1589 alize
3300 1547 3427 1585 vero

1865 1632 2149 1689 inferiores
2186 1632 2277 1686 Dei
2301 1630 2515 1687 lamulls
2535 1645 2599 1687 ex
2632 1628 2820 1686 ordine
2852 1627 3168 1690 distributae,
3199 1640 3426 1695 quarum

1867 1739 1994 1779 usus
2022 1733 2078 1779 et
2124 1724 2414 1793 provincia:
2463 1722 2781 1788 rectoribus,
2816 1734 3105 1787 eorumque
3142 1717 3423 1773 comitatui

1864 1815 2167 1871 communis
2193 1823 2334 1878 erat,
2366 1814 2437 1868 ita
2484 1823 2543 1866 ut
2571 1822 2808 1868 rectores
2842 1811 3138 1883 insignibus
3170 1808 3275 1864 illis
3296 1808 3426 1862 tedi-

1794 1908 1984 1977 Bbus,
2036 1926 2155 1982 quae
2203 1910 2453 1981 episcopo
2504 1906 2726 1964 addicta
2783 1912 2960 1969 erant,
3006 1917 3191 1957 eorum
3245 1908 3421 1953 autem

1866 2004 2098 2061 comites
2166 2001 2508 2059 inferioribus
2582 1999 2975 2070 exciperentur.
3038 1995 3206 2049 Erant
3260 1992 3422 2048 etiam

1868 2097 2095 2166 hospitia
2123 2094 2447 2166 peregrinis,
2484 2093 2597 2149 sive
2627 2090 3047 2153 transeuntibus,
3076 2086 3189 2140 sive
3214 2084 3420 2139 medela

1863 2189 2041 2259 aliqua
2094 2186 2476 2258 indigentibus,
2534 2184 2727 2254 quibus
2777 2180 3005 2235 Basilius
3056 2175 3419 2233 necessarium

1862 2279 2175 2349 providebat
2202 2278 2474 2343 solatium,
2503 2289 2766 2347 aegrorum
2814 2282 3119 2333 curatores,
3158 2269 3420 2333 medicos,

1853 2371 2116 2441 jumenta,
2150 2368 2490 2423 deductores.
2529 2367 2807 2437 Adjuncta:
2854 2364 3013 2418 etiam
3059 2369 3216 2415 erant
3254 2370 3419 2425 artes,

1859 2472 1969 2517 tum
1999 2476 2115 2530 qua:
2167 2462 2232 2515 ad
2264 2460 2431 2514 vitam
2459 2458 2796 2521 necessarius,
2834 2466 2943 2510 tum
2979 2468 3097 2524 qua:
3124 2456 3189 2507 ad
3225 2451 3423 2505 libera-

1860 2552 1962 2607 lem
2009 2553 2207 2606 victnm
2241 2551 2550 2619 cultumque
2599 2548 2849 2603 inventae.
2897 2546 3063 2601 Erant
3101 2545 3264 2600 etiam
3298 2543 3421 2599 alia

1856 2645 1997 2701 aedes
2024 2647 2091 2699 ad
2116 2644 2353 2700 iacienda
2376 2657 2537 2713 opera
2563 2640 2784 2696 idoneae.

1927 2734 2105 2790 Basilii
2130 2735 2432 2799 consilium,
2464 2733 2564 2788 etsi
2589 2731 2843 2786 Ecclesia:
2877 2744 2939 2785 ac
2968 2728 3271 2799 reipublicae
3289 2740 3417 2795 pcr-

1858 2828 2010 2885 utile.
2070 2826 2295 2881 incurrit
2340 2822 2606 2878 tamenin
2664 2820 3129 2892 reprehensionem
3180 2817 3418 2871 nonnul-

1868 2921 2038 2973 lorum
2067 2917 2358 2978 hominum,
2385 2915 2478 2985 qui
2506 2914 2631 2971 inde
2660 2928 2850 2967 ansam
2893 2911 3237 2983 arripuerunt
3268 2910 3417 2965 illius

1861 3009 1999 3079 apud
2024 3007 2305 3078 prmsidem
2331 3006 2654 3071 accusandi;
2688 3006 2802 3061 sive
2836 3005 2975 3076 quod
3019 3002 3278 3073 ejusmodi
3328 3004 3414 3055 in-

1856 3112 2092 3173 coeptum
2124 3100 2359 3157 hominis
2400 3114 2589 3172 parum
2619 3098 2808 3169 quieti,
2833 3099 3162 3168 nimiumque
3192 3096 3416 3151 audacia

1857 3209 1978 3250 esse
2006 3194 2268 3257 dicerent,
2301 3190 2411 3245 sive
2437 3190 2577 3259 quod
2611 3189 2824 3244 crimini
2863 3198 3137 3243 verterent
3190 3186 3410 3252 Basilio,

1854 3287 1995 3357 quod
2030 3284 2425 3339 multitudinem
2455 3281 2539 3335 bis
2565 3280 2776 3335 artibus
2807 3279 2905 3334 sibi
2928 3279 3191 3335 clmritate
3226 3280 3411 3333 devin-

1851 3378 2005 3433 ciret.
2044 3373 2301 3429 Volucrat
2337 3372 2569 3429 Basilius
2594 3388 2717 3427 cum
2759 3372 3008 3443 praeside,
3037 3380 3149 3426 tum
3172 3385 3291 3426 cum
3322 3371 3409 3425 ille

1849 3479 1993 3526 esset
2029 3467 2311 3537 Cmsarete,
2343 3476 2397 3524 et
2426 3468 2491 3523 de
2518 3468 2880 3522 exterioribus
2921 3467 3034 3520 suis
3068 3465 3298 3533 negotiis
3354 3473 3410 3516 et

1849 3562 1917 3618 de
1943 3562 2105 3618 rebus
2138 3560 2526 3617 ecclesiasticis
2558 3558 2811 3627 colloqui,
2849 3566 2905 3610 ut
2943 3554 3410 3612 criminationibus

1850 3652 1902 3709 in
1936 3663 2271 3707 antecessum
2320 3658 2652 3707 occurreret.
2711 3647 2819 3704 Sed
2871 3647 3126 3717 repressit
3159 3661 3255 3712 se;
3294 3656 3404 3698 tum

1849 3759 1917 3800 ne
1952 3744 2230 3815 prasidem
2271 3759 2298 3798 a
2335 3742 2667 3811 publicarum
2718 3755 2895 3795 rerum
2948 3755 3076 3793 cura
3116 3746 3405 3801 averteret,

1849 3844 1961 3891 tum
1990 3850 2055 3890 ne
2080 3849 2268 3904 puram
2294 3833 2434 3888 illius
2460 3833 2693 3886 animam
2726 3830 3102 3885 altercationes
3131 3832 3407 3901 episcopo-

1848 3944 1967 3984 rum
2000 3927 2271 3981 lasderent.
2320 3923 2419 3982 Ubi
2454 3934 2632 3980 autem
2664 3923 2867 3979 audivit
2899 3923 3241 3978 adversarios
3268 3937 3398 3976 suos

1846 4020 2011 4075 multa
2044 4019 2185 4074 illius
2214 4018 2431 4074 auribus
2466 4018 2837 4073 insusurrasse
2858 4056 2873 4080 ,
2925 4026 3037 4070 tum
3070 4031 3219 4082 vero,
3253 4014 3406 4069 inlir-

1845 4113 2029 4167 mitale
2077 4110 2343 4180 corporis,
2385 4108 2675 4180 quominus
2728 4108 3009 4177 prmsidem
3058 4106 3250 4169 adiret,
3281 4120 3401 4174 pro-

1846 4204 2083 4265 hibente,
2116 4217 2335 4258 causam
2364 4215 2459 4271 per
2493 4197 2959 4256 litterasdclendit
2986 4212 3049 4250 ac
3068 4197 3402 4251 demonstrat

1844 4295 2127 4350 consilium
2156 4309 2313 4349 suum
2362 4309 2465 4347 non
2513 4291 2669 4346 modo
2719 4290 2946 4361 publicis
2980 4290 3140 4345 rebus
3170 4306 3273 4344 non
3304 4304 3401 4345 no-

1844 4401 1986 4448 cere,
2012 4386 2106 4441 sed
2138 4386 2297 4440 etiam
2355 4383 2642 4454 plurimum
2677 4383 2949 4453 prodesse,
2985 4398 3047 4438 ac
3088 4384 3183 4452 ipsi
3231 4384 3400 4451 iuipeo

1842 4477 2012 4531 ratori
2047 4478 2329 4547 probatum
2363 4474 2552 4531 luisse.
2584 4473 2713 4541 Quae
2737 4484 2914 4529 autem
2950 4474 3097 4539 Elite,
3139 4482 3194 4526 ut
3223 4476 3400 4529 amico

1763 4597 1813 4656 υ
1841 4579 1895 4624 et
1946 4567 2275 4631 Christiano,
2312 4565 2379 4619 de
2433 4566 2819 4623 ecclesiasticis
2879 4567 3034 4620 rebus
3076 4567 3398 4634 respondere

1847 4676 1940 4730 par
1968 4666 2103 4724 erat,
2146 4672 2206 4712 ca
2252 4656 2485 4714 Basilius
2541 4661 2594 4713 in
2647 4660 2789 4713 aliud
2845 4668 3054 4728 tempus
3098 4658 3295 4723 dillcrt,
3336 4673 3397 4712 ac

1842 4751 2121 4823 praesidem
2172 4762 2347 4822 rogat,
2406 4761 2465 4807 ut
2516 4752 2615 4806 sibi
2664 4750 2884 4804 alteram
2919 4766 3104 4805 aurem
3155 4752 3397 4818 exemplo

1838 4844 2156 4911 Alexandri,
2180 4861 2349 4913 usque
2382 4848 2447 4898 ad
2471 4859 2816 4915 congressum
2847 4845 3107 4916 integram
3144 4855 3346 4899 servet.

1917 4935 2039 4991 Ηίνο
2089 4938 2312 5007 cpistola
2368 4936 2465 5003 (bl,
2496 4952 2657 5006 quam
2705 4938 2898 4992 eruditi
2929 4936 3029 4991 viri
3084 4936 3148 4989 ad
3191 4950 3390 4988 annum

1837 5031 1929 5087 57l
1965 5032 2283 5094 retulerunt,
2317 5031 2454 5085 inter
2493 5029 2593 5085 has
2649 5031 2828 5085 Basilii
2872 5045 2991 5083 cum
3038 5027 3293 5083 Anlbitno
3338 5040 3393 5085 et

1833 5123 1950 5177 aliis
1979 5122 2245 5194 episcOpis
2290 5122 2656 5177 dissensiones
2698 5122 3032 5176 collocanda.
3078 5120 3199 5175 llaec
3246 5121 3389 5174 enim

1831 5224 1977 5283 gesta
2005 5224 2129 5267 sunt
2181 5223 2462 5285 postquam
2508 5212 2703 5270 Valens
2747 5215 2986 5269 tlzcsarca
3032 5212 3297 5275 discessit,
3334 5222 3391 5267 ut

1829 5314 1971 5376 patet
2004 5321 2071 5359 ex
2106 5306 2192 5360 bis
2228 5306 2403 5360 verbis
2443 5324 2457 5361 :
2492 5305 2639 5361 Unde
2675 5308 2800 5359 mihi
2849 5306 3051 5359 ridetur
3078 5317 3125 5359 et
3171 5321 3388 5374 magnus

1833 5398 2135 5465 imperator,
2167 5396 2254 5450 ubi
2284 5411 2512 5451 nostram
2540 5398 2671 5451 hanc
2688 5396 3087 5450 sollicitudinem
3104 5396 3384 5462 perspexit,

1830 5486 2027 5537 ueniam
2057 5484 2291 5550 dedisse,
2319 5496 2371 5536 ut
2401 5484 2660 5537 Erclcsias
2692 5499 2783 5549 per
2810 5498 2900 5533 nos
2924 5483 3022 5548 ipsi
3049 5480 3383 5532 administra-

1828 5590 2017 5627 remus.
2046 5572 2271 5627 Frustra
2298 5590 2426 5642 ergo
2459 5576 2569 5627 lucc
2600 5572 2902 5640 epistolain
2936 5586 3133 5622 annum
3160 5567 3257 5619 57l
3295 5581 3377 5618 re-

1824 5665 2091 5718 trahatur.
2120 5661 2233 5715 Non
2260 5670 2437 5717 tamen
2466 5662 2630 5715 multo
2660 5672 2775 5729 post
2812 5658 3042 5712 Valentis
3076 5656 3370 5711 discessum

1891 5852 1960 5912 (bl
1994 5851 2085 5909 Ep.
2117 5851 2194 5906 Μ.
