4214 6484
726 452 843 492 ἐιν

729 655 864 708 toria
903 651 1164 706 hactenus
1207 658 1538 718 comportata
1585 665 1598 701 :
1647 663 1782 717 Opus
1832 658 2007 701 autem
2052 662 2157 701 non
2210 662 2304 715 po-

730 747 829 800 tuit
858 745 1035 799 serius
1069 745 1306 811 incipere
1335 744 1435 812 (a),
1467 742 1738 811 siquidem
1789 745 1898 811 jam
1951 751 2133 809 aptum
2178 752 2298 794 erat

728 849 783 890 et
818 846 1065 903 paratum
1104 836 1409 903 hospitibus
1441 831 1824 900 suscipiendis,
1848 832 1960 901 jam
1988 831 2303 884 monasterii

733 931 905 983 forma
933 929 1046 983 suis
1088 926 1332 980 absoluta
1364 924 1604 978 numeris
1636 934 1759 978 ante
1788 925 1945 977 linem
2004 922 2129 975 anni
2180 921 2304 975 575.

733 1024 910 1086 Quare
947 1032 1145 1072 mutua:
1180 1019 1282 1072 illa-
1320 1016 1703 1072 altercationes
1750 1015 2144 1084 episcoporum,
2189 1013 2307 1081 qui-

737 1118 833 1167 bus
860 1112 1089 1167 Basilius
1122 1113 1355 1164 animam
1386 1110 1517 1164 Elia:
1560 1110 1674 1163 laedi
1709 1108 1946 1171 uolebat,
1990 1107 2123 1161 nihil
2162 1108 2305 1161 aliud

730 1215 860 1259 sunt
890 1221 1051 1273 quam
1073 1204 1441 1257 dissensiones
1477 1219 1596 1255 cum
1626 1202 1883 1255 Antbimo
1916 1211 1971 1255 et
2013 1202 2161 1264 aliis;
2198 1215 2304 1254 non

733 1301 875 1353 enim
930 1299 1075 1352 aliud
1134 1313 1358 1367 prorsus
1411 1296 1666 1363 suspicari
1706 1296 1854 1356 licet,
1911 1293 2308 1348 necimmerito

737 1403 947 1461 tempus
1010 1388 1273 1459 ejusmodi
1339 1388 1737 1443 dissensionum
1794 1402 1859 1441 ex
1916 1386 2018 1441 hac
2082 1385 2306 1456 epistola

733 1482 1144 1537 constituimus.

807 1594 920 1650 Hoc
978 1596 1455 1665 ptocbotrophium
1524 1595 1576 1647 in
1633 1592 1893 1647 suburbio
1941 1592 2216 1645 conditum
2278 1607 2307 1646 a

740 1689 906 1742 fratre
946 1686 1134 1742 laudat
1166 1689 1464 1760 Nyssenus.
1500 1687 1701 1741 Novam
1746 1686 2015 1738 civitatem
2049 1684 2122 1755 (ὁ)
2157 1693 2307 1738 extra

738 1782 1045 1834 Cmsaream
1107 1781 1341 1850 appellat
1393 1780 1765 1834 Nazianzenus
1802 1778 1892 1845 (c).
1950 1777 2078 1830 Erat
2130 1784 2307 1829 autem

741 1871 1047 1940 hospitibus
1096 1884 1152 1926 et
1201 1874 1502 1943 peregrinis
1556 1872 1906 1932 destinatum,
1960 1878 2069 1923 tum
2122 1870 2192 1922 iis
2220 1869 2307 1937 qui

740 1966 852 2019 t-ito
886 1975 1193 2027 transeunt,
1228 1975 1338 2019 tum
1374 1964 1442 2019 iis
1472 1964 1561 2031 qui
1592 1962 1799 2015 medela
1835 1961 2014 2029 aliqua
2050 1960 2309 2029 indigent.

742 2058 837 2112 llis
882 2060 1065 2113 verbis
1110 2060 1417 2114 indicantur
1454 2055 1679 2124 leprosi,
1716 2055 1806 2124 qui
1857 2070 1976 2108 cum
2009 2053 2317 2110 civitatibus

748 2152 1101 2219 pellerentur,
1131 2167 1234 2205 non
1270 2150 1542 2204 immerito
1593 2149 1735 2203 inter
1780 2148 2022 2215 hospites
2066 2156 2120 2200 et
2160 2162 2314 2216 pere-

740 2244 926 2312 grinos
959 2244 1316 2297 habebantur.
1366 2242 1459 2296 His
1511 2241 1789 2312 praecipue
1825 2239 2097 2307 provisum
2154 2238 2317 2292 fuisse

740 2335 845 2388 hoc
875 2335 1163 2403 hospitium
1203 2345 1469 2389 testantur
1502 2333 1877 2387 Nazianzenus
1912 2330 1989 2402 (ιι)
2034 2339 2087 2383 et
2138 2328 2315 2384 Theo-

742 2426 965 2481 doretus
993 2426 1060 2497 (ρ)
1100 2446 1118 2482 :
1150 2443 1255 2481 non
1284 2436 1462 2480 tamen
1499 2427 1751 2479 videntur
1787 2422 1995 2477 exclusi
2026 2420 2189 2475 fuisse
2225 2419 2317 2473 alii

743 2536 810 2573 ex
840 2520 1065 2574 civitate
1103 2529 1194 2573 aut
1217 2535 1281 2573 ex
1311 2520 1429 2571 aliis
1459 2518 1587 2571 locis
1608 2516 1955 2571 advenientes
1983 2512 2187 2580 aegroti.
2215 2510 2319 2565 Sed

744 2613 1014 2679 praccipue
1046 2612 1097 2663 in
1134 2610 1378 2677 leprosos
1425 2609 1621 2661 enituit
1661 2608 1899 2661 charitas
1936 2605 2141 2669 Basilii,
2185 2617 2319 2671 quos

748 2704 832 2755 vir
855 2702 1053 2755 nobilis
1081 2709 1135 2753 et
1164 2701 1432 2753 nobilibus
1466 2709 1619 2752 ortus
1651 2698 1885 2751 osculari
1944 2711 2047 2749 non
2106 2695 2319 2747 dubita-

746 2797 863 2859 bat,
893 2810 999 2847 non
1040 2794 1106 2847 ad
1159 2793 1372 2846 inanem
1430 2791 1655 2861 gloriam
1699 2792 1877 2861 (nemo
1930 2790 2071 2842 enim
2123 2789 2188 2840 ab
2221 2787 2322 2840 hoc

745 2888 879 2940 vitio
914 2886 1191 2950 remotior,
1229 2885 1400 2953 inquit
1432 2884 1822 2946 Nazianzenus,
1867 2882 1956 2936 sed
1993 2891 2047 2934 ut
2076 2881 2209 2934 alios
2254 2879 2322 2949 (f)

747 2977 993 3044 exemplo
1037 2992 1132 3030 suo
1181 2977 1245 3028 ad
1299 2991 1581 3042 corporum
1609 2975 1937 3028 curationem
1969 2972 2197 3026 libenter
2227 2986 2320 3027 ac-

755 3069 951 3122 cedere
978 3068 1218 3121 doceret.
1257 3065 1366 3120 Nec
1395 3080 1522 3118 vero
1553 3064 1662 3118 sola
1693 3064 1881 3116 civitas
1916 3063 2057 3115 illius
2090 3064 2322 3115 Charita-

751 3168 860 3213 tem
892 3159 1082 3219 sensit,
1120 3158 1211 3211 sed
1262 3157 1315 3211 in
1353 3172 1518 3225 pagos
1540 3156 1702 3208 etiam
1752 3152 2145 3207 sollicitudines
2197 3166 2324 3205 suas

749 3252 1089 3311 extendebat,
1110 3264 1169 3301 ac
1202 3249 1451 3301 omnibus
1498 3246 1677 3317 populi
1730 3243 2035 3315 praepositis
2077 3244 2325 3296 humani-
2354 3262 2394 3318 ο

753 3354 912 3395 tatem
946 3344 998 3395 in
1034 3357 1317 3408 pauperes,
1344 3350 1400 3392 ut
1439 3355 1724 3393 commune
1751 3349 2026 3392 certamen
2062 3351 2325 3406 propone-

752 3437 863 3486 bat.
901 3434 1052 3489 Unde
1080 3431 1153 3504 (g)
1196 3432 1390 3503 singuli
1430 3433 1805 3503 chorcpiseopi
1846 3435 2097 3488 videntur
2126 3435 2175 3487 iit
2232 3448 2328 3501 pa-

751 3528 834 3598 gis
866 3527 965 3580 sibi
1009 3526 1315 3581 commissis
1346 3542 1634 3581 commune
1675 3526 1893 3594 aliquod
1926 3527 2176 3581 habuisse
2206 3538 2325 3597 pto-

753 3617 1163 3687 cbotrophium.

827 3749 902 3823 (Ir)
934 3748 1238 3820 Szepissime
1286 3751 1336 3804 in
1369 3748 1840 3820 ptochotropbium
1876 3749 2129 3804 veniebat
2180 3749 2332 3804 Basi-

757 3840 882 3905 lius,
922 3857 1024 3893 non
1060 3840 1255 3901 solum,
1285 3850 1341 3891 ut
1387 3854 1677 3907 pauperum
1714 3856 1900 3893 curam
1952 3848 2186 3909 gereret,
2237 3839 2331 3895 sed

757 3934 920 3984 etiam
956 3941 1015 3985 ut
1063 3931 1451 3984 monasterium
1500 3930 1775 3995 inviseret,
1804 3930 1944 3998 quod
1975 3932 2043 3984 ibi
2080 3943 2329 3987 constru-

762 4044 775 4069 ι
798 4033 908 4074 tum
940 4034 1078 4076 erat.
1112 4022 1359 4074 Monacbi
1388 4020 1531 4073 enim
1576 4030 1731 4075 erant
1761 4023 1904 4075 servi
1948 4022 2024 4074 illi
2064 4023 2179 4087 Dei,
2208 4025 2327 4091 qui-

760 4114 862 4167 btts
892 4115 1180 4183 assignatas
1212 4124 1365 4166 erant
1386 4114 1528 4166 aedes
1556 4113 1861 4169 inferiores.
1885 4114 1961 4168 Ex
1995 4116 2097 4169 hoc
2127 4114 2241 4167 loco
2270 4115 2329 4182 (ἰ)

762 4208 1051 4275 perscribit
1088 4207 1462 4271 Amphilochia
1495 4206 1806 4260 Heraclidas
1831 4208 2008 4261 audita
2043 4222 2107 4262 ex
2136 4207 2334 4263 Basilio

764 4302 1079 4352 monusticm
1109 4301 1230 4351 vitm
1261 4310 1550 4367 praecepta.
1580 4299 1801 4353 Prtcl'uit
1825 4310 1877 4353 et
1916 4302 2245 4357 monaSIerio
2280 4312 2334 4356 et

764 4390 1183 4459 ptocliotmphio
1229 4391 1311 4443 vir
1366 4391 1581 4443 eximite
1637 4391 1876 4454 virtutis,
1934 4390 2196 4447 Sacerdos
2241 4409 2336 4447 no-

764 4483 939 4545 mine;
988 4484 1079 4536 sed
1101 4484 1147 4536 ei
1183 4494 1473 4551 utrumque
1498 4482 1884 4547 ministerium,
1911 4484 2051 4552 quod
2084 4482 2333 4551 Basilius,

2080 430 2603 487 PROLEGOMENA.

726 558 949 627 scripta.
983 558 1080 611 Vix
1127 558 1271 612 enim
1313 554 1580 609 aediﬁcare
1626 563 1866 623 cmperat
1912 551 2160 617 Basilius,
2192 568 2305 607 ma—
2332 557 2377 612 Α
2408 552 2551 605 ditur
2584 551 2651 604 ab
2680 550 2779 603 hac
2808 550 2888 603 sui
2928 550 2977 603 in
3010 558 3215 618 patrem
3249 558 3300 602 et
3328 550 3578 604 Basiliam
3609 550 3849 619 obsequii
3899 551 3974 604 si-

2408 642 2781 711 gnificatione.
2828 594 3393 715 0b6evliozupotepov,
3429 644 3619 713 inquit,
3645 594 3848 715 yﬁping,
3887 594 3998 697 καὶ(

2408 736 2566 789 οὐδὲν
2624 735 2804 803 φιλίας
2872 735 3309 807 αἱδεσιμὼτερον.
3358 735 3494 788 Ὑπὸ
3549 736 3750 789 τούτων
3810 737 3981 806 ἧχθην

2410 831 2543 897 ὑμῖν
2575 826 2686 896 ἐγὼ
2718 828 2937 897 δέσμιος
2976 829 3032 879 ἐν
3065 827 3302 897 Χριστῷ,
3326 828 3499 891 δεθεὶς
3522 829 3620 881 οὐκ
3647 828 3868 882 ἁλύσεσι
3897 845 3977 880 σι-

2413 922 2627 993 δηραῖς,
2681 920 2816 975 ἀλλὰ
2860 923 2972 983 ’τοῖς
3001 920 3213 983 ἀλύτοις
3241 921 3456 991 δεσμοῖς
3497 921 3592 973 τοῦ
3646 922 3976 991 πνεύματος.

2421 1011 2575 1066 Nihil
2620 1023 2881 1067 senectute
2912 1013 3121 1082 fortius,
3155 1014 3282 1066 nihil
3328 1013 3561 1066 amicitia
3614 1013 3975 1067 venerabilius.

2416 1105 2494 1159 Ab
2526 1106 2605 1158 his
2628 1122 2719 1174 ego
2772 1106 2839 1157 ad
2875 1121 2963 1158 vos
3017 1106 3200 1158 ductus
3231 1121 3367 1168 sum,
3419 1107 3617 1159 vinctus
3660 1106 3715 1159 in
3743 1104 3974 1172 Christo,

2416 1214 2517 1249 non
2543 1198 2738 1249 catenis
2766 1197 2969 1265 ferreis,
3000 1198 3088 1250 sed
3129 1197 3475 1249 tenacissimis
3508 1198 3719 1265 spiritus
3757 1199 3975 1251 uinculis

2411 1290 2754 1341 constrictus.
2813 1288 2905 1343 llis
2938 1304 3067 1343 sane
3120 1288 3299 1342 verbis
3344 1288 3543 1341 indicat
3588 1286 3879 1356 Gregorius
3918 1301 3979 1343 se

2410 1382 2589 1448 aliquo
2630 1396 2694 1435 ex
2722 1380 2837 1434 loco
2872 1380 3204 1433 Nazianzum
3248 1381 3459 1441 venire;
3497 1394 3558 1434 ac
3586 1380 3812 1446 proinde
3864 1380 3980 1434 haec

2415 1473 2589 1527 oratio
2627 1487 2732 1525 non
2765 1472 2946 1525 statim
2976 1484 3095 1540 post
3125 1473 3513 1526 ordinationem
3542 1479 3594 1525 et
3630 1480 3752 1524 ante
3778 1470 3981 1525 oratio-

2413 1580 2533 1619 nem
2567 1565 2884 1634 septimam,
2914 1576 2972 1617 ut
3006 1566 3177 1617 visum
3208 1575 3291 1618 est
3321 1564 3685 1627 'l‘illemontio,
3720 1562 3813 1616 sed
3860 1572 3982 1630 post

2418 1655 2656 1710 reditum
2694 1669 2760 1709 ex
2788 1655 2908 1723 fuga
2944 1655 3283 1722 pronuntiata
3340 1664 3441 1710 est.
3498 1654 3586 1709 Sic
3628 1655 3788 1708 etiam
3840 1651 3980 1722 quod

2416 1746 2565 1799 addit
2593 1760 2652 1800 se
2686 1755 2841 1798 antea
2867 1745 2985 1798 aliis
3020 1746 3200 1799 omnia
3230 1744 3528 1812 reliquisse,
3568 1754 3623 1797 ut
3656 1759 3837 1799 secum
3860 1741 3985 1813 phi-

2415 1837 2811 1905 losopharetur,
2835 1844 2887 1891 et
2908 1835 3035 1889 Elia:
3051 1835 3353 1890 Carmelum
3376 1850 3437 1889 ac
3460 1835 3681 1890 Joannis
3709 1838 3983 1890 desertum

2418 1928 2698 1996 cogitasse,
2734 1928 2784 1981 id
2819 1928 3062 1996 profecto
3095 1926 3272 1980 dicere
3300 1942 3400 1979 non
3426 1928 3595 1994 potuit
3622 1926 3738 1995 ipso
3771 1927 3984 1980 ordina-

2422 2020 2581 2072 tionis
2606 2018 2930 2074 Sasimcnsis
2960 2019 3067 2082 die,
3115 2034 3274 2088 quam
3296 2034 3399 2073 non
3424 2019 3698 2087 prmcessit
3726 2018 3984 2084 solitudo,

2418 2112 2510 2166 sed
2539 2112 2716 2181 potius
2743 2114 3028 2168 sacerdotii
3058 2112 3209 2167 labor
3258 2115 3307 2166 in
3337 2122 3486 2182 patre
3519 2110 3840 2177 adiuvando.

2492 2204 2825 2257 'l‘illemontii
2863 2204 3168 2274 Opinionem
3202 2204 3395 2258 clarius
3434 2202 3681 2257 refellunt
3727 2216 3847 2270 qum
3904 2216 3989 2255 se-

2420 2306 2684 2365 quuntur.
2725 2297 2814 2349 Ait
2848 2311 2905 2349 se
2930 2307 3083 2351 antea
3117 2298 3307 2352 fortem
3340 2296 3621 2366 quemdam
3671 2305 3727 2350 et
3769 2296 3991 2363 insupe-

2420 2387 2644 2442 rabilem
2666 2386 2765 2441 sibi
2788 2386 2963 2441 visum
2992 2401 3139 2451 esse;
3173 2402 3235 2441 ac
3268 2404 3335 2443 ne
3360 2389 3745 2443 amantissimis
3770 2388 3991 2457 quidem

2422 2479 2507 2533 bis
2543 2478 2810 2532 fratribus
2839 2493 3120 2534 sermones
3152 2478 3378 2542 dedisse,
3401 2490 3461 2531 ut
3488 2495 3668 2533 secum
3700 2480 3811 2549 ipse
3842 2489 3995 2533 tran-

2421 2572 2587 2641 quille
2617 2572 3115 2641 philosopharetur,
3154 2587 3448 2640 secumque
3474 2572 3587 2639 ipse
3631 2583 3834 2627 etcum
3882 2574 3997 2643 spi-

2430 2665 2535 2716 ritu
2562 2664 2888 2731 colloquium
2948 2664 3187 2718 haberet.
3217 2662 3297 2716 An
3338 2672 3510 2731 potest
3541 2662 3879 2719 manifestius
3908 2666 3994 2718 in-

2427 2755 2594 2810 dicari
2622 2756 2852 2812 solitudo
2881 2763 2932 2809 in
2961 2772 3123 2826 quam
3156 2772 3212 2811 se
3244 2755 3556 2824 receperat?
3584 2754 3689 2809 Sed
3715 2757 3855 2823 quod
3884 2771 3999 2810 am-

2429 2848 2643 2917 bigendi
2672 2849 2847 2903 locum
2877 2864 3091 2903 omnem
3132 2849 3436 2919 prmcludit,
3474 2854 3715 2901 recantat
3740 2861 3998 2913 quiccuno

2424 2956 2527 3011 que
2554 2951 2672 3010 post
2702 2942 3097 2996 ordinationem
3129 2942 3312 2996 dolore
3345 2942 3606 2995 suadente
3647 2939 3697 2992 in
3733 2937 3996 2992 Basiliam

2425 3036 2668 3103 asperius
2701 3034 2929 3091 dixerat.
2978 3033 3101 3087 Jam
3148 3036 3286 3087 enim
3330 3036 3464 3088 iram
3511 3034 3698 3104 abjicio
3745 3032 3998 3101 (Audiam

2428 3130 2681 3180 mansueti
2719 3137 2764 3179 et
2793 3128 3037 3179 lwtentur
3066 3125 3240 3196 l_Psal.
3281 3141 3473 3189 χχχιιι,
3501 3124 3557 3197 5]
3589 3126 3639 3195 ),
3687 3138 4002 3193 manumque

2430 3221 2584 3282 hanc,
2611 3232 2724 3286 qua:
2752 3215 2879 3268 mihi
2927 3216 3029 3265 vim
3059 3216 3260 3277 attulit,
3298 3218 3506 3284 placido
3538 3218 3683 3269 rultn
3711 3216 3999 3283 conspicio,

2431 3326 2492 3361 ac
2526 3306 2737 3375 spiritui
2768 3303 3010 3367 arrideo,
3043 3303 3269 3371 mihique
3293 3317 3604 3357 commotum
3636 3318 3817 3373 pectus
3845 3307 4003 3359 seda-

2433 3410 2539 3465 tur,
2567 3398 2800 3464 reditque
2838 3395 3008 3458 ratio;
3052 3404 3205 3463 atque
3259 3393 3515 3457 amicitia,
3552 3394 3721 3445 instar
3770 3396 4003 3462 flamma:

2431 3490 2699 3558 consepita
2741 3498 2787 3541 et
2822 3487 3102 3549 exstincta,
3142 3500 3327 3537 rursus
3362 3498 3425 3536 ea:
3451 3498 3609 3552 parco
3644 3484 3876 3552 igniculo
3921 3502 4007 3538 re—

2430 3584 2646 3645 viviscit,
2673 3592 2721 3636 et
2751 3582 3029 3635 excitatur.
3073 3577 3329 3631 Renuerat
3363 3575 3625 3630 consolari
3650 3579 3832 3630 anima
3864 3594 4007 3643 mea,

2431 3684 2481 3728 et
2502 3675 2762 3727 anxietate
2809 3671 3130 3741 afﬁciebatur
3179 3670 3232 3723 in
3270 3685 3349 3723 me
3393 3669 3605 3738 spiritus
3632 3686 3797 3723 meus.
3835 3668 3961 3721 Dixi
3986 3683 4006 3721 :

2438 3765 2724 3833 Nunquam
2753 3766 2806 3815 in
2847 3772 3111 3830 posterum
3150 3762 3399 3815 amicitia:
3420 3761 3575 3828 ﬁdem
3610 3760 3832 3815 habebo.
3865 3762 4010 3815 Ante

2437 3856 2830 3911 ordinationem
2857 3852 3094 3905 amicitia
3138 3850 3390 3904 Basilium
3424 3855 3564 3905 inter
3597 3862 3651 3905 et
3680 3852 4007 3923 Gregorium

2439 3950 2656 4004 turbata
2694 3961 2800 4001 non
2832 3943 3045 4008 fuerat;
3078 3943 3185 3996 iras
3209 3935 3351 3995 inter
3386 3956 3477 3994 eos
3516 3941 3628 3994 sola
3664 3944 3832 3995 movit
3860 3945 4011 3997 ordi-

2438 4044 2608 4105 natio,
2645 4038 2865 4109 etquod
2896 4035 3191 4106 Gregorius
3214 4032 3414 4088 fatetur
3437 4046 3495 4087 se
3516 4032 3740 4098 dixisse,
3776 4033 3911 4087 nulli
3951 4049 4012 4089 se

2441 4134 2697 4201 deinceps
2726 4132 2900 4184 amico
2942 4129 3099 4183 ﬁdem
3130 4128 3465 4187 habiturum,
3503 4123 3552 4177 id
3581 4125 3854 4194 conceptis
3882 4139 4009 4180 ver-

2440 4223 2525 4276 bis
2556 4222 2684 4276 dicit
2734 4222 2786 4275 in
2839 4220 3080 4275 clausula
3109 4218 3353 4288 epistolae
3390 4216 3482 4280 5|,
3516 4230 3677 4284 quam
3711 4227 3833 4286 post
3864 4216 4014 4285 abje-

2443 4324 2585 4367 ctum
2619 4311 2983 4381 gubernanda:
3024 4310 3358 4364 Sasimorum
3416 4307 3667 4365 Ecclesizc
3719 4311 4009 4364 consilium

2438 4405 2673 4475 scripsit.
2702 4404 2839 4471 Quin
2866 4407 3027 4457 etiam
3051 4416 3172 4455 eum
3197 4401 3510 4472 obsequium
3552 4418 3705 4456 suum
3740 4402 3791 4454 in
3818 4403 4018 4456 oratio-

2442 4501 2600 4554 nibus
2630 4499 2661 4551 7
2702 4509 2755 4551 et
2784 4497 2840 4560 6,
2878 4510 2982 4549 non
3032 4494 3149 4547 sine
3178 4496 3413 4564 querelis
3441 4504 3494 4549 et
3522 4494 3724 4547 aculeis
3762 4494 3814 4545 in
3859 4492 4014 4549 Basi—

764 4586 824 4626 u-t
859 4575 1153 4628 verisimile
1198 4585 1303 4641 est,
1343 4576 1689 4629 commiserat
1714 4574 1805 4645 ω),
1842 4576 2115 4631 llelladius
2149 4575 2331 4630 Basilii
2370 4615 2394 4669 Ι

2444 4594 2571 4647 lium
2612 4600 2866 4654 testetur,
2906 4589 2957 4642 in
2992 4589 3095 4643 hac
3123 4590 3312 4659 quinta
3346 4590 3593 4643 oratione
3621 4585 3757 4641 adeo
3789 4587 3927 4644 lenis
3960 4599 4013 4644 et

767 4682 1052 4725 successor
1099 4669 1333 4733 indignis
1382 4669 1551 4721 modis
1597 4668 1891 4736 abrogavit.
1942 4668 2337 4726 Celeberrimus

765 4761 867 4813 fuit
909 4761 995 4814 hic
1048 4760 1197 4815 locus
1230 4775 1293 4813 ac
1346 4758 1667 4813 Basiliadem
1726 4760 1907 4813 vocari
1964 4760 2178 4816 solitum
2217 4777 2337 4816 esse

770 4852 1028 4905 discimus
1072 4867 1139 4905 ex
1184 4848 1417 4920 quodam
1455 4850 1660 4902 scholio
1695 4849 1747 4902 in
1798 4850 2030 4918 antiquis
2064 4852 2336 4907 codicibus

766 4954 887 5011 post
926 4944 1164 5012 regulam
1215 4943 1367 4997 brev.
1398 4942 1523 5009 286,
1562 4953 1795 5012 reperto.
1839 4943 2042 4996 Laudat
2078 4942 2335 4998 Sozome-

770 5052 869 5087 nus
903 5033 976 5103 (Iv)
1019 5036 1277 5087 eximium
1309 5036 1596 5102 quemdam
1644 5033 2112 5102 chorepiscopum,
2149 5034 2341 5104 Prapi-

772 5125 917 5178 dimn
952 5128 1189 5191 nomine,
1217 5142 1378 5195 quem
1411 5126 1662 5181 Basiliadi
1706 5125 1981 5193 prmiuisse
2020 5135 2266 5180 teatatur.

840 5237 905 5293 ll.
942 5237 1056 5292 Non
1082 5240 1171 5294 diu
1210 5238 1443 5309 perstitit
1466 5240 1519 5293 in
1547 5240 1665 5308 fuga
1695 5237 2003 5308 Gregorius,
2034 5240 2119 5308 qui
2160 5254 2217 5293 se
2240 5238 2341 5293 hac

778 5349 875 5386 Jua
910 5331 962 5385 in
1004 5347 1059 5386 re
1088 5334 1263 5387 minus
1298 5332 1490 5387 fortem
1531 5347 1594 5384 ac
1630 5345 1948 5399 generosum
1978 5331 2174 5389 fatetur
2196 5347 2337 5398 esse,

792 5441 824 5477 ιι
854 5427 927 5478 ira
965 5426 1133 5495 patris
1183 5426 1523 5494 perferenda.
1554 5425 1865 5481 Orationem
1900 5426 2142 5495 quintam
2182 5440 2339 5481 exor-

844 5569 919 5638 (α)
955 5570 1049 5638 Ep.
1084 5570 1204 5623 150.

844 5640 921 5707 (ὁ),
954 5642 1005 5691 lu
1038 5641 1207 5694 Busil.

844 5710 916 5779 (ς)
939 5711 1033 5763 Ur.
1058 5710 1148 5764 ‘20.

848 5782 923 5847 (ιι)
960 5781 1091 5833 nitu.

850 5850 919 5921 (ϐ)
945 5850 1060 5904 Lib.
1098 5869 1167 5921 tv,
1201 5870 1248 5909 c.
1282 5854 1362 5909 l9.

848 5920 915 5977 (Γ)
946 5923 1077 5979 Ibid.

2447 4689 2689 4757 placatus
2719 4692 2822 4747 est,
2857 4692 2916 4735 ut
2944 4681 3087 4735 nulla
3124 4690 3251 4737 tunc
3276 4681 3391 4748 eius
3422 4680 3602 4734 animo
3636 4680 3883 4735 videatur
3927 4697 4013 4735 re-

2449 4779 2653 4833 sedisse
2702 4773 2958 4841 oll'ensio;
3002 4786 3055 4830 et
3087 4791 3209 4830 cum
3247 4774 3429 4829 Basilii
3461 4772 3742 4825 consilium
3798 4774 3851 4826 in
3889 4788 4015 4827 ora-

2448 4872 2591 4925 tione
2622 4878 2797 4931 sexta,
2831 4868 3049 4938 dignum
3086 4885 3193 4923 non
3226 4868 3392 4921 fuisse
3419 4866 3643 4920 dicateo
3673 4868 3887 4934 spiritu,
3922 4867 4011 4934 qui

2446 4976 2563 5020 erat
2597 4964 2649 5015 in
2686 4960 2917 5026 Basilio;
2948 4975 3088 5014 nunc
3120 4962 3259 5015 idem
3306 4958 3589 5012 consilium
3625 4960 3689 5011 ad
3719 4969 3865 5010 astra
3915 4960 4021 5015 tol-

2442 5061 2505 5113 lit
2533 5075 2547 5111 :
2575 5056 2831 5123 Spiritum
2879 5054 3146 5117 amicitiis,
3184 5051 3358 5121 inquit
3389 5052 3449 5122 (Ι)
3475 5091 3488 5114 ,
3513 5049 3820 5119 posthabere
3848 5052 4011 5105 mini-

2441 5168 2521 5205 me
2551 5147 2847 5203 sustinuisti
2885 5145 3325 5215 (quandoquidem
3364 5155 3417 5197 ut
3446 5161 3537 5196 nos
3572 5143 3739 5211 pluris
3762 5143 4008 5209 fortasse,

2447 5263 2602 5316 quam
2627 5246 2759 5297 alios
2794 5260 2970 5297 onmes
2993 5242 3140 5295 ducis
3173 5242 3285 5293 :ita
3313 5256 3516 5292 rursum
3560 5238 3813 5304 Spiritum
3865 5242 4013 5294 nobis

2448 5336 2597 5404 longe
2626 5334 2941 5402 anteponis).
2993 5330 3115 5384 Non
3162 5348 3346 5397 passus
3396 5347 3444 5383 es
3483 5330 3737 5383 talentum
3788 5330 3840 5383 in
3873 5342 4016 5386 terra

2448 5427 2711 5497 defossum
2736 5443 2888 5494 a-zqne
2912 5426 3151 5477 obrutum
3186 5423 3366 5481 latere.
3408 5422 3527 5477 Non
3559 5439 3743 5491 passus
3770 5439 3821 5479 es
3852 5425 4015 5480 lucer-

2515 5570 2589 5638 (9)
2628 5568 2727 5635 Ep.
2763 5566 2864 5620 ΜΞ
2892 5577 2943 5621 ct
2968 5569 2985 5621 l
3010 5567 3083 5620 l5.

2517 5642 2593 5707 (It)
2622 5640 2715 5703 Ep.
2746 5638 2865 5691 150.

2516 5712 2577 5776 (i)
2613 5708 2743 5759 tua.

2516 5779 2579 5845 υ)
2611 5780 2734 5832 Naz.
2767 5792 2849 5845 ep.
2881 5779 3003 5833 ate.

2518 5852 2589 5915 (ις)
2616 5847 2729 5901 Lib.
2763 5866 2835 5913 Vl,
2866 5866 2912 5904 c.
2951 5851 3035 5903 3i.

2520 5920 2578 5988 (Ι)
2615 5918 2705 5974 Ot'.
2738 5920 2790 5973 5.
