4214 6486
1491 450 1641 506 “TA
1686 452 1742 502 ὃ.
1789 447 2052 504 ΒΧδΙὶέῖΙ.

3287 467 3384 510 XC?

182 586 280 625 nam
308 568 471 621 modio
504 566 714 622 diutius
749 570 936 623 obduci
967 587 981 632 ;
1013 570 1104 624 koc
1149 575 1283 626 enim
1337 573 1509 625 luincn
1547 589 1716 626 meum
1743 588 1791 640 Α
1822 572 2122 623 orationem
2189 566 2562 624 Tillcmontius
2612 567 2680 639 (ε)
2729 566 2890 621 refert
2932 571 2993 622 ad
3040 585 3237 625 annum
3282 572 3384 626 375

179 675 415 727 nti-oraque
443 663 851 730 negotiatione»:
877 680 984 716 esse
1009 665 1296 718 existimas.

236 751 347 802 Illud
373 759 544 804 autem
585 769 696 804 non
737 753 892 804 valde
926 753 1229 809 abstrusum
1260 763 1364 817 est,
1395 758 1534 824 quod
1565 757 1638 811 ait
1661 769 1719 810 se

179 859 231 893 ne
265 838 339 893 bis
365 845 576 911 quidem
602 845 997 899 amantissimis
1033 848 1288 901 fratribus
1325 858 1478 902 antea
1512 865 1718 904 sermo-

178 946 277 982 nem
308 931 572 1002 impertire
596 933 858 988 voluisse.
891 934 1019 989 Nam
1067 954 1188 991 cum
1244 937 1465 1006 fugisset
1513 942 1562 994 in
1594 939 1718 994 soli-

178 1021 407 1087 tudinem,
469 1033 631 1090 atque
689 1024 762 1078 ibi
811 1026 1003 1081 festum
1061 1027 1314 1094 pasehale
1367 1033 1712 1094 traduxisset,

176 1117 322 1169 caruit
349 1115 558 1168 interim
596 1119 944 1184 Optatissima
984 1119 1128 1171 illius
1155 1134 1285 1173 voco
1341 1123 1577 1177 Ecclesia
1611 1121 1716 1176 Na-

178 1207 424 1267 zianzena,
479 1216 533 1258 ul
596 1210 884 1263 evidenter
929 1209 1149 1278 probant
1197 1226 1314 1281 qum
1364 1223 1712 1280 sequuntur:

176 1295 338 1361 lftpote
367 1297 452 1364 qui
501 1302 683 1352 omnia
737 1300 1082 1364 reliquissem,
1118 1315 1170 1353 ut
1221 1305 1284 1356 ab
1331 1306 1470 1356 omni
1510 1307 1712 1373 negotio

175 1391 367 1452 feriatus
403 1392 696 1458 tranquille
728 1392 1146 1458 philosopharer,
1176 1411 1475 1464 mecumque
1521 1396 1626 1463 ipse
1667 1407 1712 1448 et

174 1495 272 1532 cum
301 1480 484 1546 spiritu
518 1484 842 1550 colloquium
867 1484 1125 1538 haberem.
1166 1485 1277 1540 Non
1317 1489 1471 1540 video
1521 1502 1618 1538 cur
1662 1486 1711 1541 id

174 1570 520 1628 'fillemontius
582 1575 850 1628 (Σίνδοι-ωε
913 1576 1110 1630 dictum
1184 1580 1364 1647 potius
1419 1578 1708 1645 existimet,

171 1675 305 1727 quam
331 1663 602 1717 Nazianzi.
638 1665 760 1718 Dixi
787 1666 1101 1736 Gregorium
1143 1669 1393 1734 paschale
1430 1668 1623 1724 festum
1659 1672 1710 1724 in

171 1750 426 1806 solitudine
457 1754 661 1821 egisse,
695 1756 820 1825 quia
843 1756 996 1824 hujus
1022 1764 1221 1826 quinta:
1245 1759 1523 1826 orationis,
1552 1776 1709 1829 quam

169 1847 328 1897 statim
363 1854 482 1910 post
514 1847 758 1900 reditum
789 1851 1188 1914 pronuntiatam
1220 1849 1383 1905 fuisse
1418 1864 1583 1920 patet,
1616 1870 1711 1908 au-

1823 679 1885 716 ac
1919 662 2296 716 Ita-reticentur
2345 661 2575 729 aliquem
2629 677 2780 718 antea
2823 661 3113 718 Doarorum
3165 665 3385 734 episco—

1823 771 1946 823 pum
1981 755 2142 807 fuisse
2177 762 2360 822 putat;
2404 769 2509 820 quo
2532 756 2754 823 expulso
2777 753 3040 808 Eulaliutn
3069 770 3098 808 a
3122 757 3384 827 Gregorio

1819 847 2123 901 ordinatum
2159 846 2342 912 fuisse,
2371 861 2475 899 non
2501 859 2807 914 exspectato
2842 847 2910 901 oh
2951 861 3114 900 morte
3168 853 3379 916 pericu-

1820 937 1926 990 lum
1980 937 2164 991 Basilii
2200 951 2489 990 consensu.
2540 934 2644 989 Sed
2692 937 2850 992 facile
2889 945 2972 990 est
3001 937 3230 1002 probare
3259 947 3381 991 tunc

1818 1033 2046 1099 primum
2107 1029 2296 1083 Doaris
2351 1028 2695 1081 constitutum
2749 1031 3056 1098 episcopum
3085 1027 3269 1093 fuisse,
3303 1029 3382 1081 id-

1816 1134 1920 1189 que
1956 1122 2195 1174 fervente
2234 1120 2486 1174 Basiliam
2523 1119 2662 1172 inter
2700 1128 2752 1172 et
2792 1123 3106 1174 Autbimutu
3138 1120 3378 1175 dissidio.

1892 1213 2058 1282 Digna
2092 1219 2218 1266 sunt
2249 1227 2367 1282 qua:
2398 1212 2778 1265 uotenturhmc
2805 1211 3220 1283 verbaGregorii
3257 1210 3334 1281 (rt)
3364 1228 3379 1264 :

1820 1304 2054 1368 Δέξασθε
2115 1303 2271 1372 λόγον
2330 1304 2635 1357 νεόκτιστον
2695 1301 2785 1352 ἐπὶ
2835 1303 3122 1372 νεοκτίστῳ
3189 1300 3380 1371 ποιμέ-

1817 1409 1888 1443 νι,
1929 1391 2131 1445 Novam
2167 1403 2375 1462 propter
2402 1407 2588 1446 novum
2611 1398 2871 1456 pastorem
2914 1391 3198 1444 oralionem
3240 1392 3382 1445 acci-

1815 1484 1940 1551 pite.
1971 1484 2138 1537 Vocat
2161 1486 2462 1538 orationem
2489 1483 2799 1537 νεόκτιστον
2840 1482 2908 1535 ob
2963 1483 3202 1534 materiae
3226 1498 3380 1552 pror-

1815 1590 1907 1628 sus
1947 1574 2177 1627 insolitze
2219 1574 2534 1638 novitatem,
2581 1576 2886 1628 νεόκτιστον
2929 1581 3222 1640 pastorem,
3253 1572 3378 1640 quia

1818 1669 1960 1721 hunc
1995 1667 2226 1737 primum
2290 1667 2463 1719 Doara
2496 1667 2809 1735 episcOpum
2864 1674 3203 1734 acceperant.
3242 1663 3380 1718 Infe-

1817 1761 1926 1813 rius
1949 1759 2088 1814 hanc
2114 1758 2608 1827 interpretationem
2622 1759 2923 1821 coalirmat,
2949 1773 3067 1810 eum
3087 1757 3189 1808 ait:
3208 1757 3381 1826 [lpos-

1816 1851 1986 1923 Οήκην
2032 1853 2220 1924 ἱερέων
2265 1849 2870 1925 ὲπραγματευσάμεοπ,
2920 1849 3017 1919 οὐχ
3058 1847 3376 1919 ὑφαίρεσινο

169 1941 286 1992 ditor
311 1939 404 1992 fuit
441 1939 703 2006 Basilius,
733 1958 889 2010 quem
948 1943 1300 2010 improbabile
1344 1954 1427 1998 est
1466 1946 1706 2000 Caesarea
1741 1941 1782 1994 B
1814 1959 1833 1994 ο

1741 1941 1782 1994 Β
1814 1944 2102 2011 αἱρετικῶν
2155 1946 2505 2016 ἀνατροπὴν,
2559 1942 2658 1995 οὐκ
2721 1941 3010 2011 ὀροοδόξων
3066 1941 3377 1994 ἐλάττωσιν.

169 2027 332 2081 diebus
377 2029 603 2085 Pascbre
674 2032 932 2088 abfuisse.
963 2035 1032 2088 At
1072 2050 1191 2089 cum
1247 2039 1464 2107 scripsit
1514 2037 1714 2107 episto-_-

169 2118 254 2170 lant
289 2120 352 2172 95
376 2122 625 2190 (scripsit
675 2135 851 2179 autem
905 2129 992 2182 die
1035 2103 1561 2197 duodecitna‘Maii),
1595 2103 1714 2183 red:-

170 2208 613 2278 itaatexquodam
664 2213 878 2282 itinere,
942 2217 1080 2284 quod
1110 2217 1334 2282 proinde
1387 2232 1488 2268 non
1546 2217 1712 2269 multo

169 2312 269 2367 post
299 2301 498 2358 Pascha
537 2319 862 2362 susceoerat
893 2324 906 2360 :
941 2307 1134 2375 vixque
1163 2307 1379 2360 dubium
1429 2317 1537 2374 est,
1579 2309 1709 2378 quin

167 2404 276 2448 tunc
307 2395 634 2464 Nazianzum
671 2399 896 2451 venerit.

224 2487 297 2543 ΙΙΙ.
323 2490 432 2543 Non
468 2491 545 2559 (η)
577 2491 713 2544 solis
747 2491 981 2544 Sasimis
1008 2490 1372 2560 episcopatum
1406 2492 1580 2546 erexit
1611 2492 1713 2546 Ba-

165 2582 315 2643 silius,
341 2584 432 2636 sed
464 2583 720 2651 pluribus
767 2584 885 2637 aliis
918 2584 1048 2638 locis
1081 2585 1220 2638 idem
1260 2585 1579 2640 beneﬁcium
1622 2600 1713 2639 ac-

166 2674 323 2726 cessit.
347 2673 538 2729 Narrat
569 2675 870 2745 Gregorius
896 2675 1262 2732 Nazianzenus
1301 2679 1400 2732 hoc
1426 2678 1708 2732 dissidium

166 2764 219 2816 ad
249 2763 491 2822 Ecclesia:
538 2767 836 2821 utilitatem
863 2783 1184 2824 COII'VCI'SUIII
1237 2786 1266 2822 a
1298 2769 1494 2824 Basilio
1523 2770 1710 2835 fuisse,

165 2857 314 2919 patria
348 2858 604 2911 nimirum
649 2857 886 2926 pluribus
931 2860 1185 2924 epismpis
1238 2859 1556 2910 communita
1597 2875 1615 2914 :
1651 2875 1714 2910 ex

165 2962 248 3009 quo
274 2957 367 2999 tres
408 2950 838 3014 pra’clarissimte
887 2965 964 2999 res
999 2957 1312 3004 consecutte.
1345 2947 1483 2999 Nam
1523 2959 1568 3001 et
1597 2949 1714 3001 ani-

168 3052 345 3090 marum
371 3054 500 3092 cura
540 3041 723 3107 major
759 3049 1000 3104 suscepta
1039 3049 1137 3100 est,
1183 3051 1230 3091 et
1258 3040 1499 3108 qua'libet
1529 3041 1711 3092 ciuitas

163 3142 410 3191 proventus
426 3149 552 3185 suos
575 3132 760 3184 habuit
789 3151 807 3188 :
828 3142 873 3185 et
903 3131 1090 3184 bellum
1120 3131 1218 3184 hac
1243 3132 1444 3184 ratione
1459 3147 1711 3200 campres-

160 3235 257 3270 sum
291 3233 332 3272 et
357 3224 676 3277 exstinctum
709 3235 804 3277 est.
836 3221 1011 3293 Hujus
1049 3223 1278 3286 consilii,
1314 3223 1508 3292 inquit,
1536 3238 1713 3276 uereor

167 3325 217 3361 ne
238 3313 359 3364 velut
387 3316 660 3383 appendix
692 3315 931 3383 quwdam
959 3315 1167 3380 fuerint.
1211 3313 1414 3379 Quibus
1435 3331 1500 3368 ex
1537 3314 1711 3368 verbis

165 3411 305 3466 patet,
341 3405 588 3471 pluribus
619 3406 672 3459 in
703 3406 836 3460 locis
861 3405 990 3457 olim
1017 3405 1277 3458 Cursarem
1321 3405 1578 3472 subjectis
1613 3407 1712 3459 lla-

168 3494 322 3548 silium
360 3513 532 3554 novos
562 3499 905 3566 episcopatus
936 3498 1304 3565 constituisse,
1338 3509 1392 3553 et
1439 3514 1561 3553 cum
1613 3499 1713 3554 hoc

166 3588 364 3643 consilio
413 3592 648 3645 materia
701 3591 1058 3648 dissensionis
1089 3602 1368 3662 amputata
1399 3601 1560 3655 esset,
1611 3592 1714 3644 An-

167 3681 364 3736 thimum
400 3683 673 3739 libentius
701 3685 767 3737 ad
822 3687 969 3755 pacis
1021 3686 1360 3740 conditiones
1396 3685 1708 3739 accessisse.

166 3774 293 3838 Quod
332 3790 508 3835 autem
547 3780 771 3850 proprio
797 3790 966 3835 marte
1000 3781 1126 3836 fecit
1161 3779 1390 3834 Basilius
1416 3778 1466 3832 in
1517 3779 1584 3832 iis
1636 3778 1714 3831 lo-

166 3871 244 3929 ris,
278 3887 388 3939 quae
417 3875 717 3926 Antbimus
745 3875 795 3927 in
822 3875 1080 3928 ditionem
1113 3887 1265 3926 suam
1301 3871 1579 3924 vindicare
1607 3884 1709 3923 non

165 3969 405 4026 potuerat,
434 3965 584 4017 idem
616 3965 831 4017 videtur
853 3967 904 4018 in
940 3965 1058 4018 aliis
1079 3963 1294 4034 oppidis
1327 3962 1708 4025 controversis,

165 4049 261 4114 ipso
285 4056 666 4109 consentiente
682 4055 961 4121 Anthimo,
995 4056 1193 4110 factum
1222 4055 1408 4134 fuisse,
1429 4065 1710 4124 postquam

166 4142 218 4187 ad
246 4143 382 4208 pacis
412 4144 757 4200 conditiones
780 4155 1093 4216 perventum
1131 4154 1233 4200 est.
1281 4145 1414 4199 Nam
1462 4143 1708 4207 Basilius,

167 4240 418 4302 Postquam
466 4253 795 4308 congressus
831 4248 912 4292 est
966 4253 1086 4291 cum
1141 4237 1408 4308 episcopis
1458 4235 1709 4290 secunda:

167 4321 520 4391 Cappadocia.
563 4331 774 4399 rogavit
806 4341 1053 4384 sanctum
1090 4331 1380 4385 Eusebium
1409 4338 1468 4382 ut
1498 4328 1549 4380 in
1576 4327 1714 4394 Cap-

166 4416 411 4477 padociam
449 4419 685 4480 veniret,
736 4419 944 4488 sibique
997 4435 1151 4486 opem
1200 4421 1366 4472 ferret
1401 4418 1474 4488 (b)
1497 4417 1565 4468 ad
1589 4433 1711 4469 con~

165 4508 464 4561 stitutionrm
497 4513 880 4578 episcoiiorum.
933 4511 1261 4579 Supererant
1305 4526 1435 4577 ergo
1476 4508 1563 4562 alii
1599 4508 1710 4577 epi-

1818 2036 2129 2090 Sarerdotes
2163 2057 2351 2106 augere
2379 2039 2700 2100 studuimus,
2758 2054 2856 2089 non
2905 2036 3238 2099 subtrahere;
3273 2039 3381 2087 Ita!-

1815 2127 2002 2179 reticos
2025 2138 2265 2185 evertere.
2285 2145 2386 2180 non
2412 2129 2725 2182 orthodoxus
2752 2128 3080 2179 imminuere.
3104 2123 3217 2178 Non
3237 2123 3379 2176 aliud

1815 2225 2030 2286 tempus
2086 2219 2326 2272 occurrit
2381 2218 2432 2271 in
2491 2218 2722 2272 Historia
2790 2219 2959 2272 sancti
3014 2216 3223 2281 Basilii,
3273 2229 3383 2285 quo

1814 2311 2162 2379 multiplicati
2199 2313 2514 2366 sacerdotes
2544 2309 2743 2364 fuerint
2776 2309 2828 2362 in
2860 2308 3217 2377 Cappadocia,
3240 2322 3379 2376 prte-

1815 2410 1896 2454 ter
1925 2403 2051 2456 illud
2077 2419 2199 2458 cum
2232 2405 2489 2457 Anthimo
2515 2401 2822 2456 dissidium.

1886 2493 2264 2549 Vehemenlem
2299 2497 2438 2549 hanc
2462 2496 2784 2550 discordiam
2816 2490 3104 2547 manifeste
3134 2490 3380 2544 indicant

1813 2602 1932 2654 qua:
1959 2601 1987 2640 a
2019 2586 2279 2656 Gregorio
2309 2588 2360 2640 in
2402 2590 2777 2655 presbyterum
2806 2585 3114 2653 quemdam,
3145 2582 3378 2637 calidum

1813 2680 2053 2733 Authimi
2107 2679 2338 2747 partium
2389 2677 2762 2737 defensorem,
2796 2677 3064 2728 dicuntur.
3115 2673 3205 2727 Sic
3235 2673 3377 2725 enim

1814 2788 1936 2825 eum
1973 2770 2261 2840 compellat
2298 2789 2309 2824 :
2348 2769 2411 2821 Ti
2454 2769 2580 2838 φῆς,
2627 2761 2671 2819 ὦ
2713 2768 2812 2818 παῖ
2857 2766 3032 2818 Δαοὰν
3072 2767 3165 2817 καὶ
3204 2763 3380 2815 Ἀϐει-

1819 2864 1947 2935 ρὼν,
1980 2865 2073 2916 καὶ
2099 2862 2370 2934 στρατηγὲ
2406 2859 2816 2930 ἀσωφρόνιστε;
2859 2859 2887 2910 ὁ
2933 2855 3076 2910 κατὰ
3106 2854 3384 2918 Μωῦσέως

1811 2956 2107 3025 τολμήσας,
2145 2955 2237 3007 καὶ
2263 2955 2449 3024 χεῖρας
2477 2952 2707 3020 ἐπαφεὶς
2747 2952 2897 3021 ἡμῖν,
2949 2948 3138 3018 ὥσπερ
3188 2947 3382 2998 ἐκεῖνοι

1812 3047 1910 3108 τὰς
1939 3044 2188 3113 γλώσσας
2227 3046 2444 3114 μεγάλῳ
2473 3044 2797 3114 Θεράποντι;
2831 3043 2930 3094 οὑκ
2976 3038 3229 3110 ἔφριξας;
3279 3037 3382 3090 οὐκ

1814 3137 2154 3207 ἑ.νετράπης;
2217 3138 2315 3190 οὑκ
2363 3136 2627 3207 ἔρρευσάν
2677 3152 2756 3206 σοι
2799 3133 2969 3186 ταῦτα
3023 3131 3384 3200 διανοουμένῳ

1818 3230 1960 3282 κατὰ
1985 3232 2086 3301 γῆς
2107 3231 2163 3281 αἱ
2191 3228 2421 3300 σάρκες
2467 3223 2585 3282 εἶτα
2615 3227 2714 3290 τὰς
2744 3229 2928 3298 χεῖρας
2953 3224 3153 3286 ταύτας
3173 3220 3384 3276 ἀνατεί-

1814 3339 1926 3383 νεις
1954 3321 2030 3392 τῷ
2056 3320 2202 3391 Θεῷ;
2235 3317 2351 3373 εἶτα
2399 3320 2543 3392 δῶρα
2593 3317 2915 3390 προσάξειςς
2951 3313 3067 3367 εἶτα
3111 3311 3384 3384 ὑπερεόξῃ

1813 3414 1980 3478 λαοῦ;
2019 3411 2287 3483 φοϐοῦμαι
2321 3413 2393 3483 μή
2445 3429 2574 3464 ποτε
2620 3409 2875 3463 τοσοῦτον
2919 3408 2952 3476 ἡ
3003 3405 3246 3476 ῥομφαία
3285 3404 3382 3456 τοῦ

1813 3485 1949 3559 θεοῦ
1979 3505 2218 3574 κατιωθῆ
2262 3505 2353 3557 καὶ
2393 3504 2743 3573 ἠρεμήσειεν.
2778 3497 2915 3553 Οὔτε
2953 3497 3032 3568 τῷ
3067 3497 3282 3566 ποιμένι
3305 3491 3386 3565 τῷ

1816 3597 1893 3668 σῷ
1939 3599 2079 3668 μέγα
2099 3615 2150 3649 τι
2188 3595 2447 3665 ἐχαρίσω,
2494 3593 2587 3646 καὶ
2637 3591 2832 3644 σαυτὸν
2859 3589 2927 3642 τὰ
2975 3589 3204 3659 μέγιστα
3253 3584 3384 3657 ἔζη-ι

1821 3689 2054 3756 μὶωσας,
2081 3681 2445 3755 ἁλλοτριώσας
2496 3680 2721 3743 σεαυτὸν
2773 3679 2874 3747 τῆς
2918 3676 3010 3730 τοῦ
3051 3674 3184 3729 Θεοῦ
3225 3675 3385 3746 χάρι-

1816 3795 1927 3840 τος.
1964 3776 2104 3841 Quid
2147 3776 2250 3838 ais,
2292 3774 2373 3840 ﬁli
2426 3773 2650 3825 Dat/iant
2677 3779 2723 3822 et
2759 3768 2974 3829 Abiron,
3015 3777 3060 3819 et
3097 3767 3204 3817 dua:
3243 3763 3386 3814 milio

1818 3871 1948 3921 taris
1983 3877 2292 3933 contumax,
2327 3865 2416 3934 qui
2445 3866 2698 3916 adversus
2733 3859 2935 3913 Morem
2979 3857 3245 3924 insurgere
3288 3869 3387 3904 au-

1816 3981 1906 4018 sus
1933 3979 1985 4017 es
2007 3963 2032 4016 ἔ)
2053 3963 2142 4032 qui
2162 3977 2348 4014 manus
2373 3961 2425 4013 in
2453 3975 2568 4021 nos,
2599 3955 3040 4028 quemadmodum
3069 3953 3144 4004 illi
3175 3952 3388 4021 linguas

1816 4060 1868 4110 in
1918 4072 2164 4124 magnum
2209 4056 2356 4106 illum
2408 4053 2498 4105 Dei
2530 4068 2759 4113 servum,
2785 4047 3095 4101 immisisti?
3134 4046 3256 4099 Non
3293 4063 3394 4098 co--

1818 4148 2109 4200 liorruisti?
2141 4163 2241 4198 non
2269 4147 2465 4213 pudore
2496 4144 2728 4211 stt/fusus
2765 4141 2859 4194 es?
2915 4156 3017 4192 non
3057 4146 3166 4192 lucc
3207 4138 3386 4192 aniata

1814 4237 2042 4306 agitanti
2066 4251 2245 4288 carnes
2268 4235 2320 4288 in
2363 4245 2560 4287 terram
2598 4233 2843 4299 collapsa:
2884 4233 3046 4285 sunt?
3081 4230 3146 4281 lit
3195 4239 3378 4296 postea

1820 4344 2009 4381 manus
2036 4327 2132 4379 has
2161 4342 2367 4378 sursum
2415 4325 2482 4375 ad
2533 4322 2700 4376 Deum
2754 4322 2973 4375 tendes?
3027 4329 3203 4389 postea
3237 4319 3382 4369 dona

1823 4423 2048 4490 offeres?
2077 4431 2251 4490 postea
2283 4419 2541 4472 orationes
2567 4433 2658 4482 pro
2686 4416 2877 4484 populo
2918 4415 3104 4481 fundes
3130 4415 3152 4467 Γ
3199 4407 3388 4463 Vereor

1815 4517 2049 4584 equidem
2075 4531 2142 4567 ηε·
2166 4513 2259 4567 Dei
2298 4512 2503 4582 gladius
2526 4511 2710 4562 tantliu
2749 4508 3038 4574 rubigine-in
3082 4505 3382 4564 contrahat,

165 4602 287 4669 scopi
319 4604 605 4656 ordinandi
655 4614 847 4671 prmlet‘
895 4617 989 4657 eos
1034 4619 1167 4672 quos
1221 4603 1447 4657 Basilius
1493 4601 1543 4656 in
1596 4602 1709 4670 ipso
1742 4614 1785 4670 υ
1818 4621 1864 4661 et
1894 4608 2244 4676 conquiescat.
2280 4605 2392 4658 Nec
2426 4622 2455 4655 τι
2496 4615 2710 4670 pastore
2742 4611 2830 4651 tuo
2867 4598 3128 4666 ingentem
3151 4597 3384 4664 aliquam

165 4691 499 4748 dissensionis
522 4703 653 4748 :cstu
691 4696 1052 4756 ordinaverat,
1097 4709 1160 4747 ae
1192 4694 1417 4764 proinde
1463 4693 1574 4746 haec
1613 4709 1708 4763 pa-

167 4782 229 4833 ris
254 4789 490 4841 conditio
517 4789 658 4841 inter
705 4789 835 4841 alias
864 4788 1133 4856 preposita
1172 4787 1290 4850 fuit,
1322 4795 1382 4838 ut
1419 4786 1538 4841 novi
1590 4787 1705 4855 epi-

168 4890 395 4942 scopatus
427 4883 481 4935 in
509 4882 872 4935 controversis
897 4882 1029 4935 locis
1063 4881 1421 4950 erigerentur.

225 4969 524 5027 'fricesimte
583 4974 756 5027 sancti
809 4973 1051 5040 Gregorii
1109 4971 1430 5026 Nazianzeui
1477 4971 1705 5026 orationi

164 5057 315 5114 locum
342 5065 491 5118 dedit
541 5076 757 5119 erectus
811 5065 1070 5133 ejusmodi
1125 5067 1465 5135 episcopatus
1499 5065 1548 5118 iu
1584 5079 1712 5132 quo-

167 5151 268 5207 dam
303 5158 525 5224 oppido,
548 5159 616 5212 de
650 5173 897 5226 quocum
944 5175 1132 5228 magna
1167 5160 1464 5214 exstitisset
1489 5159 1707 5212 dimica-

168 5243 256 5309 tio,
315 5249 547 5318 repulsis
591 5251 830 5304 Anthimi
875 5251 1086 5316 amicis,
1126 5251 1415 5320 Gregorius
1463 5251 1531 5304 ibi
1579 5265 1700 5303 cum

169 5337 272 5392 aliis
306 5342 597 5410 episcopis,
631 5344 854 5396 absente
908 5344 1147 5411 quidem,
1183 5346 1274 5397 sed
1315 5343 1499 5411 procul
1544 5343 1707 5396 dubio

170 5436 478 5487 assentiente
521 5421 743 5498 Basilio,
770 5434 1078 5504 episcopum
1117 5436 1406 5488 ordinavit.
1443 5433 1703 5502 Oppidum

169 5518 276 5574 illud
309 5523 476 5576 Doara
530 5536 756 5580 vocatur
814 5528 953 5594 apml
1012 5527 1182 5579 Ellam
1228 5535 1702 5578 commentator-em

165 5615 308 5666 sancti
364 5617 640 5686 Gregorii,
705 5617 985 5689 episcopus
1042 5634 1168 5672 vero
1231 5615 1489 5672 Eulalius.
1555 5615 1705 5669 Hanc

220 5790 285 5859 (α)
310 5793 395 5853 0r.
421 5797 515 5850 ‘20.

220 5864 284 5928 (bl
310 5866 395 5932 Ep.
428 5871 552 5924 100.

1816 4702 2044 4768 gratiam
2085 4698 2269 4760 miisti,
2297 4706 2344 4748 et
2385 4698 2603 4762 teipsum
2637 4695 2867 4746 maximo
2902 4691 3208 4742 detrimento
3243 4686 3385 4739 mul-

1817 4794 1943 4846 tasti
1965 4833 1978 4856 ,
2021 4792 2240 4860 teipsum
2284 4790 2516 4842 videlicet
2543 4805 2574 4840 a
2602 4787 2701 4839 Dei
2724 4785 2900 4853 gratia
2928 4792 3182 4836 avertens.
3223 4778 3386 4833 Hune

1820 4887 2192 4955 presbyterum
2221 4896 2323 4936 non
2367 4881 2637 4936 immerito
2664 4878 2853 4931 ducem
2886 4874 3171 4928 militarem
3201 4871 3385 4940 appel-

1820 4981 1896 5031 lat
1919 4977 2239 5045 Gregorius,
2270 4975 2394 5044 quia
2443 4989 2541 5043 pro
2579 4972 2837 5026 Authimo
2868 4969 3212 5024 vehementer
3245 4980 3380 5019 con-

1821 5079 1901 5119 tra
1940 5067 2192 5119 Basiliam
2224 5072 2555 5134 pugnaverat
2586 5077 2648 5114 ac
2682 5075 2870 5113 manus
2900 5061 2950 5112 in
2985 5059 3158 5125 ipsum
3189 5053 3388 5123 iniece-

1823 5169 1905 5211 rat
1937 5159 2279 5227 Gregorium.
2323 5155 2519 5208 Pastor
2551 5154 2663 5218 ille,
2698 5170 2725 5204 a
2757 5169 2862 5222 quo
2920 5150 3208 5221 presbyter
3253 5162 3378 5215 gra-

1819 5253 1947 5303 tiam
2000 5253 2137 5304 inire
2173 5251 2435 5310 voluerat,
2468 5248 2606 5301 alius
2642 5261 2762 5300 esse
2808 5261 2912 5300 non
2949 5245 3178 5305 videtur,
3217 5254 3378 5307 quam

1813 5343 2103 5396 Antiiiums
2128 5359 2141 5408 ;
2187 5343 2347 5411 idque
2375 5353 2686 5411 argumento
2715 5350 2815 5404 εει,
2845 5344 3196 5407 pttgnalorcm
3230 5331 3377 5385 illum

1818 5436 2112 5487 Dom-orum
2145 5435 2455 5503 episcopum
2510 5449 2611 5487 non
2645 5433 2830 5495 fuisse,
2885 5430 2979 5485 sed
3029 5427 3207 5497 potius
3238 5420 3380 5493 Tya-

1818 5542 2038 5579 nensem
2067 5526 2300 5596 aliquem
2338 5526 2738 5597 presbyterum,
2768 5522 2920 5593 cujus
2950 5531 3220 5592 pastorem
3258 5531 3380 5573 esse

1817 5619 1854 5670 Λ
1869 5617 2130 5671 utltimum
2157 5615 2443 5681 Gregorius
2477 5616 2826 5688 agnoscebat.

1888 5796 1954 5860 (τ)
1985 5796 2134 5849 Tom.
2173 5795 2260 5858 ΙΧ,
2284 5814 2337 5865 p.
2367 5795 2488 5849 δίη.

1891 5871 1965 5933 (Il)
1994 5865 2123 5920 Νη.
2163 5885 2242 5921 or.
2274 5869 2358 5922 ΞΟ.
