4214 6476
789 434 905 472 XCVI

2126 426 2659 486 ΡηυιΕςωιεΝΑ.

867 532 1142 587 Convertit
1190 534 1384 590 deinde
1413 536 1710 590 orationem
1753 537 2044 607 Gregorius
2075 541 2139 593 ad
2181 542 2351 610 ipsum
2384 551 2424 605 Α
2525 543 2682 596 Circa
2719 556 2819 597 noc
2857 552 3066 608 tempus
3103 539 3391 593 maximum
3440 535 3644 603 luctum
3683 530 3861 589 attulit
3904 532 4021 584 uni.

785 623 1047 678 Eulaliuui
1084 639 1241 693 quem
1292 635 1569 696 pastorum
1617 627 1876 695 optimum
1920 642 1973 684 et
2010 634 2349 699 praestantis-

786 718 985 773 simum
1022 726 1203 782 vocat,
1234 734 1297 773 ac
1338 718 1445 771 vita
1492 728 1545 773 et
1596 720 1834 776 moribus
1883 724 2095 794 dignum
2146 725 2355 792 episco-

787 817 911 877 patu
947 821 1067 861 esse
1114 819 1362 863 testatur.
1415 808 1675 865 llortatur
1726 811 1949 883 (p.496)
1986 824 2041 868 ut
2094 815 2144 867 in
2194 817 2354 873 rebus

786 897 1159 968 spiritualibus
1197 910 1397 953 tantam
1429 900 1530 956 sibi
1579 905 2018 973 approbationem
2066 908 2352 978 conciliet,

786 999 1040 1059 quantam
1073 993 1124 1045 in
1156 992 1336 1045 mundi
1375 995 1599 1056 negotiis
1630 998 2031 1053 conciliaverat.

857 1080 1081 1139 Videtur
1130 1084 1479 1140 Doarensium
1530 1098 1683 1146 arnor
1724 1092 1774 1145 in
1812 1090 2065 1145 Basilium
2112 1093 2351 1151 Anthimi

788 1171 1041 1244 impetum
1074 1176 1349 1243 repulisse.
1384 1176 1518 1232 llinc
1552 1179 1866 1249 Gregorius,
1898 1185 2048 1251 quasi
2088 1198 2351 1243 metueret

788 1281 857 1320 ne
899 1265 1180 1320 molestum
1225 1266 1330 1322 illis
1373 1280 1518 1324 esset
1551 1271 1808 1328 Basilium
1844 1274 2098 1347 deinceps
2144 1280 2353 1346 episco-

787 1371 910 1424 pum
943 1370 1046 1409 non
1094 1357 1312 1419 habere.
1354 1360 1432 1414 sic
1462 1375 1554 1414 eos
1599 1360 1791 1415 aﬂatur
1821 1363 1897 1433 (p.
1926 1364 2049 1437 ωδ)
2080 1386 2094 1423 :
2122 1367 2242 1421 Non
2270 1385 2355 1422 ve-

789 1446 959 1499 nimus
1005 1454 1060 1498 ut
1110 1446 1346 1514 gladium
1407 1449 1699 1515 mittamus,
1755 1455 1845 1508 sed
1895 1468 1949 1510 ut
1995 1473 2198 1527 pacem.
2229 1456 2353 1512 Non

786 1538 1018 1592 venimus
1066 1538 1120 1592 iu
1179 1543 1354 1610 magni
1416 1541 1561 1594 illius
1609 1547 1838 1611 pastoris
1896 1556 2241 1616 contemptum
2305 1562 2351 1604 et

786 1633 1146 1699 ignominiam,
1186 1635 1274 1701 qui
1307 1631 1595 1701 splendida:
1625 1638 1824 1692 civitati
1867 1639 2133 1706 prwsidet.
2172 1639 2354 1695 Hono-

787 1721 1000 1775 rabilem
1033 1724 1246 1789 scimus,
1294 1739 1447 1793 caput
1496 1730 1863 1795 agnoscimus,
1914 1740 2152 1784 sanctum
2196 1747 2355 1785 voca-

786 1828 923 1875 mus,
965 1816 1170 1869 lametsi
1223 1818 1421 1887 injuria
1474 1819 1665 1887 affecti.
1715 1818 1873 1875 Patet
1931 1836 1999 1876 ex
2060 1825 2348 1892 postremis

2461 633 2632 687 versis
2684 630 3090 702 Gappadocibus
3133 630 3261 685 Elia:
3314 627 3555 698 prmsidis
3610 622 4018 692 discessio,-cui

2456 727 2712 793 abrogata
2768 718 2998 794 dignitas
3047 730 3102 774 et
3152 721 3367 775 inﬂicta:
3432 718 3745 783 calumnim,
3786 734 3909 773 cum
3953 728 4018 768 ex

2455 815 2565 884 ejus
2618 814 2791 867 libero
2836 824 2891 867 et
2941 812 3121 866 nescio
3172 810 3553 866 assentationis
3612 807 3792 863 animo
3834 823 4016 863 ansam

2456 904 2832 973 arripuissent.
2864 904 2953 972 qui
2988 916 3045 957 se
3076 899 3302 970 iustitiae
3333 902 3555 955 moleste
3601 898 3843 954 terebant
3874 908 4021 968 post-

2458 996 2663 1052 liaberi.
2729 994 2961 1050 Basilius
3006 995 3078 1067 (ὁ)
3127 995 3391 1047 universa:
3439 995 3624 1063 patria:
3670 990 3883 1046 nomine
3920 992 4021 1045 So-

2455 1088 2741 1158 phronium
2774 1096 2945 1157 rogat,
2997 1098 3055 1141 ut
3092 1087 3260 1141 Eliani
3302 1087 3641 1139 commendet
3675 1085 4017 1150 imperatori,

2456 1191 2518 1231 ac
2550 1179 2724 1232 illatas
2753 1180 2800 1231 ei
2837 1176 3244 1230 criminationes
3290 1173 3478 1227 diluat.
3526 1172 3645 1227 Jam
3685 1184 4020 1228 successerat

2456 1267 2583 1323 Elia:
2629 1269 2914 1332 Maximus,
2966 1283 3086 1323 cum
3141 1267 3368 1323 Basilius
3416 1265 3592 1318 medio
3637 1279 3818 1320 mense
3860 1259 4020 1317 Junio

2454 1354 2636 1423 elapso
2656 1356 2918 1409 scriberet
2945 1356 3231 1420 epistolam
3255 1356 3324 1411 98
3351 1355 3415 1408 ad
3439 1353 3495 1406 S.
3528 1352 3834 1407 Eusebium.
3868 1351 4019 1408 Unde

2464 1459 2572 1500 non
2620 1446 2894 1500 immerito
2926 1448 3151 1515 patriam
3184 1462 3278 1516 per
3322 1446 3583 1501 somnium
3634 1444 3855 1499 ditatam
3898 1455 4021 1496 esse

2455 1532 2584 1588 dicit
2611 1536 2705 1605 (c),
2734 1536 2818 1591 cui
2849 1550 3093 1589 summus
3124 1535 3213 1589 ille
3249 1535 3329 1587 vir
3374 1545 3479 1589 tam
3512 1533 3619 1587 cito
3658 1540 3872 1598 ereptus
3914 1538 4016 1582 est.

2455 1624 2569 1679 Non
2615 1628 2807 1681 mirum
2860 1641 2988 1681 sane
3035 1634 3155 1691 est,
3207 1627 3253 1680 si
3296 1628 3378 1681 his
3433 1622 3758 1694 temporibus
3808 1620 4022 1673 invidiae

2458 1716 2558 1771 tela
2588 1733 2691 1772 non
2721 1718 2909 1788 ell‘ugit
2936 1718 3225 1788 provinciae
3255 1734 3481 1787 praeses,
3505 1718 3594 1786 qui
3625 1711 3880 1769 terribilis
3903 1718 4023 1764 crat

2456 1809 2910 1879 delinquentibus,
2947 1812 3192 1879 idemque
3229 1810 3281 1864 in
3314 1824 3575 1879 pauperes
3603 1822 3666 1862 ac
3696 1804 3922 1866 divites;
3959 1815 4022 1855 ac

787 1904 967 1961 verbis
997 1905 1107 1974 jam
1143 1910 1447 1963 ordinatum
1500 1908 1667 1967 fuisse
1719 1911 2089 1969 Sasimensem
2143 1916 2353 1985 episco-
2385 1919 2427 1974 Β

2385 1919 2427 1974 Β
2457 1901 2822 1957 misericordia
2858 1904 2907 1957 in
2934 1904 3276 1973 Cappadoces
3302 1912 3604 1958 commotus
3636 1900 3735 1968 (ά),
3767 1895 4022 1953 attentior

789 2017 914 2070 pum
945 2000 1262 2070 Gregorium
1294 2019 1306 2055 :
1343 2016 1406 2056 ac
1445 2012 1761 2074 conceptum
1807 2020 1872 2061 ex
1914 2020 1979 2061 ea
2015 2020 2074 2062 re
2117 2008 2353 2064 dolorem

788 2091 902 2160 ejus
926 2092 1105 2146 animo
1140 2093 1391 2148 insidere.
1432 2095 1538 2151 Sed
1574 2106 1751 2152 tamen
1788 2099 1933 2156 illius
1976 2103 2139 2157 ardor
2180 2104 2233 2157 in
2264 2104 2356 2158 de-

788 2180 1051 2236 fendenda
1104 2181 1288 2237 Basilii
1341 2198 1501 2239 causa
1556 2185 1804 2243 dubitare
1857 2206 1963 2246 non
2014 2192 2175 2254 sinit,
2228 2191 2353 2261 quin

790 2279 916 2325 tunc
943 2272 1305 2343 episc0patum
1335 2276 1417 2331 vel
1467 2278 1700 2333 nondum
1731 2278 2036 2349 abjecisset,
2066 2282 2149 2337 vel
2179 2283 2355 2349 potius

787 2377 855 2417 ex
889 2362 1010 2434 fuga
1066 2381 1317 2423 reversus
1352 2370 1596 2440 obsequii
1633 2372 1715 2426 sui
1766 2373 2186 2443 signiﬁcationes
2214 2374 2353 2444 patri

790 2468 854 2509 ac
902 2455 1098 2514 Basilio
1148 2459 1401 2515 dedisset.
1435 2461 1565 2517 Post
1618 2462 1936 2533 Gregorium
1979 2465 2067 2519 alii
2118 2466 2352 2536 episcopi

789 2545 953 2601 verba
1022 2547 1213 2604 facturi
1273 2562 1465 2619 erant,
1521 2553 1645 2608 novi
1718 2555 1954 2624 episcopi
2032 2557 2353 2613 adhortandi

788 2652 972 2705 causa,
1004 2650 1065 2696 ut
1101 2652 1247 2709 patet
1302 2660 1366 2699 ex
1423 2645 1505 2699 his
1540 2645 1785 2716 Gregorii
1842 2650 1907 2702 ad
1948 2664 2070 2704 eum
2127 2650 2353 2706 verbis:

791 2725 1160 2799 Per/ecliorem
1204 2745 1528 2791 armaturam
1561 2755 1593 2793 a
1642 2740 1932 2808 majoribus
1966 2743 2182 2796 ducibus
2216 2743 2357 2796 acci-

789 2836 922 2889 pies,
952 2833 1059 2880 etc.

860 2911 950 2970 IV.
987 2913 1341 2975 Proliciscens
1382 2920 1609 2975 Basilius
1640 2921 1718 2991 (a)
1750 2929 1871 2991 post
1900 2922 2123 2987 Pascha,
2159 2931 2217 2977 ut
2243 2923 2353 2991 jam

791 3003 1056 3075 diximus,
1110 3009 1316 3067 litteras
1372 3011 1439 3066 ad
1478 3010 1768 3069 Eusebium
1821 3012 2191 3083 Theophrasto
2232 3015 2354 3069 dia.

790 3111 928 3152 cono
969 3100 1213 3167 dederat,
1242 3114 1300 3158 ut
1327 3120 1423 3161 eas
1460 3106 1686 3177 perferri
1729 3114 1960 3161 curaret.
2001 3104 2105 3161 Sed
2140 3107 2354 3162 interim

792 3187 1053 3245 diaconus
1115 3195 1304 3251 morbo
1359 3208 1639 3265 correptus
1696 3199 1942 3259 moritur,
2000 3198 2191 3254 litteris
2250 3216 2355 3254 non

2460 2001 2577 2048 erat
2619 1994 2685 2049 ad
2712 2008 2897 2048 eorum
2932 1993 3315 2049 sublevandam
3353 1993 3613 2062 inopiam,
3659 2005 3818 2061 quam
3854 1989 3919 2043 ad
3959 2001 4023 2043 ea

2459 2084 2675 2141 vitanda
2718 2100 2834 2155 qua:
2875 2086 2972 2156 ipsi
3025 2093 3133 2138 tam
3174 2085 3368 2140 leniter
3398 2083 3578 2154 agenti
3628 2100 3656 2137 a
3705 2080 4026 2137 sublimibus

2461 2178 2811 2245 potestatibus
2842 2174 3209 2231 imminebant.

2533 2268 2598 2325 V.
2630 2268 2788 2323 Stetit
2821 2268 3098 2338 promissis
3145 2265 3456 2335 Gregorius,
3494 2272 3549 2319 et
3590 2264 3800 2318 Sasima
3846 2264 4023 2326 venit,

2461 2369 2517 2415 ut
2549 2360 2706 2430 hujus
2737 2360 2989 2416 Ecclesia:
3022 2358 3377 2431 gubernacula
3408 2364 3737 2426 capesseret.
3767 2351 3874 2408 Sed
3908 2354 4026 2421 ejus

2460 2451 2743 2507 consilium
2797 2450 3073 2518 diligentia
3125 2466 3220 2507 sua
3268 2449 3543 2520 prteripuit
3591 2445 3905 2510 Anthimus,
3959 2458 4023 2497 ac

2461 2545 2679 2615 paludes
2728 2544 3060 2601 Sasimorum
3125 2546 3423 2614 occupavit.
3454 2542 3591 2609 Quin
3636 2540 3796 2595 etiam
3832 2535 4022 2608 prohi-

2461 2638 2606 2693 benti
2642 2645 2695 2693 et
2722 2634 3070 2692 comminanti
3102 2634 3362 2703 Gregorio
3400 2634 3677 2703 epistolam
3713 2632 3783 2701 (ε)
3808 2630 4025 2698 scripsit

2461 2730 2719 2785 conviciis
2743 2739 2797 2784 et
2827 2728 3037 2798 probris
3071 2725 3347 2789 refertam,
3381 2710 3541 2778 veluti
3593 2722 3925 2791 triumphum
3970 2720 4024 2773 in

2461 2819 2659 2872 victum
2695 2834 2913 2874 canens.
2962 2815 3153 2873 Postea
3200 2814 3525 2869 Nazianzum
3574 2811 3759 2874 venit,
3804 2810 3919 2864 sive
3967 2815 4025 2860 ut

2459 2911 2664 2963 videret
2683 2910 2927 2981 Gregorii
2953 2918 3158 2981 patrem
3176 2909 3251 2980 (id
3270 2909 3410 2965 enim
3439 2920 3546 2975 pra:
3566 2919 3623 2959 se
3643 2900 3892 2972 ferebat),
3911 2900 4027 2955 sive

2461 3008 2518 3052 ut
2553 3013 2615 3053 ea
2648 3010 2935 3054 conaretur
2959 3016 3076 3069 qua:
3117 3008 3340 3054 conatus
3369 3006 3469 3053 est.
3503 2995 3660 3050 Plura
3707 2993 3850 3047 enim
3881 3000 3934 3045 et
3959 2991 4026 3043 de

2459 3090 2701 3162 pluribus
2723 3090 2882 3146 rebus
2908 3100 3221 3146 testamenta
3246 3091 3447 3159 injecit,
3463 3090 3526 3142 de
3553 3085 3823 3155 parmciis,
3842 3086 3905 3138 de
3929 3081 4027 3136 Sa-

2461 3182 2784 3239 simensibus
2815 3181 3096 3251 paludibus
3135 3190 3187 3235 et
3227 3180 3468 3248 Gregorii
3515 3176 3874 3239 ordinatione,
3915 3178 4025 3227 lar-

794 3278 995 3336 missis.
1046 3280 1100 3337 td
1154 3297 1219 3338 eo
1296 3285 1575 3341 molestius
1651 3284 1852 3342 Basilio
1920 3286 2163 3341 redeunti
2222 3287 2355 3352 fuit,
2385 3278 2427 3336 ε
2462 3277 2633 3349 sicuti.
2667 3286 2877 3346 petens.
2905 3275 3077 3330 minas
3118 3276 3401 3339 adhibens.
3442 3286 3505 3328 cx
3533 3270 3657 3339 iure
3696 3269 4027 3339 disceptare.

793 3370 938 3437 quod
975 3370 1041 3427 de
1074 3373 1232 3429 rebus
1279 3375 1458 3444 magni
1504 3375 1760 3431 momenti
1808 3376 2023 3446 scripta:
2064 3386 2249 3441 erant,
2296 3392 2360 3431 ac

795 3460 1023 3517 celerem
1077 3468 1480 3535 responsionem
1538 3467 1904 3537 poscentibus.
1946 3465 2081 3521 Nam
2126 3483 2250 3522 cum
2297 3467 2356 3523 S.

794 3550 1040 3609 Meletius
1082 3562 1137 3609 et
1187 3555 1497 3611 Theodotus
1533 3556 1936 3626 Nicopolitanus
1984 3559 2239 3614 Basilium
2292 3560 2356 3613 ad

796 3643 936 3698 diem
971 3642 1199 3711 festum,
1245 3648 1296 3702 in
1341 3648 1574 3717 quodam
1616 3646 1757 3712 loco,
1790 3662 1947 3716 quem
2000 3648 2357 3720 Phargamuiu

797 3734 1071 3801 dicebant,
1102 3738 1280 3793 medio
1312 3753 1496 3794 mense
1539 3738 1699 3795 Junio
1729 3740 1990 3796 celebrari
2035 3740 2248 3796 solitum
2284 3744 2362 3796 in-

796 3829 1092 3896 vitassent,
1140 3840 1250 3885 tum
1286 3832 1537 3887 amicitiae
1584 3849 1779 3898 causa,
1830 3844 1938 3888 tum
1996 3844 2055 3888 ut
2090 3836 2155 3890 de
2204 3834 2364 3891 rebus

798 3919 1065 3977 Eustatbii
1106 3938 1226 3977 cum
1274 3938 1339 3977 eo
1372 3933 1627 3991 agerent;
1679 3926 1907 3980 Basilius
1940 3926 2226 3982 Eusebium
2270 3945 2361 3985 ro-

798 4011 994 4081 gabat,
1047 4022 1109 4068 ut
1156 4029 1338 4069 secum
1388 4015 1533 4071 hunc
1590 4017 1732 4071 diem
1774 4018 1966 4073 obiret.
2014 4019 2196 4087 Itaque
2240 4036 2361 4075 cum

798 4104 970 4159 reditu
1008 4120 1105 4160 suo
1136 4107 1480 4177 cognovisset
1508 4109 1715 4163 litteras
1743 4123 1870 4163 suas
1904 4123 2007 4163 non
2046 4109 2212 4165 fuisse
2243 4126 2365 4179 per-

798 4194 956 4259 latas,
1000 4197 1180 4249 statim
1211 4212 1304 4253 eas
1334 4197 1481 4253 misit
1527 4200 1591 4253 ad
1634 4198 1970 4253 Eustathium
2008 4199 2360 4254 Sehastenuni

799 4302 922 4341 cum
960 4289 1181 4357 epistola
1222 4289 1312 4353 95,
1360 4298 1419 4343 ut
1450 4306 1610 4360 quam
1659 4291 1944 4346 celerrime
1990 4301 2218 4362 utraque
2250 4294 2365 4362 epi-

798 4378 935 4433 stola
981 4380 1048 4434 ad
1082 4381 1371 4436 Eusebium
1423 4380 1695 4454 ferretur:
1729 4393 2045 4453 supererant
2073 4384 2217 4439 enim
2256 4395 2367 4439 tan-

800 4478 913 4524 tum
961 4471 1077 4525 dies
1133 4472 1352 4540 triginta
1410 4481 1540 4526 tres.
1576 4474 1824 4528 Declarat
1874 4475 2107 4530 Eusebio
2158 4478 2209 4530 in
2268 4477 2366 4533 hac

800 4562 959 4631 epist.
986 4561 1058 4618 95
1084 4572 1369 4617 venturum
1398 4576 1457 4616 se
1483 4561 1548 4616 ad
1575 4563 1715 4617 diem
1747 4564 1966 4630 festum,
1992 4566 2035 4620 si
2066 4564 2179 4635 ipse
2200 4566 2362 4621 etiam

2462 3370 2795 3440 vituperans,
2824 3370 3078 3433 laudans;
3110 3367 3341 3423 circulos
3366 3366 3467 3421 sibi
3497 3367 3610 3436 ipse
3635 3363 4031 3433 iurisdictionis

2460 3463 2933 3528 circumseribens,
2959 3472 3017 3516 ut
3048 3461 3369 3533 Gregorium
3402 3462 3654 3529 probaret
3682 3458 3745 3512 ad
3781 3470 3839 3511 se
3868 3469 3923 3510 et
3956 3452 4023 3507 ad

2461 3567 2652 3606 novam
2692 3555 3052 3621 metrOpoIim,
3102 3562 3283 3622 utpote
3313 3553 3591 3621 majorem,
3637 3549 3905 3619 respicere
3946 3546 4032 3600 de-

2462 3643 2605 3699 bere.
2633 3644 2739 3698 Sed
2789 3644 2877 3697 ubi
2926 3646 3064 3697 nulla
3097 3645 3148 3697 in
3182 3659 3239 3698 re
3267 3644 3461 3697 cedere
3495 3640 3813 3709 Gregorium
3855 3637 4033 3691 anim-

2462 3736 2727 3802 advertit,
2782 3739 2941 3791 rebus
2989 3732 3199 3789 infectis
3262 3734 3429 3787 iratus
3475 3730 3783 3795 abscessit,
3834 3727 4033 3783 Basili-

2462 3843 2635 3884 smum
2674 3827 2760 3893 ei,
2814 3826 2977 3881 veluti
3028 3824 3436 3895 Philippismum
3484 3820 3768 3893 quemdam
3836 3833 4031 3888 expro-

2465 3924 2648 3977 brans.
2699 3919 2814 3975 Non
2864 3919 3076 3990 longum
3128 3929 3371 3987 tempus,
3414 3924 3467 3970 et
3512 3914 3707 3968 litterae
3766 3910 4027 3983 Gregorio

2466 4012 2724 4065 venerunt
2749 4014 2815 4066 ab
2855 4011 3039 4065 eodem
3079 4008 3353 4074 Anthimo,
3393 4007 3481 4077 qui
3524 4020 3645 4061 eum
3685 4002 3917 4059 vocabat
3965 4002 4031 4055 ad

2463 4102 2746 4173 synodum.
2782 4103 2915 4157 Cum
2958 4101 3334 4170 permolestum
3381 4099 3432 4153 id
3475 4107 3617 4152 esset
3646 4095 3935 4165 Gregorio,
3966 4110 4031 4149 ac

2465 4192 2711 4260 injuriain
2751 4190 2862 4243 fieri
2912 4190 3204 4255 clamaret,
3236 4186 3771 4255 Anthimus.rogavit
3827 4193 3885 4237 ut
3922 4185 4034 4238 sal-

2466 4295 2570 4339 tem
2603 4282 2743 4337 illius
2783 4295 2945 4350 opera
2974 4279 3201 4334 Basilius
3238 4278 3303 4332 ad
3335 4276 3735 4331 deliberandum
3769 4290 3831 4329 ea
3877 4277 3945 4330 de
3976 4289 4033 4328 re

2465 4391 2585 4431 cum
2614 4352 2868 4428 Antbimo
2909 4370 3286 4425 adduceretur.
3339 4366 3591 4422 Promisit
3633 4367 3684 4420 id
3713 4365 4029 4436 Gregorius,

2468 4478 2526 4523 ut
2558 4466 2723 4521 multo
2750 4464 3084 4519 commodius
3117 4475 3280 4529 quam
3314 4458 3454 4527 quod
3489 4458 3663 4527 primo
3697 4460 4028 4526 propositum

2469 4559 2663 4621 fuerat,
2689 4564 2744 4610 et
2774 4554 2969 4608 Basilio
3006 4551 3242 4620 scripsit,
3286 4558 3445 4602 totam
3482 4563 3592 4601 rem
3644 4547 3786 4599 illius
3821 4542 4030 4614 judicio

800 4654 1065 4711 Eusebius
1112 4657 1326 4721 veniat;
1373 4667 1530 4708 secus
1558 4669 1706 4718 vero,
1742 4655 1897 4711 malle
1926 4670 1985 4711 se
2025 4664 2360 4710 contractum
2395 4630 2439 4685 θ
2470 4648 2796 4715 relinquens,
2824 4654 3004 4697 utrum
3053 4642 3211 4695 vellet
3263 4639 3575 4693 Anthimum
3624 4648 3677 4691 et
3723 4636 3857 4690 alios
3909 4634 4025 4703 epi-

800 4761 943 4801 anno
982 4746 1257 4816 praeterito
1295 4746 1553 4800 invisendi
1596 4745 1809 4801 Eusebii
1849 4746 2084 4801 debitum
2133 4746 2362 4809 solvere,

800 4846 858 4894 et
893 4853 1239 4907 congressum
1284 4855 1406 4895 cum
1445 4841 1706 4911 episcopis
1748 4840 1797 4893 in
1834 4840 1976 4893 aliud
2019 4848 2227 4907 tempus
2258 4837 2360 4891 dil-

803 4928 964 4985 l‘erre.
1016 4929 1143 4985 Erat
1192 4932 1245 4985 in
1297 4930 1486 4986 iisdem
1542 4933 1733 4987 litteris
1786 4930 2156 5000 Theophrasto
2208 4944 2359 4984 com-

806 5022 984 5077 missis
1030 5023 1095 5077 de
1135 5024 1427 5078 Sasimensi
1463 5027 1818 5080 ordinatione.
1862 5020 1995 5076 Nam
2043 5037 2165 5077 cum
2200 5021 2265 5075 de
2299 5034 2361 5074 ea

806 5114 939 5168 nihil
978 5128 1197 5184 prorsus
1242 5125 1492 5171 occurrat
1539 5117 1590 5169 in
1630 5115 1853 5186 epistola
1900 5113 1990 5176 95.
2037 5128 2155 5182 quae
2193 5111 2366 5168 serius

805 5208 1009 5277 scripta
1042 5218 1141 5273 est,
1171 5207 1264 5263 sed
1300 5208 1459 5262 simul
1507 5208 1705 5271 missa;
1753 5206 2016 5261 Eusebius
2062 5206 2114 5259 in
2163 5218 2259 5259 sua
2298 5204 2363 5257 ad

804 5296 1061 5354 Basiliam
1103 5300 1453 5369 responsione
1481 5314 1543 5353 ea
1574 5300 1640 5355 de
1686 5314 1743 5353 re
1786 5298 2123 5368 loquebatur,
2158 5304 2211 5349 et
2241 5311 2363 5349 cum

807 5393 909 5448 sibi
956 5393 1100 5449 banc
1142 5395 1531 5450 ordinationem
1578 5394 1756 5449 minus
1802 5391 2015 5464 probari
2065 5389 2365 5462 signiﬁcas-

805 5494 910 5549 set,
936 5482 1137 5541 Basilio
1169 5501 1385 5542 causam
1420 5485 1595 5542 attulit
1625 5485 1765 5541 illius
1795 5483 2139 5541 defendenda:
2169 5481 2221 5536 in
2256 5480 2367 5550 epi-

811 5577 942 5632 stola
971 5576 1061 5632 98.

880 5710 957 5783 (ρ)
997 5711 1096 5783 Ερ-
1131 5711 1221 5768 95-

879 5781 956 5848 (b)
996 5781 1090 5850 Ep.
1117 5784 1207 5841 96.

878 5855 951 5914 (si
990 5851 1120 5909 Ibid.

2468 4753 2661 4807 scopos
2687 4749 3008 4795 convocare,
3035 4743 3090 4786 et
3117 4732 3202 4787 ubi
3235 4730 3391 4784 vellet
3418 4738 3471 4783 et
3495 4729 3727 4797 quando.

2538 4827 2792 4894 Quamvis
2843 4822 3021 4878 Basilii
3066 4834 3280 4875 causam
3326 4833 3431 4872 non
3466 4818 3591 4871 laeve
3620 4814 3913 4883 Gregorius
3940 4813 4033 4867 de-

2469 4920 2743 4981 fendisset,
2774 4916 2916 4970 illius
2952 4925 3129 4967 tamen
3163 4911 3359 4965 litteris
3392 4908 3624 4963 oﬂ‘ensus
3649 4914 3732 4960 est
3776 4903 4031 4970 Basilius,

2468 5023 2523 5068 e'.
2561 5026 2683 5067 cum
2727 5022 2792 5065 eo
2821 5006 3084 5079 jurgavit,
3131 5005 3273 5072 quod
3315 5002 3565 5056 Antltimo
3613 5000 3836 5052 faveret.
3881 4997 4035 5054 Unde

2469 5104 2764 5174 Gregorius
2792 5101 2847 5157 in
2882 5098 3107 5170 epistola
3136 5098 3206 5151 '55
3234 5095 3481 5151 Basilium
3525 5099 3582 5143 ut
3624 5090 3936 5143 calidiorem
3980 5098 4034 5141 et

2473 5198 2733 5268 pullorum
2767 5210 2916 5250 more
2941 5192 3285 5247 ferocientem
3318 5185 3485 5238 amice
3511 5182 3770 5248 castigat;
3799 5180 4036 5235 breviter

2472 5290 2690 5360 exponit
2728 5288 2853 5357 quid
2900 5283 3017 5354 ejus
3060 5296 3219 5337 causa
3268 5276 3527 5348 gesserit,
3565 5287 3885 5341 aequumque
3928 5285 4032 5323 non

2474 5400 2593 5440 esse
2623 5385 2976 5445 demonstrat,
3007 5387 3064 5431 ut
3094 5392 3211 5427 cum
3263 5370 3443 5424 Basilii
3476 5382 3638 5423 causa
3682 5366 3733 5418 in
3779 5362 4033 5418 offensio-

2478 5495 2597 5533 nem
2633 5476 2891 5531 Anthimo
2920 5469 3148 5529 venerit,
3184 5464 3376 5518 Basilio
3408 5461 3708 5529 diSpliceat,
3744 5465 3801 5510 ut
3842 5456 3893 5509 in
3929 5455 4035 5506 An-

2478 5572 2707 5624 thimum
2763 5562 3092 5632 propensior.
3155 5555 3389 5623 Denique
3449 5548 3700 5605 Basilium
3767 5555 3919 5616 rogat
3976 5551 4034 5597 ut

2547 5705 2624 5775 (Α)
2658 5704 2758 5775 ep.
2788 5703 2875 5756 88.

2545 5770 2615 5845 (ε)
2654 5770 2783 5829 Νη.
2813 5789 2896 5842 ep.
2925 5770 3010 5827 33.
