  <div class='ocr_page' id='page_1' title='image "/cluster/home/n/w/nwhite01/storage/ocr_20150623/29/uva.x004321530/120.png"; bbox 0 0 4214 6494; ppageno 0'>
   <div class='ocr_carea' id='block_1_1' title="bbox 1499 437 2053 495">
    <p class='ocr_par' dir='ltr' id='par_1_1' title="bbox 1499 437 2053 495">
     <span class='ocr_line' id='line_1_1' title="bbox 1499 437 2053 495; baseline 0.002 -3"><span class='ocrx_word' id='word_1_1' title='bbox 1499 438 1656 493; x_wconf 69' lang='lat' dir='ltr'><strong>ViTA</strong></span> <span class='ocrx_word' id='word_1_2' title='bbox 1693 437 1749 493; x_wconf 87' lang='lat' dir='ltr'><strong>S.</strong></span> <span class='ocrx_word' id='word_1_3' title='bbox 1794 437 2053 495; x_wconf 82' lang='lat' dir='ltr'><strong>BASILII.</strong></span> 
     </span>
    </p>
   </div>
   <div class='ocr_carea' id='block_1_2' title="bbox 3267 457 3409 500">
    <p class='ocr_par' dir='ltr' id='par_1_2' title="bbox 3267 457 3409 500">
     <span class='ocr_line' id='line_1_2' title="bbox 3267 457 3409 500; baseline 0.021 -3"><span class='ocrx_word' id='word_1_4' title='bbox 3267 457 3409 500; x_wconf 67' lang='grc' dir='ltr'><strong>κίνει</strong></span> 
     </span>
    </p>
   </div>
   <div class='ocr_carea' id='block_1_3' title="bbox 173 556 3402 631">
    <p class='ocr_par' dir='ltr' id='par_1_3' title="bbox 173 556 3402 631">
     <span class='ocr_line' id='line_1_3' title="bbox 173 556 3402 631; baseline 0.001 -20"><span class='ocrx_word' id='word_1_5' title='bbox 173 556 261 620; x_wconf 83' lang='lat' dir='ltr'><strong>sibi,</strong></span> <span class='ocrx_word' id='word_1_6' title='bbox 291 556 482 611; x_wconf 81' lang='lat' dir='ltr'><strong>saltem</strong></span> <span class='ocrx_word' id='word_1_7' title='bbox 528 568 593 612; x_wconf 91' lang='lat' dir='ltr'><strong>ut</strong></span> <span class='ocrx_word' id='word_1_8' title='bbox 632 569 775 613; x_wconf 89' lang='lat' dir='ltr'><strong>natu</strong></span> <span class='ocrx_word' id='word_1_9' title='bbox 830 561 1037 628; x_wconf 80' lang='lat' dir='ltr'><strong>majori,</strong></span> <span class='ocrx_word' id='word_1_10' title='bbox 1087 561 1333 628; x_wconf 72' lang='lat' dir='ltr'><strong>iniuriam</strong></span> <span class='ocrx_word' id='word_1_11' title='bbox 1370 574 1475 613; x_wconf 89' lang='lat' dir='ltr'><strong>non</strong></span> <span class='ocrx_word' id='word_1_12' title='bbox 1516 559 1677 613; x_wconf 85' lang='lat' dir='ltr'><strong>faciat</strong></span> <span class='ocrx_word' id='word_1_13' title='bbox 1712 579 1724 614; x_wconf 90' lang='lat'><strong>:</strong></span> <span class='ocrx_word' id='word_1_14' title='bbox 1758 565 1805 621; x_wconf 76' lang='grc' dir='ltr'>Α</span> <span class='ocrx_word' id='word_1_15' title='bbox 1832 560 1950 614; x_wconf 65' lang='lat' dir='ltr'><strong>duas</strong></span> <span class='ocrx_word' id='word_1_16' title='bbox 1986 559 2133 614; x_wconf 90' lang='lat' dir='ltr'><strong>illum</strong></span> <span class='ocrx_word' id='word_1_17' title='bbox 2162 574 2338 614; x_wconf 68' lang='lat' dir='ltr'><strong>causre</strong></span> <span class='ocrx_word' id='word_1_18' title='bbox 2376 560 2674 615; x_wconf 67' lang='lat' dir='ltr'><strong>Caesaream</strong></span> <span class='ocrx_word' id='word_1_19' title='bbox 2723 560 2943 631; x_wconf 86' lang='lat' dir='ltr'><strong>vestigia</strong></span> <span class='ocrx_word' id='word_1_20' title='bbox 2978 557 3180 615; x_wconf 84' lang='lat' dir='ltr'><strong>referre</strong></span> <span class='ocrx_word' id='word_1_21' title='bbox 3209 574 3402 630; x_wconf 83' lang='lat' dir='ltr'><strong>coege-</strong></span> 
     </span>
    </p>
   </div>
   <div class='ocr_carea' id='block_1_4' title="bbox 179 650 1733 724">
    <p class='ocr_par' dir='ltr' id='par_1_4' title="bbox 179 650 1733 724">
     <span class='ocr_line' id='line_1_4' title="bbox 179 650 1733 724; baseline 0.001 -21"><span class='ocrx_word' id='word_1_22' title='bbox 179 650 284 719; x_wconf 83' lang='lat' dir='ltr'><strong>quod</strong></span> <span class='ocrx_word' id='word_1_23' title='bbox 311 652 351 704; x_wconf 82' lang='lat' dir='ltr'><strong>si</strong></span> <span class='ocrx_word' id='word_1_24' title='bbox 378 666 501 705; x_wconf 85' lang='lat' dir='ltr'><strong>sese</strong></span> <span class='ocrx_word' id='word_1_25' title='bbox 532 662 790 707; x_wconf 84' lang='lat' dir='ltr'><strong>ostentet</strong></span> <span class='ocrx_word' id='word_1_26' title='bbox 819 664 980 721; x_wconf 87' lang='lat' dir='ltr'><strong>atque</strong></span> <span class='ocrx_word' id='word_1_27' title='bbox 1009 652 1208 711; x_wconf 71' lang='lat' dir='ltr'><strong>efferat.</strong></span> <span class='ocrx_word' id='word_1_28' title='bbox 1236 668 1298 709; x_wconf 85' lang='lat' dir='ltr'><strong>ac</strong></span> <span class='ocrx_word' id='word_1_29' title='bbox 1319 664 1587 724; x_wconf 77' lang='lat' dir='ltr'><strong>tauquam</strong></span> <span class='ocrx_word' id='word_1_30' title='bbox 1626 669 1733 707; x_wconf 81' lang='lat' dir='ltr'><strong>mc-</strong></span> 
     </span>
    </p>
   </div>
   <div class='ocr_carea' id='block_1_5' title="bbox 187 741 1734 809">
    <p class='ocr_par' dir='ltr' id='par_1_5' title="bbox 187 741 1734 809">
     <span class='ocr_line' id='line_1_5' title="bbox 187 741 1734 809; baseline 0.001 -16"><span class='ocrx_word' id='word_1_31' title='bbox 187 742 504 809; x_wconf 75' lang='lat' dir='ltr'><strong>tropolitattus</strong></span> <span class='ocrx_word' id='word_1_32' title='bbox 550 756 583 796; x_wconf 87' lang='lat' dir='ltr'><strong>e</strong></span> <span class='ocrx_word' id='word_1_33' title='bbox 638 744 935 808; x_wconf 81' lang='lat' dir='ltr'><strong>superiore</strong></span> <span class='ocrx_word' id='word_1_34' title='bbox 988 743 1100 793; x_wconf 91' lang='lat' dir='ltr'><strong>loco</strong></span> <span class='ocrx_word' id='word_1_35' title='bbox 1145 756 1319 808; x_wconf 65' lang='lat' dir='ltr'><strong>parvae</strong></span> <span class='ocrx_word' id='word_1_36' title='bbox 1366 744 1602 796; x_wconf 84' lang='lat' dir='ltr'><strong>civitatis</strong></span> <span class='ocrx_word' id='word_1_37' title='bbox 1653 741 1734 794; x_wconf 82' lang='lat' dir='ltr'><strong>vel</strong></span> 
     </span>
    </p>
   </div>
   <div class='ocr_carea' id='block_1_6' title="bbox 187 829 1729 902">
    <p class='ocr_par' dir='ltr' id='par_1_6' title="bbox 187 829 1729 902">
     <span class='ocr_line' id='line_1_6' title="bbox 187 829 1729 902; baseline 0.003 -21"><span class='ocrx_word' id='word_1_38' title='bbox 187 831 334 896; x_wconf 57' lang='lat' dir='ltr'><strong>potius</strong></span> <span class='ocrx_word' id='word_1_39' title='bbox 377 830 572 882; x_wconf 85' lang='lat' dir='ltr'><strong>nullius</strong></span> <span class='ocrx_word' id='word_1_40' title='bbox 622 831 947 899; x_wconf 85' lang='lat' dir='ltr'><strong>episcopum</strong></span> <span class='ocrx_word' id='word_1_41' title='bbox 989 829 1308 899; x_wconf 90' lang='lat' dir='ltr'><strong>aiioquatur,</strong></span> <span class='ocrx_word' id='word_1_42' title='bbox 1358 833 1458 886; x_wconf 85' lang='lat' dir='ltr'>sibi</span> <span class='ocrx_word' id='word_1_43' title='bbox 1512 846 1729 902; x_wconf 85' lang='lat' dir='ltr'><strong>quoque</strong></span> 
     </span>
    </p>
   </div>
   <div class='ocr_carea' id='block_1_7' title="bbox 188 923 1101 991">
    <p class='ocr_par' dir='ltr' id='par_1_7' title="bbox 188 923 1101 991">
     <span class='ocr_line' id='line_1_7' title="bbox 188 923 1101 991; baseline 0 -16"><span class='ocrx_word' id='word_1_44' title='bbox 188 923 503 989; x_wconf 73' lang='lat' dir='ltr'><strong>supercilium</strong></span> <span class='ocrx_word' id='word_1_45' title='bbox 530 937 653 976; x_wconf 90' lang='lat' dir='ltr'><strong>esse</strong></span> <span class='ocrx_word' id='word_1_46' title='bbox 679 924 826 991; x_wconf 88' lang='lat' dir='ltr'><strong>quod</strong></span> <span class='ocrx_word' id='word_1_47' title='bbox 852 934 1101 991; x_wconf 88' lang='lat' dir='ltr'><strong>opponat.</strong></span> 
     </span>
    </p>
   </div>
   <div class='ocr_carea' id='block_1_8' title="bbox 246 1014 1727 1086">
    <p class='ocr_par' dir='ltr' id='par_1_8' title="bbox 246 1014 1727 1086">
     <span class='ocr_line' id='line_1_8' title="bbox 246 1014 1727 1086; baseline 0 -19"><span class='ocrx_word' id='word_1_48' title='bbox 246 1015 500 1067; x_wconf 68' lang='lat' dir='ltr'><strong>Ctelerttm</strong></span> <span class='ocrx_word' id='word_1_49' title='bbox 542 1015 776 1070; x_wconf 86' lang='lat' dir='ltr'><strong>libenter</strong></span> <span class='ocrx_word' id='word_1_50' title='bbox 826 1017 1029 1086; x_wconf 90' lang='lat' dir='ltr'><strong>accepit</strong></span> <span class='ocrx_word' id='word_1_51' title='bbox 1070 1015 1297 1070; x_wconf 79' lang='lat' dir='ltr'><strong>Basilius</strong></span> <span class='ocrx_word' id='word_1_52' title='bbox 1338 1014 1727 1079; x_wconf 75' lang='lat' dir='ltr'><strong>conditionem,</strong></span> 
     </span>
    </p>
   </div>
   <div class='ocr_carea' id='block_1_9' title="bbox 183 1107 1728 1176">
    <p class='ocr_par' dir='ltr' id='par_1_9' title="bbox 183 1107 1728 1176">
     <span class='ocr_line' id='line_1_9' title="bbox 183 1107 1728 1176; baseline 0.002 -18"><span class='ocrx_word' id='word_1_53' title='bbox 183 1123 290 1176; x_wconf 65' lang='lat' dir='ltr'><strong>quae</strong></span> <span class='ocrx_word' id='word_1_54' title='bbox 329 1109 394 1160; x_wconf 89' lang='lat' dir='ltr'><strong>ab</strong></span> <span class='ocrx_word' id='word_1_55' title='bbox 424 1108 681 1161; x_wconf 79' lang='lat' dir='ltr'><strong>Antltimo</strong></span> <span class='ocrx_word' id='word_1_56' title='bbox 728 1108 1017 1171; x_wconf 84' lang='lat' dir='ltr'><strong>ferebatur,</strong></span> <span class='ocrx_word' id='word_1_57' title='bbox 1045 1119 1101 1162; x_wconf 84' lang='lat' dir='ltr'><strong>tit</strong></span> <span class='ocrx_word' id='word_1_58' title='bbox 1128 1110 1193 1163; x_wconf 90' lang='lat' dir='ltr'><strong>de</strong></span> <span class='ocrx_word' id='word_1_59' title='bbox 1237 1107 1557 1161; x_wconf 87' lang='lat' dir='ltr'><strong>restituenda</strong></span> <span class='ocrx_word' id='word_1_60' title='bbox 1598 1122 1728 1172; x_wconf 87' lang='lat' dir='ltr'><strong>pace</strong></span> 
     </span>
    </p>
   </div>
   <div class='ocr_carea' id='block_1_10' title="bbox 176 1198 1729 1265">
    <p class='ocr_par' dir='ltr' id='par_1_10' title="bbox 176 1198 1729 1265">
     <span class='ocr_line' id='line_1_10' title="bbox 176 1198 1729 1265; baseline -0.001 -13"><span class='ocrx_word' id='word_1_61' title='bbox 176 1201 470 1253; x_wconf 76' lang='lat' dir='ltr'><strong>communis</strong></span> <span class='ocrx_word' id='word_1_62' title='bbox 518 1201 747 1253; x_wconf 89' lang='lat' dir='ltr'><strong>iniretur</strong></span> <span class='ocrx_word' id='word_1_63' title='bbox 795 1199 1129 1253; x_wconf 84' lang='lat' dir='ltr'><strong>deliberatio.</strong></span> <span class='ocrx_word' id='word_1_64' title='bbox 1182 1198 1345 1265; x_wconf 77' lang='lat' dir='ltr'><strong>liuius</strong></span> <span class='ocrx_word' id='word_1_65' title='bbox 1398 1199 1473 1251; x_wconf 87' lang='lat' dir='ltr'><strong>rei</strong></span> <span class='ocrx_word' id='word_1_66' title='bbox 1542 1206 1729 1251; x_wconf 89' lang='lat' dir='ltr'><strong>testem</strong></span> 
     </span>
    </p>
   </div>
   <div class='ocr_carea' id='block_1_11' title="bbox 172 1290 1726 1360">
    <p class='ocr_par' dir='ltr' id='par_1_11' title="bbox 172 1290 1726 1360">
     <span class='ocr_line' id='line_1_11' title="bbox 172 1290 1726 1360; baseline -0.001 -15"><span class='ocrx_word' id='word_1_67' title='bbox 172 1292 431 1345; x_wconf 75' lang='lat' dir='ltr'><strong>habemus</strong></span> <span class='ocrx_word' id='word_1_68' title='bbox 458 1292 735 1359; x_wconf 83' lang='lat' dir='ltr'><strong>epistolam</strong></span> <span class='ocrx_word' id='word_1_69' title='bbox 769 1292 837 1345; x_wconf 88' lang='lat' dir='ltr'><strong>ad</strong></span> <span class='ocrx_word' id='word_1_70' title='bbox 868 1300 1108 1346; x_wconf 89' lang='lat' dir='ltr'><strong>senatum</strong></span> <span class='ocrx_word' id='word_1_71' title='bbox 1138 1291 1497 1360; x_wconf 83' lang='lat' dir='ltr'><strong>Tyanensem,</strong></span> <span class='ocrx_word' id='word_1_72' title='bbox 1531 1290 1581 1343; x_wconf 93' lang='lat' dir='ltr'><strong>in</strong></span> <span class='ocrx_word' id='word_1_73' title='bbox 1622 1306 1726 1360; x_wconf 85' lang='lat' dir='ltr'><strong>qua</strong></span> 
     </span>
    </p>
   </div>
   <div class='ocr_carea' id='block_1_12' title="bbox 167 1384 1725 1453">
    <p class='ocr_par' dir='ltr' id='par_1_12' title="bbox 167 1384 1725 1453">
     <span class='ocr_line' id='line_1_12' title="bbox 167 1384 1725 1453; baseline -0.001 -16"><span class='ocrx_word' id='word_1_74' title='bbox 167 1384 406 1438; x_wconf 90' lang='lat' dir='ltr'><strong>declarat</strong></span> <span class='ocrx_word' id='word_1_75' title='bbox 450 1400 510 1439; x_wconf 90' lang='lat' dir='ltr'><strong>se</strong></span> <span class='ocrx_word' id='word_1_76' title='bbox 550 1385 726 1437; x_wconf 83' lang='lat' dir='ltr'><strong>omnia</strong></span> <span class='ocrx_word' id='word_1_77' title='bbox 764 1384 980 1453; x_wconf 85' lang='lat' dir='ltr'><strong>quidem</strong></span> <span class='ocrx_word' id='word_1_78' title='bbox 1021 1384 1257 1440; x_wconf 85' lang='lat' dir='ltr'><strong>Authitni</strong></span> <span class='ocrx_word' id='word_1_79' title='bbox 1310 1384 1552 1446; x_wconf 87' lang='lat' dir='ltr'><strong>consilia,</strong></span> <span class='ocrx_word' id='word_1_80' title='bbox 1607 1398 1725 1436; x_wconf 82' lang='lat' dir='ltr'><strong>oin-</strong></span> 
     </span>
    </p>
   </div>
   <div class='ocr_carea' id='block_1_13' title="bbox 164 1472 1728 1545">
    <p class='ocr_par' dir='ltr' id='par_1_13' title="bbox 164 1472 1728 1545">
     <span class='ocr_line' id='line_1_13' title="bbox 164 1472 1728 1545; baseline -0.001 -17"><span class='ocrx_word' id='word_1_81' title='bbox 164 1491 370 1545; x_wconf 84' lang='lat' dir='ltr'><strong>nesque</strong></span> <span class='ocrx_word' id='word_1_82' title='bbox 412 1475 715 1528; x_wconf 87' lang='lat' dir='ltr'><strong>molitiones</strong></span> <span class='ocrx_word' id='word_1_83' title='bbox 745 1476 1073 1543; x_wconf 86' lang='lat' dir='ltr'><strong>pervidisse;</strong></span> <span class='ocrx_word' id='word_1_84' title='bbox 1113 1474 1205 1527; x_wconf 85' lang='lat' dir='ltr'><strong>sed</strong></span> <span class='ocrx_word' id='word_1_85' title='bbox 1241 1483 1414 1526; x_wconf 89' lang='lat' dir='ltr'><strong>tamen</strong></span> <span class='ocrx_word' id='word_1_86' title='bbox 1453 1472 1581 1525; x_wconf 88' lang='lat' dir='ltr'><strong>nihil</strong></span> <span class='ocrx_word' id='word_1_87' title='bbox 1628 1472 1728 1527; x_wconf 92' lang='lat' dir='ltr'><strong>sibi</strong></span> 
     </span>
    </p>
   </div>
   <div class='ocr_carea' id='block_1_14' title="bbox 162 1564 1727 1636">
    <p class='ocr_par' dir='ltr' id='par_1_14' title="bbox 162 1564 1727 1636">
     <span class='ocr_line' id='line_1_14' title="bbox 162 1564 1727 1636; baseline -0.002 -14"><span class='ocrx_word' id='word_1_88' title='bbox 162 1582 287 1622; x_wconf 83' lang='lat' dir='ltr'><strong>esse</strong></span> <span class='ocrx_word' id='word_1_89' title='bbox 336 1581 469 1636; x_wconf 85' lang='lat' dir='ltr'><strong>pace</strong></span> <span class='ocrx_word' id='word_1_90' title='bbox 520 1567 809 1634; x_wconf 76' lang='lat' dir='ltr'><strong>antiquius.</strong></span> <span class='ocrx_word' id='word_1_91' title='bbox 862 1565 1178 1620; x_wconf 84' lang='lat' dir='ltr'><strong>Persuasum</strong></span> <span class='ocrx_word' id='word_1_92' title='bbox 1241 1565 1390 1617; x_wconf 88' lang='lat' dir='ltr'><strong>enim</strong></span> <span class='ocrx_word' id='word_1_93' title='bbox 1445 1564 1544 1618; x_wconf 92' lang='lat' dir='ltr'><strong>sibi</strong></span> <span class='ocrx_word' id='word_1_94' title='bbox 1589 1580 1727 1631; x_wconf 89' lang='lat' dir='ltr'><strong>esse,</strong></span> 
     </span>
    </p>
   </div>
   <div class='ocr_carea' id='block_1_15' title="bbox 161 1657 1730 1727">
    <p class='ocr_par' dir='ltr' id='par_1_15' title="bbox 161 1657 1730 1727">
     <span class='ocr_line' id='line_1_15' title="bbox 161 1657 1730 1727; baseline -0.002 -13"><span class='ocrx_word' id='word_1_95' title='bbox 161 1660 301 1715; x_wconf 84' lang='lat' dir='ltr'><strong>nihil</strong></span> <span class='ocrx_word' id='word_1_96' title='bbox 330 1674 389 1712; x_wconf 87' lang='lat' dir='ltr'><strong>se</strong></span> <span class='ocrx_word' id='word_1_97' title='bbox 423 1672 578 1725; x_wconf 87' lang='lat' dir='ltr'><strong>posse</strong></span> <span class='ocrx_word' id='word_1_98' title='bbox 625 1658 795 1712; x_wconf 91' lang='lat' dir='ltr'><strong>solum</strong></span> <span class='ocrx_word' id='word_1_99' title='bbox 839 1657 1115 1727; x_wconf 80' lang='lat' dir='ltr'><strong>perlicere,</strong></span> <span class='ocrx_word' id='word_1_100' title='bbox 1162 1658 1440 1726; x_wconf 79' lang='lat' dir='ltr'><strong>magisque</strong></span> <span class='ocrx_word' id='word_1_101' title='bbox 1490 1657 1730 1727; x_wconf 88' lang='lat' dir='ltr'><strong>indigere</strong></span> 
     </span>
    </p>
   </div>
   <div class='ocr_carea' id='block_1_16' title="bbox 161 1749 1728 1820">
    <p class='ocr_par' dir='ltr' id='par_1_16' title="bbox 161 1749 1728 1820">
     <span class='ocr_line' id='line_1_16' title="bbox 161 1749 1728 1820; baseline -0.003 -12"><span class='ocrx_word' id='word_1_102' title='bbox 161 1768 220 1808; x_wconf 86' lang='lat' dir='ltr'><strong>se</strong></span> <span class='ocrx_word' id='word_1_103' title='bbox 260 1749 683 1819; x_wconf 80' lang='lat' dir='ltr'><strong>uniuscujusque</strong></span> <span class='ocrx_word' id='word_1_104' title='bbox 730 1750 952 1804; x_wconf 75' lang='lat' dir='ltr'><strong>fratrum</strong></span> <span class='ocrx_word' id='word_1_105' title='bbox 1006 1750 1241 1815; x_wconf 85' lang='lat' dir='ltr'><strong>auxilio,</strong></span> <span class='ocrx_word' id='word_1_106' title='bbox 1288 1766 1449 1820; x_wconf 89' lang='lat' dir='ltr'><strong>quam</strong></span> <span class='ocrx_word' id='word_1_107' title='bbox 1506 1750 1728 1803; x_wconf 85' lang='lat' dir='ltr'><strong>alteram</strong></span> 
     </span>
    </p>
   </div>
   <div class='ocr_carea' id='block_1_17' title="bbox 159 1846 1735 1917">
    <p class='ocr_par' dir='ltr' id='par_1_17' title="bbox 159 1846 1735 1917">
     <span class='ocr_line' id='line_1_17' title="bbox 159 1846 1735 1917; baseline -0.001 -15"><span class='ocrx_word' id='word_1_108' title='bbox 159 1862 387 1902; x_wconf 80' lang='lat' dir='ltr'><strong>manum</strong></span> <span class='ocrx_word' id='word_1_109' title='bbox 431 1847 649 1903; x_wconf 86' lang='lat' dir='ltr'><strong>alterius</strong></span> <span class='ocrx_word' id='word_1_110' title='bbox 676 1862 795 1915; x_wconf 83' lang='lat' dir='ltr'><strong>Ope.</strong></span> <span class='ocrx_word' id='word_1_111' title='bbox 836 1846 1015 1916; x_wconf 81' lang='lat' dir='ltr'><strong>Itaque</strong></span> <span class='ocrx_word' id='word_1_112' title='bbox 1050 1857 1254 1901; x_wconf 90' lang='lat' dir='ltr'><strong>certum</strong></span> <span class='ocrx_word' id='word_1_113' title='bbox 1288 1849 1387 1901; x_wconf 92' lang='lat' dir='ltr'><strong>sibi</strong></span> <span class='ocrx_word' id='word_1_114' title='bbox 1434 1862 1552 1902; x_wconf 90' lang='lat' dir='ltr'><strong>esse</strong></span> <span class='ocrx_word' id='word_1_115' title='bbox 1588 1848 1735 1917; x_wconf 83' lang='lat' dir='ltr'><strong>pacis</strong></span> 
     </span>
    </p>
   </div>
   <div class='ocr_carea' id='block_1_18' title="bbox 1845 648 3405 714">
    <p class='ocr_par' dir='ltr' id='par_1_18' title="bbox 1845 648 3405 714">
     <span class='ocr_line' id='line_1_18' title="bbox 1845 648 3405 714; baseline 0.003 -13"><span class='ocrx_word' id='word_1_116' title='bbox 1845 658 1984 704; x_wconf 92' lang='lat' dir='ltr'><strong>runt.</strong></span> <span class='ocrx_word' id='word_1_117' title='bbox 2014 648 2145 703; x_wconf 83' lang='lat' dir='ltr'><strong>Nam</strong></span> <span class='ocrx_word' id='word_1_118' title='bbox 2179 651 2503 714; x_wconf 83' lang='lat' dir='ltr'><strong>Theodotus,</strong></span> <span class='ocrx_word' id='word_1_119' title='bbox 2535 650 2623 703; x_wconf 87' lang='lat' dir='ltr'><strong>ubi</strong></span> <span class='ocrx_word' id='word_1_120' title='bbox 2670 665 2790 703; x_wconf 90' lang='lat' dir='ltr'><strong>eum</strong></span> <span class='ocrx_word' id='word_1_121' title='bbox 2823 667 2942 705; x_wconf 84' lang='lat' dir='ltr'><strong>cum</strong></span> <span class='ocrx_word' id='word_1_122' title='bbox 2977 650 3255 706; x_wconf 85' lang='lat' dir='ltr'><strong>Eustatliio</strong></span> <span class='ocrx_word' id='word_1_123' title='bbox 3283 664 3405 706; x_wconf 71' lang='lat' dir='ltr'><strong>esse</strong></span> 
     </span>
    </p>
   </div>
   <div class='ocr_carea' id='block_1_19' title="bbox 1841 742 3410 811">
    <p class='ocr_par' dir='ltr' id='par_1_19' title="bbox 1841 742 3410 811">
     <span class='ocr_line' id='line_1_19' title="bbox 1841 742 3410 811; baseline 0.001 -15"><span class='ocrx_word' id='word_1_124' title='bbox 1841 744 2113 811; x_wconf 80' lang='lat' dir='ltr'><strong>Cognovit,</strong></span> <span class='ocrx_word' id='word_1_125' title='bbox 2144 752 2426 811; x_wconf 87' lang='lat' dir='ltr'><strong>antequam</strong></span> <span class='ocrx_word' id='word_1_126' title='bbox 2466 744 2693 797; x_wconf 86' lang='lat' dir='ltr'><strong>disceret</strong></span> <span class='ocrx_word' id='word_1_127' title='bbox 2735 759 2836 811; x_wconf 87' lang='lat' dir='ltr'><strong>qua</strong></span> <span class='ocrx_word' id='word_1_128' title='bbox 2876 742 2945 797; x_wconf 92' lang='lat' dir='ltr'><strong>de</strong></span> <span class='ocrx_word' id='word_1_129' title='bbox 2969 759 3129 797; x_wconf 87' lang='lat' dir='ltr'><strong>causa</strong></span> <span class='ocrx_word' id='word_1_130' title='bbox 3170 744 3219 797; x_wconf 88' lang='lat' dir='ltr'><strong>id</strong></span> <span class='ocrx_word' id='word_1_131' title='bbox 3251 742 3410 798; x_wconf 79' lang='lat' dir='ltr'><strong>fecis-</strong></span> 
     </span>
    </p>
   </div>
   <div class='ocr_carea' id='block_1_20' title="bbox 1842 834 3398 904">
    <p class='ocr_par' dir='ltr' id='par_1_20' title="bbox 1842 834 3398 904">
     <span class='ocr_line' id='line_1_20' title="bbox 1842 834 3398 904; baseline -0.002 -16"><span class='ocrx_word' id='word_1_132' title='bbox 1842 846 1943 901; x_wconf 85' lang='lat' dir='ltr'><strong>set,</strong></span> <span class='ocrx_word' id='word_1_133' title='bbox 1966 845 2016 889; x_wconf 91' lang='lat' dir='ltr'><strong>et</strong></span> <span class='ocrx_word' id='word_1_134' title='bbox 2047 837 2170 904; x_wconf 89' lang='lat' dir='ltr'><strong>quid</strong></span> <span class='ocrx_word' id='word_1_135' title='bbox 2194 850 2261 889; x_wconf 88' lang='lat' dir='ltr'><strong>ex</strong></span> <span class='ocrx_word' id='word_1_136' title='bbox 2290 850 2579 901; x_wconf 81' lang='lat' dir='ltr'><strong>congressu</strong></span> <span class='ocrx_word' id='word_1_137' title='bbox 2611 845 2931 888; x_wconf 75' lang='lat' dir='ltr'><strong>consecutus</strong></span> <span class='ocrx_word' id='word_1_138' title='bbox 2960 846 3127 897; x_wconf 72' lang='lat' dir='ltr'><strong>esset,</strong></span> <span class='ocrx_word' id='word_1_139' title='bbox 3157 850 3261 888; x_wconf 92' lang='lat' dir='ltr'><strong>non</strong></span> <span class='ocrx_word' id='word_1_140' title='bbox 3286 834 3398 903; x_wconf 75' lang='lat' dir='ltr'><strong>jam</strong></span> 
     </span>
    </p>
   </div>
   <div class='ocr_carea' id='block_1_21' title="bbox 1844 924 3403 991">
    <p class='ocr_par' dir='ltr' id='par_1_21' title="bbox 1844 924 3403 991">
     <span class='ocr_line' id='line_1_21' title="bbox 1844 924 3403 991; baseline 0.002 -15"><span class='ocrx_word' id='word_1_141' title='bbox 1844 924 1992 977; x_wconf 91' lang='lat' dir='ltr'><strong>illum</strong></span> <span class='ocrx_word' id='word_1_142' title='bbox 2023 926 2088 977; x_wconf 88' lang='lat' dir='ltr'><strong>ad</strong></span> <span class='ocrx_word' id='word_1_143' title='bbox 2127 936 2444 979; x_wconf 83' lang='lat' dir='ltr'><strong>conventum</strong></span> <span class='ocrx_word' id='word_1_144' title='bbox 2479 927 2775 978; x_wconf 89' lang='lat' dir='ltr'><strong>vocandum</strong></span> <span class='ocrx_word' id='word_1_145' title='bbox 2808 940 2928 978; x_wconf 89' lang='lat' dir='ltr'><strong>esse</strong></span> <span class='ocrx_word' id='word_1_146' title='bbox 2970 924 3251 991; x_wconf 84' lang='lat' dir='ltr'><strong>judicavit,</strong></span> <span class='ocrx_word' id='word_1_147' title='bbox 3304 938 3403 980; x_wconf 89' lang='lat' dir='ltr'><strong>nec</strong></span> 
     </span>
    </p>
   </div>
   <div class='ocr_carea' id='block_1_22' title="bbox 1842 1017 3404 1084">
    <p class='ocr_par' dir='ltr' id='par_1_22' title="bbox 1842 1017 3404 1084">
     <span class='ocr_line' id='line_1_22' title="bbox 1842 1017 3404 1084; baseline 0.001 -17"><span class='ocrx_word' id='word_1_148' title='bbox 1842 1030 2164 1084; x_wconf 84' lang='lat' dir='ltr'><strong>quemquam</strong></span> <span class='ocrx_word' id='word_1_149' title='bbox 2206 1017 2350 1069; x_wconf 85' lang='lat' dir='ltr'><strong>misit</strong></span> <span class='ocrx_word' id='word_1_150' title='bbox 2393 1018 2479 1084; x_wconf 87' lang='lat' dir='ltr'><strong>qui</strong></span> <span class='ocrx_word' id='word_1_151' title='bbox 2519 1017 2710 1069; x_wconf 85' lang='lat' dir='ltr'><strong>iterum</strong></span> <span class='ocrx_word' id='word_1_152' title='bbox 2755 1019 3065 1071; x_wconf 85' lang='lat' dir='ltr'><strong>admoneret</strong></span> <span class='ocrx_word' id='word_1_153' title='bbox 3096 1026 3190 1068; x_wconf 86' lang='lat' dir='ltr'><strong>aut</strong></span> <span class='ocrx_word' id='word_1_154' title='bbox 3240 1017 3404 1070; x_wconf 87' lang='lat' dir='ltr'><strong>dedu-</strong></span> 
     </span>
    </p>
   </div>
   <div class='ocr_carea' id='block_1_23' title="bbox 1842 1108 3396 1177">
    <p class='ocr_par' dir='ltr' id='par_1_23' title="bbox 1842 1108 3396 1177">
     <span class='ocr_line' id='line_1_23' title="bbox 1842 1108 3396 1177; baseline -0.001 -13"><span class='ocrx_word' id='word_1_155' title='bbox 1842 1119 2007 1164; x_wconf 90' lang='lat' dir='ltr'><strong>ceret.</strong></span> <span class='ocrx_word' id='word_1_156' title='bbox 2057 1110 2161 1163; x_wconf 81' lang='lat' dir='ltr'><strong>Bes</strong></span> <span class='ocrx_word' id='word_1_157' title='bbox 2204 1125 2267 1165; x_wconf 90' lang='lat' dir='ltr'><strong>eo</strong></span> <span class='ocrx_word' id='word_1_158' title='bbox 2321 1111 2595 1165; x_wconf 89' lang='lat' dir='ltr'><strong>molestior</strong></span> <span class='ocrx_word' id='word_1_159' title='bbox 2644 1110 2744 1163; x_wconf 93' lang='lat' dir='ltr'><strong>fuit</strong></span> <span class='ocrx_word' id='word_1_160' title='bbox 2784 1109 2998 1171; x_wconf 84' lang='lat' dir='ltr'><strong>Basilio,</strong></span> <span class='ocrx_word' id='word_1_161' title='bbox 3053 1108 3193 1177; x_wconf 88' lang='lat' dir='ltr'><strong>quod</strong></span> <span class='ocrx_word' id='word_1_162' title='bbox 3246 1110 3396 1162; x_wconf 90' lang='lat' dir='ltr'><strong>illum</strong></span> 
     </span>
    </p>
   </div>
   <div class='ocr_carea' id='block_1_24' title="bbox 1843 1203 3395 1275">
    <p class='ocr_par' dir='ltr' id='par_1_24' title="bbox 1843 1203 3395 1275">
     <span class='ocr_line' id='line_1_24' title="bbox 1843 1203 3395 1275; baseline -0.001 -17"><span class='ocrx_word' id='word_1_163' title='bbox 1843 1214 1997 1259; x_wconf 88' lang='lat' dir='ltr'><strong>antea</strong></span> <span class='ocrx_word' id='word_1_164' title='bbox 2032 1205 2398 1275; x_wconf 83' lang='lat' dir='ltr'><strong>perfunctorie</strong></span> <span class='ocrx_word' id='word_1_165' title='bbox 2426 1220 2519 1273; x_wconf 90' lang='lat' dir='ltr'><strong>per</strong></span> <span class='ocrx_word' id='word_1_166' title='bbox 2570 1203 2865 1258; x_wconf 84' lang='lat' dir='ltr'><strong>Hellenium</strong></span> <span class='ocrx_word' id='word_1_167' title='bbox 2908 1204 3245 1258; x_wconf 77' lang='lat' dir='ltr'><strong>invitaverat.</strong></span> <span class='ocrx_word' id='word_1_168' title='bbox 3278 1203 3395 1256; x_wconf 81' lang='lat' dir='ltr'><strong>Alia</strong></span> 
     </span>
    </p>
   </div>
   <div class='ocr_carea' id='block_1_25' title="bbox 1842 1295 3404 1369">
    <p class='ocr_par' dir='ltr' id='par_1_25' title="bbox 1842 1295 3404 1369">
     <span class='ocr_line' id='line_1_25' title="bbox 1842 1295 3404 1369; baseline -0.001 -18"><span class='ocrx_word' id='word_1_169' title='bbox 1842 1302 2061 1352; x_wconf 84' lang='lat' dir='ltr'><strong>suberat</strong></span> <span class='ocrx_word' id='word_1_170' title='bbox 2086 1314 2246 1352; x_wconf 89' lang='lat' dir='ltr'><strong>causa</strong></span> <span class='ocrx_word' id='word_1_171' title='bbox 2275 1299 2427 1369; x_wconf 88' lang='lat' dir='ltr'><strong>longe</strong></span> <span class='ocrx_word' id='word_1_172' title='bbox 2460 1298 2692 1368; x_wconf 76' lang='lat' dir='ltr'><strong>gravior.</strong></span> <span class='ocrx_word' id='word_1_173' title='bbox 2723 1298 2949 1364; x_wconf 81' lang='lat' dir='ltr'><strong>Accepit</strong></span> <span class='ocrx_word' id='word_1_174' title='bbox 2971 1297 3114 1351; x_wconf 91' lang='lat' dir='ltr'><strong>enim</strong></span> <span class='ocrx_word' id='word_1_175' title='bbox 3142 1295 3404 1350; x_wconf 85' lang='lat' dir='ltr'><strong>Sebasti:e</strong></span> 
     </span>
    </p>
   </div>
   <div class='ocr_carea' id='block_1_26' title="bbox 1843 1387 3403 1458">
    <p class='ocr_par' dir='ltr' id='par_1_26' title="bbox 1843 1387 3403 1458">
     <span class='ocr_line' id='line_1_26' title="bbox 1843 1387 3403 1458; baseline -0.003 -15"><span class='ocrx_word' id='word_1_176' title='bbox 1843 1389 2077 1451; x_wconf 88' lang='lat' dir='ltr'><strong>litteras,</strong></span> <span class='ocrx_word' id='word_1_177' title='bbox 2128 1388 2324 1458; x_wconf 87' lang='lat' dir='ltr'><strong>quibus</strong></span> <span class='ocrx_word' id='word_1_178' title='bbox 2375 1400 2659 1443; x_wconf 80' lang='lat' dir='ltr'><strong>venturum</strong></span> <span class='ocrx_word' id='word_1_179' title='bbox 2711 1404 2769 1442; x_wconf 91' lang='lat' dir='ltr'><strong>se</strong></span> <span class='ocrx_word' id='word_1_180' title='bbox 2818 1387 3082 1442; x_wconf 90' lang='lat' dir='ltr'><strong>Eusebius</strong></span> <span class='ocrx_word' id='word_1_181' title='bbox 3134 1389 3403 1456; x_wconf 67' lang='lat' dir='ltr'><strong>negabat,</strong></span> 
     </span>
    </p>
   </div>
   <div class='ocr_carea' id='block_1_27' title="bbox 1842 1479 3409 1553">
    <p class='ocr_par' dir='ltr' id='par_1_27' title="bbox 1842 1479 3409 1553">
     <span class='ocr_line' id='line_1_27' title="bbox 1842 1479 3409 1553; baseline -0.004 -15"><span class='ocrx_word' id='word_1_182' title='bbox 1842 1483 2131 1553; x_wconf 86' lang='lat' dir='ltr'><strong>statimque</strong></span> <span class='ocrx_word' id='word_1_183' title='bbox 2182 1480 2395 1536; x_wconf 77' lang='lat' dir='ltr'><strong>refrixit</strong></span> <span class='ocrx_word' id='word_1_184' title='bbox 2454 1481 2729 1551; x_wconf 86' lang='lat' dir='ltr'><strong>cupiditas</strong></span> <span class='ocrx_word' id='word_1_185' title='bbox 2760 1480 2923 1535; x_wconf 86' lang='lat' dir='ltr'><strong>eundi</strong></span> <span class='ocrx_word' id='word_1_186' title='bbox 2981 1479 3306 1549; x_wconf 79' lang='lat' dir='ltr'><strong>Nicopolim,</strong></span> <span class='ocrx_word' id='word_1_187' title='bbox 3352 1491 3409 1533; x_wconf 91' lang='lat' dir='ltr'><strong>ct</strong></span> 
     </span>
    </p>
   </div>
   <div class='ocr_carea' id='block_1_28' title="bbox 1843 1572 3406 1649">
    <p class='ocr_par' dir='ltr' id='par_1_28' title="bbox 1843 1572 3406 1649">
     <span class='ocr_line' id='line_1_28' title="bbox 1843 1572 3406 1649; baseline -0.001 -22"><span class='ocrx_word' id='word_1_188' title='bbox 1843 1576 2202 1649; x_wconf 80' lang='lat' dir='ltr'><strong>perfunctoria</strong></span> <span class='ocrx_word' id='word_1_189' title='bbox 2255 1574 2510 1629; x_wconf 83' lang='lat' dir='ltr'><strong>invitandi</strong></span> <span class='ocrx_word' id='word_1_190' title='bbox 2566 1574 2698 1627; x_wconf 87' lang='lat' dir='ltr'><strong>ratio</strong></span> <span class='ocrx_word' id='word_1_191' title='bbox 2738 1574 2977 1627; x_wconf 89' lang='lat' dir='ltr'><strong>animum</strong></span> <span class='ocrx_word' id='word_1_192' title='bbox 3033 1573 3216 1627; x_wconf 84' lang='lat' dir='ltr'><strong>subiit.</strong></span> <span class='ocrx_word' id='word_1_193' title='bbox 3269 1572 3406 1625; x_wconf 79' lang='lat' dir='ltr'><strong>Nam</strong></span> 
     </span>
    </p>
   </div>
   <div class='ocr_carea' id='block_1_29' title="bbox 1842 1665 3401 1738">
    <p class='ocr_par' dir='ltr' id='par_1_29' title="bbox 1842 1665 3401 1738">
     <span class='ocr_line' id='line_1_29' title="bbox 1842 1665 3401 1738; baseline -0.005 -13"><span class='ocrx_word' id='word_1_194' title='bbox 1842 1687 1962 1725; x_wconf 93' lang='lat' dir='ltr'><strong>cum</strong></span> <span class='ocrx_word' id='word_1_195' title='bbox 2007 1668 2240 1724; x_wconf 86' lang='lat' dir='ltr'><strong>Eusebio</strong></span> <span class='ocrx_word' id='word_1_196' title='bbox 2274 1683 2338 1723; x_wconf 91' lang='lat' dir='ltr'><strong>ne</strong></span> <span class='ocrx_word' id='word_1_197' title='bbox 2378 1668 2689 1738; x_wconf 88' lang='lat' dir='ltr'><strong>gravissima</strong></span> <span class='ocrx_word' id='word_1_198' title='bbox 2722 1665 2935 1735; x_wconf 88' lang='lat' dir='ltr'><strong>quidem</strong></span> <span class='ocrx_word' id='word_1_199' title='bbox 2970 1666 3280 1720; x_wconf 85' lang='lat' dir='ltr'><strong>discrimina</strong></span> <span class='ocrx_word' id='word_1_200' title='bbox 3316 1679 3401 1718; x_wconf 86' lang='lat' dir='ltr'><strong>re-</strong></span> 
     </span>
    </p>
   </div>
   <div class='ocr_carea' id='block_1_30' title="bbox 1843 1756 3411 1826">
    <p class='ocr_par' dir='ltr' id='par_1_30' title="bbox 1843 1756 3411 1826">
     <span class='ocr_line' id='line_1_30' title="bbox 1843 1756 3411 1826; baseline -0.003 -11"><span class='ocrx_word' id='word_1_201' title='bbox 1843 1761 2185 1824; x_wconf 88' lang='lat' dir='ltr'><strong>formidabat,</strong></span> <span class='ocrx_word' id='word_1_202' title='bbox 2217 1762 2335 1815; x_wconf 86' lang='lat' dir='ltr'><strong>sine</strong></span> <span class='ocrx_word' id='word_1_203' title='bbox 2366 1775 2431 1815; x_wconf 88' lang='lat' dir='ltr'><strong>eo</strong></span> <span class='ocrx_word' id='word_1_204' title='bbox 2471 1760 2553 1814; x_wconf 88' lang='lat' dir='ltr'><strong>vel</strong></span> <span class='ocrx_word' id='word_1_205' title='bbox 2603 1759 2892 1814; x_wconf 87' lang='lat' dir='ltr'><strong>levissimis</strong></span> <span class='ocrx_word' id='word_1_206' title='bbox 2920 1758 3093 1826; x_wconf 91' lang='lat' dir='ltr'><strong>impar</strong></span> <span class='ocrx_word' id='word_1_207' title='bbox 3126 1758 3226 1812; x_wconf 89' lang='lat' dir='ltr'><strong>sibi</strong></span> <span class='ocrx_word' id='word_1_208' title='bbox 3261 1756 3411 1810; x_wconf 75' lang='lat' dir='ltr'><strong>tide-</strong></span> 
     </span>
    </p>
   </div>
   <div class='ocr_carea' id='block_1_31' title="bbox 1841 1848 3407 1918">
    <p class='ocr_par' dir='ltr' id='par_1_31' title="bbox 1841 1848 3407 1918">
     <span class='ocr_line' id='line_1_31' title="bbox 1841 1848 3407 1918; baseline -0.004 -12"><span class='ocrx_word' id='word_1_209' title='bbox 1841 1852 2018 1907; x_wconf 87' lang='lat' dir='ltr'><strong>batur.</strong></span> <span class='ocrx_word' id='word_1_210' title='bbox 2055 1850 2232 1918; x_wconf 88' lang='lat' dir='ltr'><strong>Quare</strong></span> <span class='ocrx_word' id='word_1_211' title='bbox 2259 1851 2427 1905; x_wconf 88' lang='lat' dir='ltr'><strong>satius</strong></span> <span class='ocrx_word' id='word_1_212' title='bbox 2456 1864 2575 1905; x_wconf 92' lang='lat' dir='ltr'><strong>esse</strong></span> <span class='ocrx_word' id='word_1_213' title='bbox 2604 1850 2755 1904; x_wconf 92' lang='lat' dir='ltr'><strong>duxit</strong></span> <span class='ocrx_word' id='word_1_214' title='bbox 2786 1850 2988 1904; x_wconf 89' lang='lat' dir='ltr'><strong>omisso</strong></span> <span class='ocrx_word' id='word_1_215' title='bbox 3018 1850 3102 1902; x_wconf 90' lang='lat' dir='ltr'><strong>die</strong></span> <span class='ocrx_word' id='word_1_216' title='bbox 3143 1848 3280 1903; x_wconf 88' lang='lat' dir='ltr'><strong>festo</strong></span> <span class='ocrx_word' id='word_1_217' title='bbox 3309 1848 3407 1900; x_wconf 77' lang='lat' dir='ltr'><strong>Ni-</strong></span> 
     </span>
    </p>
   </div>
   <div class='ocr_carea' id='block_1_32' title="bbox 160 1926 3409 2013">
    <p class='ocr_par' dir='ltr' id='par_1_32' title="bbox 160 1926 3409 2013">
     <span class='ocr_line' id='line_1_32' title="bbox 160 1926 3409 2013; baseline 0.001 -21"><span class='ocrx_word' id='word_1_218' title='bbox 160 1954 330 1992; x_wconf 87' lang='lat' dir='ltr'><strong>causa</strong></span> <span class='ocrx_word' id='word_1_219' title='bbox 368 1954 472 1995; x_wconf 89' lang='lat' dir='ltr'><strong>nec</strong></span> <span class='ocrx_word' id='word_1_220' title='bbox 522 1940 753 1993; x_wconf 83' lang='lat' dir='ltr'><strong>laborem</strong></span> <span class='ocrx_word' id='word_1_221' title='bbox 797 1939 959 1993; x_wconf 89' lang='lat' dir='ltr'><strong>ullum</strong></span> <span class='ocrx_word' id='word_1_222' title='bbox 1006 1941 1435 2009; x_wconf 54' lang='lat' dir='ltr'><strong>praetermittere4</strong></span> <span class='ocrx_word' id='word_1_223' title='bbox 1486 1956 1586 1994; x_wconf 91' lang='lat' dir='ltr'><strong>non</strong></span> <span class='ocrx_word' id='word_1_224' title='bbox 1635 1940 1734 1993; x_wconf 77' lang='grc' dir='ltr'>διι-</span> <span class='ocrx_word' id='word_1_225' title='bbox 1767 1926 1809 1981; x_wconf 76' lang='grc' dir='ltr'><strong>Β</strong></span> <span class='ocrx_word' id='word_1_226' title='bbox 1838 1945 2065 2013; x_wconf 86' lang='lat' dir='ltr'><strong>copolim</strong></span> <span class='ocrx_word' id='word_1_227' title='bbox 2108 1944 2211 1999; x_wconf 83' lang='lat' dir='ltr'><strong>alio</strong></span> <span class='ocrx_word' id='word_1_228' title='bbox 2255 1953 2493 2011; x_wconf 87' lang='lat' dir='ltr'><strong>tempore</strong></span> <span class='ocrx_word' id='word_1_229' title='bbox 2526 1942 2813 2009; x_wconf 87' lang='lat' dir='ltr'><strong>proficisci,</strong></span> <span class='ocrx_word' id='word_1_230' title='bbox 2845 1950 3050 1996; x_wconf 91' lang='lat' dir='ltr'><strong>etcum</strong></span> <span class='ocrx_word' id='word_1_231' title='bbox 3091 1940 3301 1995; x_wconf 74' lang='lat' dir='ltr'><strong>Meletio</strong></span> <span class='ocrx_word' id='word_1_232' title='bbox 3341 1944 3409 1995; x_wconf 86' lang='lat' dir='ltr'><strong>de</strong></span> 
     </span>
    </p>
   </div>
   <div class='ocr_carea' id='block_1_33' title="bbox 162 2030 1735 2102">
    <p class='ocr_par' dir='ltr' id='par_1_33' title="bbox 162 2030 1735 2102">
     <span class='ocr_line' id='line_1_33' title="bbox 162 2030 1735 2102; baseline -0.003 -15"><span class='ocrx_word' id='word_1_233' title='bbox 162 2034 296 2090; x_wconf 89' lang='lat' dir='ltr'><strong>mile</strong></span> <span class='ocrx_word' id='word_1_234' title='bbox 341 2035 488 2087; x_wconf 89' lang='lat' dir='ltr'><strong>dictu</strong></span> <span class='ocrx_word' id='word_1_235' title='bbox 531 2034 817 2102; x_wconf 80' lang='lat' dir='ltr'><strong>quidquam</strong></span> <span class='ocrx_word' id='word_1_236' title='bbox 854 2042 943 2085; x_wconf 90' lang='lat' dir='ltr'><strong>aut</strong></span> <span class='ocrx_word' id='word_1_237' title='bbox 985 2030 1167 2095; x_wconf 83' lang='lat' dir='ltr'><strong>factu,</strong></span> <span class='ocrx_word' id='word_1_238' title='bbox 1218 2046 1320 2084; x_wconf 89' lang='lat' dir='ltr'><strong>non</strong></span> <span class='ocrx_word' id='word_1_239' title='bbox 1368 2032 1574 2085; x_wconf 89' lang='lat' dir='ltr'><strong>itineris</strong></span> <span class='ocrx_word' id='word_1_240' title='bbox 1617 2031 1735 2086; x_wconf 83' lang='lat' dir='ltr'><strong>ion-</strong></span> 
     </span>
    </p>
   </div>
   <div class='ocr_carea' id='block_1_34' title="bbox 162 2123 1731 2193">
    <p class='ocr_par' dir='ltr' id='par_1_34' title="bbox 162 2123 1731 2193">
     <span class='ocr_line' id='line_1_34' title="bbox 162 2123 1731 2193; baseline -0.001 -15"><span class='ocrx_word' id='word_1_241' title='bbox 162 2127 465 2193; x_wconf 75' lang='lat' dir='ltr'><strong>gitudittem</strong></span> <span class='ocrx_word' id='word_1_242' title='bbox 516 2128 716 2189; x_wconf 76' lang='lat' dir='ltr'><strong>vereri,</strong></span> <span class='ocrx_word' id='word_1_243' title='bbox 764 2139 867 2177; x_wconf 88' lang='lat' dir='ltr'><strong>non</strong></span> <span class='ocrx_word' id='word_1_244' title='bbox 924 2123 1213 2191; x_wconf 88' lang='lat' dir='ltr'><strong>quidquam</strong></span> <span class='ocrx_word' id='word_1_245' title='bbox 1269 2123 1410 2176; x_wconf 84' lang='lat' dir='ltr'><strong>aliud</strong></span> <span class='ocrx_word' id='word_1_246' title='bbox 1448 2124 1731 2178; x_wconf 88' lang='lat' dir='ltr'><strong>molestum</strong></span> 
     </span>
    </p>
   </div>
   <div class='ocr_carea' id='block_1_35' title="bbox 161 2214 1732 2286">
    <p class='ocr_par' dir='ltr' id='par_1_35' title="bbox 161 2214 1732 2286">
     <span class='ocr_line' id='line_1_35' title="bbox 161 2214 1732 2286; baseline 0 -18"><span class='ocrx_word' id='word_1_247' title='bbox 161 2219 453 2286; x_wconf 80' lang='lat' dir='ltr'><strong>refugere,</strong></span> <span class='ocrx_word' id='word_1_248' title='bbox 515 2226 571 2269; x_wconf 93' lang='lat' dir='ltr'><strong>ut</strong></span> <span class='ocrx_word' id='word_1_249' title='bbox 622 2215 916 2269; x_wconf 87' lang='lat' dir='ltr'><strong>mercedem</strong></span> <span class='ocrx_word' id='word_1_250' title='bbox 976 2214 1362 2283; x_wconf 77' lang='lat' dir='ltr'><strong>paciﬁcationis</strong></span> <span class='ocrx_word' id='word_1_251' title='bbox 1428 2230 1732 2285; x_wconf 87' lang='lat' dir='ltr'><strong>consequa-</strong></span> 
     </span>
    </p>
   </div>
   <div class='ocr_carea' id='block_1_36' title="bbox 164 2321 275 2363">
    <p class='ocr_par' dir='ltr' id='par_1_36' title="bbox 164 2321 275 2363">
     <span class='ocr_line' id='line_1_36' title="bbox 164 2321 275 2363; baseline 0 0"><span class='ocrx_word' id='word_1_252' title='bbox 164 2321 275 2363; x_wconf 73' lang='lat' dir='ltr'><strong>tur.</strong></span> 
     </span>
    </p>
   </div>
   <div class='ocr_carea' id='block_1_37' title="bbox 239 2399 1738 2472">
    <p class='ocr_par' dir='ltr' id='par_1_37' title="bbox 239 2399 1738 2472">
     <span class='ocr_line' id='line_1_37' title="bbox 239 2399 1738 2472; baseline -0.003 -16"><span class='ocrx_word' id='word_1_253' title='bbox 239 2404 325 2459; x_wconf 74' lang='lat' dir='ltr'><strong>Vl.</strong></span> <span class='ocrx_word' id='word_1_254' title='bbox 368 2402 555 2457; x_wconf 84' lang='lat' dir='ltr'><strong>Basilii</strong></span> <span class='ocrx_word' id='word_1_255' title='bbox 603 2416 722 2457; x_wconf 86' lang='lat' dir='ltr'><strong>cum</strong></span> <span class='ocrx_word' id='word_1_256' title='bbox 783 2400 1129 2472; x_wconf 58' lang='lat' dir='ltr'><strong>Cappadociae</strong></span> <span class='ocrx_word' id='word_1_257' title='bbox 1172 2403 1420 2458; x_wconf 64' lang='lat' dir='ltr'><strong>secunda</strong></span> <span class='ocrx_word' id='word_1_258' title='bbox 1473 2399 1738 2471; x_wconf 85' lang='lat' dir='ltr'><strong>episcopis</strong></span> 
     </span>
    </p>
   </div>
   <div class='ocr_carea' id='block_1_38' title="bbox 163 2492 1732 2568">
    <p class='ocr_par' dir='ltr' id='par_1_38' title="bbox 163 2492 1732 2568">
     <span class='ocr_line' id='line_1_38' title="bbox 163 2492 1732 2568; baseline -0.003 -19"><span class='ocrx_word' id='word_1_259' title='bbox 163 2497 481 2568; x_wconf 76' lang='lat' dir='ltr'><strong>congressui</strong></span> <span class='ocrx_word' id='word_1_260' title='bbox 513 2512 687 2552; x_wconf 83' lang='lat' dir='ltr'><strong>moras</strong></span> <span class='ocrx_word' id='word_1_261' title='bbox 715 2498 891 2551; x_wconf 78' lang='lat' dir='ltr'><strong>attulit</strong></span> <span class='ocrx_word' id='word_1_262' title='bbox 920 2498 1021 2551; x_wconf 89' lang='lat' dir='ltr'><strong>iter</strong></span> <span class='ocrx_word' id='word_1_263' title='bbox 1056 2498 1105 2551; x_wconf 93' lang='lat' dir='ltr'><strong>in</strong></span> <span class='ocrx_word' id='word_1_264' title='bbox 1129 2494 1461 2550; x_wconf 80' lang='lat' dir='ltr'><strong>Armeniam.</strong></span> <span class='ocrx_word' id='word_1_265' title='bbox 1493 2492 1732 2547; x_wconf 82' lang='lat' dir='ltr'><strong>Vocatus</strong></span> 
     </span>
    </p>
   </div>
   <div class='ocr_carea' id='block_1_39' title="bbox 165 2580 1734 2643">
    <p class='ocr_par' dir='ltr' id='par_1_39' title="bbox 165 2580 1734 2643">
     <span class='ocr_line' id='line_1_39' title="bbox 165 2580 1734 2643; baseline -0.005 -2"><span class='ocrx_word' id='word_1_266' title='bbox 165 2589 338 2643; x_wconf 82' lang='lat' dir='ltr'><strong>fuerat</strong></span> <span class='ocrx_word' id='word_1_267' title='bbox 390 2586 626 2643; x_wconf 84' lang='lat' dir='ltr'><strong>Basilius</strong></span> <span class='ocrx_word' id='word_1_268' title='bbox 665 2604 693 2642; x_wconf 93' lang='lat' dir='ltr'><strong>a</strong></span> <span class='ocrx_word' id='word_1_269' title='bbox 725 2588 782 2643; x_wconf 91' lang='lat' dir='ltr'><strong>S.</strong></span> <span class='ocrx_word' id='word_1_270' title='bbox 815 2587 1025 2642; x_wconf 82' lang='lat' dir='ltr'><strong>Meletio</strong></span> <span class='ocrx_word' id='word_1_271' title='bbox 1073 2597 1128 2642; x_wconf 92' lang='lat' dir='ltr'><strong>et</strong></span> <span class='ocrx_word' id='word_1_272' title='bbox 1162 2584 1436 2639; x_wconf 84' lang='lat' dir='ltr'><strong>Theodoto</strong></span> <span class='ocrx_word' id='word_1_273' title='bbox 1477 2582 1541 2634; x_wconf 87' lang='lat' dir='ltr'><strong>ad</strong></span> <span class='ocrx_word' id='word_1_274' title='bbox 1593 2580 1734 2635; x_wconf 84' lang='lat' dir='ltr'><strong>diem</strong></span> 
     </span>
    </p>
   </div>
   <div class='ocr_carea' id='block_1_40' title="bbox 163 2670 1730 2739">
    <p class='ocr_par' dir='ltr' id='par_1_40' title="bbox 163 2670 1730 2739">
     <span class='ocr_line' id='line_1_40' title="bbox 163 2670 1730 2739; baseline -0.008 -4"><span class='ocrx_word' id='word_1_275' title='bbox 163 2681 363 2735; x_wconf 75' lang='lat' dir='ltr'><strong>festum</strong></span> <span class='ocrx_word' id='word_1_276' title='bbox 399 2682 575 2735; x_wconf 90' lang='lat' dir='ltr'><strong>medio</strong></span> <span class='ocrx_word' id='word_1_277' title='bbox 612 2695 793 2735; x_wconf 90' lang='lat' dir='ltr'><strong>mense</strong></span> <span class='ocrx_word' id='word_1_278' title='bbox 819 2679 977 2733; x_wconf 81' lang='lat' dir='ltr'><strong>Junio</strong></span> <span class='ocrx_word' id='word_1_279' title='bbox 1004 2676 1400 2739; x_wconf 87' lang='lat' dir='ltr'><strong>celebrandum,</strong></span> <span class='ocrx_word' id='word_1_280' title='bbox 1440 2682 1493 2727; x_wconf 84' lang='grc' dir='ltr'><strong>ιιι</strong></span> <span class='ocrx_word' id='word_1_281' title='bbox 1522 2672 1588 2727; x_wconf 91' lang='lat' dir='ltr'><strong>de</strong></span> <span class='ocrx_word' id='word_1_282' title='bbox 1624 2670 1730 2724; x_wconf 83' lang='lat' dir='ltr'><strong>Eu-</strong></span> 
     </span>
    </p>
   </div>
   <div class='ocr_carea' id='block_1_41' title="bbox 164 2763 1730 2835">
    <p class='ocr_par' dir='ltr' id='par_1_41' title="bbox 164 2763 1730 2835">
     <span class='ocr_line' id='line_1_41' title="bbox 164 2763 1730 2835; baseline -0.006 -6"><span class='ocrx_word' id='word_1_283' title='bbox 164 2774 362 2829; x_wconf 82' lang='lat' dir='ltr'><strong>stathio</strong></span> <span class='ocrx_word' id='word_1_284' title='bbox 391 2783 444 2826; x_wconf 92' lang='lat' dir='ltr'><strong>et</strong></span> <span class='ocrx_word' id='word_1_285' title='bbox 480 2771 658 2827; x_wconf 82' lang='lat' dir='ltr'><strong>Basilii</strong></span> <span class='ocrx_word' id='word_1_286' title='bbox 685 2785 802 2824; x_wconf 89' lang='lat' dir='ltr'><strong>cum</strong></span> <span class='ocrx_word' id='word_1_287' title='bbox 835 2782 898 2821; x_wconf 89' lang='lat' dir='ltr'><strong>eo</strong></span> <span class='ocrx_word' id='word_1_288' title='bbox 928 2766 1327 2830; x_wconf 87' lang='lat' dir='ltr'><strong>communione,</strong></span> <span class='ocrx_word' id='word_1_289' title='bbox 1360 2781 1479 2835; x_wconf 72' lang='lat' dir='ltr'><strong>qua:</strong></span> <span class='ocrx_word' id='word_1_290' title='bbox 1531 2763 1730 2819; x_wconf 89' lang='lat' dir='ltr'><strong>multos</strong></span> 
     </span>
    </p>
   </div>
   <div class='ocr_carea' id='block_1_42' title="bbox 164 2858 1734 2931">
    <p class='ocr_par' dir='ltr' id='par_1_42' title="bbox 164 2858 1734 2931">
     <span class='ocr_line' id='line_1_42' title="bbox 164 2858 1734 2931; baseline -0.004 -12"><span class='ocrx_word' id='word_1_291' title='bbox 164 2866 413 2930; x_wconf 60' lang='lat' dir='ltr'><strong>lmdebat,</strong></span> <span class='ocrx_word' id='word_1_292' title='bbox 446 2863 645 2931; x_wconf 89' lang='lat' dir='ltr'><strong>aliquid</strong></span> <span class='ocrx_word' id='word_1_293' title='bbox 674 2860 833 2915; x_wconf 79' lang='lat' dir='ltr'><strong>statui</strong></span> <span class='ocrx_word' id='word_1_294' title='bbox 860 2869 1057 2929; x_wconf 79' lang='lat' dir='ltr'><strong>posset.</strong></span> <span class='ocrx_word' id='word_1_295' title='bbox 1082 2858 1363 2915; x_wconf 88' lang='lat' dir='ltr'><strong>Sentiebat</strong></span> <span class='ocrx_word' id='word_1_296' title='bbox 1404 2873 1603 2926; x_wconf 78' lang='lat' dir='ltr'><strong>magno</strong></span> <span class='ocrx_word' id='word_1_297' title='bbox 1633 2858 1734 2913; x_wconf 71' lang='lat' dir='ltr'><strong>sibi</strong></span> 
     </span>
    </p>
   </div>
   <div class='ocr_carea' id='block_1_43' title="bbox 168 2950 1728 3022">
    <p class='ocr_par' dir='ltr' id='par_1_43' title="bbox 168 2950 1728 3022">
     <span class='ocr_line' id='line_1_43' title="bbox 168 2950 1728 3022; baseline -0.007 -10"><span class='ocrx_word' id='word_1_298' title='bbox 168 2960 269 3012; x_wconf 87' lang='lat' dir='ltr'><strong>hac</strong></span> <span class='ocrx_word' id='word_1_299' title='bbox 308 2958 361 3009; x_wconf 92' lang='lat' dir='ltr'><strong>in</strong></span> <span class='ocrx_word' id='word_1_300' title='bbox 406 2970 465 3008; x_wconf 89' lang='lat' dir='ltr'><strong>re</strong></span> <span class='ocrx_word' id='word_1_301' title='bbox 503 2952 751 3022; x_wconf 69' lang='lat' dir='ltr'><strong>prmsidio</strong></span> <span class='ocrx_word' id='word_1_302' title='bbox 781 2950 1015 3005; x_wconf 90' lang='lat' dir='ltr'><strong>futurum</strong></span> <span class='ocrx_word' id='word_1_303' title='bbox 1046 2950 1333 3006; x_wconf 83' lang='lat' dir='ltr'><strong>Eusebium</strong></span> <span class='ocrx_word' id='word_1_304' title='bbox 1382 2950 1728 3003; x_wconf 86' lang='lat' dir='ltr'><strong>Samosaten-</strong></span> 
     </span>
    </p>
   </div>
   <div class='ocr_carea' id='block_1_44' title="bbox 169 3039 1734 3106">
    <p class='ocr_par' dir='ltr' id='par_1_44' title="bbox 169 3039 1734 3106">
     <span class='ocr_line' id='line_1_44' title="bbox 169 3039 1734 3106; baseline -0.006 -4"><span class='ocrx_word' id='word_1_305' title='bbox 169 3064 299 3102; x_wconf 88' lang='lat' dir='ltr'><strong>sem.</strong></span> <span class='ocrx_word' id='word_1_306' title='bbox 341 3046 393 3101; x_wconf 86' lang='lat' dir='ltr'><strong>is</strong></span> <span class='ocrx_word' id='word_1_307' title='bbox 420 3045 566 3099; x_wconf 89' lang='lat' dir='ltr'><strong>enim</strong></span> <span class='ocrx_word' id='word_1_308' title='bbox 613 3059 734 3099; x_wconf 91' lang='lat' dir='ltr'><strong>cum</strong></span> <span class='ocrx_word' id='word_1_309' title='bbox 784 3043 989 3099; x_wconf 84' lang='lat' dir='ltr'><strong>amicus</strong></span> <span class='ocrx_word' id='word_1_310' title='bbox 1024 3052 1141 3097; x_wconf 88' lang='lat' dir='ltr'><strong>erat</strong></span> <span class='ocrx_word' id='word_1_311' title='bbox 1169 3039 1483 3102; x_wconf 77' lang='lat' dir='ltr'><strong>Eustathio,’</strong></span> <span class='ocrx_word' id='word_1_312' title='bbox 1510 3041 1611 3106; x_wconf 87' lang='lat' dir='ltr'><strong>vir,</strong></span> <span class='ocrx_word' id='word_1_313' title='bbox 1648 3040 1734 3094; x_wconf 88' lang='lat' dir='ltr'><strong>iti-</strong></span> 
     </span>
    </p>
   </div>
   <div class='ocr_carea' id='block_1_45' title="bbox 170 3134 1736 3208">
    <p class='ocr_par' dir='ltr' id='par_1_45' title="bbox 170 3134 1736 3208">
     <span class='ocr_line' id='line_1_45' title="bbox 170 3134 1736 3208; baseline -0.005 -13"><span class='ocrx_word' id='word_1_314' title='bbox 170 3146 284 3197; x_wconf 88' lang='lat' dir='ltr'><strong>dem</strong></span> <span class='ocrx_word' id='word_1_315' title='bbox 312 3149 374 3195; x_wconf 90' lang='lat' dir='ltr'><strong>ut</strong></span> <span class='ocrx_word' id='word_1_316' title='bbox 404 3138 654 3203; x_wconf 88' lang='lat' dir='ltr'><strong>Basilius,</strong></span> <span class='ocrx_word' id='word_1_317' title='bbox 689 3138 973 3208; x_wconf 87' lang='lat' dir='ltr'><strong>probitatis</strong></span> <span class='ocrx_word' id='word_1_318' title='bbox 1009 3138 1225 3191; x_wconf 86' lang='lat' dir='ltr'><strong>minime</strong></span> <span class='ocrx_word' id='word_1_319' title='bbox 1249 3134 1593 3203; x_wconf 64' lang='lat' dir='ltr'><strong>suspiciosae;</strong></span> <span class='ocrx_word' id='word_1_320' title='bbox 1626 3140 1736 3188; x_wconf 90' lang='lat' dir='ltr'><strong>tum</strong></span> 
     </span>
    </p>
   </div>
   <div class='ocr_carea' id='block_1_46' title="bbox 170 3228 1733 3300">
    <p class='ocr_par' dir='ltr' id='par_1_46' title="bbox 170 3228 1733 3300">
     <span class='ocr_line' id='line_1_46' title="bbox 170 3228 1733 3300; baseline -0.002 -18"><span class='ocrx_word' id='word_1_321' title='bbox 170 3249 295 3288; x_wconf 67' lang='lat' dir='ltr'><strong>vero</strong></span> <span class='ocrx_word' id='word_1_322' title='bbox 330 3247 492 3287; x_wconf 90' lang='lat' dir='ltr'><strong>nemo</strong></span> <span class='ocrx_word' id='word_1_323' title='bbox 528 3231 699 3300; x_wconf 81' lang='lat' dir='ltr'><strong>magis</strong></span> <span class='ocrx_word' id='word_1_324' title='bbox 735 3230 975 3294; x_wconf 92' lang='lat' dir='ltr'><strong>idoneus,</strong></span> <span class='ocrx_word' id='word_1_325' title='bbox 1003 3228 1092 3296; x_wconf 87' lang='lat' dir='ltr'><strong>qui</strong></span> <span class='ocrx_word' id='word_1_326' title='bbox 1130 3242 1227 3295; x_wconf 90' lang='lat' dir='ltr'><strong>pro</strong></span> <span class='ocrx_word' id='word_1_327' title='bbox 1254 3240 1463 3279; x_wconf 84' lang='lat' dir='ltr'><strong>summa</strong></span> <span class='ocrx_word' id='word_1_328' title='bbox 1500 3240 1594 3281; x_wconf 90' lang='lat' dir='ltr'><strong>sua</strong></span> <span class='ocrx_word' id='word_1_329' title='bbox 1636 3240 1733 3281; x_wconf 82' lang='lat' dir='ltr'><strong>su-</strong></span> 
     </span>
    </p>
   </div>
   <div class='ocr_carea' id='block_1_47' title="bbox 175 3317 1732 3380">
    <p class='ocr_par' dir='ltr' id='par_1_47' title="bbox 175 3317 1732 3380">
     <span class='ocr_line' id='line_1_47' title="bbox 175 3317 1732 3380; baseline -0.005 0"><span class='ocrx_word' id='word_1_330' title='bbox 175 3328 421 3380; x_wconf 87' lang='lat' dir='ltr'><strong>ctoritate</strong></span> <span class='ocrx_word' id='word_1_331' title='bbox 463 3334 519 3376; x_wconf 92' lang='lat' dir='ltr'><strong>et</strong></span> <span class='ocrx_word' id='word_1_332' title='bbox 568 3320 820 3375; x_wconf 82' lang='lat' dir='ltr'><strong>maximis</strong></span> <span class='ocrx_word' id='word_1_333' title='bbox 864 3321 930 3375; x_wconf 90' lang='lat' dir='ltr'><strong>de</strong></span> <span class='ocrx_word' id='word_1_334' title='bbox 985 3320 1041 3373; x_wconf 81' lang='lat' dir='ltr'><strong>S.</strong></span> <span class='ocrx_word' id='word_1_335' title='bbox 1089 3317 1300 3372; x_wconf 77' lang='lat' dir='ltr'><strong>Meletio</strong></span> <span class='ocrx_word' id='word_1_336' title='bbox 1357 3333 1423 3373; x_wconf 87' lang='lat' dir='ltr'><strong>ac</strong></span> <span class='ocrx_word' id='word_1_337' title='bbox 1487 3319 1732 3373; x_wconf 86' lang='lat' dir='ltr'><strong>universa</strong></span> 
     </span>
    </p>
   </div>
   <div class='ocr_carea' id='block_1_48' title="bbox 175 3410 1733 3480">
    <p class='ocr_par' dir='ltr' id='par_1_48' title="bbox 175 3410 1733 3480">
     <span class='ocr_line' id='line_1_48' title="bbox 175 3410 1733 3480; baseline -0.004 -9"><span class='ocrx_word' id='word_1_338' title='bbox 175 3415 404 3471; x_wconf 77' lang='lat' dir='ltr'><strong>Ecclesia</strong></span> <span class='ocrx_word' id='word_1_339' title='bbox 446 3410 656 3467; x_wconf 87' lang='lat' dir='ltr'><strong>meritis</strong></span> <span class='ocrx_word' id='word_1_340' title='bbox 706 3410 916 3479; x_wconf 90' lang='lat' dir='ltr'><strong>iniquas</strong></span> <span class='ocrx_word' id='word_1_341' title='bbox 973 3410 1309 3480; x_wconf 84' lang='lat' dir='ltr'><strong>suspiciones</strong></span> <span class='ocrx_word' id='word_1_342' title='bbox 1344 3419 1733 3479; x_wconf 89' lang='lat' dir='ltr'><strong>compesceret.</strong></span> 
     </span>
    </p>
   </div>
   <div class='ocr_carea' id='block_1_49' title="bbox 176 3500 1737 3575">
    <p class='ocr_par' dir='ltr' id='par_1_49' title="bbox 176 3500 1737 3575">
     <span class='ocr_line' id='line_1_49' title="bbox 176 3500 1737 3575; baseline -0.004 -14"><span class='ocrx_word' id='word_1_343' title='bbox 176 3508 478 3575; x_wconf 86' lang='lat' dir='ltr'><strong>Scripserat</strong></span> <span class='ocrx_word' id='word_1_344' title='bbox 504 3504 570 3559; x_wconf 87' lang='lat' dir='ltr'><strong>ad</strong></span> <span class='ocrx_word' id='word_1_345' title='bbox 604 3516 725 3558; x_wconf 92' lang='lat' dir='ltr'><strong>eum</strong></span> <span class='ocrx_word' id='word_1_346' title='bbox 757 3502 985 3557; x_wconf 79' lang='lat' dir='ltr'><strong>Basilius</strong></span> <span class='ocrx_word' id='word_1_347' title='bbox 1034 3501 1251 3571; x_wconf 77' lang='lat' dir='ltr'><strong>triginta</strong></span> <span class='ocrx_word' id='word_1_348' title='bbox 1299 3500 1472 3554; x_wconf 88' lang='lat' dir='ltr'><strong>tribus</strong></span> <span class='ocrx_word' id='word_1_349' title='bbox 1503 3510 1626 3555; x_wconf 90' lang='lat' dir='ltr'><strong>ante</strong></span> <span class='ocrx_word' id='word_1_350' title='bbox 1659 3500 1737 3556; x_wconf 87' lang='lat' dir='ltr'><strong>fe-</strong></span> 
     </span>
    </p>
   </div>
   <div class='ocr_carea' id='block_1_50' title="bbox 171 3594 1735 3664">
    <p class='ocr_par' dir='ltr' id='par_1_50' title="bbox 171 3594 1735 3664">
     <span class='ocr_line' id='line_1_50' title="bbox 171 3594 1735 3664; baseline -0.006 -9"><span class='ocrx_word' id='word_1_351' title='bbox 171 3610 306 3656; x_wconf 80' lang='lat' dir='ltr'><strong>stum</strong></span> <span class='ocrx_word' id='word_1_352' title='bbox 335 3599 557 3664; x_wconf 89' lang='lat' dir='ltr'><strong>diebus;</strong></span> <span class='ocrx_word' id='word_1_353' title='bbox 594 3596 687 3651; x_wconf 88' lang='lat' dir='ltr'><strong>sed</strong></span> <span class='ocrx_word' id='word_1_354' title='bbox 719 3610 841 3651; x_wconf 92' lang='lat' dir='ltr'><strong>eum</strong></span> <span class='ocrx_word' id='word_1_355' title='bbox 888 3609 1108 3648; x_wconf 75' lang='lat' dir='ltr'><strong>summa:</strong></span> <span class='ocrx_word' id='word_1_356' title='bbox 1138 3602 1317 3648; x_wconf 86' lang='lat' dir='ltr'><strong>essent</strong></span> <span class='ocrx_word' id='word_1_357' title='bbox 1352 3594 1607 3663; x_wconf 82' lang='lat' dir='ltr'><strong>temporis</strong></span> <span class='ocrx_word' id='word_1_358' title='bbox 1635 3608 1735 3646; x_wconf 89' lang='lat' dir='ltr'><strong>an-</strong></span> 
     </span>
    </p>
   </div>
   <div class='ocr_carea' id='block_1_51' title="bbox 172 3684 1731 3763">
    <p class='ocr_par' dir='ltr' id='par_1_51' title="bbox 172 3684 1731 3763">
     <span class='ocr_line' id='line_1_51' title="bbox 172 3684 1731 3763; baseline -0.006 -18"><span class='ocrx_word' id='word_1_359' title='bbox 172 3694 380 3763; x_wconf 73' lang='lat' dir='ltr'><strong>gustiae,</strong></span> <span class='ocrx_word' id='word_1_360' title='bbox 431 3700 720 3757; x_wconf 83' lang='lat' dir='ltr'><strong>antequam</strong></span> <span class='ocrx_word' id='word_1_361' title='bbox 773 3701 1028 3755; x_wconf 86' lang='lat' dir='ltr'><strong>responsa</strong></span> <span class='ocrx_word' id='word_1_362' title='bbox 1086 3684 1383 3738; x_wconf 85' lang='lat' dir='ltr'><strong>Satnosatis</strong></span> <span class='ocrx_word' id='word_1_363' title='bbox 1433 3684 1731 3753; x_wconf 86' lang='lat' dir='ltr'><strong>acciperet,</strong></span> 
     </span>
    </p>
   </div>
   <div class='ocr_carea' id='block_1_52' title="bbox 167 3775 1731 3845">
    <p class='ocr_par' dir='ltr' id='par_1_52' title="bbox 167 3775 1731 3845">
     <span class='ocr_line' id='line_1_52' title="bbox 167 3775 1731 3845; baseline -0.004 -9"><span class='ocrx_word' id='word_1_364' title='bbox 167 3784 263 3836; x_wconf 68' lang='lat' dir='ltr'><strong>via:</strong></span> <span class='ocrx_word' id='word_1_365' title='bbox 289 3796 347 3836; x_wconf 87' lang='lat' dir='ltr'><strong>se</strong></span> <span class='ocrx_word' id='word_1_366' title='bbox 373 3780 669 3840; x_wconf 82' lang='lat' dir='ltr'><strong>commisit,</strong></span> <span class='ocrx_word' id='word_1_367' title='bbox 700 3788 757 3831; x_wconf 92' lang='lat' dir='ltr'><strong>ut</strong></span> <span class='ocrx_word' id='word_1_368' title='bbox 786 3777 851 3829; x_wconf 90' lang='lat' dir='ltr'><strong>ad</strong></span> <span class='ocrx_word' id='word_1_369' title='bbox 880 3776 1021 3829; x_wconf 90' lang='lat' dir='ltr'><strong>diem</strong></span> <span class='ocrx_word' id='word_1_370' title='bbox 1050 3784 1234 3845; x_wconf 84' lang='lat' dir='ltr'><strong>posset</strong></span> <span class='ocrx_word' id='word_1_371' title='bbox 1264 3775 1526 3829; x_wconf 91' lang='lat' dir='ltr'><strong>indictum</strong></span> <span class='ocrx_word' id='word_1_372' title='bbox 1556 3776 1731 3829; x_wconf 88' lang='lat' dir='ltr'><strong>locum</strong></span> 
     </span>
    </p>
   </div>
   <div class='ocr_carea' id='block_1_53' title="bbox 168 3863 1735 3940">
    <p class='ocr_par' dir='ltr' id='par_1_53' title="bbox 168 3863 1735 3940">
     <span class='ocr_line' id='line_1_53' title="bbox 168 3863 1735 3940; baseline -0.002 -16"><span class='ocrx_word' id='word_1_373' title='bbox 168 3870 395 3940; x_wconf 82' lang='lat' dir='ltr'><strong>assequi.</strong></span> <span class='ocrx_word' id='word_1_374' title='bbox 428 3866 839 3922; x_wconf 83' lang='lat' dir='ltr'><strong>Transeundum</strong></span> <span class='ocrx_word' id='word_1_375' title='bbox 874 3875 1049 3921; x_wconf 88' lang='lat' dir='ltr'><strong>autem</strong></span> <span class='ocrx_word' id='word_1_376' title='bbox 1095 3863 1342 3919; x_wconf 85' lang='lat' dir='ltr'><strong>Sebastia</strong></span> <span class='ocrx_word' id='word_1_377' title='bbox 1393 3864 1520 3930; x_wconf 85' lang='lat' dir='ltr'><strong>fuit,</strong></span> <span class='ocrx_word' id='word_1_378' title='bbox 1552 3866 1735 3935; x_wconf 85' lang='lat' dir='ltr'><strong>ibique</strong></span> 
     </span>
    </p>
   </div>
   <div class='ocr_carea' id='block_1_54' title="bbox 168 3960 1732 4026">
    <p class='ocr_par' dir='ltr' id='par_1_54' title="bbox 168 3960 1732 4026">
     <span class='ocr_line' id='line_1_54' title="bbox 168 3960 1732 4026; baseline -0.002 -10"><span class='ocrx_word' id='word_1_379' title='bbox 168 3960 639 4026; x_wconf 83' lang='lat' dir='ltr'><strong>commorandum,</strong></span> <span class='ocrx_word' id='word_1_380' title='bbox 685 3969 740 4015; x_wconf 88' lang='lat' dir='ltr'><strong>ut</strong></span> <span class='ocrx_word' id='word_1_381' title='bbox 772 3962 838 4017; x_wconf 90' lang='lat' dir='ltr'><strong>de</strong></span> <span class='ocrx_word' id='word_1_382' title='bbox 879 3960 1143 4016; x_wconf 86' lang='lat' dir='ltr'><strong>Eustathii</strong></span> <span class='ocrx_word' id='word_1_383' title='bbox 1194 3961 1297 4017; x_wconf 85' lang='lat' dir='ltr'><strong>fide</strong></span> <span class='ocrx_word' id='word_1_384' title='bbox 1344 3971 1490 4015; x_wconf 91' lang='lat' dir='ltr'><strong>certa</strong></span> <span class='ocrx_word' id='word_1_385' title='bbox 1539 3960 1732 4015; x_wconf 90' lang='lat' dir='ltr'><strong>indicia</strong></span> 
     </span>
    </p>
   </div>
   <div class='ocr_carea' id='block_1_55' title="bbox 166 4051 1732 4125">
    <p class='ocr_par' dir='ltr' id='par_1_55' title="bbox 166 4051 1732 4125">
     <span class='ocr_line' id='line_1_55' title="bbox 166 4051 1732 4125; baseline -0.004 -14"><span class='ocrx_word' id='word_1_386' title='bbox 166 4054 461 4125; x_wconf 77' lang='lat' dir='ltr'><strong>Nicopolim</strong></span> <span class='ocrx_word' id='word_1_387' title='bbox 508 4051 892 4124; x_wconf 88' lang='lat' dir='ltr'><strong>perferrentur.</strong></span> <span class='ocrx_word' id='word_1_388' title='bbox 923 4054 1000 4108; x_wconf 79' lang='lat' dir='ltr'><strong>Ac</strong></span> <span class='ocrx_word' id='word_1_389' title='bbox 1041 4054 1246 4121; x_wconf 88' lang='lat' dir='ltr'><strong>primus</strong></span> <span class='ocrx_word' id='word_1_390' title='bbox 1290 4054 1501 4121; x_wconf 87' lang='lat' dir='ltr'><strong>quidem</strong></span> <span class='ocrx_word' id='word_1_391' title='bbox 1538 4052 1651 4105; x_wconf 90' lang='lat' dir='ltr'><strong>dies</strong></span> <span class='ocrx_word' id='word_1_392' title='bbox 1682 4054 1732 4104; x_wconf 92' lang='lat' dir='ltr'><strong>in</strong></span> 
     </span>
    </p>
   </div>
   <div class='ocr_carea' id='block_1_56' title="bbox 169 4142 1730 4213">
    <p class='ocr_par' dir='ltr' id='par_1_56' title="bbox 169 4142 1730 4213">
     <span class='ocr_line' id='line_1_56' title="bbox 169 4142 1730 4213; baseline -0.001 -15"><span class='ocrx_word' id='word_1_393' title='bbox 169 4146 489 4213; x_wconf 86' lang='lat' dir='ltr'><strong>disputando</strong></span> <span class='ocrx_word' id='word_1_394' title='bbox 544 4145 844 4213; x_wconf 89' lang='lat' dir='ltr'><strong>insumptus</strong></span> <span class='ocrx_word' id='word_1_395' title='bbox 879 4142 1072 4196; x_wconf 91' lang='lat' dir='ltr'><strong>nullam</strong></span> <span class='ocrx_word' id='word_1_396' title='bbox 1108 4154 1308 4195; x_wconf 88' lang='lat' dir='ltr'><strong>certam</strong></span> <span class='ocrx_word' id='word_1_397' title='bbox 1360 4142 1547 4197; x_wconf 84' lang='lat' dir='ltr'><strong>habuit</strong></span> <span class='ocrx_word' id='word_1_398' title='bbox 1595 4157 1730 4197; x_wconf 89' lang='lat' dir='ltr'><strong>con-</strong></span> 
     </span>
    </p>
   </div>
   <div class='ocr_carea' id='block_1_57' title="bbox 166 4234 1732 4303">
    <p class='ocr_par' dir='ltr' id='par_1_57' title="bbox 166 4234 1732 4303">
     <span class='ocr_line' id='line_1_57' title="bbox 166 4234 1732 4303; baseline -0.003 -11"><span class='ocrx_word' id='word_1_399' title='bbox 166 4238 480 4292; x_wconf 88' lang='lat' dir='ltr'><strong>clusionem.</strong></span> <span class='ocrx_word' id='word_1_400' title='bbox 502 4235 575 4289; x_wconf 80' lang='lat' dir='ltr'><strong>At</strong></span> <span class='ocrx_word' id='word_1_401' title='bbox 600 4234 874 4303; x_wconf 87' lang='lat' dir='ltr'><strong>postridie,</strong></span> <span class='ocrx_word' id='word_1_402' title='bbox 906 4235 1150 4303; x_wconf 85' lang='lat' dir='ltr'><strong>quamvis</strong></span> <span class='ocrx_word' id='word_1_403' title='bbox 1186 4235 1383 4289; x_wconf 80' lang='lat' dir='ltr'><strong>Basilio</strong></span> <span class='ocrx_word' id='word_1_404' title='bbox 1416 4236 1732 4291; x_wconf 82' lang='lat' dir='ltr'><strong>accessisset</strong></span> 
     </span>
    </p>
   </div>
   <div class='ocr_carea' id='block_1_58' title="bbox 169 4326 1730 4397">
    <p class='ocr_par' dir='ltr' id='par_1_58' title="bbox 169 4326 1730 4397">
     <span class='ocr_line' id='line_1_58' title="bbox 169 4326 1730 4397; baseline 0.001 -17"><span class='ocrx_word' id='word_1_405' title='bbox 169 4330 460 4383; x_wconf 74' lang='lat' dir='ltr'><strong>vehemens</strong></span> <span class='ocrx_word' id='word_1_406' title='bbox 491 4328 852 4391; x_wconf 77' lang='lat' dir='ltr'><strong>adversarius,</strong></span> <span class='ocrx_word' id='word_1_407' title='bbox 885 4326 1187 4381; x_wconf 66' lang='lat' dir='ltr'><strong>Poemenius</strong></span> <span class='ocrx_word' id='word_1_408' title='bbox 1218 4328 1476 4382; x_wconf 77' lang='lat' dir='ltr'><strong>Sebastire</strong></span> <span class='ocrx_word' id='word_1_409' title='bbox 1510 4328 1730 4397; x_wconf 81' lang='lat' dir='ltr'><strong>presby-</strong></span> 
     </span>
    </p>
   </div>
   <div class='ocr_carea' id='block_1_59' title="bbox 168 4414 1735 4487">
    <p class='ocr_par' dir='ltr' id='par_1_59' title="bbox 168 4414 1735 4487">
     <span class='ocr_line' id='line_1_59' title="bbox 168 4414 1735 4487; baseline -0.001 -14"><span class='ocrx_word' id='word_1_410' title='bbox 168 4430 283 4485; x_wconf 86' lang='lat' dir='ltr'><strong>ter;</strong></span> <span class='ocrx_word' id='word_1_411' title='bbox 334 4420 413 4474; x_wconf 83' lang='lat' dir='ltr'><strong>sic</strong></span> <span class='ocrx_word' id='word_1_412' title='bbox 482 4426 663 4472; x_wconf 88' lang='lat' dir='ltr'><strong>tamen</strong></span> <span class='ocrx_word' id='word_1_413' title='bbox 720 4414 948 4471; x_wconf 86' lang='lat' dir='ltr'><strong>Basilius</strong></span> <span class='ocrx_word' id='word_1_414' title='bbox 993 4428 1045 4471; x_wconf 91' lang='lat' dir='ltr'><strong>et</strong></span> <span class='ocrx_word' id='word_1_415' title='bbox 1086 4416 1295 4487; x_wconf 82' lang='lat' dir='ltr'><strong>objecta</strong></span> <span class='ocrx_word' id='word_1_416' title='bbox 1346 4417 1626 4483; x_wconf 88' lang='lat' dir='ltr'><strong>dissolvit,</strong></span> <span class='ocrx_word' id='word_1_417' title='bbox 1678 4428 1735 4472; x_wconf 89' lang='lat' dir='ltr'><strong>et</strong></span> 
     </span>
    </p>
   </div>
   <div class='ocr_carea' id='block_1_60' title="bbox 167 4508 1737 4578">
    <p class='ocr_par' dir='ltr' id='par_1_60' title="bbox 167 4508 1737 4578">
     <span class='ocr_line' id='line_1_60' title="bbox 167 4508 1737 4578; baseline -0.001 -14"><span class='ocrx_word' id='word_1_418' title='bbox 167 4512 485 4567; x_wconf 87' lang='lat' dir='ltr'><strong>catholicam</strong></span> <span class='ocrx_word' id='word_1_419' title='bbox 560 4508 858 4565; x_wconf 85' lang='lat' dir='ltr'><strong>doctrinam</strong></span> <span class='ocrx_word' id='word_1_420' title='bbox 914 4519 1037 4565; x_wconf 89' lang='lat' dir='ltr'><strong>ante</strong></span> <span class='ocrx_word' id='word_1_421' title='bbox 1092 4509 1276 4566; x_wconf 90' lang='lat' dir='ltr'><strong>oculos</strong></span> <span class='ocrx_word' id='word_1_422' title='bbox 1332 4511 1617 4578; x_wconf 83' lang='lat' dir='ltr'><strong>exposuit,</strong></span> <span class='ocrx_word' id='word_1_423' title='bbox 1677 4520 1737 4563; x_wconf 93' lang='lat' dir='ltr'><strong>ut</strong></span> 
     </span>
    </p>
   </div>
   <div class='ocr_carea' id='block_1_61' title="bbox 1841 2032 3412 2103">
    <p class='ocr_par' dir='ltr' id='par_1_61' title="bbox 1841 2032 3412 2103">
     <span class='ocr_line' id='line_1_61' title="bbox 1841 2032 3412 2103; baseline -0.003 -12"><span class='ocrx_word' id='word_1_424' title='bbox 1841 2040 2000 2093; x_wconf 90' lang='lat' dir='ltr'><strong>rebus</strong></span> <span class='ocrx_word' id='word_1_425' title='bbox 2020 2035 2399 2093; x_wconf 89' lang='lat' dir='ltr'><strong>ecclesiasticis</strong></span> <span class='ocrx_word' id='word_1_426' title='bbox 2429 2033 2678 2103; x_wconf 90' lang='lat' dir='ltr'><strong>colloqui,</strong></span> <span class='ocrx_word' id='word_1_427' title='bbox 2705 2032 2786 2087; x_wconf 91' lang='lat' dir='ltr'><strong>vel</strong></span> <span class='ocrx_word' id='word_1_428' title='bbox 2812 2033 2972 2087; x_wconf 85' lang='lat' dir='ltr'><strong>etiam</strong></span> <span class='ocrx_word' id='word_1_429' title='bbox 2999 2048 3119 2086; x_wconf 89' lang='lat' dir='ltr'><strong>cum</strong></span> <span class='ocrx_word' id='word_1_430' title='bbox 3153 2048 3217 2087; x_wconf 90' lang='lat' dir='ltr'><strong>eo</strong></span> <span class='ocrx_word' id='word_1_431' title='bbox 3242 2033 3412 2087; x_wconf 79' lang='lat' dir='ltr'><strong>Euse-</strong></span> 
     </span>
    </p>
   </div>
   <div class='ocr_carea' id='block_1_62' title="bbox 1838 2124 3410 2194">
    <p class='ocr_par' dir='ltr' id='par_1_62' title="bbox 1838 2124 3410 2194">
     <span class='ocr_line' id='line_1_62' title="bbox 1838 2124 3410 2194; baseline -0.006 -10"><span class='ocrx_word' id='word_1_432' title='bbox 1838 2131 1982 2184; x_wconf 85' lang='lat' dir='ltr'><strong>bium</strong></span> <span class='ocrx_word' id='word_1_433' title='bbox 2020 2129 2270 2182; x_wconf 88' lang='lat' dir='ltr'><strong>invisere.</strong></span> <span class='ocrx_word' id='word_1_434' title='bbox 2297 2128 2409 2193; x_wconf 89' lang='lat' dir='ltr'><strong>Qua</strong></span> <span class='ocrx_word' id='word_1_435' title='bbox 2448 2127 2512 2179; x_wconf 88' lang='lat' dir='ltr'><strong>de</strong></span> <span class='ocrx_word' id='word_1_436' title='bbox 2552 2140 2610 2180; x_wconf 87' lang='lat' dir='ltr'><strong>re</strong></span> <span class='ocrx_word' id='word_1_437' title='bbox 2640 2124 2851 2194; x_wconf 89' lang='lat' dir='ltr'><strong>utrique</strong></span> <span class='ocrx_word' id='word_1_438' title='bbox 2868 2125 3101 2193; x_wconf 83' lang='lat' dir='ltr'><strong>scripsit,</strong></span> <span class='ocrx_word' id='word_1_439' title='bbox 3129 2124 3410 2193; x_wconf 82' lang='lat' dir='ltr'><strong>utriusque</strong></span> 
     </span>
    </p>
   </div>
   <div class='ocr_carea' id='block_1_63' title="bbox 1840 2211 3411 2290">
    <p class='ocr_par' dir='ltr' id='par_1_63' title="bbox 1840 2211 3411 2290">
     <span class='ocr_line' id='line_1_63' title="bbox 1840 2211 3411 2290; baseline -0.006 -16"><span class='ocrx_word' id='word_1_440' title='bbox 1840 2232 2096 2290; x_wconf 78' lang='lat' dir='ltr'><strong>reSponsa</strong></span> <span class='ocrx_word' id='word_1_441' title='bbox 2124 2225 2463 2287; x_wconf 84' lang='lat' dir='ltr'><strong>exspectans.</strong></span> <span class='ocrx_word' id='word_1_442' title='bbox 2498 2214 2601 2267; x_wconf 89' lang='lat' dir='ltr'><strong>Sed</strong></span> <span class='ocrx_word' id='word_1_443' title='bbox 2654 2214 2844 2267; x_wconf 89' lang='lat' dir='ltr'><strong>litteris</strong></span> <span class='ocrx_word' id='word_1_444' title='bbox 2876 2215 2939 2266; x_wconf 90' lang='lat' dir='ltr'><strong>ad</strong></span> <span class='ocrx_word' id='word_1_445' title='bbox 2973 2221 3218 2266; x_wconf 89' lang='lat' dir='ltr'><strong>sanctum</strong></span> <span class='ocrx_word' id='word_1_446' title='bbox 3250 2211 3411 2265; x_wconf 82' lang='lat' dir='ltr'><strong>Mele-</strong></span> 
     </span>
    </p>
   </div>
   <div class='ocr_carea' id='block_1_64' title="bbox 1840 2304 3410 2378">
    <p class='ocr_par' dir='ltr' id='par_1_64' title="bbox 1840 2304 3410 2378">
     <span class='ocr_line' id='line_1_64' title="bbox 1840 2304 3410 2378; baseline -0.005 -12"><span class='ocrx_word' id='word_1_447' title='bbox 1840 2314 1969 2367; x_wconf 89' lang='lat' dir='ltr'><strong>ti&#39;um</strong></span> <span class='ocrx_word' id='word_1_448' title='bbox 2023 2312 2162 2365; x_wconf 90' lang='lat' dir='ltr'><strong>idem</strong></span> <span class='ocrx_word' id='word_1_449' title='bbox 2208 2324 2433 2378; x_wconf 91' lang='lat' dir='ltr'><strong>prorsus</strong></span> <span class='ocrx_word' id='word_1_450' title='bbox 2469 2306 2646 2361; x_wconf 85' lang='lat' dir='ltr'><strong>evenit</strong></span> <span class='ocrx_word' id='word_1_451' title='bbox 2693 2321 2756 2360; x_wconf 88' lang='lat' dir='ltr'><strong>ac</strong></span> <span class='ocrx_word' id='word_1_452' title='bbox 2796 2306 3037 2373; x_wconf 89' lang='lat' dir='ltr'><strong>pluribus</strong></span> <span class='ocrx_word' id='word_1_453' title='bbox 3074 2304 3213 2367; x_wconf 89' lang='lat' dir='ltr'><strong>aliis,</strong></span> <span class='ocrx_word' id='word_1_454' title='bbox 3251 2312 3304 2357; x_wconf 90' lang='lat' dir='ltr'><strong>ut</strong></span> <span class='ocrx_word' id='word_1_455' title='bbox 3342 2304 3410 2358; x_wconf 88' lang='lat' dir='ltr'><strong>ad</strong></span> 
     </span>
    </p>
   </div>
   <div class='ocr_carea' id='block_1_65' title="bbox 1839 2396 3409 2473">
    <p class='ocr_par' dir='ltr' id='par_1_65' title="bbox 1839 2396 3409 2473">
     <span class='ocr_line' id='line_1_65' title="bbox 1839 2396 3409 2473; baseline -0.006 -13"><span class='ocrx_word' id='word_1_456' title='bbox 1839 2420 1935 2460; x_wconf 90' lang='lat' dir='ltr'><strong>nos</strong></span> <span class='ocrx_word' id='word_1_457' title='bbox 1966 2418 2069 2457; x_wconf 91' lang='lat' dir='ltr'><strong>non</strong></span> <span class='ocrx_word' id='word_1_458' title='bbox 2108 2402 2466 2473; x_wconf 89' lang='lat' dir='ltr'><strong>pervenirent.</strong></span> <span class='ocrx_word' id='word_1_459' title='bbox 2517 2400 2633 2454; x_wconf 84' lang='lat' dir='ltr'><strong>Dixi</strong></span> <span class='ocrx_word' id='word_1_460' title='bbox 2698 2399 2990 2461; x_wconf 82' lang='lat' dir='ltr'><strong>Basilium,</strong></span> <span class='ocrx_word' id='word_1_461' title='bbox 3063 2412 3183 2449; x_wconf 91' lang='lat' dir='ltr'><strong>cum</strong></span> <span class='ocrx_word' id='word_1_462' title='bbox 3237 2396 3409 2451; x_wconf 82' lang='lat' dir='ltr'><strong>Seba-</strong></span> 
     </span>
    </p>
   </div>
   <div class='ocr_carea' id='block_1_66' title="bbox 1838 2489 3412 2561">
    <p class='ocr_par' dir='ltr' id='par_1_66' title="bbox 1838 2489 3412 2561">
     <span class='ocr_line' id='line_1_66' title="bbox 1838 2489 3412 2561; baseline -0.004 -10"><span class='ocrx_word' id='word_1_463' title='bbox 1838 2496 1955 2551; x_wconf 75' lang='lat' dir='ltr'><strong>stia:</strong></span> <span class='ocrx_word' id='word_1_464' title='bbox 1994 2504 2156 2558; x_wconf 86' lang='lat' dir='ltr'><strong>esset,</strong></span> <span class='ocrx_word' id='word_1_465' title='bbox 2209 2495 2414 2549; x_wconf 89' lang='lat' dir='ltr'><strong>litteras</strong></span> <span class='ocrx_word' id='word_1_466' title='bbox 2463 2492 2676 2548; x_wconf 79' lang='lat' dir='ltr'><strong>Eusebii</strong></span> <span class='ocrx_word' id='word_1_467' title='bbox 2714 2492 3007 2561; x_wconf 85' lang='lat' dir='ltr'><strong>accepisse.</strong></span> <span class='ocrx_word' id='word_1_468' title='bbox 3057 2489 3161 2544; x_wconf 68' lang='lat' dir='ltr'><strong>lies</strong></span> <span class='ocrx_word' id='word_1_469' title='bbox 3209 2504 3305 2558; x_wconf 87' lang='lat' dir='ltr'><strong>per</strong></span> <span class='ocrx_word' id='word_1_470' title='bbox 3348 2503 3412 2544; x_wconf 79' lang='lat' dir='ltr'><strong>se</strong></span> 
     </span>
    </p>
   </div>
   <div class='ocr_carea' id='block_1_67' title="bbox 1836 2583 3415 2659">
    <p class='ocr_par' dir='ltr' id='par_1_67' title="bbox 1836 2583 3415 2659">
     <span class='ocr_line' id='line_1_67' title="bbox 1836 2583 3415 2659; baseline -0.003 -20"><span class='ocrx_word' id='word_1_471' title='bbox 1836 2596 2002 2659; x_wconf 89' lang='lat' dir='ltr'><strong>patet.</strong></span> <span class='ocrx_word' id='word_1_472' title='bbox 2026 2588 2114 2642; x_wconf 76' lang='lat' dir='ltr'><strong>Ait</strong></span> <span class='ocrx_word' id='word_1_473' title='bbox 2141 2588 2281 2643; x_wconf 89' lang='lat' dir='ltr'><strong>enim</strong></span> <span class='ocrx_word' id='word_1_474' title='bbox 2311 2602 2368 2643; x_wconf 90' lang='lat' dir='ltr'><strong>se</strong></span> <span class='ocrx_word' id='word_1_475' title='bbox 2395 2587 2551 2641; x_wconf 89' lang='lat' dir='ltr'><strong>lectis</strong></span> <span class='ocrx_word' id='word_1_476' title='bbox 2597 2586 2677 2639; x_wconf 88' lang='lat' dir='ltr'><strong>his</strong></span> <span class='ocrx_word' id='word_1_477' title='bbox 2704 2586 2903 2638; x_wconf 76' lang='lat' dir='ltr'><strong>litteris</strong></span> <span class='ocrx_word' id='word_1_478' title='bbox 2936 2583 3247 2653; x_wconf 88' lang='lat' dir='ltr'><strong>repudiasse</strong></span> <span class='ocrx_word' id='word_1_479' title='bbox 3276 2596 3415 2637; x_wconf 87' lang='lat' dir='ltr'><strong>con-</strong></span> 
     </span>
    </p>
   </div>
   <div class='ocr_carea' id='block_1_68' title="bbox 1836 2678 3404 2747">
    <p class='ocr_par' dir='ltr' id='par_1_68' title="bbox 1836 2678 3404 2747">
     <span class='ocr_line' id='line_1_68' title="bbox 1836 2678 3404 2747; baseline -0.005 -10"><span class='ocrx_word' id='word_1_480' title='bbox 1836 2681 2011 2737; x_wconf 82' lang='lat' dir='ltr'><strong>silium</strong></span> <span class='ocrx_word' id='word_1_481' title='bbox 2060 2681 2217 2734; x_wconf 91' lang='lat' dir='ltr'><strong>euudi</strong></span> <span class='ocrx_word' id='word_1_482' title='bbox 2256 2678 2573 2747; x_wconf 82' lang='lat' dir='ltr'><strong>Nicopolim,</strong></span> <span class='ocrx_word' id='word_1_483' title='bbox 2614 2687 2895 2747; x_wconf 88' lang='lat' dir='ltr'><strong>propterea</strong></span> <span class='ocrx_word' id='word_1_484' title='bbox 2952 2678 3088 2745; x_wconf 88' lang='lat' dir='ltr'><strong>quod</strong></span> <span class='ocrx_word' id='word_1_485' title='bbox 3140 2687 3404 2731; x_wconf 85' lang='lat' dir='ltr'><strong>venturus</strong></span> 
     </span>
    </p>
   </div>
   <div class='ocr_carea' id='block_1_69' title="bbox 1838 2765 3405 2835">
    <p class='ocr_par' dir='ltr' id='par_1_69' title="bbox 1838 2765 3405 2835">
     <span class='ocr_line' id='line_1_69' title="bbox 1838 2765 3405 2835; baseline -0.008 -4"><span class='ocrx_word' id='word_1_486' title='bbox 1838 2791 1944 2830; x_wconf 90' lang='lat' dir='ltr'><strong>non</strong></span> <span class='ocrx_word' id='word_1_487' title='bbox 1974 2784 2089 2830; x_wconf 89' lang='lat' dir='ltr'><strong>erat</strong></span> <span class='ocrx_word' id='word_1_488' title='bbox 2125 2767 2406 2828; x_wconf 88' lang='lat' dir='ltr'><strong>Eusebius.</strong></span> <span class='ocrx_word' id='word_1_489' title='bbox 2450 2772 2520 2825; x_wconf 77' lang='lat' dir='ltr'><strong>At</strong></span> <span class='ocrx_word' id='word_1_490' title='bbox 2553 2772 2657 2825; x_wconf 91' lang='lat' dir='ltr'><strong>hoc</strong></span> <span class='ocrx_word' id='word_1_491' title='bbox 2689 2769 2977 2825; x_wconf 89' lang='lat' dir='ltr'><strong>consilium</strong></span> <span class='ocrx_word' id='word_1_492' title='bbox 3014 2782 3117 2821; x_wconf 89' lang='lat' dir='ltr'><strong>non</strong></span> <span class='ocrx_word' id='word_1_493' title='bbox 3154 2765 3405 2835; x_wconf 87' lang='lat' dir='ltr'><strong>repudia-</strong></span> 
     </span>
    </p>
   </div>
   <div class='ocr_carea' id='block_1_70' title="bbox 1837 2858 3410 2931">
    <p class='ocr_par' dir='ltr' id='par_1_70' title="bbox 1837 2858 3410 2931">
     <span class='ocr_line' id='line_1_70' title="bbox 1837 2858 3410 2931; baseline -0.006 -11"><span class='ocrx_word' id='word_1_494' title='bbox 1837 2867 1935 2931; x_wconf 89' lang='lat' dir='ltr'><strong>vit,</strong></span> <span class='ocrx_word' id='word_1_495' title='bbox 1963 2866 2066 2920; x_wconf 89' lang='lat' dir='ltr'><strong>nisi</strong></span> <span class='ocrx_word' id='word_1_496' title='bbox 2095 2880 2216 2920; x_wconf 92' lang='lat' dir='ltr'><strong>cum</strong></span> <span class='ocrx_word' id='word_1_497' title='bbox 2243 2864 2507 2919; x_wconf 83' lang='lat' dir='ltr'><strong>Sebastia:</strong></span> <span class='ocrx_word' id='word_1_498' title='bbox 2534 2871 2709 2925; x_wconf 88' lang='lat' dir='ltr'><strong>esset;</strong></span> <span class='ocrx_word' id='word_1_499' title='bbox 2740 2862 2899 2929; x_wconf 88' lang='lat' dir='ltr'><strong>idque</strong></span> <span class='ocrx_word' id='word_1_500' title='bbox 2928 2859 3201 2929; x_wconf 90' lang='lat' dir='ltr'><strong>conceptis</strong></span> <span class='ocrx_word' id='word_1_501' title='bbox 3226 2858 3410 2912; x_wconf 79' lang='lat' dir='ltr'><strong>verbis</strong></span> 
     </span>
    </p>
   </div>
   <div class='ocr_carea' id='block_1_71' title="bbox 1838 2947 3413 3021">
    <p class='ocr_par' dir='ltr' id='par_1_71' title="bbox 1838 2947 3413 3021">
     <span class='ocr_line' id='line_1_71' title="bbox 1838 2947 3413 3021; baseline -0.006 -10"><span class='ocrx_word' id='word_1_502' title='bbox 1838 2955 2077 3011; x_wconf 90' lang='lat' dir='ltr'><strong>declarat</strong></span> <span class='ocrx_word' id='word_1_503' title='bbox 2126 2955 2177 3008; x_wconf 93' lang='lat' dir='ltr'><strong>in</strong></span> <span class='ocrx_word' id='word_1_504' title='bbox 2214 2953 2438 3021; x_wconf 89' lang='lat' dir='ltr'><strong>epistola</strong></span> <span class='ocrx_word' id='word_1_505' title='bbox 2486 2951 2777 3021; x_wconf 87' lang='lat' dir='ltr'><strong>sequenti,</strong></span> <span class='ocrx_word' id='word_1_506' title='bbox 2822 2965 2881 3004; x_wconf 89' lang='lat' dir='ltr'><strong>se</strong></span> <span class='ocrx_word' id='word_1_507' title='bbox 2929 2964 2959 3004; x_wconf 90' lang='lat' dir='ltr'><strong>e</strong></span> <span class='ocrx_word' id='word_1_508' title='bbox 2994 2950 3171 3002; x_wconf 87' lang='lat' dir='ltr'><strong>medio</strong></span> <span class='ocrx_word' id='word_1_509' title='bbox 3216 2947 3413 3001; x_wconf 69' lang='lat' dir='ltr'><strong>itinere</strong></span> 
     </span>
    </p>
   </div>
   <div class='ocr_carea' id='block_1_72' title="bbox 1840 3040 3406 3106">
    <p class='ocr_par' dir='ltr' id='par_1_72' title="bbox 1840 3040 3406 3106">
     <span class='ocr_line' id='line_1_72' title="bbox 1840 3040 3406 3106; baseline -0.008 -4"><span class='ocrx_word' id='word_1_510' title='bbox 1840 3047 2045 3102; x_wconf 84' lang='lat' dir='ltr'><strong>tristem</strong></span> <span class='ocrx_word' id='word_1_511' title='bbox 2080 3060 2351 3101; x_wconf 84' lang='lat' dir='ltr'><strong>reversum</strong></span> <span class='ocrx_word' id='word_1_512' title='bbox 2381 3058 2521 3097; x_wconf 87' lang='lat' dir='ltr'><strong>esse.</strong></span> <span class='ocrx_word' id='word_1_513' title='bbox 2573 3042 2733 3095; x_wconf 79' lang='lat' dir='ltr'><strong>Forte</strong></span> <span class='ocrx_word' id='word_1_514' title='bbox 2778 3040 2965 3098; x_wconf 84' lang='lat' dir='ltr'><strong>etiam.</strong></span> <span class='ocrx_word' id='word_1_515' title='bbox 3011 3048 3297 3106; x_wconf 74' lang='lat' dir='ltr'><strong>antequam</strong></span> <span class='ocrx_word' id='word_1_516' title='bbox 3337 3050 3406 3090; x_wconf 87' lang='lat' dir='ltr'><strong>ex</strong></span> 
     </span>
    </p>
   </div>
   <div class='ocr_carea' id='block_1_73' title="bbox 1839 3126 3414 3196">
    <p class='ocr_par' dir='ltr' id='par_1_73' title="bbox 1839 3126 3414 3196">
     <span class='ocr_line' id='line_1_73' title="bbox 1839 3126 3414 3196; baseline -0.008 -5"><span class='ocrx_word' id='word_1_517' title='bbox 1839 3136 1940 3192; x_wconf 86' lang='lat' dir='ltr'><strong>hac</strong></span> <span class='ocrx_word' id='word_1_518' title='bbox 1975 3136 2107 3191; x_wconf 89' lang='lat' dir='ltr'><strong>urbe</strong></span> <span class='ocrx_word' id='word_1_519' title='bbox 2156 3134 2477 3195; x_wconf 85' lang='lat' dir='ltr'><strong>discederet,</strong></span> <span class='ocrx_word' id='word_1_520' title='bbox 2513 3130 2744 3185; x_wconf 87' lang='lat' dir='ltr'><strong>Eusebio</strong></span> <span class='ocrx_word' id='word_1_521' title='bbox 2779 3127 3057 3196; x_wconf 85' lang='lat' dir='ltr'><strong>rescripsit</strong></span> <span class='ocrx_word' id='word_1_522' title='bbox 3107 3126 3243 3180; x_wconf 89' lang='lat' dir='ltr'><strong>hanc</strong></span> <span class='ocrx_word' id='word_1_523' title='bbox 3299 3126 3414 3191; x_wconf 85' lang='lat' dir='ltr'><strong>epi-</strong></span> 
     </span>
    </p>
   </div>
   <div class='ocr_carea' id='block_1_74' title="bbox 1841 3217 3415 3296">
    <p class='ocr_par' dir='ltr' id='par_1_74' title="bbox 1841 3217 3415 3296">
     <span class='ocr_line' id='line_1_74' title="bbox 1841 3217 3415 3296; baseline -0.008 -12"><span class='ocrx_word' id='word_1_524' title='bbox 1841 3228 2030 3284; x_wconf 90' lang='lat' dir='ltr'><strong>stolam</strong></span> <span class='ocrx_word' id='word_1_525' title='bbox 2065 3228 2132 3284; x_wconf 84' lang='lat'><strong>98</strong></span> <span class='ocrx_word' id='word_1_526' title='bbox 2160 3228 2212 3282; x_wconf 92' lang='lat' dir='ltr'><strong>iu</strong></span> <span class='ocrx_word' id='word_1_527' title='bbox 2243 3241 2346 3296; x_wconf 89' lang='lat' dir='ltr'><strong>qua</strong></span> <span class='ocrx_word' id='word_1_528' title='bbox 2393 3237 2812 3294; x_wconf 78' lang='lat' dir='ltr'><strong>congressurum</strong></span> <span class='ocrx_word' id='word_1_529' title='bbox 2863 3236 2923 3276; x_wconf 89' lang='lat' dir='ltr'><strong>se</strong></span> <span class='ocrx_word' id='word_1_530' title='bbox 2957 3220 3087 3273; x_wconf 90' lang='lat' dir='ltr'><strong>dicit</strong></span> <span class='ocrx_word' id='word_1_531' title='bbox 3135 3233 3259 3272; x_wconf 91' lang='lat' dir='ltr'><strong>cum</strong></span> <span class='ocrx_word' id='word_1_532' title='bbox 3298 3217 3415 3287; x_wconf 82' lang='lat' dir='ltr'><strong>epi-</strong></span> 
     </span>
    </p>
   </div>
   <div class='ocr_carea' id='block_1_75' title="bbox 1840 3312 3413 3391">
    <p class='ocr_par' dir='ltr' id='par_1_75' title="bbox 1840 3312 3413 3391">
     <span class='ocr_line' id='line_1_75' title="bbox 1840 3312 3413 3391; baseline -0.007 -16"><span class='ocrx_word' id='word_1_533' title='bbox 1840 3322 2019 3391; x_wconf 88' lang='lat' dir='ltr'><strong>scopis</strong></span> <span class='ocrx_word' id='word_1_534' title='bbox 2052 3321 2300 3375; x_wconf 77' lang='lat' dir='ltr'><strong>secunda:</strong></span> <span class='ocrx_word' id='word_1_535' title='bbox 2334 3317 2707 3385; x_wconf 61' lang='lat' dir='ltr'><strong>Cappadociae,</strong></span> <span class='ocrx_word' id='word_1_536' title='bbox 2733 3324 2786 3368; x_wconf 92' lang='lat' dir='ltr'><strong>et</strong></span> <span class='ocrx_word' id='word_1_537' title='bbox 2817 3330 2936 3367; x_wconf 90' lang='lat' dir='ltr'><strong>cum</strong></span> <span class='ocrx_word' id='word_1_538' title='bbox 2971 3312 3248 3365; x_wconf 83' lang='lat' dir='ltr'><strong>Eustatbio</strong></span> <span class='ocrx_word' id='word_1_539' title='bbox 3278 3324 3413 3365; x_wconf 85' lang='lat' dir='ltr'><strong>con-</strong></span> 
     </span>
    </p>
   </div>
   <div class='ocr_carea' id='block_1_76' title="bbox 1841 3400 3411 3484">
    <p class='ocr_par' dir='ltr' id='par_1_76' title="bbox 1841 3400 3411 3484">
     <span class='ocr_line' id='line_1_76' title="bbox 1841 3400 3411 3484; baseline -0.007 -16"><span class='ocrx_word' id='word_1_540' title='bbox 1841 3428 2082 3484; x_wconf 67' lang='lat' dir='ltr'><strong>gressum</strong></span> <span class='ocrx_word' id='word_1_541' title='bbox 2118 3426 2255 3477; x_wconf 88' lang='lat' dir='ltr'><strong>esse,</strong></span> <span class='ocrx_word' id='word_1_542' title='bbox 2285 3410 2370 3464; x_wconf 91' lang='lat' dir='ltr'><strong>cui</strong></span> <span class='ocrx_word' id='word_1_543' title='bbox 2418 3400 2786 3463; x_wconf 77' lang='lat' dir='ltr'><strong>testimoniu&#39;m</strong></span> <span class='ocrx_word' id='word_1_544' title='bbox 2822 3416 2982 3460; x_wconf 67' lang='lat' dir='ltr'><strong>recta:</strong></span> <span class='ocrx_word' id='word_1_545' title='bbox 3028 3404 3149 3458; x_wconf 82' lang='lat' dir='ltr'><strong>fidei</strong></span> <span class='ocrx_word' id='word_1_546' title='bbox 3200 3403 3411 3458; x_wconf 90' lang='lat' dir='ltr'><strong>tribuit.</strong></span> 
     </span>
    </p>
   </div>
   <div class='ocr_carea' id='block_1_77' title="bbox 1842 3494 3411 3572">
    <p class='ocr_par' dir='ltr' id='par_1_77' title="bbox 1842 3494 3411 3572">
     <span class='ocr_line' id='line_1_77' title="bbox 1842 3494 3411 3572; baseline -0.006 -14"><span class='ocrx_word' id='word_1_547' title='bbox 1842 3504 2100 3572; x_wconf 90' lang='lat' dir='ltr'><strong>Loquitur</strong></span> <span class='ocrx_word' id='word_1_548' title='bbox 2122 3502 2286 3556; x_wconf 90' lang='lat' dir='ltr'><strong>etiam</strong></span> <span class='ocrx_word' id='word_1_549' title='bbox 2316 3500 2381 3555; x_wconf 91' lang='lat' dir='ltr'><strong>de</strong></span> <span class='ocrx_word' id='word_1_550' title='bbox 2409 3498 2682 3553; x_wconf 91' lang='lat' dir='ltr'><strong>nonnullis</strong></span> <span class='ocrx_word' id='word_1_551' title='bbox 2713 3498 3085 3567; x_wconf 88' lang='lat' dir='ltr'><strong>episcoporum</strong></span> <span class='ocrx_word' id='word_1_552' title='bbox 3122 3495 3314 3549; x_wconf 83' lang='lat' dir='ltr'><strong>litteris</strong></span> <span class='ocrx_word' id='word_1_553' title='bbox 3340 3494 3411 3549; x_wconf 86' lang='lat' dir='ltr'><strong>ad</strong></span> 
     </span>
    </p>
   </div>
   <div class='ocr_carea' id='block_1_78' title="bbox 1841 3585 3400 3659">
    <p class='ocr_par' dir='ltr' id='par_1_78' title="bbox 1841 3585 3400 3659">
     <span class='ocr_line' id='line_1_78' title="bbox 1841 3585 3400 3659; baseline -0.01 -8"><span class='ocrx_word' id='word_1_554' title='bbox 1841 3594 2129 3651; x_wconf 88' lang='lat' dir='ltr'><strong>Eusebium</strong></span> <span class='ocrx_word' id='word_1_555' title='bbox 2156 3608 2261 3649; x_wconf 91' lang='lat' dir='ltr'><strong>non</strong></span> <span class='ocrx_word' id='word_1_556' title='bbox 2287 3594 2529 3659; x_wconf 86' lang='lat' dir='ltr'><strong>perlatis,</strong></span> <span class='ocrx_word' id='word_1_557' title='bbox 2554 3601 2607 3645; x_wconf 93' lang='lat' dir='ltr'><strong>et</strong></span> <span class='ocrx_word' id='word_1_558' title='bbox 2638 3591 2703 3644; x_wconf 91' lang='lat' dir='ltr'><strong>de</strong></span> <span class='ocrx_word' id='word_1_559' title='bbox 2735 3589 3018 3650; x_wconf 78' lang='lat' dir='ltr'><strong>i‘almatio,</strong></span> <span class='ocrx_word' id='word_1_560' title='bbox 3046 3587 3135 3658; x_wconf 92' lang='lat' dir='ltr'><strong>qui</strong></span> <span class='ocrx_word' id='word_1_561' title='bbox 3166 3585 3400 3639; x_wconf 74' lang='lat' dir='ltr'><strong>Maximo</strong></span> 
     </span>
    </p>
   </div>
   <div class='ocr_carea' id='block_1_79' title="bbox 1842 3677 3411 3757">
    <p class='ocr_par' dir='ltr' id='par_1_79' title="bbox 1842 3677 3411 3757">
     <span class='ocr_line' id='line_1_79' title="bbox 1842 3677 3411 3757; baseline -0.006 -16"><span class='ocrx_word' id='word_1_562' title='bbox 1842 3684 2053 3757; x_wconf 61' lang='lat' dir='ltr'><strong>praesidi</strong></span> <span class='ocrx_word' id='word_1_563' title='bbox 2105 3684 2172 3738; x_wconf 91' lang='lat' dir='ltr'><strong>ad</strong></span> <span class='ocrx_word' id='word_1_564' title='bbox 2230 3683 2629 3753; x_wconf 85' lang='lat' dir='ltr'><strong>persecutiones</strong></span> <span class='ocrx_word' id='word_1_565' title='bbox 2683 3677 3054 3741; x_wconf 82' lang='lat' dir='ltr'><strong>ministrabat,</strong></span> <span class='ocrx_word' id='word_1_566' title='bbox 3105 3678 3155 3732; x_wconf 87' lang='lat' dir='ltr'><strong>id</strong></span> <span class='ocrx_word' id='word_1_567' title='bbox 3206 3689 3290 3732; x_wconf 91' lang='lat' dir='ltr'><strong>est</strong></span> <span class='ocrx_word' id='word_1_568' title='bbox 3343 3678 3411 3732; x_wconf 88' lang='lat' dir='ltr'><strong>ad</strong></span> 
     </span>
    </p>
   </div>
   <div class='ocr_carea' id='block_1_80' title="bbox 1841 3770 3404 3843">
    <p class='ocr_par' dir='ltr' id='par_1_80' title="bbox 1841 3770 3404 3843">
     <span class='ocr_line' id='line_1_80' title="bbox 1841 3770 3404 3843; baseline -0.006 -10"><span class='ocrx_word' id='word_1_569' title='bbox 1841 3778 2149 3833; x_wconf 78' lang='lat' dir='ltr'><strong>exactiones</strong></span> <span class='ocrx_word' id='word_1_570' title='bbox 2198 3776 2537 3830; x_wconf 86' lang='lat' dir='ltr'><strong>tributorum.</strong></span> <span class='ocrx_word' id='word_1_571' title='bbox 2595 3773 2703 3828; x_wconf 88' lang='lat' dir='ltr'><strong>llas</strong></span> <span class='ocrx_word' id='word_1_572' title='bbox 2765 3774 3138 3843; x_wconf 87' lang='lat' dir='ltr'><strong>episcoporum</strong></span> <span class='ocrx_word' id='word_1_573' title='bbox 3198 3770 3404 3825; x_wconf 85' lang='lat' dir='ltr'><strong>litteras</strong></span> 
     </span>
    </p>
   </div>
   <div class='ocr_carea' id='block_1_81' title="bbox 1842 3867 3411 3937">
    <p class='ocr_par' dir='ltr' id='par_1_81' title="bbox 1842 3867 3411 3937">
     <span class='ocr_line' id='line_1_81' title="bbox 1842 3867 3411 3937; baseline -0.007 -11"><span class='ocrx_word' id='word_1_574' title='bbox 1842 3872 2088 3936; x_wconf 87' lang='lat' dir='ltr'><strong>Basilius,</strong></span> <span class='ocrx_word' id='word_1_575' title='bbox 2119 3869 2271 3937; x_wconf 87' lang='lat' dir='ltr'><strong>culpa</strong></span> <span class='ocrx_word' id='word_1_576' title='bbox 2301 3883 2509 3933; x_wconf 90' lang='lat' dir='ltr'><strong>eorum,</strong></span> <span class='ocrx_word' id='word_1_577' title='bbox 2554 3868 2643 3935; x_wconf 90' lang='lat' dir='ltr'><strong>qui</strong></span> <span class='ocrx_word' id='word_1_578' title='bbox 2682 3867 2849 3932; x_wconf 90' lang='lat' dir='ltr'><strong>ipsius</strong></span> <span class='ocrx_word' id='word_1_579' title='bbox 2903 3867 3113 3921; x_wconf 84' lang='lat' dir='ltr'><strong>litteras</strong></span> <span class='ocrx_word' id='word_1_580' title='bbox 3168 3877 3271 3916; x_wconf 92' lang='lat' dir='ltr'><strong>non</strong></span> <span class='ocrx_word' id='word_1_581' title='bbox 3312 3878 3411 3917; x_wconf 89' lang='lat' dir='ltr'><strong>cu-</strong></span> 
     </span>
    </p>
   </div>
   <div class='ocr_carea' id='block_1_82' title="bbox 1843 3957 3415 4031">
    <p class='ocr_par' dir='ltr' id='par_1_82' title="bbox 1843 3957 3415 4031">
     <span class='ocr_line' id='line_1_82' title="bbox 1843 3957 3415 4031; baseline -0.001 -14"><span class='ocrx_word' id='word_1_582' title='bbox 1843 3971 2085 4018; x_wconf 85' lang='lat' dir='ltr'><strong>raverant</strong></span> <span class='ocrx_word' id='word_1_583' title='bbox 2128 3960 2488 4031; x_wconf 83' lang='lat' dir='ltr'><strong>perferendas,</strong></span> <span class='ocrx_word' id='word_1_584' title='bbox 2516 3957 2582 4011; x_wconf 89' lang='lat' dir='ltr'><strong>ad</strong></span> <span class='ocrx_word' id='word_1_585' title='bbox 2616 3957 2902 4012; x_wconf 90' lang='lat' dir='ltr'><strong>Eusebium</strong></span> <span class='ocrx_word' id='word_1_586' title='bbox 2944 3975 3048 4013; x_wconf 85' lang='lat' dir='ltr'><strong>non</strong></span> <span class='ocrx_word' id='word_1_587' title='bbox 3093 3961 3415 4029; x_wconf 78' lang='lat' dir='ltr'><strong>pervenisse</strong></span> 
     </span>
    </p>
   </div>
   <div class='ocr_carea' id='block_1_83' title="bbox 1843 4048 3412 4110">
    <p class='ocr_par' dir='ltr' id='par_1_83' title="bbox 1843 4048 3412 4110">
     <span class='ocr_line' id='line_1_83' title="bbox 1843 4048 3412 4110; baseline -0.004 0"><span class='ocrx_word' id='word_1_588' title='bbox 1843 4055 1989 4110; x_wconf 89' lang='lat' dir='ltr'><strong>dicit.</strong></span> <span class='ocrx_word' id='word_1_589' title='bbox 2032 4052 2242 4109; x_wconf 62' lang='lat' dir='ltr'><strong>Videtur</strong></span> <span class='ocrx_word' id='word_1_590' title='bbox 2271 4059 2446 4104; x_wconf 87' lang='lat' dir='ltr'><strong>autem</strong></span> <span class='ocrx_word' id='word_1_591' title='bbox 2478 4048 2559 4103; x_wconf 88' lang='lat' dir='ltr'><strong>vel</strong></span> <span class='ocrx_word' id='word_1_592' title='bbox 2606 4048 2812 4103; x_wconf 90' lang='lat' dir='ltr'><strong>litteras</strong></span> <span class='ocrx_word' id='word_1_593' title='bbox 2850 4049 3273 4105; x_wconf 84' lang='lat' dir='ltr'><strong>Occidentalium</strong></span> <span class='ocrx_word' id='word_1_594' title='bbox 3317 4050 3412 4103; x_wconf 90' lang='lat' dir='ltr'><strong>de-</strong></span> 
     </span>
    </p>
   </div>
   <div class='ocr_carea' id='block_1_84' title="bbox 1842 4140 3414 4217">
    <p class='ocr_par' dir='ltr' id='par_1_84' title="bbox 1842 4140 3414 4217">
     <span class='ocr_line' id='line_1_84' title="bbox 1842 4140 3414 4217; baseline -0.006 -16"><span class='ocrx_word' id='word_1_595' title='bbox 1842 4147 2078 4217; x_wconf 78' lang='lat' dir='ltr'><strong>signare,</strong></span> <span class='ocrx_word' id='word_1_596' title='bbox 2107 4144 2195 4213; x_wconf 92' lang='lat' dir='ltr'><strong>qui</strong></span> <span class='ocrx_word' id='word_1_597' title='bbox 2228 4142 2326 4210; x_wconf 62' lang='lat' dir='ltr'><strong>ipsi</strong></span> <span class='ocrx_word' id='word_1_598' title='bbox 2376 4140 2738 4209; x_wconf 86' lang='lat' dir='ltr'><strong>scripserant,</strong></span> <span class='ocrx_word' id='word_1_599' title='bbox 2780 4140 2864 4194; x_wconf 86' lang='lat' dir='ltr'><strong>vel</strong></span> <span class='ocrx_word' id='word_1_600' title='bbox 2902 4143 3072 4195; x_wconf 90' lang='lat' dir='ltr'><strong>sancti</strong></span> <span class='ocrx_word' id='word_1_601' title='bbox 3124 4140 3318 4195; x_wconf 78' lang='lat' dir='ltr'><strong>Mcletii</strong></span> <span class='ocrx_word' id='word_1_602' title='bbox 3359 4151 3414 4192; x_wconf 88' lang='lat' dir='ltr'><strong>et</strong></span> 
     </span>
    </p>
   </div>
   <div class='ocr_carea' id='block_1_85' title="bbox 1842 4230 3411 4299">
    <p class='ocr_par' dir='ltr' id='par_1_85' title="bbox 1842 4230 3411 4299">
     <span class='ocr_line' id='line_1_85' title="bbox 1842 4230 3411 4299; baseline -0.004 -9"><span class='ocrx_word' id='word_1_603' title='bbox 1842 4233 2126 4296; x_wconf 87' lang='lat' dir='ltr'><strong>Theodoti,</strong></span> <span class='ocrx_word' id='word_1_604' title='bbox 2158 4231 2246 4299; x_wconf 90' lang='lat' dir='ltr'><strong>qui</strong></span> <span class='ocrx_word' id='word_1_605' title='bbox 2290 4244 2414 4285; x_wconf 89' lang='lat' dir='ltr'><strong>eum</strong></span> <span class='ocrx_word' id='word_1_606' title='bbox 2455 4232 2520 4284; x_wconf 86' lang='lat' dir='ltr'><strong>ad</strong></span> <span class='ocrx_word' id='word_1_607' title='bbox 2568 4231 2710 4285; x_wconf 89' lang='lat' dir='ltr'><strong>diem</strong></span> <span class='ocrx_word' id='word_1_608' title='bbox 2761 4230 2954 4285; x_wconf 89' lang='lat' dir='ltr'><strong>festum</strong></span> <span class='ocrx_word' id='word_1_609' title='bbox 3007 4231 3182 4283; x_wconf 87' lang='lat' dir='ltr'><strong>medio</strong></span> <span class='ocrx_word' id='word_1_610' title='bbox 3224 4245 3411 4284; x_wconf 81' lang='lat' dir='ltr'><strong>mense</strong></span> 
     </span>
    </p>
   </div>
   <div class='ocr_carea' id='block_1_86' title="bbox 1840 4321 3408 4387">
    <p class='ocr_par' dir='ltr' id='par_1_86' title="bbox 1840 4321 3408 4387">
     <span class='ocr_line' id='line_1_86' title="bbox 1840 4321 3408 4387; baseline -0.003 -6"><span class='ocrx_word' id='word_1_611' title='bbox 1840 4326 1998 4381; x_wconf 84' lang='lat' dir='ltr'><strong>Junio</strong></span> <span class='ocrx_word' id='word_1_612' title='bbox 2047 4324 2419 4379; x_wconf 84' lang='lat' dir='ltr'><strong>celebrandum</strong></span> <span class='ocrx_word' id='word_1_613' title='bbox 2474 4324 2852 4376; x_wconf 87' lang='lat' dir='ltr'><strong>iuvitaverant.</strong></span> <span class='ocrx_word' id='word_1_614' title='bbox 2901 4321 3031 4387; x_wconf 84' lang='lat' dir='ltr'><strong>Quis</strong></span> <span class='ocrx_word' id='word_1_615' title='bbox 3083 4322 3170 4377; x_wconf 92' lang='lat' dir='ltr'><strong>ille</strong></span> <span class='ocrx_word' id='word_1_616' title='bbox 3242 4322 3408 4378; x_wconf 90' lang='lat' dir='ltr'><strong>fuerit</strong></span> 
     </span>
    </p>
   </div>
   <div class='ocr_carea' id='block_1_87' title="bbox 1841 4411 3413 4485">
    <p class='ocr_par' dir='ltr' id='par_1_87' title="bbox 1841 4411 3413 4485">
     <span class='ocr_line' id='line_1_87' title="bbox 1841 4411 3413 4485; baseline -0.004 -12"><span class='ocrx_word' id='word_1_617' title='bbox 1841 4418 2153 4481; x_wconf 84' lang='lat' dir='ltr'><strong>Palmatius,</strong></span> <span class='ocrx_word' id='word_1_618' title='bbox 2198 4416 2290 4485; x_wconf 91' lang='lat' dir='ltr'><strong>qui</strong></span> <span class='ocrx_word' id='word_1_619' title='bbox 2337 4430 2395 4469; x_wconf 90' lang='lat' dir='ltr'><strong>se</strong></span> <span class='ocrx_word' id='word_1_620' title='bbox 2446 4412 2661 4466; x_wconf 77' lang='lat' dir='ltr'><strong>Maximi</strong></span> <span class='ocrx_word' id='word_1_621' title='bbox 2724 4411 3027 4465; x_wconf 77' lang='lat' dir='ltr'><strong>ministrum</strong></span> <span class='ocrx_word' id='word_1_622' title='bbox 3102 4414 3413 4482; x_wconf 68' lang='lat' dir='ltr'><strong>przebebat,</strong></span> 
     </span>
    </p>
   </div>
   <div class='ocr_carea' id='block_1_88' title="bbox 1842 4502 3409 4581">
    <p class='ocr_par' dir='ltr' id='par_1_88' title="bbox 1842 4502 3409 4581">
     <span class='ocr_line' id='line_1_88' title="bbox 1842 4502 3409 4581; baseline -0.002 -19"><span class='ocrx_word' id='word_1_623' title='bbox 1842 4511 1997 4581; x_wconf 89' lang='lat' dir='ltr'><strong>plane</strong></span> <span class='ocrx_word' id='word_1_624' title='bbox 2030 4510 2249 4565; x_wconf 90' lang='lat' dir='ltr'><strong>nescio:</strong></span> <span class='ocrx_word' id='word_1_625' title='bbox 2288 4506 2426 4575; x_wconf 90' lang='lat' dir='ltr'><strong>quod</strong></span> <span class='ocrx_word' id='word_1_626' title='bbox 2456 4516 2634 4558; x_wconf 89' lang='lat' dir='ltr'><strong>autem</strong></span> <span class='ocrx_word' id='word_1_627' title='bbox 2663 4504 2739 4558; x_wconf 90' lang='lat' dir='ltr'><strong>ait</strong></span> <span class='ocrx_word' id='word_1_628' title='bbox 2765 4502 2994 4559; x_wconf 77' lang='lat' dir='ltr'><strong>Basilius</strong></span> <span class='ocrx_word' id='word_1_629' title='bbox 3020 4519 3141 4559; x_wconf 92' lang='lat' dir='ltr'><strong>eum</strong></span> <span class='ocrx_word' id='word_1_630' title='bbox 3175 4505 3409 4560; x_wconf 76' lang='lat' dir='ltr'><strong>Maximo</strong></span> 
     </span>
    </p>
   </div>
   <div class='ocr_carea' id='block_1_89' title="bbox 170 4595 1834 4693">
    <p class='ocr_par' dir='ltr' id='par_1_89' title="bbox 170 4602 1814 4693">
     <span class='ocr_line' id='line_1_89' title="bbox 170 4602 1814 4693; baseline 0.001 -38"><span class='ocrx_word' id='word_1_631' title='bbox 170 4605 305 4657; x_wconf 86' lang='lat' dir='ltr'><strong>nulla</strong></span> <span class='ocrx_word' id='word_1_632' title='bbox 345 4620 569 4674; x_wconf 89' lang='lat' dir='ltr'><strong>prorsus</strong></span> <span class='ocrx_word' id='word_1_633' title='bbox 610 4606 662 4658; x_wconf 90' lang='lat' dir='ltr'><strong>in</strong></span> <span class='ocrx_word' id='word_1_634' title='bbox 700 4620 759 4659; x_wconf 90' lang='lat' dir='ltr'><strong>re</strong></span> <span class='ocrx_word' id='word_1_635' title='bbox 789 4602 1152 4659; x_wconf 87' lang='lat' dir='ltr'><strong>dissentirent.</strong></span> <span class='ocrx_word' id='word_1_636' title='bbox 1175 4602 1359 4673; x_wconf 86' lang='lat' dir='ltr'><strong>itaque</strong></span> <span class='ocrx_word' id='word_1_637' title='bbox 1380 4611 1734 4657; x_wconf 86' lang='lat' dir='ltr'><strong>surrexerunt</strong></span> <span class='ocrx_word' id='word_1_638' title='bbox 1766 4632 1814 4693; x_wconf 72' lang='grc' dir='ltr'>υ</span> 
     </span>
    </p>
   </div>
   <div class='ocr_carea' id='block_1_90' title="bbox 1745 4595 3409 4693">
    <p class='ocr_par' dir='ltr' id='par_1_90' title="bbox 1766 4595 3409 4693">
     <span class='ocr_line' id='line_1_90' title="bbox 1766 4595 3409 4693; baseline -0.008 -32"><span class='ocrx_word' id='word_1_639' title='bbox 1766 4632 1814 4693; x_wconf 77' lang='grc' dir='ltr'>ι)</span> <span class='ocrx_word' id='word_1_640' title='bbox 1844 4605 2175 4660; x_wconf 84' lang='lat' dir='ltr'><strong>ministrasse</strong></span> <span class='ocrx_word' id='word_1_641' title='bbox 2214 4600 2349 4671; x_wconf 78' lang='grc' dir='ltr'>πρὸς</span> <span class='ocrx_word' id='word_1_642' title='bbox 2386 4597 2510 4661; x_wconf 78' lang='grc' dir='ltr'><strong>τοὺς</strong></span> <span class='ocrx_word' id='word_1_643' title='bbox 2551 4595 2845 4667; x_wconf 76' lang='grc' dir='ltr'><strong>διωγμούς,</strong></span> <span class='ocrx_word' id='word_1_644' title='bbox 2894 4598 2964 4649; x_wconf 86' lang='lat' dir='ltr'><strong>ad</strong></span> <span class='ocrx_word' id='word_1_645' title='bbox 3008 4598 3409 4665; x_wconf 78' lang='lat' dir='ltr'><strong>persecutiones,</strong></span> 
     </span>
    </p>
   </div>
   <div class='ocr_carea' id='block_1_91' title="bbox 168 4695 1729 4767">
    <p class='ocr_par' dir='ltr' id='par_1_91' title="bbox 168 4695 1729 4767">
     <span class='ocr_line' id='line_1_91' title="bbox 168 4695 1729 4767; baseline 0.002 -19"><span class='ocrx_word' id='word_1_646' title='bbox 168 4698 304 4751; x_wconf 88' lang='lat' dir='ltr'><strong>circa</strong></span> <span class='ocrx_word' id='word_1_647' title='bbox 342 4698 535 4752; x_wconf 87' lang='lat' dir='ltr'><strong>horam</strong></span> <span class='ocrx_word' id='word_1_648' title='bbox 579 4712 775 4751; x_wconf 90' lang='lat' dir='ltr'><strong>nonam</strong></span> <span class='ocrx_word' id='word_1_649' title='bbox 808 4699 872 4751; x_wconf 89' lang='lat' dir='ltr'><strong>ad</strong></span> <span class='ocrx_word' id='word_1_650' title='bbox 905 4695 1254 4767; x_wconf 87' lang='lat' dir='ltr'><strong>precandum,</strong></span> <span class='ocrx_word' id='word_1_651' title='bbox 1284 4703 1337 4749; x_wconf 91' lang='lat' dir='ltr'><strong>et</strong></span> <span class='ocrx_word' id='word_1_652' title='bbox 1372 4695 1573 4765; x_wconf 77' lang='lat' dir='ltr'><strong>gratias</strong></span> <span class='ocrx_word' id='word_1_653' title='bbox 1600 4711 1729 4765; x_wconf 80' lang='lat' dir='ltr'><strong>ege-</strong></span> 
     </span>
    </p>
   </div>
   <div class='ocr_carea' id='block_1_92' title="bbox 169 4784 1731 4857">
    <p class='ocr_par' dir='ltr' id='par_1_92' title="bbox 169 4784 1731 4857">
     <span class='ocr_line' id='line_1_92' title="bbox 169 4784 1731 4857; baseline 0.003 -20"><span class='ocrx_word' id='word_1_654' title='bbox 169 4796 293 4840; x_wconf 91' lang='lat' dir='ltr'><strong>runt</strong></span> <span class='ocrx_word' id='word_1_655' title='bbox 325 4786 455 4850; x_wconf 83' lang='lat' dir='ltr'><strong>Deo,</strong></span> <span class='ocrx_word' id='word_1_656' title='bbox 501 4786 643 4857; x_wconf 87' lang='lat' dir='ltr'><strong>quod</strong></span> <span class='ocrx_word' id='word_1_657' title='bbox 695 4786 836 4840; x_wconf 92' lang='lat' dir='ltr'><strong>idem</strong></span> <span class='ocrx_word' id='word_1_658' title='bbox 871 4786 1094 4853; x_wconf 87' lang='lat' dir='ltr'><strong>sentire,</strong></span> <span class='ocrx_word' id='word_1_659' title='bbox 1143 4784 1393 4855; x_wconf 86' lang='lat' dir='ltr'><strong>idemque</strong></span> <span class='ocrx_word' id='word_1_660' title='bbox 1438 4784 1581 4854; x_wconf 88' lang='lat' dir='ltr'><strong>loqui</strong></span> <span class='ocrx_word' id='word_1_661' title='bbox 1635 4788 1731 4842; x_wconf 88' lang='lat' dir='ltr'><strong>de-</strong></span> 
     </span>
    </p>
   </div>
   <div class='ocr_carea' id='block_1_93' title="bbox 168 4878 348 4933">
    <p class='ocr_par' dir='ltr' id='par_1_93' title="bbox 168 4878 348 4933">
     <span class='ocr_line' id='line_1_93' title="bbox 168 4878 348 4933; baseline 0 -4"><span class='ocrx_word' id='word_1_662' title='bbox 168 4878 348 4933; x_wconf 80' lang='lat' dir='ltr'><strong>disset.</strong></span> 
     </span>
    </p>
   </div>
   <div class='ocr_carea' id='block_1_94' title="bbox 238 4964 1730 5036">
    <p class='ocr_par' dir='ltr' id='par_1_94' title="bbox 238 4964 1730 5036">
     <span class='ocr_line' id='line_1_94' title="bbox 238 4964 1730 5036; baseline -0.001 -15"><span class='ocrx_word' id='word_1_663' title='bbox 238 4967 411 5025; x_wconf 83' lang='lat' dir='ltr'><strong>Probe</strong></span> <span class='ocrx_word' id='word_1_664' title='bbox 440 4968 645 5023; x_wconf 82' lang='lat' dir='ltr'><strong>sciebat</strong></span> <span class='ocrx_word' id='word_1_665' title='bbox 676 4966 907 5023; x_wconf 85' lang='lat' dir='ltr'><strong>Basilius</strong></span> <span class='ocrx_word' id='word_1_666' title='bbox 940 4966 1211 5036; x_wconf 87' lang='lat' dir='ltr'><strong>privatum</strong></span> <span class='ocrx_word' id='word_1_667' title='bbox 1245 4967 1345 5021; x_wconf 91' lang='lat' dir='ltr'><strong>hoc</strong></span> <span class='ocrx_word' id='word_1_668' title='bbox 1383 4964 1730 5033; x_wconf 86' lang='lat' dir='ltr'><strong>colloquium,</strong></span> 
     </span>
    </p>
   </div>
   <div class='ocr_carea' id='block_1_95' title="bbox 170 5057 1733 5128">
    <p class='ocr_par' dir='ltr' id='par_1_95' title="bbox 170 5057 1733 5128">
     <span class='ocr_line' id='line_1_95' title="bbox 170 5057 1733 5128; baseline 0.001 -18"><span class='ocrx_word' id='word_1_669' title='bbox 170 5074 269 5114; x_wconf 89' lang='lat' dir='ltr'><strong>non</strong></span> <span class='ocrx_word' id='word_1_670' title='bbox 302 5063 437 5116; x_wconf 81' lang='lat' dir='ltr'><strong>satis</strong></span> <span class='ocrx_word' id='word_1_671' title='bbox 476 5061 686 5128; x_wconf 85' lang='lat' dir='ltr'><strong>insigne</strong></span> <span class='ocrx_word' id='word_1_672' title='bbox 736 5067 1135 5114; x_wconf 89' lang='lat' dir='ltr'><strong>monumentum</strong></span> <span class='ocrx_word' id='word_1_673' title='bbox 1182 5058 1302 5112; x_wconf 86' lang='lat' dir='ltr'><strong>fidei</strong></span> <span class='ocrx_word' id='word_1_674' title='bbox 1348 5057 1611 5112; x_wconf 84' lang='lat' dir='ltr'><strong>Eustatltii</strong></span> <span class='ocrx_word' id='word_1_675' title='bbox 1646 5058 1733 5112; x_wconf 89' lang='lat' dir='ltr'><strong>fu-</strong></span> 
     </span>
    </p>
   </div>
   <div class='ocr_carea' id='block_1_96' title="bbox 171 5148 1723 5219">
    <p class='ocr_par' dir='ltr' id='par_1_96' title="bbox 171 5148 1723 5219">
     <span class='ocr_line' id='line_1_96' title="bbox 171 5148 1723 5219; baseline 0.001 -18"><span class='ocrx_word' id='word_1_676' title='bbox 171 5158 367 5215; x_wconf 88' lang='lat' dir='ltr'><strong>turum,</strong></span> <span class='ocrx_word' id='word_1_677' title='bbox 405 5152 506 5206; x_wconf 88' lang='lat' dir='ltr'><strong>nisi</strong></span> <span class='ocrx_word' id='word_1_678' title='bbox 555 5150 760 5217; x_wconf 87' lang='lat' dir='ltr'><strong>scripto</strong></span> <span class='ocrx_word' id='word_1_679' title='bbox 804 5148 1003 5219; x_wconf 90' lang='lat' dir='ltr'><strong>aliquid</strong></span> <span class='ocrx_word' id='word_1_680' title='bbox 1049 5150 1477 5218; x_wconf 87' lang='lat' dir='ltr'><strong>consignaretur.</strong></span> <span class='ocrx_word' id='word_1_681' title='bbox 1522 5148 1627 5203; x_wconf 90' lang='lat' dir='ltr'><strong>Sed</strong></span> <span class='ocrx_word' id='word_1_682' title='bbox 1666 5158 1723 5203; x_wconf 92' lang='lat' dir='ltr'><strong>ut</strong></span> 
     </span>
    </p>
   </div>
   <div class='ocr_carea' id='block_1_97' title="bbox 172 5234 1731 5309">
    <p class='ocr_par' dir='ltr' id='par_1_97' title="bbox 172 5234 1731 5309">
     <span class='ocr_line' id='line_1_97' title="bbox 172 5234 1731 5309; baseline 0.002 -22"><span class='ocrx_word' id='word_1_683' title='bbox 172 5238 365 5292; x_wconf 76' lang='lat' dir='ltr'><strong>faceret</strong></span> <span class='ocrx_word' id='word_1_684' title='bbox 400 5239 708 5293; x_wconf 88' lang='lat' dir='ltr'><strong>accuratius</strong></span> <span class='ocrx_word' id='word_1_685' title='bbox 735 5252 799 5293; x_wconf 86' lang='lat' dir='ltr'><strong>ac</strong></span> <span class='ocrx_word' id='word_1_686' title='bbox 832 5238 1163 5309; x_wconf 81' lang='lat' dir='ltr'><strong>diligentius,</strong></span> <span class='ocrx_word' id='word_1_687' title='bbox 1196 5236 1317 5291; x_wconf 70' lang='lat' dir='ltr'><strong>fidei</strong></span> <span class='ocrx_word' id='word_1_688' title='bbox 1346 5234 1629 5291; x_wconf 89' lang='lat' dir='ltr'><strong>formulam</strong></span> <span class='ocrx_word' id='word_1_689' title='bbox 1662 5238 1731 5291; x_wconf 84' lang='lat' dir='ltr'><strong>ab</strong></span> 
     </span>
    </p>
   </div>
   <div class='ocr_carea' id='block_1_98' title="bbox 174 5326 1730 5397">
    <p class='ocr_par' dir='ltr' id='par_1_98' title="bbox 174 5326 1730 5397">
     <span class='ocr_line' id='line_1_98' title="bbox 174 5326 1730 5397; baseline 0.003 -20"><span class='ocrx_word' id='word_1_690' title='bbox 174 5326 278 5393; x_wconf 84' lang='lat' dir='ltr'><strong>ipse</strong></span> <span class='ocrx_word' id='word_1_691' title='bbox 320 5327 596 5383; x_wconf 86' lang='lat' dir='ltr'><strong>Theodoto</strong></span> <span class='ocrx_word' id='word_1_692' title='bbox 642 5328 889 5397; x_wconf 85' lang='lat' dir='ltr'><strong>accipere</strong></span> <span class='ocrx_word' id='word_1_693' title='bbox 939 5328 1171 5391; x_wconf 87' lang='lat' dir='ltr'><strong>volebat,</strong></span> <span class='ocrx_word' id='word_1_694' title='bbox 1205 5336 1262 5379; x_wconf 93' lang='lat' dir='ltr'><strong>ut</strong></span> <span class='ocrx_word' id='word_1_695' title='bbox 1311 5342 1413 5381; x_wconf 88' lang='lat' dir='ltr'><strong>una</strong></span> <span class='ocrx_word' id='word_1_696' title='bbox 1456 5336 1511 5381; x_wconf 91' lang='lat' dir='ltr'><strong>et</strong></span> <span class='ocrx_word' id='word_1_697' title='bbox 1543 5326 1730 5381; x_wconf 90' lang='lat' dir='ltr'><strong>eadem</strong></span> 
     </span>
    </p>
   </div>
   <div class='ocr_carea' id='block_1_99' title="bbox 170 5418 1731 5489">
    <p class='ocr_par' dir='ltr' id='par_1_99' title="bbox 170 5418 1731 5489">
     <span class='ocr_line' id='line_1_99' title="bbox 170 5418 1731 5489; baseline 0.002 -21"><span class='ocrx_word' id='word_1_698' title='bbox 170 5426 325 5484; x_wconf 81' lang='lat' dir='ltr'><strong>Opera</strong></span> <span class='ocrx_word' id='word_1_699' title='bbox 357 5421 463 5473; x_wconf 75' lang='lat' dir='ltr'><strong>duo</strong></span> <span class='ocrx_word' id='word_1_700' title='bbox 509 5430 953 5489; x_wconf 88' lang='lat' dir='ltr'><strong>consequeretur,</strong></span> <span class='ocrx_word' id='word_1_701' title='bbox 983 5436 1180 5489; x_wconf 88' lang='lat' dir='ltr'><strong>nempe</strong></span> <span class='ocrx_word' id='word_1_702' title='bbox 1219 5430 1271 5475; x_wconf 92' lang='lat' dir='ltr'><strong>et</strong></span> <span class='ocrx_word' id='word_1_703' title='bbox 1320 5418 1599 5475; x_wconf 84' lang='lat' dir='ltr'><strong>Eustatbio</strong></span> <span class='ocrx_word' id='word_1_704' title='bbox 1643 5434 1731 5471; x_wconf 88' lang='lat' dir='ltr'><strong>re-</strong></span> 
     </span>
    </p>
   </div>
   <div class='ocr_carea' id='block_1_100' title="bbox 178 5511 1726 5583">
    <p class='ocr_par' dir='ltr' id='par_1_100' title="bbox 178 5511 1726 5583">
     <span class='ocr_line' id='line_1_100' title="bbox 178 5511 1726 5583; baseline 0.002 -22"><span class='ocrx_word' id='word_1_705' title='bbox 178 5518 308 5562; x_wconf 86' lang='lat' dir='ltr'><strong>ctam</strong></span> <span class='ocrx_word' id='word_1_706' title='bbox 343 5511 498 5567; x_wconf 85' lang='lat' dir='ltr'><strong>lidern</strong></span> <span class='ocrx_word' id='word_1_707' title='bbox 545 5512 918 5583; x_wconf 88' lang='lat' dir='ltr'><strong>persuaderet,</strong></span> <span class='ocrx_word' id='word_1_708' title='bbox 961 5522 1019 5567; x_wconf 90' lang='lat' dir='ltr'><strong>et</strong></span> <span class='ocrx_word' id='word_1_709' title='bbox 1064 5514 1206 5568; x_wconf 87' lang='lat' dir='ltr'><strong>illius</strong></span> <span class='ocrx_word' id='word_1_710' title='bbox 1235 5513 1558 5568; x_wconf 88' lang='lat' dir='ltr'><strong>adversariis</strong></span> <span class='ocrx_word' id='word_1_711' title='bbox 1606 5521 1726 5581; x_wconf 87' lang='lat' dir='ltr'><strong>post</strong></span> 
     </span>
    </p>
   </div>
   <div class='ocr_carea' id='block_1_101' title="bbox 178 5601 1720 5671">
    <p class='ocr_par' dir='ltr' id='par_1_101' title="bbox 178 5601 1720 5671">
     <span class='ocr_line' id='line_1_101' title="bbox 178 5601 1720 5671; baseline 0.003 -19"><span class='ocrx_word' id='word_1_712' title='bbox 178 5610 409 5670; x_wconf 87' lang='lat' dir='ltr'><strong>acceptas</strong></span> <span class='ocrx_word' id='word_1_713' title='bbox 460 5601 700 5671; x_wconf 89' lang='lat' dir='ltr'><strong>ipsorum</strong></span> <span class='ocrx_word' id='word_1_714' title='bbox 753 5602 1122 5669; x_wconf 86' lang='lat' dir='ltr'><strong>conditiones,</strong></span> <span class='ocrx_word' id='word_1_715' title='bbox 1178 5603 1383 5659; x_wconf 89' lang='lat' dir='ltr'><strong>nullum</strong></span> <span class='ocrx_word' id='word_1_716' title='bbox 1439 5604 1720 5661; x_wconf 87' lang='lat' dir='ltr'><strong>contradi-</strong></span> 
     </span>
    </p>
   </div>
   <div class='ocr_carea' id='block_1_102' title="bbox 179 5692 916 5763">
    <p class='ocr_par' dir='ltr' id='par_1_102' title="bbox 179 5692 916 5763">
     <span class='ocr_line' id='line_1_102' title="bbox 179 5692 916 5763; baseline 0.009 -22"><span class='ocrx_word' id='word_1_717' title='bbox 179 5692 318 5745; x_wconf 83' lang='lat' dir='ltr'><strong>cendi</strong></span> <span class='ocrx_word' id='word_1_718' title='bbox 346 5692 517 5749; x_wconf 86' lang='lat' dir='ltr'><strong>locum</strong></span> <span class='ocrx_word' id='word_1_719' title='bbox 557 5693 916 5763; x_wconf 88' lang='lat' dir='ltr'><strong>relinqueret.</strong></span> 
     </span>
    </p>
   </div>
   <div class='ocr_carea' id='block_1_103' title="bbox 238 5781 1717 5855">
    <p class='ocr_par' dir='ltr' id='par_1_103' title="bbox 238 5781 1717 5855">
     <span class='ocr_line' id='line_1_103' title="bbox 238 5781 1717 5855; baseline 0.003 -22"><span class='ocrx_word' id='word_1_720' title='bbox 238 5781 625 5853; x_wconf 83' lang='lat' dir='ltr'><strong>Colloquiorum</strong></span> <span class='ocrx_word' id='word_1_721' title='bbox 673 5801 797 5839; x_wconf 90' lang='lat' dir='ltr'><strong>cum</strong></span> <span class='ocrx_word' id='word_1_722' title='bbox 844 5784 1125 5840; x_wconf 89' lang='lat' dir='ltr'><strong>Eustatbio</strong></span> <span class='ocrx_word' id='word_1_723' title='bbox 1155 5796 1368 5855; x_wconf 87' lang='lat' dir='ltr'><strong>optatus</strong></span> <span class='ocrx_word' id='word_1_724' title='bbox 1397 5786 1575 5842; x_wconf 89' lang='lat' dir='ltr'><strong>exitus</strong></span> <span class='ocrx_word' id='word_1_725' title='bbox 1608 5787 1717 5839; x_wconf 85' lang='lat' dir='ltr'><strong>Ba-</strong></span> 
     </span>
    </p>
   </div>
   <div class='ocr_carea' id='block_1_104' title="bbox 173 5872 1708 5946">
    <p class='ocr_par' dir='ltr' id='par_1_104' title="bbox 173 5872 1708 5946">
     <span class='ocr_line' id='line_1_104' title="bbox 173 5872 1708 5946; baseline 0.003 -22"><span class='ocrx_word' id='word_1_726' title='bbox 173 5872 329 5929; x_wconf 71' lang='lat' dir='ltr'><strong>tiiium</strong></span> <span class='ocrx_word' id='word_1_727' title='bbox 363 5879 646 5941; x_wconf 81' lang='lat' dir='ltr'><strong>incitabat,</strong></span> <span class='ocrx_word' id='word_1_728' title='bbox 677 5888 734 5929; x_wconf 92' lang='lat' dir='ltr'><strong>ut</strong></span> <span class='ocrx_word' id='word_1_729' title='bbox 774 5885 919 5931; x_wconf 89' lang='lat' dir='ltr'><strong>recta</strong></span> <span class='ocrx_word' id='word_1_730' title='bbox 952 5875 1244 5945; x_wconf 82' lang='lat' dir='ltr'><strong>Nicopolim</strong></span> <span class='ocrx_word' id='word_1_731' title='bbox 1290 5887 1556 5946; x_wconf 84' lang='lat' dir='ltr'><strong>pergeret.</strong></span> <span class='ocrx_word' id='word_1_732' title='bbox 1603 5879 1708 5931; x_wconf 81' lang='lat' dir='ltr'><strong>Sed</strong></span> 
     </span>
    </p>
   </div>
   <div class='ocr_carea' id='block_1_105' title="bbox 1843 4690 3411 4762">
    <p class='ocr_par' dir='ltr' id='par_1_105' title="bbox 1843 4690 3411 4762">
     <span class='ocr_line' id='line_1_105' title="bbox 1843 4690 3411 4762; baseline -0.01 -8"><span class='ocrx_word' id='word_1_733' title='bbox 1843 4699 1895 4755; x_wconf 88' lang='lat' dir='ltr'><strong>id</strong></span> <span class='ocrx_word' id='word_1_734' title='bbox 1925 4698 1990 4751; x_wconf 90' lang='lat' dir='ltr'><strong>de</strong></span> <span class='ocrx_word' id='word_1_735' title='bbox 2029 4694 2400 4762; x_wconf 86' lang='lat' dir='ltr'><strong>persecutione</strong></span> <span class='ocrx_word' id='word_1_736' title='bbox 2448 4690 2707 4745; x_wconf 68' lang='lat' dir='ltr'><strong>Ecclesia:</strong></span> <span class='ocrx_word' id='word_1_737' title='bbox 2738 4690 2938 4743; x_wconf 83' lang='lat' dir='ltr'><strong>dictum</strong></span> <span class='ocrx_word' id='word_1_738' title='bbox 2985 4705 3089 4743; x_wconf 91' lang='lat' dir='ltr'><strong>non</strong></span> <span class='ocrx_word' id='word_1_739' title='bbox 3123 4702 3273 4759; x_wconf 89' lang='lat' dir='ltr'><strong>puto,</strong></span> <span class='ocrx_word' id='word_1_740' title='bbox 3320 4695 3411 4745; x_wconf 77' lang='lat' dir='ltr'><strong>sed</strong></span> 
     </span>
    </p>
   </div>
   <div class='ocr_carea' id='block_1_106' title="bbox 1842 4780 3411 4843">
    <p class='ocr_par' dir='ltr' id='par_1_106' title="bbox 1842 4780 3411 4843">
     <span class='ocr_line' id='line_1_106' title="bbox 1842 4780 3411 4843; baseline -0.004 0"><span class='ocrx_word' id='word_1_741' title='bbox 1842 4791 1907 4843; x_wconf 87' lang='lat' dir='ltr'><strong>de</strong></span> <span class='ocrx_word' id='word_1_742' title='bbox 1948 4786 2319 4841; x_wconf 81' lang='lat' dir='ltr'><strong>exactionibus</strong></span> <span class='ocrx_word' id='word_1_743' title='bbox 2361 4783 2707 4837; x_wconf 90' lang='lat' dir='ltr'><strong>tributorum.</strong></span> <span class='ocrx_word' id='word_1_744' title='bbox 2739 4780 2891 4836; x_wconf 90' lang='lat' dir='ltr'><strong>iiunc</strong></span> <span class='ocrx_word' id='word_1_745' title='bbox 2929 4782 3073 4835; x_wconf 89' lang='lat' dir='ltr'><strong>enim</strong></span> <span class='ocrx_word' id='word_1_746' title='bbox 3118 4781 3411 4837; x_wconf 80' lang='lat' dir='ltr'><strong>Maximum</strong></span> 
     </span>
    </p>
   </div>
   <div class='ocr_carea' id='block_1_107' title="bbox 1842 4874 3413 4945">
    <p class='ocr_par' dir='ltr' id='par_1_107' title="bbox 1842 4874 3413 4945">
     <span class='ocr_line' id='line_1_107' title="bbox 1842 4874 3413 4945; baseline -0.004 -11"><span class='ocrx_word' id='word_1_747' title='bbox 1842 4879 2069 4935; x_wconf 88' lang='lat' dir='ltr'><strong>Basilius</strong></span> <span class='ocrx_word' id='word_1_748' title='bbox 2115 4878 2167 4931; x_wconf 90' lang='lat' dir='ltr'><strong>in</strong></span> <span class='ocrx_word' id='word_1_749' title='bbox 2213 4874 2516 4945; x_wconf 74' lang='lat' dir='ltr'><strong>epist.ii7,</strong></span> <span class='ocrx_word' id='word_1_750' title='bbox 2569 4874 2740 4927; x_wconf 90' lang='lat' dir='ltr'><strong>virum</strong></span> <span class='ocrx_word' id='word_1_751' title='bbox 2792 4874 2946 4945; x_wconf 87' lang='lat' dir='ltr'><strong>longe</strong></span> <span class='ocrx_word' id='word_1_752' title='bbox 3011 4877 3271 4944; x_wconf 89' lang='lat' dir='ltr'><strong>optimum</strong></span> <span class='ocrx_word' id='word_1_753' title='bbox 3321 4891 3413 4943; x_wconf 60' lang='lat' dir='ltr'><strong>apo</strong></span> 
     </span>
    </p>
   </div>
   <div class='ocr_carea' id='block_1_108' title="bbox 1841 4968 3413 5043">
    <p class='ocr_par' dir='ltr' id='par_1_108' title="bbox 1841 4968 3413 5043">
     <span class='ocr_line' id='line_1_108' title="bbox 1841 4968 3413 5043; baseline -0.003 -17"><span class='ocrx_word' id='word_1_754' title='bbox 1841 4971 2021 5043; x_wconf 87' lang='lat' dir='ltr'><strong>pellat.</strong></span> <span class='ocrx_word' id='word_1_755' title='bbox 2068 4970 2207 5040; x_wconf 92' lang='lat' dir='ltr'><strong>quod</strong></span> <span class='ocrx_word' id='word_1_756' title='bbox 2240 4970 2305 5023; x_wconf 89' lang='lat' dir='ltr'><strong>de</strong></span> <span class='ocrx_word' id='word_1_757' title='bbox 2355 4978 2697 5036; x_wconf 89' lang='lat' dir='ltr'><strong>persecutore</strong></span> <span class='ocrx_word' id='word_1_758' title='bbox 2745 4968 2995 5023; x_wconf 79' lang='lat' dir='ltr'><strong>Ecclesiae</strong></span> <span class='ocrx_word' id='word_1_759' title='bbox 3043 4983 3146 5021; x_wconf 88' lang='lat' dir='ltr'><strong>non</strong></span> <span class='ocrx_word' id='word_1_760' title='bbox 3206 4970 3413 5023; x_wconf 87' lang='lat' dir='ltr'><strong>videtur</strong></span> 
     </span>
    </p>
   </div>
   <div class='ocr_carea' id='block_1_109' title="bbox 1842 5058 3411 5129">
    <p class='ocr_par' dir='ltr' id='par_1_109' title="bbox 1842 5058 3411 5129">
     <span class='ocr_line' id='line_1_109' title="bbox 1842 5058 3411 5129; baseline -0.003 -12"><span class='ocrx_word' id='word_1_761' title='bbox 1842 5064 2086 5118; x_wconf 88' lang='lat' dir='ltr'><strong>dicturus</strong></span> <span class='ocrx_word' id='word_1_762' title='bbox 2130 5060 2315 5116; x_wconf 89' lang='lat' dir='ltr'><strong>fuisse.</strong></span> <span class='ocrx_word' id='word_1_763' title='bbox 2368 5058 2704 5113; x_wconf 82' lang='lat' dir='ltr'><strong>Prohabilius</strong></span> <span class='ocrx_word' id='word_1_764' title='bbox 2743 5060 2904 5113; x_wconf 86' lang='lat' dir='ltr'><strong>multo</strong></span> <span class='ocrx_word' id='word_1_765' title='bbox 2942 5070 3022 5113; x_wconf 91' lang='lat' dir='ltr'><strong>est</strong></span> <span class='ocrx_word' id='word_1_766' title='bbox 3057 5060 3197 5115; x_wconf 89' lang='lat' dir='ltr'><strong>hunc</strong></span> <span class='ocrx_word' id='word_1_767' title='bbox 3229 5061 3411 5129; x_wconf 61' lang='lat' dir='ltr'><strong>praesi-</strong></span> 
     </span>
    </p>
   </div>
   <div class='ocr_carea' id='block_1_110' title="bbox 1840 5151 3410 5220">
    <p class='ocr_par' dir='ltr' id='par_1_110' title="bbox 1840 5151 3410 5220">
     <span class='ocr_line' id='line_1_110' title="bbox 1840 5151 3410 5220; baseline -0.001 -11"><span class='ocrx_word' id='word_1_768' title='bbox 1840 5155 1984 5220; x_wconf 88' lang='lat' dir='ltr'><strong>dem,</strong></span> <span class='ocrx_word' id='word_1_769' title='bbox 2007 5168 2128 5208; x_wconf 89' lang='lat' dir='ltr'><strong>cum</strong></span> <span class='ocrx_word' id='word_1_770' title='bbox 2156 5152 2319 5207; x_wconf 90' lang='lat' dir='ltr'><strong>sciret</strong></span> <span class='ocrx_word' id='word_1_771' title='bbox 2350 5151 2540 5212; x_wconf 88' lang='lat' dir='ltr'><strong>Eliam.</strong></span> <span class='ocrx_word' id='word_1_772' title='bbox 2569 5152 2652 5204; x_wconf 91' lang='lat' dir='ltr'><strong>cui</strong></span> <span class='ocrx_word' id='word_1_773' title='bbox 2682 5152 3029 5217; x_wconf 83' lang='lat' dir='ltr'><strong>succedebat,</strong></span> <span class='ocrx_word' id='word_1_774' title='bbox 3059 5152 3110 5206; x_wconf 92' lang='lat' dir='ltr'><strong>in</strong></span> <span class='ocrx_word' id='word_1_775' title='bbox 3146 5152 3410 5208; x_wconf 85' lang='lat' dir='ltr'><strong>maximas</strong></span> 
     </span>
    </p>
   </div>
   <div class='ocr_carea' id='block_1_111' title="bbox 1843 5241 3413 5311">
    <p class='ocr_par' dir='ltr' id='par_1_111' title="bbox 1843 5241 3413 5311">
     <span class='ocr_line' id='line_1_111' title="bbox 1843 5241 3413 5311; baseline -0.002 -12"><span class='ocrx_word' id='word_1_776' title='bbox 1843 5244 2115 5299; x_wconf 87' lang='lat' dir='ltr'><strong>molestias</strong></span> <span class='ocrx_word' id='word_1_777' title='bbox 2151 5243 2219 5296; x_wconf 89' lang='lat' dir='ltr'><strong>ob</strong></span> <span class='ocrx_word' id='word_1_778' title='bbox 2265 5256 2417 5295; x_wconf 87' lang='lat' dir='ltr'><strong>suam</strong></span> <span class='ocrx_word' id='word_1_779' title='bbox 2468 5242 2519 5295; x_wconf 92' lang='lat' dir='ltr'><strong>in</strong></span> <span class='ocrx_word' id='word_1_780' title='bbox 2552 5241 2898 5311; x_wconf 89' lang='lat' dir='ltr'><strong>Cappadoces</strong></span> <span class='ocrx_word' id='word_1_781' title='bbox 2950 5244 3222 5296; x_wconf 86' lang='lat' dir='ltr'><strong>lenitatem</strong></span> <span class='ocrx_word' id='word_1_782' title='bbox 3275 5244 3413 5299; x_wconf 88' lang='lat' dir='ltr'><strong>inci-</strong></span> 
     </span>
    </p>
   </div>
   <div class='ocr_carea' id='block_1_112' title="bbox 1841 5334 3407 5401">
    <p class='ocr_par' dir='ltr' id='par_1_112' title="bbox 1841 5334 3407 5401">
     <span class='ocr_line' id='line_1_112' title="bbox 1841 5334 3407 5401; baseline -0.001 -13"><span class='ocrx_word' id='word_1_783' title='bbox 1841 5337 2002 5399; x_wconf 88' lang='lat' dir='ltr'><strong>disse,</strong></span> <span class='ocrx_word' id='word_1_784' title='bbox 2049 5334 2292 5388; x_wconf 88' lang='lat' dir='ltr'><strong>strictum</strong></span> <span class='ocrx_word' id='word_1_785' title='bbox 2324 5344 2379 5389; x_wconf 89' lang='lat' dir='ltr'><strong>et</strong></span> <span class='ocrx_word' id='word_1_786' title='bbox 2408 5347 2681 5401; x_wconf 88' lang='lat' dir='ltr'><strong>severum,</strong></span> <span class='ocrx_word' id='word_1_787' title='bbox 2728 5335 2914 5389; x_wconf 87' lang='lat' dir='ltr'><strong>saltem</strong></span> <span class='ocrx_word' id='word_1_788' title='bbox 2952 5334 3125 5399; x_wconf 91' lang='lat' dir='ltr'><strong>initio,</strong></span> <span class='ocrx_word' id='word_1_789' title='bbox 3161 5334 3322 5389; x_wconf 81' lang='lat' dir='ltr'><strong>fuisse</strong></span> <span class='ocrx_word' id='word_1_790' title='bbox 3353 5334 3407 5389; x_wconf 93' lang='lat' dir='ltr'><strong>in</strong></span> 
     </span>
    </p>
   </div>
   <div class='ocr_carea' id='block_1_113' title="bbox 1840 5426 2378 5496">
    <p class='ocr_par' dir='ltr' id='par_1_113' title="bbox 1840 5426 2378 5496">
     <span class='ocr_line' id='line_1_113' title="bbox 1840 5426 2378 5496; baseline 0 -15"><span class='ocrx_word' id='word_1_791' title='bbox 1840 5426 2112 5496; x_wconf 85' lang='lat' dir='ltr'><strong>exigendis</strong></span> <span class='ocrx_word' id='word_1_792' title='bbox 2143 5426 2378 5481; x_wconf 83' lang='lat' dir='ltr'><strong>tributis.</strong></span> 
     </span>
    </p>
   </div>
   <div class='ocr_carea' id='block_1_114' title="bbox 1913 5515 3411 5585">
    <p class='ocr_par' dir='ltr' id='par_1_114' title="bbox 1913 5515 3411 5585">
     <span class='ocr_line' id='line_1_114' title="bbox 1913 5515 3411 5585; baseline -0.004 -13"><span class='ocrx_word' id='word_1_793' title='bbox 1913 5517 2017 5572; x_wconf 89' lang='lat' dir='ltr'><strong>Sed</strong></span> <span class='ocrx_word' id='word_1_794' title='bbox 2049 5516 2101 5570; x_wconf 93' lang='lat' dir='ltr'><strong>in</strong></span> <span class='ocrx_word' id='word_1_795' title='bbox 2137 5515 2221 5571; x_wconf 89' lang='lat' dir='ltr'><strong>his</strong></span> <span class='ocrx_word' id='word_1_796' title='bbox 2253 5516 2446 5571; x_wconf 89' lang='lat' dir='ltr'><strong>litteris</strong></span> <span class='ocrx_word' id='word_1_797' title='bbox 2476 5532 2538 5570; x_wconf 89' lang='lat' dir='ltr'><strong>ea</strong></span> <span class='ocrx_word' id='word_1_798' title='bbox 2574 5516 2841 5585; x_wconf 70' lang='lat' dir='ltr'><strong>principne</strong></span> <span class='ocrx_word' id='word_1_799' title='bbox 2890 5515 3245 5579; x_wconf 86' lang='lat' dir='ltr'><strong>observanda,</strong></span> <span class='ocrx_word' id='word_1_800' title='bbox 3292 5527 3411 5581; x_wconf 62' lang='lat' dir='ltr'><strong>qua!</strong></span> 
     </span>
    </p>
   </div>
   <div class='ocr_carea' id='block_1_115' title="bbox 1830 5605 3407 5680">
    <p class='ocr_par' dir='ltr' id='par_1_115' title="bbox 1830 5605 3407 5680">
     <span class='ocr_line' id='line_1_115' title="bbox 1830 5605 3407 5680; baseline -0.002 -17"><span class='ocrx_word' id='word_1_801' title='bbox 1830 5610 1897 5665; x_wconf 91' lang='lat' dir='ltr'><strong>de</strong></span> <span class='ocrx_word' id='word_1_802' title='bbox 1919 5608 2180 5680; x_wconf 83' lang='lat' dir='ltr'><strong>Gregorio</strong></span> <span class='ocrx_word' id='word_1_803' title='bbox 2204 5609 2459 5664; x_wconf 89' lang='lat' dir='ltr'><strong>dicuntur</strong></span> <span class='ocrx_word' id='word_1_804' title='bbox 2485 5626 2497 5660; x_wconf 90' lang='lat'><strong>:</strong></span> <span class='ocrx_word' id='word_1_805' title='bbox 2524 5606 2785 5661; x_wconf 65' lang='lat' dir='ltr'><strong>Cancrum</strong></span> <span class='ocrx_word' id='word_1_806' title='bbox 2828 5606 3048 5679; x_wconf 74' lang='lat' dir='ltr'><strong>fratrem</strong></span> <span class='ocrx_word' id='word_1_807' title='bbox 3074 5605 3407 5676; x_wconf 79' lang='lat' dir='ltr'><strong>Gregorium,</strong></span> 
     </span>
    </p>
   </div>
   <div class='ocr_carea' id='block_1_116' title="bbox 1830 5699 3414 5771">
    <p class='ocr_par' dir='ltr' id='par_1_116' title="bbox 1830 5699 3414 5771">
     <span class='ocr_line' id='line_1_116' title="bbox 1830 5699 3414 5771; baseline -0.001 -18"><span class='ocrx_word' id='word_1_808' title='bbox 1830 5700 2036 5769; x_wconf 89' lang='lat' dir='ltr'><strong>inquit,</strong></span> <span class='ocrx_word' id='word_1_809' title='bbox 2078 5701 2259 5755; x_wconf 79' lang='lat' dir='ltr'><strong>vellem</strong></span> <span class='ocrx_word' id='word_1_810' title='bbox 2303 5710 2351 5755; x_wconf 84' lang='lat' dir='ltr'><strong>et</strong></span> <span class='ocrx_word' id='word_1_811' title='bbox 2397 5717 2487 5771; x_wconf 85' lang='lat' dir='ltr'><strong>ego</strong></span> <span class='ocrx_word' id='word_1_812' title='bbox 2544 5699 2837 5755; x_wconf 78' lang='lat' dir='ltr'><strong>Ecclesium</strong></span> <span class='ocrx_word' id='word_1_813' title='bbox 2880 5702 3165 5769; x_wconf 73' lang='lat' dir='ltr'><strong>gubernare</strong></span> <span class='ocrx_word' id='word_1_814' title='bbox 3205 5700 3414 5768; x_wconf 82' lang='lat' dir='ltr'><strong>ingenio</strong></span> 
     </span>
    </p>
   </div>
   <div class='ocr_carea' id='block_1_117' title="bbox 1827 5790 3412 5857">
    <p class='ocr_par' dir='ltr' id='par_1_117' title="bbox 1827 5790 3412 5857">
     <span class='ocr_line' id='line_1_117' title="bbox 1827 5790 3412 5857; baseline 0 -16"><span class='ocrx_word' id='word_1_815' title='bbox 1827 5806 1921 5842; x_wconf 84' lang='lat' dir='ltr'><strong>suo</strong></span> <span class='ocrx_word' id='word_1_816' title='bbox 1956 5805 2153 5857; x_wconf 81' lang='lat' dir='ltr'><strong>parem.</strong></span> <span class='ocrx_word' id='word_1_817' title='bbox 2187 5790 2266 5843; x_wconf 79' lang='lat' dir='ltr'><strong>Eu</strong></span> <span class='ocrx_word' id='word_1_818' title='bbox 2302 5804 2477 5845; x_wconf 77' lang='lat' dir='ltr'><strong>autem</strong></span> <span class='ocrx_word' id='word_1_819' title='bbox 2519 5803 2628 5845; x_wconf 86' lang='lat' dir='ltr'><strong>erat</strong></span> <span class='ocrx_word' id='word_1_820' title='bbox 2672 5791 2912 5845; x_wconf 77' lang='lat' dir='ltr'><strong>Ecclesia</strong></span> <span class='ocrx_word' id='word_1_821' title='bbox 2957 5792 3125 5844; x_wconf 76' lang='lat' dir='ltr'><strong>omnis</strong></span> <span class='ocrx_word' id='word_1_822' title='bbox 3169 5806 3284 5855; x_wconf 73' lang='lat' dir='ltr'><strong>qua:</strong></span> <span class='ocrx_word' id='word_1_823' title='bbox 3317 5794 3412 5842; x_wconf 81' lang='lat' dir='ltr'><strong>sub</strong></span> 
     </span>
    </p>
   </div>
   <div class='ocr_carea' id='block_1_118' title="bbox 1823 5880 3407 5947">
    <p class='ocr_par' dir='ltr' id='par_1_118' title="bbox 1823 5880 3407 5947">
     <span class='ocr_line' id='line_1_118' title="bbox 1823 5880 3407 5947; baseline 0.002 -16"><span class='ocrx_word' id='word_1_824' title='bbox 1823 5880 1929 5931; x_wconf 83' lang='lat' dir='ltr'><strong>sole</strong></span> <span class='ocrx_word' id='word_1_825' title='bbox 1970 5891 2071 5945; x_wconf 80' lang='lat' dir='ltr'><strong>est,</strong></span> <span class='ocrx_word' id='word_1_826' title='bbox 2106 5883 2156 5931; x_wconf 84' lang='lat' dir='ltr'><strong>in</strong></span> <span class='ocrx_word' id='word_1_827' title='bbox 2189 5898 2347 5933; x_wconf 79' lang='lat' dir='ltr'><strong>unum</strong></span> <span class='ocrx_word' id='word_1_828' title='bbox 2380 5883 2610 5935; x_wconf 77' lang='lat' dir='ltr'><strong>collecta.</strong></span> <span class='ocrx_word' id='word_1_829' title='bbox 2656 5882 2783 5933; x_wconf 81' lang='lat' dir='ltr'><strong>Cum</strong></span> <span class='ocrx_word' id='word_1_830' title='bbox 2821 5892 2991 5933; x_wconf 69' lang='lat' dir='ltr'><strong>auten</strong></span> <span class='ocrx_word' id='word_1_831' title='bbox 3038 5883 3153 5947; x_wconf 70' lang='lat' dir='ltr'><strong>ﬁeri</strong></span> <span class='ocrx_word' id='word_1_832' title='bbox 3212 5880 3265 5932; x_wconf 85' lang='lat' dir='ltr'><strong>id</strong></span> <span class='ocrx_word' id='word_1_833' title='bbox 3304 5897 3407 5934; x_wconf 75' lang='lat' dir='ltr'><strong>non</strong></span> 
     </span>
    </p>
   </div>
  </div>
