4214 6492
806 424 969 465 XCVIII

2150 408 2658 468 PROLEGOMENA

802 534 985 593 queat,
1033 522 1306 593 episcopus
1339 524 1430 588 sit,
1483 541 1583 577 non
1619 540 1680 578 ea:
1735 524 1845 578 loco
1897 540 2257 582 ornamentum
2300 549 2391 583 ac-
2419 536 2465 591 Α
2496 530 2638 585 bium
2661 530 2854 586 invitat
2888 531 2941 587 in
2971 531 3387 603 Cappadociam,
3426 545 3481 589 ut
3506 534 3610 590 sibi
3644 537 3695 591 in
3722 538 4069 597 constituen-

804 616 1031 683 cipiem,
1075 620 1165 668 sed
1215 616 1329 669 loco
1381 632 1445 669 ea:
1494 633 1603 670 sese
1653 619 1871 672 addens.
1926 618 2066 672 Nam
2118 622 2215 674 viri
2270 640 2385 676 rere

804 709 982 777 magni
1015 720 1088 761 est
1118 726 1220 762 non
1254 711 1454 777 magnis
1484 720 1684 763 tantum
1713 728 1889 778 parem
1924 730 2054 779 esse,
2082 716 2169 767 sed
2198 716 2380 779 etiam,

803 814 921 867 qum
950 815 1111 866 parva
1136 810 1255 852 sunt
1288 800 1542 867 facultate
1576 818 1764 871 magna
1796 804 1986 869 facere.
2022 805 2094 857 De
2123 804 2383 874 Gregorio

804 888 1051 959 Nysseno
1101 891 1475 946 Tillemontius
1512 893 1599 946 hic
1644 895 1726 961 agi
1774 895 2073 957 existimat.
2124 898 2381 967 deceptus

803 981 889 1035 his
928 982 1151 1037 vocibus
1182 982 1314 1053 ἐμὸν
1349 984 1459 1046 τόν,
1494 984 1710 1053 fratrem
1750 1002 1939 1049 meum,
1986 1003 2121 1057 quas
2156 1004 2257 1057 ope
2294 1006 2380 1045 co-

802 1072 981 1126 dicum
1028 1089 1216 1128 novem
1246 1076 1663 1131 eliminavimus.
1702 1078 1784 1130 Ad
1820 1078 2063 1134 codicum
2111 1096 2243 1135 mss.
2280 1097 2379 1136 au-

802 1168 1109 1220 eloritatem
1155 1169 1363 1223 accedit
1407 1170 1519 1223 haec
1574 1170 1709 1223 ratio
1745 1170 1841 1240 (a),
1886 1175 2028 1241 quod
2073 1172 2374 1245 Nyssenus,

800 1258 902 1311 etsi
954 1258 1157 1313 invitus
1203 1262 1269 1314 ad
1320 1269 1425 1315 tam
1463 1260 1690 1317 sublime
1742 1264 2103 1320 ministerium
2156 1278 2378 1324 evectus

801 1357 906 1411 est,
934 1365 1039 1403 non
1070 1359 1246 1404 tamen
1277 1352 1506 1415 videtur,
1536 1364 1780 1422 suscepta
1812 1358 1979 1411 semel
2008 1359 2378 1424 ordinatione,

800 1442 1200 1509 recalettrasse,
1227 1454 1286 1499 ut
1308 1445 1600 1516 Gregorius
1626 1465 1640 1502 :
1671 1447 1779 1503 imo
1810 1448 2141 1505 Nazianzum
2176 1454 2378 1509 missus

798 1548 904 1603 est,
935 1547 994 1592 ut
1032 1539 1275 1611 Gregorii
1311 1542 1547 1597 dolorem
1583 1559 1649 1599 ex
1680 1546 2022 1600 ordinatione
2042 1558 2376 1617 conceptum

800 1634 1155 1702 abstergeret.
1184 1633 1448 1690 Praeterea
1480 1636 1756 1705 Nyssenus
1794 1638 1859 1692 de
1897 1653 2049 1694 more
2090 1640 2373 1696 ordinatus

802 1734 919 1786 est.
971 1724 1275 1794 postulante
1341 1728 1498 1796 plebe
1564 1736 1618 1782 et
1685 1728 1851 1795 clero,
1909 1734 2377 1790 consentientibus

801 1821 1093 1886 provincias
1160 1822 1446 1891 episcOpis,
1497 1833 1555 1877 ut
1607 1834 1753 1894 patet
1803 1840 1867 1881 ex
1921 1828 2077 1898 epist.
2125 1829 2252 1884 225.
2300 1833 2370 1884 At

790 1914 1137 1972 Nazianzeno
1174 1917 1317 1971 solus
1364 1917 1612 1983 Basilius,
1656 1920 1947 1989 adjuvante
1992 1924 2159 1993 ipsius
2194 1934 2370 1994 patre,

792 2008 898 2063 hoc
939 2027 1076 2065 onus
1138 2012 1449 2079 imposuit:
1496 2016 1634 2070 unde
1697 2017 1751 2069 in
1816 2016 2011 2071 multas
2073 2020 2373 2086 reprehen-

794 2104 977 2157 siones
1012 2105 1269 2169 incurrit,
1313 2107 1455 2175 quod
1506 2116 1710 2162 tantum
1750 2108 1922 2162 virum
1972 2110 2183 2165 Sasima
2233 2112 2372 2165 rele-

792 2204 994 2263 gasset.

869 2285 977 2340 Iloc
1009 2294 1186 2339 autem
1237 2287 1399 2343 semel
1443 2290 1753 2356 constituto,
1789 2292 1895 2345 ruit
1929 2291 2142 2360 penitus
2188 2293 2372 2360 opinio

790 2377 1138 2443 Tillemoutii,
1168 2382 1258 2449 qui
1290 2381 1690 2437 Nazianzenum
1732 2401 1917 2440 mense
1959 2385 2101 2440 Iulio
2139 2388 2364 2440 ordina-

795 2480 909 2523 tum
962 2470 1125 2523 fuisse
1175 2475 1468 2528 contendit.
1525 2473 1867 2528 Retrahenda
1925 2477 2037 2530 haec
2090 2478 2362 2531 ordinatio

792 2571 918 2614 ante
949 2560 1139 2615 festum
1173 2560 1425 2629 Pasebm;
1473 2566 1739 2632 siquidem
1772 2566 1829 2619 S.
1878 2566 2138 2621 Eusebius
2172 2567 2369 2623 litteris

792 2654 947 2721 paulo
996 2662 1115 2722 post
1164 2652 1369 2707 Pascha
1408 2646 1629 2723 scriptis
1680 2658 2032 2725 respondens,
2082 2660 2221 2712 hanc
2268 2660 2368 2714 sibi

790 2745 1182 2797 ordinationem
1241 2742 1420 2797 minus
1475 2745 1694 2813 probari
1762 2746 2048 2817 significat.
2100 2747 2368 2802 Praeterea

790 2836 906 2887 alia:
961 2844 1252 2903 suppetunt
1305 2838 1560 2891 rationes.
1618 2836 1750 2891 Nam
1801 2839 1857 2891 1ο
1908 2840 1991 2894 bis
2041 2838 2369 2892 Nazianzum

793 2928 941 2982 venit
978 2928 1205 2980 Basilius
1240 2926 1396 2992 hujus
1428 2929 1783 2985 ordinationis
1815 2946 2005 2995 causa,
2049 2932 2217 2985 semel
2254 2931 2371 2999 qui-

788 3020 910 3073 dem
947 3035 1068 3073 cum
1116 3018 1436 3089 Gregorium
1481 3020 1773 3086 ordinavit,
1818 3022 2012 3077 iterum
2059 3040 2207 3089 vero,
2247 3040 2367 3079 cum

791 3111 1101 3164 redeuntem
1151 3126 1181 3165 e
1235 3110 1355 3181 fuga
1423 3111 1628 3166 invisit.
1681 3110 1751 3163 At
1802 3112 2035 3179 primum
2094 3113 2193 3165 iter
2245 3122 2368 3167 ante

791 3204 994 3258 Pascha
1032 3202 1419 3259 collocandum.
1466 3203 1595 3258 Nam
1642 3204 1719 3274 (ὑ)
1768 3213 1887 3272 post
1928 3202 2132 3257 Pascha
2173 3204 2367 3257 'circu-

790 3301 921 3354 itum
957 3301 1241 3367 quemdam
1294 3301 1453 3355 rebus
1500 3300 1822 3355 necessariis
1869 3298 2186 3369 urgentibus
2236 3312 2367 3352 con-

790 3392 956 3446 fecit:
992 3394 1114 3446 inde
1156 3408 1406 3448 reversus
1439 3394 1584 3449 circa
1631 3395 1771 3447 diem
1806 3394 2181 3447 duodecimum
2220 3391 2365 3453 Maii,

790 3485 1089 3539 Sebastiam
1137 3501 1194 3540 sc
1234 3486 1457 3539 contulit
1492 3501 1673 3539 mense
1696 3483 1900 3539 Junio:
1934 3485 2127 3539 iterum
2165 3485 2215 3536 in
2264 3485 2366 3535 Ar-

788 3579 1020 3632 meniam
1064 3592 1246 3633 mense
1269 3575 1412 3631 Julio
1442 3578 1654 3644 lougmn
1692 3586 1743 3632 et
1778 3576 2057 3631 molestum
2092 3577 2196 3629 iter
2237 3591 2360 3629 sus-

787 3670 952 3736 cepit.
982 3669 1071 3722 Bis
1119 3684 1246 3738 ergo
1288 3680 1405 3737 post
1436 3668 1641 3723 Pascha
1671 3668 1997 3721 Naziauzum
2029 3666 2213 3719 venire
2258 3682 2361 3719 non

789 3761 993 3827 potuit;
1040 3774 1223 3815 mense
1262 3771 1440 3813 autem
1486 3759 1627 3812 Julio
1665 3774 1730 3813 ne
1780 3758 1945 3813 semel
1980 3758 2195 3826 quidem
2232 3756 2283 3809 id
2314 3757 2361 3810 ei

788 3853 1053 3922 integrum
1102 3854 1221 3907 fuit.
1252 3851 1309 3906 2°
1342 3852 1575 3907 Basilius
1608 3851 1659 3905 in
1694 3848 1917 3920 epistola
1952 3848 2039 3915 98,
2070 3863 2188 3919 quae
2236 3850 2367 3901 scri—

786 3952 877 4011 pta
916 3951 996 3997 est
1024 3944 1165 3997 circa
1202 3943 1437 3998 medium
1470 3958 1709 3997 mensem
1738 3941 1977 4004 Iunium,
2012 3941 2227 3995 nuntiat
2260 3940 2366 3996 Eu-

786 4022 936 4089 sebio
966 4049 1023 4088 se
1053 4035 1200 4088 brevi
1231 4048 1641 4101 congressurum
1673 4049 1794 4087 cum
1826 4034 2090 4104 episcopis
2114 4035 2363 4088 secunda:

785 4126 1158 4195 Cappadocite.
1188 4126 1257 4178 At
1288 4125 1372 4179 hic
1407 4140 1732 4194 congressus
1766 4140 1867 4179 nan
1918 4127 2090 4179 solum
2125 4135 2242 4193 post
2274 4142 2363 4179 or—

784 4219 1112 4273 dinationem
1145 4217 1393 4288 Gregorii
1427 4218 1754 4273 constitutus
1795 4227 1899 4279 est,
1927 4223 2019 4271 sed
2051 4220 2213 4271 etiam
2242 4228 2363 4286 post

784 4312 901 4380 ejus
944 4311 1125 4380 fugam
1154 4321 1208 4365 et
1255 4310 1481 4365 reditum
1528 4321 1582 4365 et
1626 4311 1847 4365 inutiles
1894 4320 2123 4365 conatus
2170 4327 2355 4377 capes-

784 4404 936 4457 sendi
969 4405 1313 4471 episcopatus
1352 4412 1407 4458 et
1441 4404 1705 4473 colloquia
1744 4420 1866 4459 cum
1898 4403 2179 4457 Anthimo.
2216 4402 2358 4457 Cou-

782 4512 981 4551 vencre
1010 4498 1225 4551 tandem
1265 4496 1531 4565 episcopi,
1562 4507 1619 4549 ut
1652 4495 1811 4551 modo
1862 4496 2188 4561 videbimus,
2234 4508 2359 4550 ante

788 4589 912 4643 illud
944 4590 1066 4655 iter,
1103 4588 1242 4657 quod
1286 4602 1469 4641 mense
1510 4586 1650 4642 .Iulio
1674 4587 1908 4642 Basilius
1952 4588 2005 4641 in
2042 4589 2354 4641 Armeniam
2391 4614 2431 4668 ο

785 4681 1041 4749 suscepit.
1088 4680 1242 4735 Nulla
1292 4696 1419 4749 ergo
1468 4680 1676 4735 ratione
1713 4678 1903 4732 nititur
1958 4680 2143 4748 opinio
2191 4678 2355 4732 Tille-

788 4773 1001 4827 montii.

855 4862 911 4916 In
937 4864 1035 4917 hac
1063 4862 1434 4933 episcoporum
1460 4861 1814 4931 Cappadociae
1837 4860 2047 4932 synodo
2079 4875 2181 4927 pax
2212 4862 2354 4915 inter

784 4954 1040 5009 Basilium
1075 4956 1459 5010 etAuthimum
1484 4971 1544 5009 ea
1569 4957 1885 5011 conditione
1912 4957 2122 5010 sancita
2156 4966 2261 5023 est,
2299 4966 2357 5010 ut

782 5049 1122 5118 episcopatus
1158 5049 1676 5116 multiplicareutnr;
1731 5049 1871 5115 quod
1923 5048 2137 5115 quidem
2173 5048 2223 5101 in
2254 5049 2355 5103 Ee-

785 5140 963 5194 clesia:
1008 5138 1344 5192 commodum
1398 5139 1625 5191 cessisse
1658 5146 1883 5189 Iesltlltll‘
1924 5136 2218 5206 Gregorius
2253 5136 2346 5206 (ε).

785 5232 964 5285 Iliense
989 5228 1147 5285 .luuio
1167 5240 1416 5293 exeunte,
1441 5230 1521 5282 vel
1555 5232 1771 5281 ineunte
1803 5226 1943 5281 .Iulio
1975 5228 2088 5282 haec
2112 5230 2351 5297 synodus

786 5324 1119 5389 collocanda,
1179 5339 1282 5377 non
1337 5323 1508 5377 solum
1553 5324 1674 5390 quia
1736 5320 1965 5376 Basilius
2018 5322 2071 5375 in
2128 5324 2352 5389 epistola

786 5418 964 5473 medio
988 5432 1169 5470 mense
1196 5415 1353 5470 Junio
1383 5417 1581 5485 scripta
1614 5416 1757 5468 brevi
1780 5413 2011 5466 futuram
2044 5416 2352 5479 nuntiabat,

788 5512 880 5565 sed
934 5510 1095 5563 etiam
1125 5510 1249 5575 quia
1287 5510 1466 5563 statim
1498 5524 1558 5561 ac
1608 5507 1766 5561 rediit
1816 5523 1879 5560 cx
1938 5507 2149 5571 itinere,
2210 5510 2350 5575 quod

782 5602 976 5656 iterum
1019 5602 1069 5652 in
1102 5600 1411 5654 Armeniam
1451 5601 1631 5654 habuit
1692 5614 1873 5654 mense
1924 5597 2068 5655 .Iulio
2094 5641 2108 5665 ,
2172 5597 2341 5652 Euse—

853 5775 930 5848 (ὦ
972 5779 1065 5844 Ep.
1097 5780 1215 5835 aes.

860 5853 929 5908 ibi
964 5848 1057 5905 Eu.
1100 5854 1184 5905 95.

2489 623 2572 677 dis
2606 625 2868 694 episcopis
2902 640 3121 694 operam
3175 637 3379 681 navet:
3421 643 3581 696 quam
3634 629 3851 698 quidem
3914 634 4063 700 pacis

2488 712 2852 768 conditionem
2912 716 3079 770 fuisse
3135 715 3389 771 diximus.
3449 719 3643 773 Habita
3689 734 3820 791 ergo
3884 722 4065 776 fuerat

2487 805 2723 873 synodus
2757 816 3043 877 antequam
3071 808 3523 877 proficisceretur.

2556 895 2665 950 VII.
2702 897 3118 955 Pracclarissime
3153 912 3330 955 aetum
3366 918 3485 955 cum
3528 903 3747 969 Basilio,
3778 906 3924 973 quod
3953 908 4064 958 Aa-

2490 986 2640 1041 thimi
2694 987 3119 1045 benevolentiam
3173 992 3558 1060 recollegisset.
3594 994 3699 1050 Sed
3746 998 3858 1051 cito
3909 1012 4063 1052 nos:

2486 1090 2917 1146 supervenerunt
2943 1081 3221 1137 molestias.
3253 1084 3483 1153 Accepit
3517 1087 3827 1141 mandatum
3883 1092 4059 1157 impc-

2488 1170 2680 1224 ratoris
2728 1185 2848 1225 cum
2894 1172 3089 1226 litteris
3122 1176 3333 1231 comitis
3358 1176 3624 1242 Terentii,
3678 1189 3735 1232 ut
3775 1182 4059 1235 Armenias

2486 1262 2767 1333 episcopos
2796 1267 2971 1319 daret.
3003 1264 3119 1319 Non
3147 1267 3198 1321 id
3226 1283 3356 1325 sane
3387 1270 3671 1325 molestum
3714 1271 3817 1325 fuit
3847 1274 4056 1327 homini

2488 1354 2619 1407 nihil
2656 1357 2893 1425 optatius
2943 1358 3184 1427 habenti,
3242 1375 3397 1428 quam
3426 1372 3484 1416 ut
3515 1364 3768 1417 Ecclesia:
3790 1380 3957 1420 causa
3983 1366 4060 1419 la-

2480 1444 2718 1499 boraret.
2776 1446 2888 1502 Imo
2952 1458 3060 1503 tota
3100 1464 3183 1503 res
3245 1454 3635 1517 perhonorifica
3686 1455 3921 1521 Basilio;
3960 1472 4059 1511 nec

2484 1539 2615 1592 satis
2666 1539 2846 1594 mirari
2890 1556 3129 1609 possum,
3166 1557 3263 1596 cur
3301 1559 3407 1612 quo
3442 1556 3679 1615 tempore
3725 1548 3967 1601 hmretici
4003 1566 4057 1602 ιιι

2485 1639 2562 1684 tot
2600 1631 2869 1688 Ecclesias
2918 1636 3227 1704 pastoribus
3265 1635 3434 1704 pulsis
3471 1638 3621 1705 lupos
3678 1640 4054 1704 intrudebant,

2486 1737 2684 1777 vacuas
2715 1725 2985 1781 Armeniae
3018 1727 3290 1783 Ecclesias
3337 1743 3442 1783 non
3493 1732 3827 1798 occuparint.
3890 1731 4055 1787 Forte

2481 1829 2661 1870 comes
2714 1816 3000 1873 Terentius
3064 1823 3427 1892 cognitionem
3486 1822 3590 1876 illis
3642 1822 3795 1890 bujus
3834 1824 4054 1879 consilii

2481 1914 2778 1982 praeripuit,
2810 1924 2865 1969 et
2914 1930 2943 1970 a
2994 1914 3220 1971 Valente
3249 1918 3522 1972 decretum
3564 1916 3688 1969 illud
3723 1917 4051 1985 impetravit.

2477 2013 2761 2073 antequam
2791 2021 3000 2061 summa
3038 2006 3217 2062 Basilii
3252 2011 3503 2063 virtutum
3541 2008 3851 2071 admiratio,
3888 2026 4052 2078 quam

2476 2096 2720 2151 Carsarea
2776 2100 3061 2156 discedens
3112 2101 3530 2171 significaverat,
3585 2116 3648 2155 ex
3700 2102 3818 2171 ejus
3868 2105 4054 2158 animo

2476 2187 2801 2243 elaberetur.
2832 2189 3088 2248 Libenter
3119 2195 3299 2259 itaque
3346 2195 3445 2248 via:
3481 2210 3600 2249 sese
3640 2196 3915 2250 commisit
3950 2197 4055 2249 Ba-

2476 2280 2629 2333 silius
2666 2278 2743 2350 (ά)
2768 2324 2781 2347 ,
2832 2282 2923 2335 sed
2954 2298 3072 2335 cum
3102 2285 3151 2338 ei
3197 2284 3505 2341 Theodotus
3560 2286 3943 2341 sollicitudinis
3973 2304 4056 2341 so-

2474 2372 2589 2426 cius
2629 2373 2923 2440 adjunctus
2956 2384 3121 2435 esset,
3176 2378 3446 2431 metuebat
3479 2378 3732 2443 Basilius,
3792 2379 3845 2433 id
3901 2380 4050 2448 quod

2473 2464 2691 2529 accidit,
2722 2480 2789 2519 ne
2822 2465 3107 2536 singulare
3134 2467 3366 2521 hominis
3392 2470 3666 2536 ingenium
3699 2482 3753 2526 et
3775 2473 4051 2539 suspicio-

2475 2570 2568 2609 nes
2588 2555 2699 2625 jam
2733 2569 2931 2609 mense
2980 2552 3139 2609 Junio
3188 2556 3507 2624 significata:
3546 2560 3836 2626 plurimum
3889 2578 4053 2618 noce-

2474 2660 2614 2705 rent.
2654 2648 2758 2702 Sed
2822 2658 3023 2714 tamen,
3089 2659 3147 2701 ut
3207 2648 3485 2703 Theodoto
3540 2651 3923 2717 satisfaceret,
3984 2672 4053 2711 ac

2472 2754 2655 2794 eorum
2690 2758 2810 2811 quae
2840 2752 3044 2811 egerat,
3077 2758 3259 2797 coram
3298 2741 3565 2811 locuplete
3614 2752 3751 2797 teste
3775 2749 4045 2802 rationem

2472 2834 2744 2900 redderet,
2779 2836 2927 2888 venit
2981 2837 3174 2891 Getasa
3222 2838 3277 2891 in
3319 2853 3507 2907 agrum
3556 2836 3613 2892 S.
3667 2838 3890 2902 Meletii,
3958 2842 4047 2894 tibi

2473 2922 2788 2979 Theodotus
2826 2926 3092 2991 interfuit,
3135 2930 3399 2997 simulque
3439 2929 3705 2985 Diodorus
3736 2932 4043 3000 presbyter.

2540 3015 2617 3070 Ibi
2655 3026 2940 3071 accusatus
2972 3032 3001 3069 a
3039 3016 3318 3073 Theodoto
3343 3021 3411 3074 ob
3446 3019 3883 3089 conjunctionem
3922 3034 4045 3072 cum

2472 3109 2751 3163 Eustathio
2779 3149 2796 3171 ,
2825 3109 2959 3163 dixit
2988 3124 3047 3163 se
3069 3125 3134 3164 ex
3168 3126 3459 3182 congressu
3513 3123 3866 3168 consecutum
3900 3127 4046 3175 esse,

2472 3209 2529 3251 ut
2553 3200 2893 3255 Eustathium
2932 3203 2984 3256 in
3010 3204 3263 3258 omnibus
3310 3205 3409 3259 sibi
3461 3206 3845 3261 assentientem
3874 3206 4045 3261 habe-

2474 3300 2572 3344 ret.
2604 3291 2737 3343 Tnm
2773 3289 3108 3361 Theodotus,
3156 3296 3503 3351 Eustathium
3553 3313 3801 3368 negasse,
3858 3300 4043 3353 statim

2469 3398 2533 3436 ac
2570 3383 2813 3437 discessit
2835 3388 2902 3437 ab
2926 3400 2989 3438 eo
3018 3385 3271 3449 Basilius,
3318 3393 3536 3456 suisque
3560 3390 3734 3460 ipsum
3761 3390 4043 3459 discipulis

2467 3472 2760 3539 afﬁrmare,
2792 3488 2851 3529 se
2877 3475 3017 3527 nulla
3039 3491 3268 3545 prorsus
3290 3478 3347 3530 in
3383 3495 3440 3533 re
3463 3494 3582 3533 cum
3613 3482 3815 3535 Basilio
3847 3487 3913 3539 de
3938 3486 4045 3539 fide

2466 3568 2824 3622 consensisse.
2853 3568 2933 3622 Ad
2963 3568 3077 3623 hac
3106 3568 3359 3634 Basilius,
3390 3586 3492 3627 non
3528 3587 3650 3626 eum
3692 3589 3812 3628 esse
3838 3576 4045 3631 Eusta-

2469 3661 2662 3725 thium,
2690 3663 2779 3731 qui
2810 3678 2953 3716 nunc
2986 3662 3112 3731 huc,
3149 3679 3290 3718 nunc
3328 3664 3453 3719 illuc
3500 3663 3730 3731 feratur,
3761 3682 3886 3721 cum
3937 3670 4042 3723 sibi

2467 3754 2689 3808 mirifice
2751 3754 2804 3808 in
2860 3764 2967 3808 tota
3004 3756 3111 3809 vita
3147 3765 3394 3822 constet;
3448 3768 3540 3813 aut
3586 3760 3637 3813 in
3703 3761 3867 3815 rebus
3908 3762 4043 3816 tanti

2465 3847 2725 3899 momenti
2752 3858 2805 3900 et
2828 3850 3070 3902 omnium
3092 3849 3235 3903 fama
3274 3852 3557 3907 celebratis
3576 3856 3887 3919 mentiatur,
3919 3872 4043 3910 cum

2466 3936 2804 3990 mendacium
2839 3938 3005 3989 etiarn
3043 3940 3093 3991 in
3132 3942 3369 3994 minimis
3398 3955 3456 3995 ut
3490 3943 3746 3999 horribile
3783 3946 4045 4015 quiddam

2463 4039 2761 4082 aversetur.
2822 4028 2927 4081 Sed
2972 4037 3150 4081 tamen
3196 4034 3607 4098 proponendum
3639 4033 3687 4087 ci
3732 4050 3854 4088 esse
3885 4037 4045 4092 libet-

2464 4119 2569 4171 lum
2595 4119 2740 4184 lidei,
2770 4120 2851 4174 cui
2884 4119 3171 4174 nihildesit
3196 4120 3261 4173 ad
3300 4131 3460 4175 recta:
3494 4121 3614 4175 fidei
3640 4124 3949 4199 specimen;
3996 4130 4045 4183 si

2462 4212 2849 4267 subscribendo
2876 4214 3228 4276 assentiatur,
3260 4229 3571 4269 mansurum
3600 4231 3657 4270 se
3684 4218 3734 4269 in
3760 4216 3879 4287 ejus
3904 4233 4052 4273 com-

2464 4304 2748 4367 munione;
2783 4303 2864 4357 sin
2891 4314 3067 4357 autem
3110 4316 3341 4371 recuset,
3386 4307 3452 4359 ab
3504 4306 3619 4373 ejus
3656 4311 4047 4378 conjunctione

2461 4395 2846 4450 discessurum.
2873 4395 3103 4451 Probata
3136 4397 3254 4451 hmc
3284 4399 3521 4452 conditio
3571 4400 3787 4457 Meletio
3836 4414 3891 4457 et
3918 4404 4047 4459 Dio-

2462 4488 2611 4551 doro,
2658 4502 2762 4543 nec
2792 4488 2906 4557 ipse
2940 4488 3254 4544 Theodotus
3288 4492 3566 4555 dissensit.
3618 4495 3709 4548 sed
3763 4498 4043 4566 peramice

2462 4579 2716 4633 Basilium
2764 4580 3013 4635 hortatus
3060 4589 3162 4644 est,
3200 4590 3259 4635 ut
3307 4581 3603 4654 Nicopolim
3655 4587 4043 4657 descenderet,

2468 4682 2577 4725 tum
2604 4672 2856 4728 Ecclesia:
2903 4673 3206 4729 invisendre
3234 4691 3418 4743 causa,
3453 4687 3563 4731 tmn
3595 4688 3653 4732 ut
3699 4694 3824 4733 eum
3860 4682 4040 4738 Theo-

2466 4764 2622 4818 dotus
2649 4762 2829 4819 Satala
2868 4782 3039 4835 usque
3084 4766 3399 4833 deduceret,
3433 4784 3493 4824 ac
3519 4785 3737 4839 operam
3778 4774 3830 4826 in
3862 4776 4043 4830 omni-

2468 4858 2566 4910 bus
2602 4865 2841 4910 navaret.
2872 4856 2966 4910 llis
3006 4859 3076 4910 ita
3110 4860 3246 4913 actis
3286 4858 3588 4931 Nicopolim
3640 4863 3799 4917 rediit
3852 4864 4034 4919 Theo-

2465 4950 2642 5013 dotus,
2686 4949 2881 5005 Basilio
2930 4950 3142 5005 Getasis
3198 4953 3406 5008 relicto.
3468 4955 3537 5009 At
3586 4955 3673 5011 ubi
3732 4957 4035 5027 Nicopolim

2464 5042 2679 5095 advenit
2703 5041 2949 5107 Basilius,
2984 5042 3065 5097 sic
3109 5060 3231 5099 eum
3258 5054 3539 5099 aversatus
3570 5056 3651 5101 est
3691 5048 4034 5117 Theodotus,

2465 5144 2522 5186 ut
2556 5150 2728 5203 neque
2757 5136 2823 5189 ad
2855 5136 3162 5201 matutinas,
3207 5150 3382 5203 neque
3413 5138 3484 5190 ad
3512 5140 3845 5210 vespertinas
3900 5156 4030 5202 pre-

2464 5242 2552 5282 ces
2583 5244 2857 5283 assumere
2884 5229 3135 5286 voluerit.

2531 5322 2916 5379 Permolestum
2952 5322 3003 5377 id
3055 5323 3257 5378 Basilio
3288 5324 3511 5390 accidit,
3565 5340 3671 5380 non
3725 5333 3906 5381 tamen
3938 5342 4035 5382 sua

2463 5415 2629 5485 ipsius
2654 5431 2818 5470 causa
2867 5414 3088 5486 (fatetur
3119 5417 3262 5470 enim
3299 5434 3360 5473 se
3390 5419 3610 5487 dignum
3644 5416 3813 5474 fuisse
3836 5420 3931 5489 qui
3953 5421 4035 5476 sic

2464 5510 2829 5579 tractaretur),
2863 5510 2956 5565 scd
3006 5512 3132 5580 quia
3188 5514 3441 5567 mandata
3500 5516 3846 5583 imperatoris
3872 5516 4033 5584 perfi-

2461 5616 2603 5657 cere.
2630 5612 2682 5655 ct
2708 5604 2993 5672 episcopos
3020 5606 3286 5660 Armenia:
3338 5606 3468 5663 dare
3522 5622 3624 5662 non
3677 5617 3915 5678 poterat,
3948 5608 4034 5665 lie

2542 5780 2608 5852 (ε)
2638 5781 2733 5836 0r.
2761 5784 2851 5837 ΞΟ.

2528 5858 2603 5918 (d)
2639 5854 2731 5919 Ep.
2758 5858 2846 5909 99.
