4214 6484
1509 428 1666 484 VlTA
1706 426 1763 482 S.
1808 422 2069 479 BASILll.

3276 429 3397 469 ιεῑι

184 555 354 612 allecto
379 564 505 620 erga
538 563 601 605 se
625 564 880 605 curarum
918 546 1082 610 socio,
1116 544 1266 615 cujus
1296 558 1455 614 opera
1485 542 1736 612 sperabat
1766 547 1808 603 Α
1838 540 2005 593 Porro
2037 536 2103 591 ad
2131 550 2250 590 eam
2290 549 2401 589 rem
2428 534 2718 590 necessarii
2754 544 2912 589 erant
2940 532 3129 589 saltem
3179 532 3396 601 triginta

185 662 236 705 se
265 647 473 701 idoneos
502 644 657 697 viros
709 644 1074 704 inventurum,
1123 652 1187 692 eo
1232 638 1375 706 quod
1411 638 1461 689 in
1496 636 1611 702 ejus
1646 650 1736 703 pa-

185 740 330 799 racia
364 754 467 793 non
504 738 764 791 deessent
792 744 846 788 et
869 734 1107 803 religiosi
1132 742 1182 787 et
1218 732 1531 801 prudentes,
1561 741 1613 784 et
1639 730 1737 782 lin-

185 849 285 903 gua
315 831 492 899 periti,
544 838 602 882 et
650 830 742 898 qui
805 826 1039 894 reliquos
1093 825 1265 894 gentis
1304 837 1430 876 usus
1494 822 1738 889 proprios

182 926 386 979 scirent.
442 920 549 974 Sed
615 929 796 972 tamen
851 916 990 985 quod
1029 916 1079 968 in
1134 916 1249 982 ipso
1302 914 1459 967 situm
1491 922 1640 973 erat,
1684 911 1738 963 id

184 1017 382 1071 minime
413 1013 794 1083 negligendutn
832 1019 1001 1071 ratus,
1039 1006 1219 1061 Satala
1250 1006 1491 1073 pervenit
1525 1004 1739 1057 inlirmo

186 1109 450 1165 admodum
492 1119 764 1173 corpore;
806 1117 988 1170 pacem
1025 1098 1327 1167 composuit
1371 1098 1511 1151 inter
1540 1096 1742 1164 episco-

183 1218 269 1271 pos
293 1198 581 1260 Armenia,
604 1210 807 1263 eosque
842 1209 872 1246 a
915 1206 1122 1247 summa
1154 1188 1506 1244 indill'erentia
1545 1203 1608 1240 ac
1644 1202 1738 1240 ue-

182 1292 411 1362 gligentia
460 1289 526 1342 ad
583 1289 855 1341 sincerum
902 1299 999 1353 pro
1049 1280 1302 1336 Ecelesiis
1357 1280 1448 1334 Dei
1504 1279 1739 1333 studium

184 1396 419 1437 revocare
441 1388 678 1433 conatus
706 1385 811 1438 est,
855 1389 918 1428 ac
956 1374 1020 1428 de
1061 1371 1327 1425 nonnullis
1388 1385 1505 1437 qua
1532 1366 1741 1421 iudilTe-

182 1482 348 1527 renter
398 1472 450 1523 in
482 1467 751 1523 Armenia
806 1464 1020 1535 peccari
1059 1463 1328 1524 solebant,
1357 1460 1571 1531 regulus
1606 1474 1742 1529 pra-

183 1566 399 1634 scripsit.
452 1560 685 1629 Accepit
733 1575 763 1612 a
800 1556 1107 1611 Satalorum
1160 1553 1397 1607 Ecclesia
1447 1550 1739 1619 suffragia,

183 1658 357 1727 quibus
383 1654 705 1721 rogabatur,
742 1658 801 1704 ut
848 1649 1155 1719 episcopum
1212 1645 1316 1699 illis
1366 1644 1538 1696 daret.
1588 1642 1742 1697 Cura

184 1748 324 1801 etiam
357 1744 486 1797 illud
532 1742 582 1797 ei
622 1741 742 1804 fuit,
789 1749 847 1794 ttt
878 1740 941 1793 de
971 1736 1207 1807 aspersis
1238 1734 1441 1805 Cyrillo
1488 1734 1741 1802 episctipo

183 1833 483 1889 criminibus
526 1833 838 1900 inquireret
873 1852 885 1885 :
923 1844 1039 1897 qua
1066 1842 1187 1881 cum
1240 1828 1306 1879 ab
1336 1825 1565 1878 inimicis
1607 1838 1740 1877 con-

185 1926 293 1981 ficta
349 1939 469 1979 esse
536 1923 904 1992 cognovisset,
965 1920 1126 1989 idque
1169 1918 1267 1987 ipsi
1315 1931 1497 1971 coram
1541 1914 1741 1970 Basilio

185 2015 457 2070 manifeste
512 2013 755 2067 confessi
808 2023 1028 2076 essent;
1088 2000 1340 2081 populum
1408 2010 1741 2063 Satalensem

184 2108 370 2179 Cyrillo
401 2108 765 2162 mediocriter
787 2106 1041 2175 placavit.
1071 2106 1140 2159 ita
1162 2113 1221 2157 ut
1250 2118 1353 2156 non
1377 2101 1489 2169 jam
1518 2101 1584 2154 ab
1605 2101 1743 2154 illius

184 2206 551 2256 communione
591 2200 925 2269 refugerent.
958 2199 1034 2252 Ex
1086 2198 1171 2252 his
1210 2196 1387 2265 colligi
1436 2208 1539 2247 non
1586 2192 1744 2246 debet

185 2296 421 2366 Cyrillum
451 2309 649 2350 eorum
684 2293 988 2362 episcOpum
1024 2288 1213 2343 fuisse.
1244 2286 1566 2343 Jamdudum
1601 2284 1743 2338 enim

184 2389 418 2457 episc0po
453 2387 740 2445 carebant,
767 2394 823 2435 ut
853 2381 1009 2435 modo
1036 2380 1355 2434 videbimus.

250 2478 371 2533 Vill.
398 2478 596 2531 Redux
624 2475 930 2529 Casaream
958 2472 1205 2533 Basilius,
1224 2471 1307 2527 vel
1334 2470 1518 2534 etiam,
1540 2478 1741 2525 utcon-

181 2569 285 2640 j'ct
344 2568 758 2631 Tillemontius,
812 2574 1101 2635 antequam
1167 2563 1364 2617 Satalis
1419 2562 1742 2625 discederet,

186 2678 285 2716 rem
340 2678 566 2717 otitnem
612 2659 678 2714 ab
731 2659 935 2728 origine
993 2655 1246 2711 Terentio
1292 2653 1628 2723 perscripsit,
1690 2662 1744 2707 et

183 2754 297 2823 quid
324 2755 387 2807 ad
421 2749 797 2809 exhaurienda
850 2746 1188 2815 imperatoris
1238 2746 1485 2799 mandata
1540 2746 1746 2814 prasti-

187 2845 341 2908 tisset,
372 2846 501 2915 quid
535 2844 693 2912 plura
723 2850 979 2909 przestare
1008 2838 1397 2909 prohibuisset,
1451 2837 1749 2890 accuratis-

187 2936 308 2990 sime
348 2935 629 3003 exposuit.
667 2932 937 3001 Scriptam
969 2946 1087 2985 esse
1132 2928 1330 2984 Satalis
1376 2928 1515 2981 hanc
1546 2928 1747 2995 episto-

188 3025 281 3077 lam
309 3026 372 3079 99
402 3026 483 3094 (η.
524 3024 587 3092 4)
644 3021 821 3091 colligi
847 3030 1026 3090 posset
1054 3035 1116 3072 ex
1143 3020 1224 3073 his
1258 3018 1477 3073 verbis:
1512 3014 1583 3068 Et
1610 3033 1746 3069 nunc

187 3133 289 3169 cum
316 3117 498 3170 Satala
533 3117 783 3168 venissent
806 3130 923 3166 cunt
956 3112 1050 3165 tali
1078 3127 1316 3179 corpore,
1346 3120 1449 3164 etc.

1838 640 1951 683 tres
1983 627 2118 691 dies,
2158 638 2217 679 ut
2241 626 2470 679 vidimus
2496 640 2561 679 ex
2594 627 2751 693 epist.
2783 624 2871 679 93.

1908 720 2059 773 Circa
2110 720 2248 771 idem
2302 728 2511 799 tempus
2565 719 2766 784 scripta
2816 718 3205 787 epistola10l.
3266 716 3401 773 Cum

1835 811 1981 867 enim
2016 810 2080 863 de
2111 818 2284 863 morte
2316 809 2538 877 insignis
2579 824 2820 877 persona
2867 811 3163 876 didicisset,
3214 812 3400 864 statim

1840 903 1905 957 ad
1936 918 2081 965 eum,
2113 904 2177 957 ad
2202 917 2363 971 quem
2412 901 2712 970 pracipuus
2764 902 2918 955 dolor
2950 904 3180 970 redibat,
3210 918 3407 958 conso-

1836 997 1986 1050 landi
2033 1010 2189 1050 causa
2228 996 2465 1063 scripsit,
2527 995 2794 1047 inlirmam
2832 996 3193 1049 valetudinem
3239 1010 3406 1049 excu-

1841 1102 1985 1152 sans,
2040 1103 2137 1141 cur
2188 1089 2378 1141 adesse
2424 1102 2527 1140 non
2567 1096 2767 1155 posset,
2808 1096 2862 1140 et
2910 1088 3121 1157 negotia
3171 1087 3240 1141 ob
3305 1088 3408 1142 iter

1842 1180 2098 1248 majorem
2127 1179 2176 1233 in
2212 1180 2427 1233 modum
2460 1192 2641 1234 aucta.

1914 1272 2239 1332 Satalenses.
2270 1280 2326 1324 ut
2360 1286 2520 1341 supra
2559 1273 2809 1335 vidimus,
2838 1271 3120 1341 suﬂ'ragia,
3155 1271 3270 1326 sive
3315 1271 3410 1324 de-

1842 1376 2047 1420 cretum
2083 1363 2352 1434 publicum
2386 1364 2691 1419 obtulerant
2723 1364 2941 1429 Basilio,
2979 1378 3209 1431 eumque
3253 1379 3410 1431 roga-

1844 1458 1993 1519 bant,
2051 1465 2107 1509 ut
2163 1455 2269 1509 sibi
2323 1456 2635 1525 episcopum
2687 1457 2861 1509 daret.
2917 1455 2993 1509 Eo
3049 1455 3261 1524 dignior
3288 1460 3411 1507 erat

1843 1548 2026 1604 Basilii
2060 1548 2423 1605 sollicitudine
2475 1552 2588 1605 hac
2618 1550 2879 1614 Ecclesia,
2915 1550 3057 1620 quod
3092 1549 3409 1618 jamdudum

1843 1644 2097 1711 episcopo
2138 1643 2394 1697 destituta
2443 1642 2835 1711 propemodum
2872 1645 2925 1697 in
2977 1644 3148 1697 ruinis
3170 1642 3406 1712 jacebat.

1844 1730 1898 1783 lu
1924 1732 2153 1800 petendo
2178 1742 2355 1785 autem
2383 1733 2637 1799 episcopo
2669 1734 2804 1786 adeo
2857 1732 3174 1786 institerunt
3201 1742 3256 1785 et
3280 1746 3410 1786 con-

1846 1822 2153 1887 tenderunt,
2207 1832 2264 1875 ut
2298 1822 2525 1875 Basilius
2571 1836 2754 1875 coram
2793 1823 3019 1877 Domino
3063 1822 3409 1891 promiserit,

1842 1914 1975 1968 nihil
2010 1930 2087 1977 se,
2114 1914 2254 1982 quod
2280 1914 2495 1984 quidem
2529 1928 2693 1983 penes
2727 1928 2785 1967 se
2809 1913 2970 1979 foret,
3011 1913 3411 1982 przetermissu-

1844 2024 1984 2063 rum.
2014 2006 2198 2074 Colligi
2248 2017 2429 2076 posset
2459 2008 2775 2062 nominatim
2802 2006 2868 2060 ab
2905 2007 2969 2060 iis
3017 2006 3238 2075 petitum
3288 2002 3409 2058 Pte-

1844 2101 2078 2155 tnenium
2116 2100 2513 2170 presbyterum.
2549 2099 2682 2151 Nam
2712 2100 2942 2153 Basilius
2974 2097 3052 2167 (α)
3086 2097 3326 2151 declarat
3355 2110 3413 2148 se

1842 2192 2359 2261 consanguinitatem
2413 2198 2466 2243 et
2521 2190 2969 2243 consuetudinem
3007 2189 3106 2242 sibi
3141 2204 3262 2241 cum
3310 2188 3413 2241 hoc

1843 2281 1960 2336 viro
1990 2282 2439 2346 intercedentem,
2471 2278 2651 2349 populi
2708 2278 2961 2348 gemitus,
2998 2276 3262 2329 universa:
3290 2274 3413 2327 Pu!-

1845 2372 2007 2427 menii
2043 2371 2379 2441 cognationis
2413 2385 2476 2424 ac
2502 2370 2688 2423 matris
2721 2368 2887 2436 ipsius
2912 2367 3182 2436 lacrymas
3219 2380 3408 2419 eorum

1844 2464 2128 2535 postulatis
2174 2463 2571 2530 postltabuisse.
2627 2461 2888 2513 llortatur
2944 2469 3001 2511 ut
3055 2459 3162 2511 Deo
3211 2458 3413 2525 gratias

1844 2564 2025 2623 agant,
2052 2552 2193 2622 quod
2218 2561 2402 2607 votum
2436 2567 2591 2605 suum
2642 2550 3038 2618 adimpleverit.
3091 2550 3195 2602 Sed
3233 2558 3413 2600 tamen

1846 2648 1959 2701 hac
1989 2647 2168 2700 dicere
2193 2644 2366 2715 potuit
2399 2640 2875 2707 Basilius,etiamsi
2906 2639 3202 2710 generatim
3233 2639 3409 2691 virum

1844 2740 2127 2812 petiissent
2180 2741 2246 2792 ad
2286 2738 2621 2806 reparandas
2652 2734 2901 2789 Ecclesia
2939 2749 3047 2787 sure
3084 2732 3268 2785 ruinas
3295 2730 3413 2784 ido-

1847 2848 2026 2887 neum.
2079 2831 2345 2885 Pramisit
2394 2828 2624 2891 Niciam,
2677 2830 2768 2895 qui
2820 2827 2883 2879 ad
2915 2826 3225 2880 Satalenscs
3261 2821 3418 2891 huius

1849 2925 2046 2979 latitia
2098 2926 2345 2977 nuntium
2405 2920 2692 2989 perferret.
2739 2918 2952 2985 Scripta
3014 2918 3128 2969 Iure
3186 2916 3416 2983 epistola

1848 3015 2250 3085 magistratibus
2303 3032 2316 3065 :
2367 3026 2635 3081 sequens,
2695 3025 2815 3080 qua
2868 3008 3081 3064 brevior
3134 3015 3258 3071 est,
3318 3009 3415 3058 sed

1849 3117 2027 3161 tamen
2074 3106 2126 3159 in
2181 3104 2422 3159 eamdem
2473 3105 2675 3174 scripta
2729 3103 3077 3166 sententiam,
3107 3100 3414 3153 universam

250 3207 458 3262 Littera
527 3206 592 3264 S.
658 3206 913 3269 Eusebii,
991 3219 1111 3273 qua:
1166 3218 1357 3257 suaves
1415 3217 1628 3271 semper
1691 3210 1745 3257 ct
1774 3242 1819 3301 Ο
1850 3206 2054 3275 plebem
2085 3202 2389 3272 compellat,
2427 3215 2745 3255 conceSsum
2791 3199 2897 3251 illis
2934 3198 3192 3251 nuntians
3239 3201 3418 3261 pasto-

186 3314 365 3375 cptala
411 3304 620 3359 Basilio
670 3301 969 3362 veniebant,
1025 3314 1145 3352 cum
1198 3298 1247 3353 ei
1307 3297 1359 3351 itt
1416 3296 1631 3359 regione
1653 3300 1747 3349 Ar-

188 3400 361 3452 ntenia
398 3399 605 3457 vicina,
640 3401 761 3463 post
804 3401 880 3446 tot
929 3390 1203 3445 molestias
1256 3389 1495 3442 redeunti
1530 3388 1748 3442 reddita

189 3492 421 3552 fuissent,
465 3498 680 3542 tantum
713 3484 912 3539 latitia
964 3482 1282 3545 attulerunt,
1313 3489 1566 3549 quantum
1599 3480 1748 3533 navi-

189 3584 439 3649 gantibus,
475 3579 632 3651 gravi
658 3587 773 3632 orta
808 3582 1149 3643 tempestate,
1186 3572 1275 3626 fax
1302 3572 1510 3626 eminus
1541 3571 1747 3627 lucens.

192 3675 367 3729 Redite
404 3690 530 3738 suo,
590 3668 838 3740 quamvis
885 3667 989 3721 sibi
1018 3665 1297 3720 videretur
1329 3680 1359 3716 a
1399 3678 1496 3716 suo
1524 3676 1749 3729 corpore

189 3768 367 3827 deseri.
404 3777 460 3820 et
513 3765 568 3818 in
611 3775 833 3831 magnas
863 3755 1200 3813 difﬁcultates
1223 3754 1518 3817 incidisset,
1567 3754 1746 3807 tandiu

192 3858 430 3925 neglectis
464 3854 725 3909 Ecclesia
757 3852 915 3903 rebus
946 3888 961 3912 ,
1022 3845 1277 3915 sperabat
1338 3854 1513 3898 tamen
1568 3858 1626 3897 se
1651 3857 1749 3909 ope

191 3964 385 4016 precum
419 3945 640 4001 Eusebii
675 3945 951 3999 Samosata
988 3940 1210 3992 iturum.
1242 3936 1347 3992 Sed
1379 3935 1589 3989 interim
1628 3949 1747 3987 eum

193 4050 347 4108 rogat,
381 4048 437 4090 ιιι
471 4038 780 4091 Casaream
833 4033 1010 4086 veniat
1042 4033 1106 4084 ad
1147 4031 1288 4085 diem
1338 4029 1532 4082 festum
1570 4026 1742 4080 sancti

195 4128 491 4199 Bupsycbii,
528 4128 613 4179 die
644 4127 873 4193 septimo
932 4119 1285 4189 Septembris.
1336 4117 1432 4171 His
1486 4116 1632 4172 enim
1693 4131 1750 4170 se

194 4223 402 4289 negotiis
448 4216 745 4287 implicari,
796 4228 913 4283 qua
964 4212 1165 4266 auxilio
1200 4210 1473 4280 indigeant
1505 4208 1740 4269 Eusebii,

194 4320 291 4365 tum
342 4313 405 4365 ad
463 4309 913 4365 constitutionem
976 4306 1370 4374 episcoporum,
1409 4316 1512 4370 qua
1570 4301 1633 4353 de
1693 4314 1750 4354 re

194 4403 317 4461 inter
349 4406 636 4475 episcopos
673 4397 1023 4469 Cappadocia
1060 4386 1243 4450 mense
1276 4392 1435 4448 Junio
1485 4407 1750 4447 convene-

192 4508 288 4560 rat,
339 4511 447 4552 tum
504 4493 571 4548 ad
633 4491 1069 4546 deliberationem
1142 4496 1195 4542 et
1261 4485 1746 4541 considerationem

1851 3313 1963 3351 rem
1994 3297 2093 3350 hoc
2121 3296 2336 3364 dignum
2367 3292 2606 3345 nomine.
2668 3289 2722 3343 lu
2776 3304 2883 3357 quo
2938 3288 3077 3341 forte
3116 3285 3303 3339 alludit
3349 3285 3416 3339 ad

1849 3404 2044 3445 nomen
2076 3386 2351 3443 Poetnenii.

2404 3473 2632 3530 CAPUT
2675 3472 2841 3529 XXV.

1850 3570 1890 3623 1.
1927 3572 1987 3625 S.
2026 3570 2256 3624 Basilius
2316 3570 2652 3637 conqueritur
2707 3566 2849 3637 apud
2895 3563 3242 3637 pr_mfe_ctum_,_
3272 3562 3414 3637 quod

1917 3641 2089 3694 clerici
2119 3630 2466 3694 Cresarienses
2496 3638 2673 3689 censui
2706 3634 2903 3686 addicti
2933 3630 3150 3700 fuerint.
3202 3630 3291 3687 ll.
3323 3630 3419 3686 Its-

1919 3712 2035 3765 t'isit
2066 3710 2123 3767 S.
2163 3709 2464 3762 Eusebium.
2507 3704 2728 3757 Rediens
2746 3702 2929 3757 scribit
2954 3706 3028 3753 ad
3050 3704 3189 3769 ﬁlias
3225 3702 3408 3755 Teren-

1922 3785 1982 3835 tii
2019 3796 2063 3835 et
2097 3783 2164 3833 ad
2211 3777 2480 3845 quemdam
2529 3775 2770 3827 militent.
2823 3774 2903 3827 Ill.
2956 3772 3080 3824 Tres
3128 3772 3319 3845 litterae
3356 3774 3418 3845 de

1926 3854 2127 3920 negotio
2174 3840 2399 3920 Julittte.
2435 3845 2567 3920 Inde
2607 3859 2732 3898 nata
2780 3845 2985 3920 occasio
3036 3840 3297 3920 scribendi
3348 3842 3418 3894 ad

1923 3911 2233 3974 dibdestum.
2273 3916 2358 3971 IV.
2410 3917 2765 3969 Andronicum
2793 3918 2974 3965 ducem
3005 3911 3216 3980 placare
3259 3927 3419 3964 cona-

1921 4003 2009 4043 tur
2040 3990 2364 4043 Domitiano.
2413 3986 2475 4042 V.
2529 3984 2717 4038 Pacem
2754 3984 2997 4037 conciliat
3023 3984 3078 4034 in
3104 3982 3419 4049 presbyterio

1925 4060 2189 4114 Tarsensi.
2236 4059 2322 4113 Vl.
2378 4056 2664 4122 Simplicia:
2713 4055 3051 4107 temeritatem
3098 4051 3416 4122 comprimit.

1923 4132 2030 4187 VII.
2064 4130 2139 4183 De
2163 4132 2310 4199 epist.
2342 4120 2595 4181 ll5—ll7.
2626 4123 2753 4177 Vlll.
2785 4123 3045 4175 Proditur
3074 4138 3104 4173 α
3138 4120 3419 4187 discipulis

1919 4203 2205 4256 Eustatltt't'.

1920 4294 1958 4349 I.
2004 4294 2276 4348 Modestus
2306 4288 2614 4360 prrefectus,
2644 4286 2732 4355 qui
2760 4286 3016 4339 Basilium
3051 4299 3149 4353 pro
3180 4300 3239 4338 se
3274 4283 3422 4337 utill-

1854 4398 1934 4443 ter
1952 4396 2261 4455 precantem
2287 4392 2555 4447 senserat,
2590 4396 2686 4450 pro
2709 4379 2825 4432 aliis
2851 4378 3094 4447 precanti
3129 4375 3418 4444 plttrimtnn

1855 4493 2069 4547 semper
2100 4474 2325 4530 honoris
2368 4474 2575 4527 habuit.
2621 4470 2783 4524 Suam
2818 4471 2955 4537 apud
2987 4469 3135 4521 illum
3188 4467 3417 4535 gratiam

194 4605 360 4645 eorum
389 4605 514 4656 qua:
545 4589 601 4640 in
631 4600 746 4647 nos,
779 4582 975 4651 inquit,
1014 4581 1295 4632 meditatur
1320 4575 1557 4644 Gregorii
1596 4571 1731 4641 Nys-
1778 4587 1820 4641 ι)
1854 4571 2087 4625 Basilius
2117 4582 2257 4635 sape
2290 4565 2644 4635 interposuit;
2671 4564 2763 4617 sed
2794 4562 2964 4631 prima
2992 4562 3232 4614 omnium
3271 4560 3421 4613 vide-

192 4685 288 4736 seni
311 4681 651 4749 simplicitas.
671 4677 758 4747 qui
777 4677 999 4744 synodos
1026 4674 1160 4744 cogit
1180 4673 1430 4739 Ancyrae,
1459 4683 1547 4719 nec
1577 4665 1741 4718 ullum

192 4774 323 4829 nobis
372 4771 675 4829 insidiandi
706 4772 914 4822 modum
964 4766 1331 4836 pratermittit.
1394 4760 1589 4813 Lucem
1623 4758 1749 4812 huic

195 4868 296 4923 loco
343 4867 546 4923 afferre
581 4872 805 4920 conatus
863 4876 981 4915 sum
1022 4860 1073 4913 in
1127 4866 1275 4911 nota.
1338 4852 1566 4907 Pertulit
1607 4851 1748 4905 hanc

201 4960 473 5028 epistolam
510 4958 649 5010 idem
688 4955 967 5015 diaconus,
993 4949 1081 5019 qui
1112 4949 1319 5003 litteras
1348 4943 1562 4999 Eusebii
1607 4953 1749 4995 attu-

195 5052 346 5117 lerat;
377 5063 579 5107 etcum
607 5047 861 5101 Basilium
895 5046 1207 5099 redeuntem
1238 5043 1289 5094 in
1317 5041 1530 5109 regione
1560 5038 1750 5089 Arme-

197 5146 286 5199 nia
332 5144 515 5200 vicina
572 5141 858 5209 attigisset,
918 5138 1125 5191 videtur
1178 5148 1299 5190 cum
1343 5146 1407 5185 eo
1450 5128 1748 5182 Casareatn

198 5241 414 5295 venisse.
454 5234 732 5289 Narranda
768 5233 818 5286 ei
879 5232 1133 5300 relinquit
1191 5224 1441 5288 Basilius,
1493 5235 1611 5290 qua
1646 5218 1744 5272 sibi

200 5332 245 5384 in
273 5328 524 5386 Armenia
556 5332 871 5381 evenerant.

260 5423 368 5479 Non
408 5420 629 5476 dubium
666 5427 749 5471 est
773 5415 902 5483 quin
946 5412 1168 5466 Basilius
1196 5425 1259 5463 ex
1295 5407 1396 5461 hoc
1427 5406 1617 5460 itinere
1654 5419 1748 5458 rc.-

200 5514 342 5568 dierit
376 5525 563 5568 mense
609 5505 786 5569 Juliu;
820 5518 940 5558 nam
964 5502 1096 5556 satis
1128 5509 1412 5571 supererat
1454 5498 1738 5568 temporis,

201 5616 248 5660 tit
285 5606 546 5659 Eusebius
578 5599 721 5654 illius
760 5596 966 5650 litteras
997 5595 1244 5664 accipere
1289 5602 1494 5666 posset,
1528 5609 1590 5647 ac
1623 5591 1748 5646 cae-

204 5711 388 5753 saream
443 5694 633 5747 venire
690 5688 755 5745 ad
820 5687 961 5744 diem
1034 5687 1320 5759 septimum
1381 5684 1737 5756 Septembris.

263 5878 329 5950 (α)
366 5876 461 5949 ερ.
512 5874 633 5931 102.

1862 4674 1944 4718 tur
1968 4662 2205 4717 Ecclesia
2232 4658 2580 4714 Casarieusis
2627 4665 2963 4724 precatorem
2993 4652 3248 4706 habuisse
3273 4652 3423 4707 Basi-

1860 4757 2010 4811 lium.
2047 4754 2180 4809 Cum
2221 4754 2522 4807 censitores
2576 4748 2759 4803 censui
2805 4746 3141 4799 addixissent
3196 4744 3423 4801 clericos

1855 4846 2231 4907 Casarienses,
2285 4858 2348 4897 ac
2402 4856 2495 4895 eos
2549 4850 2758 4893 tantum
2810 4837 3174 4903 excepissent,
3229 4837 3425 4906 quibus

1858 4946 1989 4989 retas
2018 4932 2411 4986 immunitatem
2439 4931 2617 4995 dabat,
2660 4937 2943 4999 propterea
2989 4928 3131 4998 quod
3175 4928 3423 4984 mandata

1862 5023 2217 5079 immunitatis
2266 5021 2625 5075 concedenda
2674 5035 2701 5072 a
2755 5020 3012 5089 prafeeto
3065 5019 3337 5088 accepisse
3369 5035 3429 5074 se

1863 5123 2152 5182 negarent;
2204 5111 2442 5182 confugit
2499 5112 2564 5166 ad
2597 5109 2908 5181 praleetum
2964 5110 3220 5175 Basilius,
3270 5110 3428 5179 eique

1860 5209 2189 5261 demonstrat
2222 5216 2275 5261 et
2312 5207 2478 5275 ipsius
2506 5204 2664 5259 fama
2713 5216 2767 5259 et
2817 5205 3159 5274 imperatoris
3212 5204 3429 5256 familia

1862 5301 2087 5370 perutile
2133 5299 2396 5364 futurum,
2429 5308 2487 5352 ut
2528 5298 2702 5365 aliqua
2738 5296 3052 5351 immunitas
3096 5295 3431 5349 concedatur

1862 5396 2097 5467 episcopi
2147 5395 2370 5449 arbitrio
2422 5394 2805 5464 dispensanda.
2845 5391 3010 5445 Multa
3064 5398 3186 5445 sttnt
3224 5389 3275 5441 in
3328 5388 3433 5444 hac

1863 5489 2089 5560 epistola
2125 5487 2383 5554 dillicilia,
2430 5503 2548 5559 qua
2576 5489 2628 5541 in
2659 5489 2806 5542 notis
2831 5495 3060 5541 conatus
3085 5498 3206 5536 sum
3246 5481 3433 5551 expla-

1862 5599 2009 5639 nare.

1935 5676 2148 5751 Scripta
2186 5686 2364 5734 autem
2396 5674 2606 5731 videtur
2632 5675 2776 5731 circa
2819 5674 2960 5727 hunc
2990 5681 3218 5723 annum.
3244 5667 3437 5725 Adhuc
