4214 6488
819 428 850 463 π
2158 402 2695 464 PBOLEGOMENA.

816 526 961 582 enim
1014 525 1251 579 recentia
1289 531 1447 579 erant
1498 526 1850 596 Cappadocia:
1902 524 2147 589 vulnera,
2179 528 2263 581 cui
2319 528 2374 581 in
2404 535 2450 591 Α
2479 536 2681 580 mosata
2711 522 2999 588 deduxere.
3031 523 3162 579 nihil
3198 523 3308 580 fere
3336 525 3654 591 habuerunt,
3682 526 3787 582 nisi
3817 524 4032 585 difficil-

817 632 982 687 genua
1026 615 1294 668 inclinata
1336 629 1492 684 opem
1552 616 1787 684 praefecti
1835 616 2064 673 Basilius
2108 616 2375 687 implorat.

816 705 1081 759 Praeterea
1105 704 1216 773 jam
1244 705 1311 759 de
1350 706 1511 760 rebus
1536 708 1915 764 communibus
1941 708 2231 777 scripserat
2252 723 2379 777 pra:-

814 798 980 859 fecto,
1015 806 1305 865 antequam
1342 797 1391 851 ei
1446 799 1687 867 privatos
1715 801 2096 855 commendare
2124 800 2379 867 inccrpis-

814 898 919 953 set,
981 888 1141 955 idque
1190 889 1461 957 colligitur
1508 904 1574 946 ex
1606 890 1698 945 Itis
1735 893 1913 947 verbis
1962 891 2200 961 epistola:
2253 889 2374 955 107,

813 995 933 1049 qua:
965 981 1051 1032 vix
1080 981 1253 1033 serius
1279 983 1380 1035 boc
1406 995 1551 1037 anno
1575 992 1805 1037 exeunte
1836 984 1997 1038 scribi
2026 982 2197 1052 potuit
2221 999 2235 1035 :
2266 981 2376 1051 Ego

811 1074 971 1135 enim,
1007 1072 1199 1137 inquit,
1229 1072 1408 1127 decere
1433 1090 1535 1127 non
1562 1076 1738 1143 putavi
1772 1086 1972 1129 tantum
1999 1076 2127 1128 mihi
2151 1074 2375 1127 licentiae

810 1176 1014 1215 sumere
1041 1177 1157 1214 cum
1197 1171 1343 1215 tanto
1392 1161 1610 1231 judice;
1661 1180 1719 1217 eo
1767 1164 1906 1233 quod
1959 1164 2189 1217 nondum
2224 1163 2273 1217 ei
2313 1164 2376 1218 de

810 1249 919 1302 ulla
967 1266 1021 1303 re
1068 1251 1269 1319 privata
1303 1254 1620 1319 scripserim,
1682 1270 1961 1323 vereorque
2008 1269 2070 1308 ne
2093 1269 2195 1324 quo
2223 1263 2374 1321 pacto

808 1356 916 1395 rem
960 1341 1245 1410 improbet:
1277 1343 1463 1411 quippe
1508 1360 1626 1396 cum
1674 1346 1862 1397 summi
1891 1345 1988 1398 viri
2024 1347 2081 1397 in
2113 1343 2368 1412 ejusmodi

810 1433 985 1497 rebus,
1028 1444 1082 1486 ut
1124 1434 1281 1498 nosti,
1310 1434 1467 1500 facile
1498 1436 1819 1489 irascantur.
1851 1434 1971 1489 .lam
2007 1450 2135 1503 ergo
2170 1434 2370 1504 aliquid

805 1528 1101 1593 scripserat
1143 1525 1210 1579 de
1249 1525 1411 1580 rebus
1448 1528 1848 1585 communibus.
1899 1528 2015 1597 Ipsa
2062 1527 2325 1582 timiditas
2350 1567 2368 1595 ,

805 1628 965 1682 quam
1003 1629 1112 1684 pra:
1161 1629 1220 1669 se
1255 1614 1357 1669 fert
1393 1616 1548 1671 initio
1599 1618 1863 1685 epistolte,
1924 1628 2240 1687 argumento
2287 1627 2369 1673 est

806 1706 1043 1758 nondmn
1075 1706 1357 1760 invitatum
1387 1705 1555 1763 fuisse
1587 1722 1616 1760 a
1645 1708 1921 1778 prmfecto,
1968 1718 2028 1763 ut
2065 1723 2205 1778 sape
2235 1709 2369 1763 scri-

804 1795 979 1853 beret.
1008 1794 1279 1852 Immerito
1326 1812 1455 1867 ergo
1504 1799 1620 1854 haec
1668 1799 1895 1869 epistola
1944 1812 1975 1851 a
2027 1797 2368 1853 Tillemontio

2481 614 2603 667 lima
2634 613 2842 683 negotia
2876 622 2967 667 aut
2991 614 3336 682 gravissimas
3364 614 3653 671 molestias.
3706 616 3885 683 Quare
3914 634 4035 674 cum

2482 702 2711 757 Basilius
2741 703 2796 757 in
2827 704 3050 772 epistola
3071 703 3171 759 l06
3194 705 3296 759 iter
3325 706 3589 774 quoddam
3622 719 4032 775 commemoret,

2481 796 2535 850 in
2560 810 2666 862 quo
2711 809 2767 849 se
2794 795 2961 849 multa
2995 810 3023 849 a
3052 796 3157 852 Deo
3186 797 3443 851 beneﬁcia
3474 799 3749 867 accepisse
3782 808 4033 870 testatur,

2478 886 2581 940 iter
2610 885 2984 941 Samosatense
3030 886 3254 944 indicari
3301 889 3548 959 coniicio.
3592 890 3809 946 Viderat
3844 892 3895 947 in
3931 894 4034 951 hac

2477 975 2913 1046 peregrinatione
2948 979 3170 1035 militem
3226 983 3535 1049 quemdam,
3590 982 3742 1051 cujus
3794 984 4030 1052 perfecta

2478 1078 2599 1123 erat
2622 1068 2721 1123 sub
2757 1069 2974 1124 militari
3021 1079 3169 1127 veste
3198 1073 3456 1141 cbaritas,
3492 1073 3724 1143 acceptis
3752 1075 3820 1129 ab
3845 1090 3909 1129 eo
3938 1075 4031 1128 lit.

2476 1160 2610 1216 teris
2639 1162 2923 1230 respondet
2952 1161 3196 1227 Basilius.
3229 1178 3456 1236 eumque
3485 1166 3550 1220 ad
3576 1169 4029 1233 perseverandum

2475 1251 2742 1308 bortatur.

2549 1343 2635 1398 ΙΙΙ.
2663 1343 2815 1400 Circa
2849 1344 2951 1400 hoc
2992 1352 3199 1414 tempus
3241 1345 3457 1415 scripta:
3504 1346 3753 1402 videntur
3789 1359 3897 1405 tres
3935 1365 4029 1405 se-

2470 1447 2697 1507 quentes
2724 1436 2987 1506 epistolae,
3020 1436 3214 1507 quibus
3254 1438 3535 1493 materiam
3572 1440 3835 1495 dederunt
3858 1434 4030 1498 uiole-

2470 1537 2551 1583 sta
2587 1526 2785 1585 Jnlittte
2820 1529 3013 1597 viduas,
3048 1530 3227 1585 Basilii
3272 1532 3606 1602 prOpinqum,
3652 1533 3891 1589 exhibita
3933 1551 4031 1590 ue-

2469 1620 2632 1690 gotia.
2667 1620 2793 1675 Eam
2838 1623 2984 1677 enim
3043 1631 3185 1677 tutor
3216 1623 3358 1677 illius
3394 1624 3662 1678 bzeredum
3708 1626 3929 1694 urgebat
3958 1628 4029 1679 ob

2466 1714 2735 1784 ingentem
2772 1715 3007 1783 pecunia:
3042 1730 3328 1781 summam,
3357 1730 3514 1784 quam
3566 1728 3686 1770 cum
3716 1716 4029 1786 persolvere

2468 1803 2578 1859 cito
2607 1821 2710 1860 non
2738 1816 2939 1877 posset,
2964 1806 3072 1878 egit
3096 1805 3324 1862 Basilius
3344 1822 3461 1861 cum
3487 1808 3774 1870 creditore,
3808 1820 3865 1861 ut
3890 1818 4027 1862 tem-

804 1887 1037 1941 refertur
1079 1888 1144 1942 ad
1174 1904 1377 1943 annum
1425 1889 1553 1958 576,
1605 1893 1703 1946 sub
1743 1890 1947 1945 vicario
1998 1891 2371 1946 Demosthene.
2404 1888 2446 1943 Β
2474 1910 2573 1965 pus
2609 1898 2777 1951 vidum
2808 1900 3147 1955 concederet.
3188 1898 3441 1956 Promisit
3480 1900 3570 1954 ille
3613 1915 3793 1955 coram
3822 1899 4025 1954 Basilio

802 1978 915 2032 Non
940 1980 1111 2034 solum
1136 1990 1365 2049 tempus,
1413 1982 1505 2037 sed
1548 1983 1709 2038 etiam
1750 1997 1993 2051 persona:
2028 1996 2090 2037 ac
2118 1998 2201 2038 res
2253 1982 2361 2037 dis-

803 2079 1046 2137 crepant.
1100 2069 1197 2125 llic
1252 2073 1395 2126 enim
1450 2074 1629 2142 agitur
1692 2072 1758 2127 de
1810 2073 2200 2139 eensitoribus,
2255 2072 2363 2128 illic

803 2162 870 2217 de
901 2163 1120 2218 vicario.
1152 2162 1252 2219 llic
1300 2165 1512 2230 censui,
1559 2165 1666 2221 illic
1706 2167 1869 2222 curia:
1898 2167 2221 2222 addicuntur
2249 2166 2362 2223 cle-

801 2252 923 2306 rici.

868 2344 932 2397 ιι.
964 2342 1077 2399 Non
1112 2344 1276 2399 semel
1310 2345 1411 2400 hoc
1442 2358 1586 2400 anno
1615 2346 1674 2400 S.
1706 2345 1990 2402 Eusebium
2016 2346 2251 2402 Basilius
2280 2350 2359 2402 in-

802 2435 1013 2503 vitavit,
1066 2445 1123 2490 ut
1168 2436 1549 2492 Caesariensem
1585 2436 1880 2494 Ecclesiam
1922 2439 2209 2495 inviseret.
2254 2438 2359 2493 Sed

800 2527 902 2583 hoc
952 2528 1268 2584 beneficium
1326 2529 1613 2600 impetrare
1644 2544 1747 2585 non
1781 2532 1954 2599 potuit
1992 2549 2007 2587 :
2046 2531 2188 2599 quod
2240 2532 2360 2599 qui-

800 2622 919 2677 dem
975 2623 1168 2676 mirum
1215 2636 1318 2677 non
1367 2622 1599 2678 videtur.
1630 2621 1763 2678 Cum
1811 2622 1955 2676 enim
2008 2621 2187 2677 multa:
2239 2622 2355 2678 alia!

797 2726 974 2765 causa:
1001 2721 1245 2766 sanctum
1276 2726 1459 2765 senem
1501 2712 1747 2767 detinere
1805 2720 2119 2781 potuerunt,
2156 2722 2266 2767 tum
2301 2714 2355 2769 in

797 2800 990 2870 primis
1017 2801 1265 2854 vicinitas
1302 2799 1560 2865 Valentis,
1610 2815 1729 2870 qua:
1762 2810 2048 2870 perpetuas
2097 2804 2355 2859 excubias

795 2895 863 2949 ad
924 2894 1101 2965 gregis
1175 2893 1477 2949 custodiam
1534 2895 1863 2966 pestulabat.
1927 2895 2104 2960 Quare
2155 2895 2353 2949 Basilio

793 2988 1029 3042 eundum
1084 2986 1186 3040 fuit
1243 2985 1548 3053 Samosata,
1600 2995 1659 3039 ut
1710 2985 1999 3039 Eusebium
2045 2986 2267 3040 videret.
2298 2986 2350 3040 ld

794 3087 973 3131 autem
996 3086 1319 3130 consecutus
1346 3085 1428 3129 est
1454 3078 1557 3129 ltoc
1578 3091 1717 3130 anno
1740 3076 1864 3131 572.
1897 3074 2028 3129 Nam
2061 3076 2114 3132 in
2145 3076 2352 3131 duabus

793 3164 1037 3233 epistolis
1061 3164 1143 3234 (ιι)
1170 3180 1312 3218 anno
1342 3164 1587 3232 sequenti
1612 3165 1829 3233 scriptis
1865 3174 2092 3218 testatur
2128 3180 2187 3219 se
2208 3180 2349 3219 anno

2469 1990 2523 2036 et
2551 1983 2655 2039 alio
2688 1984 2802 2039 viro
2827 1985 3081 2054 dignitate
3107 1985 3338 2057 insigni;
3374 2002 3539 2056 seque
3579 1996 3787 2056 tempus
3810 1986 4026 2053 quidem

2466 2074 2681 2131 brevius
2748 2076 2985 2132 scribere
3023 2076 3272 2143 dicebat,
3331 2078 3422 2131 sed
3471 2078 3697 2147 amplius
3735 2092 4024 2132 concessu-

2466 2180 2603 2219 rum.
2648 2163 2836 2220 Postea
2879 2164 3159 2221 immemor
3186 2166 3431 2237 promissi
3475 2166 3684 2220 viduam
3718 2181 3905 2221 rursus
3929 2182 4025 2217 re-

2467 2269 2594 2311 xare
2619 2258 2798 2326 coepit.
2826 2256 3101 2329 Signiﬁcat
3125 2258 3211 2312 illa
3236 2257 3472 2313 dolorem
3499 2272 3651 2312 suum
3678 2255 3893 2321 Basilio,
3929 2258 4020 2324 qui

2464 2344 2513 2398 ei
2565 2347 2811 2401 rescribit
2865 2348 3171 2403 consolandi
3214 2364 3406 2415 causa;
3460 2363 3622 2417 seque
3659 2357 3713 2403 et
3766 2348 4022 2403 creditori

2464 2435 2743 2505 scripsisse
2767 2445 2989 2491 testatur
3021 2447 3077 2490 nt
3102 2438 3357 2505 pudorem
3394 2439 3444 2493 ei
3490 2440 3776 2505 incuteret,
3800 2450 3855 2495 et
3891 2441 4020 2496 ltel-

2463 2527 2604 2583 ladio
2644 2526 2877 2598 prmfecti
2915 2528 3231 2594 domestico,
3270 2538 3325 2582 ιιι
3354 2528 3453 2583 hoc
3485 2527 3534 2582 ei
3565 2530 3836 2599 negotium
3867 2546 4020 2585 com-

2462 2615 2913 2671 rnendaret.Nam
2953 2618 3020 2672 ad
3062 2618 3367 2688 pra-fectum
3418 2618 3588 2688 ipsum
3634 2618 3868 2673 scribere
3915 2634 4017 2672 tton

2497 2708 2709 2763 edebat.

2497 2724 2526 2761 ιι
2601 2708 2631 2761 b
2670 2716 2709 2763 t.

2460 2723 2489 2763 3
2529 2708 2715 2854 ima
2756 2799 3023 2855 bmredum
3048 2796 3247 2853 Julitta:
3274 2796 3501 2852 Basilius
3531 2796 3713 2851 mirari
3748 2810 3805 2851 se
3835 2796 4015 2852 decla-

2460 2899 2563 2955 rat,
2604 2904 2698 2942 cur
2750 2888 2893 2956 quod
2927 2888 3108 2943 verbis
3159 2890 3434 2956 conceptis
3484 2902 3667 2941 coram
3726 2902 3784 2941 se
3831 2896 3887 2941 et
3915 2888 4018 2940 alio

2458 2982 2572 3037 viro
2605 2982 2945 3053 promiserat,
2982 2983 3033 3035 id
3091 2998 3232 3037 nunc
3258 2984 3473 3051 exsequi
3520 2982 3672 3037 nolit.
3713 2980 3934 3037 Fatetur
3960 2998 4019 3037 se

2456 3073 2599 3129 illius
2629 3074 2968 3129 liberalitatis
2999 3072 3195 3127 famam
3218 3088 3338 3127 cum
3374 3075 3471 3126 ltoc
3496 3071 3813 3143 implacabili
3850 3074 3904 3127 iu
3940 3074 4021 3126 vi-

2455 3166 2612 3220 duam
2637 3166 2817 3222 animo
2842 3166 3131 3221 conciliare
3158 3180 3260 3221 non
3282 3179 3456 3233 posse.
3490 3162 3723 3218 Revocat
3748 3165 3796 3218 ci
3823 3165 3875 3218 in
3900 3180 4018 3219 me-

796 3260 1068 3328 prtcterito
1114 3258 1217 3314 mel
1249 3258 1620 3315 dulcissimum
1674 3256 1929 3313 Ecclesiae
1962 3257 2355 3314 Samosatcnsis
2381 3242 2423 3300 ο
2460 3257 2679 3311 moriam
2709 3256 2849 3311 aliud
2873 3258 3218 3327 promissum.
3247 3255 3377 3311 Nam
3405 3257 3671 3327 pollicitus
3688 3267 3825 3323 erat,
3849 3257 3894 3311 si
3920 3274 4018 3311 au-

791 3353 1131 3423 degustasse.
1167 3354 1317 3417 Quod
1352 3362 1529 3407 autem
1558 3351 1706 3407 addit
1733 3361 1975 3406 extremo
2026 3359 2232 3405 tantum
2274 3352 2353 3406 di-

791 3446 901 3513 gito
926 3446 1240 3512 degustasse
1266 3482 1281 3507 ,
1314 3452 1627 3511 argumento
1660 3450 1741 3495 est
1778 3458 1885 3495 non
1920 3443 2009 3497 diu
2053 3457 2175 3497 eum
2212 3444 2349 3512 apud

792 3535 1081 3591 Eusebium
1130 3535 1312 3589 fuisse.
1366 3533 1629 3589 Redeunti
1680 3534 1928 3603 promisit
1976 3533 2241 3589 Eusebius
2293 3549 2351 3588 se

792 3642 935 3681 anno
985 3628 1229 3697 sequenti
1278 3628 1333 3681 in
1378 3624 1771 3695 Cappadociam
1826 3634 2106 3679 venturum
2144 3643 2157 3679 :
2191 3636 2351 3695 atque

795 3717 897 3771 hoc
936 3716 1258 3785 promissum
1304 3718 1605 3770 Ctesaream
1653 3713 1890 3770 referens
1928 3714 2186 3781 Basilius,
2234 3732 2350 3771 ma.

792 3826 953 3882 gnam
988 3809 1200 3865 Eusebii
1232 3810 1496 3863 adventus
1525 3810 1976 3878 exspectationem
2007 3811 2189 3866 movit.

862 3904 1185 3972 Speraverat
1214 3900 1441 3954 Basilius
1468 3898 1539 3972 (ὸ)
1571 3900 1810 3954 visurum
1834 3915 1890 3955 se
1917 3900 2213 3956 Samosatis
2235 3904 2347 3957 dia-

786 3995 1032 4049 conissas
1079 3992 1316 4047 Terentii
1370 3992 1583 4046 comitis
1642 3991 1800 4059 tilias,
1864 4008 1998 4062 quas
2028 4032 2043 4056 ,
2087 4002 2146 4047 ut
2197 3994 2347 4049 bona:

791 4085 991 4140 radicis
1015 4086 1151 4137 bona
1188 4083 1452 4153 germina,
1483 4098 1581 4137 nec
1633 4083 2099 4137 circumstantium
2132 4083 2346 4138 Itazreti-

793 4188 981 4229 eorum
1009 4174 1165 4226 turba
1216 4172 1493 4241 decipere,
1528 4186 1627 4226 nec
1662 4171 1833 4224 ventis
1882 4171 2133 4226 secundis
2194 4182 2347 4227 utens

789 4265 1002 4319 novitas
1029 4277 1243 4316 movere
1273 4272 1539 4330 potuerat.
1574 4261 1687 4315 Non
1720 4262 2047 4316 mediocrem
2080 4261 2345 4329 jacturam

789 4367 911 4406 esse
948 4354 1117 4416 duxit,
1174 4352 1316 4419 quod
1370 4366 1463 4405 eas
1514 4368 1619 4405 non
1679 4352 1975 4406 invenisset
2024 4351 2343 4407 Samosatis.

791 4444 896 4498 Sed
926 4452 978 4497 ut
1016 4444 1209 4497 litteris
1256 4450 1655 4512 compensaret,
1713 4441 1857 4509 quod
1887 4441 2158 4509 colloquio
2186 4441 2346 4512 perfi-

786 4549 911 4589 cere
961 4549 1069 4589 non
1128 4542 1391 4602 potuerat,
1458 4532 1638 4588 oblata
1699 4530 1953 4586 facultate
2014 4530 2341 4600 SOIlllt‘Oltii,

785 4642 943 4696 quem
994 4628 1157 4679 tilium
1193 4625 1449 4694 appellat,
1500 4624 1674 4677 laudat
1710 4637 1802 4678 eas
1852 4624 1920 4676 ob
1962 4635 2229 4676 summum
2261 4636 2345 4675 ca-

789 4718 999 4772 tbolica‘.
1044 4716 1162 4771 fidei
1206 4714 1441 4770 studium
1476 4722 1536 4769 et
1568 4714 1633 4766 ad
1666 4710 2120 4782 perseverantiam
2158 4710 2343 4765 horta-

785 4820 890 4865 tur.

859 4900 917 4955 S.
953 4895 1243 4953 Eusebium
1272 4896 1554 4968 presbyter
1588 4892 1831 4948 Basilius
1862 4892 2065 4957 invisit,
2100 4903 2158 4947 ut
2183 4907 2341 4961 supra

786 4991 1039 5047 vidimus.
1096 4988 1203 5043 Sed
1236 4990 1301 5040 ad
1336 4988 1437 5041 iter
1466 4987 1623 5057 hujus
1668 4985 1795 5039 anni
1847 4986 1952 5039 572
2006 4984 2340 5038 referendam

793 5082 1077 5153 epistolam
1114 5082 1178 5135 ad
1219 5079 1553 5133 diaconissas
1612 5078 1799 5147 probat
1858 5078 2215 5132 circumstans
2254 5076 2342 5130 illa

786 5174 1059 5227 hominum
1085 5171 1363 5225 veritatem
1392 5168 1846 5239 corrumpentium
1875 5168 2053 5233 turba,
2079 5178 2341 5238 praesente

784 5264 987 5318 scilicet
1016 5265 1068 5318 in
1100 5262 1255 5335 Syria
1299 5259 1543 5315 Valente.
1572 5260 1836 5315 Cazterum
1878 5275 1983 5314 non
2018 5260 2186 5314 multo
2219 5270 2339 5330 post

781 5358 1010 5411 reditum
1039 5359 1150 5410 haec
1180 5354 1402 5423 scripsit
1436 5370 1449 5406 :
1478 5353 1815 5423 Sopbronius
1839 5353 1982 5407 enim
2018 5353 2129 5416 ille,
2173 5368 2333 5423 quem

780 5450 944 5500 tilimn
977 5446 1227 5513 appellat,
1264 5446 1403 5499 idem
1450 5444 1657 5497 videtur
1707 5458 1861 5508 esse,
1914 5444 2004 5513 qui
2050 5458 2190 5499 anno
2226 5443 2330 5497 “573

780 5548 1025 5601 exeunte,
1052 5538 1195 5590 omni
1228 5536 1427 5592 scelere
1457 5534 1707 5590 Basiliam
1736 5537 2010 5593 laceravit.

844 5630 1023 5687 Basilii
1056 5628 1528 5701 peregrinationes,
1558 5631 1621 5686 iis
1649 5627 1888 5697 exceptis
1917 5641 2036 5700 qua:
2063 5628 2211 5684 illum
2242 5628 2336 5682 Sa-

846 5814 918 5886 (α)
950 5815 1111 5884 Epist.
1156 5814 1253 5869 NB
1278 5824 1328 5870 ct
1351 5812 1471 5868 157.

2458 3358 2574 3397 rum
2603 3344 2667 3396 de
2696 3358 2800 3412 quo
2828 3355 3169 3410 convenerat,
3203 3346 3499 3415 acciperet,
3547 3347 3764 3399 chartas
3794 3361 4011 3414 omnes,

2455 3442 2564 3487 tum
2593 3450 2683 3487 sas
2713 3449 2829 3503 qua!
2851 3449 3029 3489 coram
3073 3437 3367 3507 judicibus,
3402 3445 3510 3489 tum
3543 3450 3635 3490 eas
3672 3452 3789 3506 qua:
3827 3439 4015 3508 priva-

2456 3526 2548 3578 tim
2603 3526 2881 3592 confsetac,
2920 3528 3093 3582 viduae
3123 3529 3469 3581 traditurum.
3510 3526 3685 3582 llonet
3709 3542 3839 3599 ergo
3865 3530 4017 3584 illim:

2454 3614 2706 3681 Basilius,
2745 3628 2803 3673 ut
2831 3633 2984 3688 opem
3009 3626 3063 3674 et
3094 3618 3514 3673 misericordiam
3538 3619 3627 3674 Dei
3660 3620 3762 3677 sibi
3791 3622 3904 3691 ipse
3928 3623 4021 3677 duo

2453 3708 2582 3763 riori
2609 3710 2798 3779 agendi
2834 3709 3041 3765 ratione
3074 3722 3179 3763 non
3220 3706 3556 3764 intercludat.

2522 3798 2692 3870 Negat
2737 3799 3106 3855 'l'illemontins
3135 3800 3200 3854 ad
3256 3798 3357 3854 ltoe
3408 3800 3675 3869 negotium
3739 3804 4016 3872 pertinere

2450 3890 2730 3960 epistolam
2761 3901 3091 3959 sequentem.
3132 3890 3235 3945 Sed
3285 3901 3455 3945 tamen
3494 3893 3717 3949 miriﬁce
3745 3904 3798 3949 et
3827 3910 4015 3964 perso-

2450 4001 2532 4042 nat
2586 3994 2641 4041 et
2688 4001 2773 4041 res
2801 3987 3167 4041 consentiunt.
3201 3984 3543 4039 Commendat
3580 3988 3721 4040 enim
3774 3986 4012 4042 Basilius

2448 4076 2661 4130 viduam
2695 4090 2723 4129 a
2767 4074 3031 4130 tutoribus
3063 4074 3335 4128 hatredum
3378 4073 3519 4129 illius
3546 4086 3812 4131 vexatam.
3844 4076 4011 4132 Cont-

2449 4171 2665 4225 mendat
2700 4184 2816 4224 eam
2856 4183 2957 4222 non
3002 4168 3274 4238 praefecto.
3316 4172 3406 4225 sed
3434 4169 3675 4223 Helladio
3719 4170 3927 4236 comiti,
3957 4179 4014 4226 n‘.

2449 4263 2657 4317 dixerat
2686 4260 2739 4316 in
2772 4260 2993 4330 epistola
3023 4260 3144 4315 107.
3172 4259 3286 4315 Non
3324 4272 3497 4315 tamen
3528 4261 3663 4314 idem
3694 4270 3845 4330 rogat
3867 4263 4011 4330 quod

2448 4352 2501 4408 in
2526 4352 2765 4423 epistolis
2794 4352 3240 4423 praecedentibus,
3280 4360 3335 4403 ut
3364 4360 3571 4419 tempus
3595 4353 3921 4405 concedatur
3942 4352 4007 4405 ad

2448 4444 2785 4511 solvendum,
2835 4444 2927 4496 sed
2971 4452 3030 4495 ut
3078 4442 3420 4496 remittantur
3470 4458 3665 4507 usura',
3718 4442 3854 4496 forte
3892 4440 4005 4511 iatn

2448 4535 2738 4603 persoluta,
2780 4533 2901 4603 quia
2935 4548 3115 4589 coram
3154 4533 3350 4589 Basilio
3401 4534 3478 4589 sic
3521 4544 3672 4604 pacta
3717 4532 3911 4599 fuerat,
3950 4544 4009 4588 ut

2448 4640 2623 4681 usum:
2651 4625 3058 4690 redonarentur,
3087 4627 3131 4680 si
3165 4639 3363 4681 sortem
3398 4626 3651 4681 solveret.
3686 4621 3797 4678 lloc
3832 4624 4006 4695 ipsum

2444 4717 2688 4788 estquod
2717 4718 2953 4773 creditor
3006 4718 3346 4787 promiserat,
3390 4729 3446 4771 nt
3478 4718 3528 4769 in
3574 4714 3884 4771 memoriam
3917 4731 4005 4771 re-

2445 4808 2574 4880 digit
2605 4809 2831 4864 Basilius
2877 4811 2929 4863 in
2975 4809 3293 4877 praacedenti
3334 4806 3579 4879 epistola,
3633 4805 3672 4859 si
3716 4823 3905 4861 aurum
3941 4805 4006 4858 de

2444 4917 2543 4971 quo
2583 4908 2887 4953 convenerat
2941 4900 3219 4967 acciperet,
3266 4901 3473 4954 chartas
3520 4912 3716 4965 omnes,
3764 4910 3874 4949 tum
3916 4912 4004 4950 eas

2447 5010 2561 5065 quw
2599 5008 2773 5047 coram
2814 4992 3099 5062 judicibus,
3142 5002 3249 5046 tum
3293 5007 3408 5063 qure
3446 4990 3685 5058 privatim
3731 4989 4003 5057 confectio,

2446 5087 2565 5138 ttuic
2597 5084 2765 5138 vidua:
2799 5084 3138 5137 traditurum.
3178 5084 3269 5140 llis
3309 5098 3438 5138 sane
3469 5084 3646 5139 verbis
3678 5083 4001 5150 promissum

2447 5188 2621 5228 usura:
2657 5174 2990 5227 remittenda:
3019 5175 3342 5229 continetur.
3376 5172 3449 5226 De
3476 5174 3660 5229 eodem
3684 5184 3811 5241 ergo
3840 5186 4005 5239 nego-

2448 5264 2519 5318 tio
2553 5264 2636 5317 bis
2670 5263 2720 5315 in
2756 5264 2993 5333 epistolis
3022 5265 3214 5335 agitur.
3247 5262 3350 5317 Sed
3380 5279 3499 5319 cum
3526 5265 3858 5333 importunus
3884 5276 4001 5316 cre-

2446 5357 2589 5411 ditor
2623 5356 2726 5411 duo
2766 5357 3119 5427 promisisset,
3167 5369 3543 5411 concessurum
3584 5369 3643 5410 se
3693 5364 3902 5424 tempus
3947 5364 4003 5409 et

2442 5462 2629 5503 usuras
2657 5448 3010 5502 remissurum
3037 5464 3050 5510 ;
3083 5444 3165 5498 vel
3196 5444 3420 5502 Basilius
3465 5445 3544 5501 bis
3580 5444 3791 5515 scripsit
3822 5442 4002 5501 Hella-

2442 5540 2550 5605 dio,
2606 5540 2835 5609 primum
2862 5538 3080 5609 quidem
3127 5546 3183 5591 ut
3216 5546 3421 5609 tempus
3445 5539 3679 5602 daretur,
3718 5533 3910 5593 deinde
3942 5544 4001 5592 ut

2442 5643 2619 5685 usune
2663 5629 3103 5683 remitterentur:
3138 5629 3220 5685 vel
3248 5630 3447 5686 idcirco
3481 5630 3545 5685 de
3576 5624 3755 5681 usuris
3790 5634 3999 5681 tantum

2503 5808 2575 5874 (bl
2612 5808 2781 5871 Epist.
2814 5808 2935 5866 105.
