4214 6488
1495 455 1652 515 VITA
1692 454 1752 511 S.
1793 453 2057 509 BASILil.
3354 456 3402 498 οι

164 587 392 658 loquitur,
421 586 569 657 quia,
608 596 908 657 antequam
936 584 1167 637 mitteret
1192 579 1474 650 epistolam
1504 580 1571 632 ad
1603 578 1725 632 Hcl-
1760 583 1801 638 Α
1833 578 1883 629 iu
1922 577 2059 630 hanc
2098 574 2284 627 urbem
2328 568 2647 624 intercludet
2680 564 2941 622 Eustathii
2974 564 3219 635 perfidia,
3270 578 3391 633 qua:
3436 604 3441 609 .

166 680 361 744 ladium,
392 681 645 733 audierat
669 679 994 734 crediturem
1024 690 1051 727 a
1082 675 1233 727 iidua
1260 671 1561 725 absolutum
1585 685 1726 733 esse.

168 787 252 825 nec
278 780 448 825 tamen
491 771 544 824 in
582 785 652 824 eo
691 780 839 824 stare
870 765 1009 837 quod
1038 763 1273 818 secundo
1314 760 1431 816 loco
1464 760 1727 830 promise-

170 873 260 914 rat.

226 949 327 1006 Bas
363 958 545 1004 autem
588 946 855 1017 epistolas
889 946 1030 1000 circa
1062 960 1259 999 annum
1307 943 1413 999 ’572
1440 950 1723 999 exeuntem

168 1041 371 1109 scriptas
420 1036 775 1105 coujicimus,
821 1037 947 1105 quia
994 1036 1208 1103 scripta:
1255 1044 1383 1090 sunt
1440 1041 1729 1100 antequam

171 1131 375 1186 Basilius
419 1130 773 1184 timiditatem
804 1128 948 1182 illam
971 1126 1331 1196 deposuisset,
1361 1141 1479 1196 quae
1520 1124 1668 1178 illum
1698 1138 1728 1177 a

175 1220 451 1275 scribendis
498 1218 765 1289 prmfeeto
816 1216 1007 1269 litteris
1046 1215 1371 1270 deterrebat.
1422 1213 1592 1268 Porro
1624 1227 1731 1266 non

172 1313 359 1367 videtur
386 1312 473 1365 illa
516 1310 785 1364 timiditas
823 1308 914 1363 diu
968 1309 1091 1380 ejus
1132 1309 1312 1362 animo
1353 1307 1632 1369 insedisse,
1663 1319 1729 1358 ex

171 1420 264 1474 quo
289 1404 512 1475 gratiam
541 1404 666 1457 iniit
692 1418 721 1457 a
754 1401 1005 1473 pnnfecto
1045 1401 1184 1471 (iniit
1218 1409 1396 1453 autem
1427 1412 1570 1451 anno
1618 1395 1729 1451 572

174 1496 415 1565 ineunte),
442 1509 625 1562 neque
673 1494 905 1563 spatium
958 1506 1098 1547 anno
1142 1490 1349 1562 longius
1380 1490 1734 1559 interponen-

174 1590 287 1641 dum
321 1588 459 1639 inter
502 1584 724 1639 initium
762 1585 1027 1639 scribendi
1058 1591 1111 1637 et
1149 1582 1454 1636 devinctum
1502 1582 1738 1635 benevo-

176 1680 317 1736 lentia
341 1679 587 1733 animum
620 1676 879 1746 pra-fecti.
918 1674 1017 1729 Tot
1041 1674 1183 1728 enim
1216 1674 1463 1729 homines
1494 1672 1738 1728 Modesto

174 1770 578 1836 commendavit,
616 1780 697 1825 tot
747 1771 812 1824 ad
844 1776 967 1823 euin
1004 1776 1214 1821 litteras
1250 1766 1415 1830 dedit,
1448 1776 1506 1820 ut
1547 1766 1597 1820 id
1631 1780 1735 1819 non

177 1858 398 1911 rideatur
416 1858 687 1912 extremis
714 1856 836 1911 vitae
857 1858 1013 1911 annis
1036 1857 1341 1925 incapisse.
1369 1856 1474 1911 Res
1496 1864 1642 1926 patet
1668 1870 1737 1909 ex

175 1950 392 2018 epistolis
432 1950 566 2015 279,
598 1949 731 2005 280.
773 1947 998 2004 Videtur
1045 1950 1129 2005 his
1168 1950 1363 2004 litteris
1400 1948 1612 2002 initium
1640 1948 1737 2000 de-
1770 1940 1811 1996 B

178 2042 302 2097 disse
325 2042 607 2097 ilelladius
639 2056 843 2107 eomes,
885 2056 1044 2111 quem
1078 2042 1367 2097 verisimile
1393 2053 1494 2107 est,
1522 2040 1738 2110 cognita

167 2133 339 2191 Basilii
371 2138 422 2191 in
448 2134 659 2191 Julittze
689 2134 903 2206 negotio
924 2134 1229 2199 timiditate,
1263 2147 1361 2203 pro
1393 2147 1604 2187 summa
1641 2147 1739 2187 sua

181 2230 303 2299 apud
328 2229 651 2300 przefectum
672 2229 845 2301 gratia
874 2238 927 2283 et
955 2226 1278 2281 auctoritate
1301 2239 1413 2281 rem
1437 2225 1738 2292 indicasse;

183 2325 307 2379 unde
339 2331 543 2389 ortum,
593 2333 655 2377 ut
690 2320 943 2375 Basilium
976 2318 1264 2388 prml’eetus
1294 2317 1568 2374 conlidere
1587 2318 1745 2389 jube-

185 2425 255 2469 rct
274 2430 336 2470 ac
357 2416 422 2470 ad
451 2430 513 2469 se
540 2414 802 2469 scribere.

245 2503 366 2560 Post
402 2513 509 2558 tam
549 2504 905 2559 honorificum
945 2503 1255 2559 mandatum
1284 2503 1485 2574 scripta
1519 2501 1745 2573 epistola

186 2596 292 2659 llo,
327 2596 379 2650 in
427 2611 560 2666 qua,
595 2612 692 2652 cur
728 2596 988 2652 hactenus
1022 2597 1259 2652 scribere
1292 2610 1454 2649 ausus
1489 2608 1593 2648 non
1626 2594 1747 2648 fue-

186 2692 265 2757 rit,
288 2690 538 2761 quamvis
570 2689 861 2760 plurimum
886 2698 1127 2761 cuperet,
1170 2697 1331 2743 tanta:
1355 2686 1635 2756 potestatis
1663 2698 1749 2739 re-

185 2781 461 2836 verentiam
488 2790 741 2838 excusat.
768 2778 1123 2835 Commendat
1169 2776 1328 2829 Tauri
1368 2774 1591 2839 incolas,
1642 2776 1750 2830 eis-

183 2884 276 2943 qne
331 2871 497 2926 nimia
534 2869 671 2925 ferri
726 2871 925 2924 tributa
975 2866 1331 2938 pendentibus
1360 2865 1749 2921 humanitatem

188 2962 407 3034 praefecti
444 2962 722 3033 implorat.
756 2959 813 3016 ιιι
864 2959 1109 3030 sequenti
1148 2956 1370 3027 epistola
1431 2972 1527 3026 pro
1576 2957 1753 3013 amico

188 3054 234 3108 in
273 3054 444 3108 auiam
477 3052 763 3111 accersito.
807 3060 861 3107 et
884 3050 1087 3107 idcirco
1115 3049 1216 3105 sibi
1254 3058 1525 3102 metuente
1566 3047 1751 3101 Diode-

188 3154 316 3201 stum
348 3155 522 3218 rogat,
576 3153 654 3209 ut,
690 3144 734 3199 si
775 3144 855 3198 vir
898 3144 986 3198 ille
1017 3142 1149 3197 nihil
1194 3141 1459 3210 peccavit,
1508 3139 1754 3195 veritatis

191 3239 435 3295 beneﬂcio
465 3241 695 3301 vincat;
741 3234 785 3289 si
815 3234 943 3304 quid
984 3230 1247 3301 peccavit,
1280 3244 1376 3285 sua
1418 3245 1582 3286 causa
1626 3231 1678 3285 id
1705 3231 1755 3287 ei

1830 682 1971 721 anno
2010 665 2115 719 373
2140 664 2342 731 erupit.

1903 759 1964 816 V.
1999 757 2285 815 Tarsensis
2316 754 2550 809 Ecclesia
2586 752 2682 822 (b).
2724 758 2939 805 mortuo
2961 746 3198 810 Silvano,
3220 749 3410 802 inma-

1832 870 1934 908 nus
1968 852 2347 907 haereticorum
2380 848 2617 914 delapsa,
2644 845 2841 896 luctum
2874 850 2928 896 et
2961 840 3190 911 gemitus
3219 839 3409 895 Basilii

1833 943 2132 1014 presbyteri
2181 950 2565 997 commoverat.
2612 936 2718 991 Sed
2773 950 2877 988 non
2930 933 3158 988 defuere
3202 933 3407 1001 egregii

1834 1034 2154 1107 presbyteri,
2183 1033 2271 1103 qui
2305 1031 2461 1086 fidem
2500 1031 2600 1084 sub
2634 1028 2886 1082 haeretica
2924 1027 3178 1097 episcopo
3214 1024 3408 1081 defen-

1835 1132 2046 1193 derent,
2078 1136 2133 1181 et
2165 1127 2233 1181 ab
2253 1124 2369 1194 ejus
2398 1121 2778 1177 communione
2802 1119 3009 1187 plebem
3040 1128 3403 1179 removentes,

1836 1219 2131 1274 Ecclesiatn
2168 1230 2265 1284 per
2293 1229 2351 1269 se
2375 1214 2469 1282 ipsi
2505 1221 2771 1283 regerent.
2800 1208 3001 1263 Nomen
3030 1207 3270 1262 hmretici
3297 1210 3413 1276 epi-

1837 1310 1982 1379 scopi
2017 1323 2120 1361 non
2158 1306 2427 1376 proditum
2455 1303 2748 1358 memori-.e.
2778 1301 2849 1355 At
2878 1314 2975 1354 nec
3003 1299 3259 1354 Basilium
3288 1315 3409 1353 cum

1835 1418 1901 1457 eo
1930 1399 2379 1463 communicasse,
2423 1411 2522 1450 nec
2570 1409 2816 1465 magnam
2860 1402 3071 1461 partem
3104 1391 3234 1447 cieri
3282 1391 3416 1445 Tar-

1838 1495 2032 1558 sensis,
2075 1490 2426 1562 perspicimus
2486 1504 2551 1543 ex
2599 1488 2796 1542 litteris
2850 1486 2952 1540 “5
3010 1495 3066 1541 et
3116 1485 3238 1541 114.
3276 1485 3411 1538 Nata

1839 1589 1983 1643 enim
2014 1587 2153 1641 inter
2174 1600 2269 1640 eos
2299 1580 2687 1643 controversia,
2722 1594 2845 1633 cum
2874 1593 3039 1631 unum
3076 1593 3139 1633 ex
3173 1577 3412 1647 collegis,

1839 1680 2122 1752 Cyriaettm
2169 1670 2407 1740 nomine,
2454 1679 2759 1743 suspectum
2816 1672 3097 1732 haberent.
3148 1680 3206 1724 ut
3238 1670 3412 1725 minus

1842 1780 1989 1825 recte
2032 1768 2097 1823 de
2135 1767 2337 1838 Spiritu
2374 1773 2562 1821 saneto
2605 1761 2943 1827 sentientem,
2986 1762 3051 1815 ad
3081 1761 3257 1816 Basilii
3282 1776 3413 1815 con-

1840 1862 2022 1917 silium
2052 1871 2106 1916 et
2138 1860 2514 1915 auctoritatem
2564 1856 2942 1926 confugerunt,
2980 1854 3159 1909 missis
3197 1855 3261 1907 ad
3293 1870 3416 1909 eum

1846 1974 1875 2013 e
1925 1972 2026 2013 suo
2057 1968 2280 2011 numero
2328 1951 2623 2008 nonnullis.
2693 1950 2868 2005 Unum
2923 1948 3141 2018 quidem
3176 1949 3421 2015 designat

1848 2051 2079 2107 Basilius
2102 2050 2256 2106 initio
2283 2050 2526 2119 epistolae
2549 2047 2670 2101 H5.
2708 2042 2814 2099 Sed
2845 2043 3023 2114 plures
3054 2046 3245 2099 missos
3275 2057 3425 2116 patet

1848 2161 1913 2201 ex
1948 2146 2033 2201 his
2080 2144 2261 2200 verbis
2306 2141 2549 2213 epistola:
2577 2139 2878 2210 sequentis,
2931 2136 3219 2209 Postquam
3264 2140 3425 2210 igitur

1849 2254 1966 2291 cum
1998 2237 2251 2304 fratribus
2286 2248 2594 2302 congressus
2628 2247 2763 2285 sum.
2821 2230 3075 2296 Basilius.
3118 2241 3223 2287 lota
3276 2248 3334 2289 re
3358 2248 3426 2287 ex

1854 2330 1959 2384 illis
1980 2328 2214 2394 cognita,
2247 2324 2499 2395 privatim
2531 2321 2784 2377 nonnulla
2826 2322 3103 2386 disseruit,
3128 2338 3246 2392 qua:
3284 2326 3424 2380 refe.

1852 2421 2015 2476 renda
2065 2416 2392 2490 presbyteris
2438 2413 2797 2469 Tarsensitms
2847 2414 3162 2475 mandabat.
3220 2417 3313 2471 sed
3372 2419 3427 2473 in

1855 2510 2103 2580 epistola,
2142 2525 2302 2579 quam
2344 2509 2409 2562 ad
2452 2521 2545 2562 eos
2572 2507 2806 2577 scripsit,
2839 2506 2979 2561 hanc
3011 2509 3261 2563 sedanda:
3300 2525 3430 2564 eoi.-

1854 2599 2133 2653 troversia:
2164 2599 2303 2651 viam
2354 2597 2470 2651 init.
2508 2595 2767 2663 Queritur
2798 2596 2939 2665 quod
2974 2597 3232 2654 Ecclesia:
3262 2602 3424 2669 mala,

1854 2706 1949 2747 sua
1996 2700 2186 2760 sponte
2238 2690 2582 2760 gravissima,
2636 2687 2863 2742 multum
2924 2700 3244 2760 augeantur,
3302 2693 3429 2748 dum

1857 2780 2002 2837 nulla
2032 2796 2158 2852 erga
2202 2780 2448 2836 infirmos
2500 2780 2783 2835 adhibetur
2817 2780 3236 2846 commiseratio,
3290 2784 3431 2839 nulla

1858 2890 2111 2931 sanorum
2156 2874 2386 2929 fratrum
2422 2873 2683 2930 defensio.
2720 2872 2899 2940 Quare
2934 2889 3155 2931 necesse
3176 2892 3297 2932 esse
3323 2888 3434 2932 sta-

1860 2967 1983 3031 tuit,
2014 2975 2070 3019 ut
2091 2966 2287 3034 quibus
2314 2966 2365 3019 iu
2394 2966 2553 3021 rebus
2576 2966 2768 3021 anima:
2793 2980 2898 3019 non
2936 2966 3223 3033 latduntur,
3262 2971 3316 3025 in
3352 2972 3436 3026 his

1862 3070 1959 3109 nos
1990 3055 2057 3109 ad
2098 3054 2422 3110 infirmiores
2452 3056 2921 3111 aecommodcmus
2957 3075 2971 3112 :
3012 3074 3073 3113 ac
3106 3060 3328 3129 proinde
3357 3064 3437 3117 ni-

1863 3146 1936 3203 hil
1987 3148 2217 3218 amplius
2260 3148 2654 3218 exposcendum
2709 3162 2740 3200 a
2798 3147 3056 3204 fratribus
3112 3153 3435 3221 prmscribit,

1866 3240 1970 3294 nisi
1995 3249 2053 3293 ut
2099 3239 2257 3294 fidem
2285 3237 2554 3293 Nicaenam
2604 3239 2887 3309 recipiant,
2917 3255 2982 3295 ac
3024 3241 3283 3311 Spiritum
3308 3260 3437 3299 san-

193 3330 503 3386 remittatur.
546 3327 680 3382 Cum
739 3324 853 3379 haec
904 3323 1165 3379 scriberet
1215 3322 1472 3388 Basilius,
1516 3322 1752 3378 nondum
1782 3306 1825 3365 ε
1858 3340 2004 3385 etum
2048 3340 2353 3386 creaturam
2391 3330 2496 3383 diei
2531 3346 2636 3385 non
2674 3306 2947 3402 oportere,
2989 3340 3044 3385 et
3064 3306 3191 3400 eos,
3228 3336 3317 3404 qui
3353 3337 3437 3390 di-

191 3418 512 3489 Csppadocia
562 3431 628 3470 ex
666 3414 821 3470 malis
872 3413 1166 3485 provinciae
1213 3414 1476 3469 divisione
1533 3412 1751 3469 inﬂictis

193 3511 504 3581 emergebat,
539 3508 700 3580 idque
734 3508 961 3566 Basilius
990 3508 1192 3566 indicat
1221 3524 1325 3563 non
1356 3506 1605 3562 obscure.

255 3602 336 3658 IV.
364 3601 705 3658 Domitianus
737 3603 979 3673 quidam,
1015 3603 1106 3673 qui
1146 3595 1197 3656 in
1223 3599 1393 3655 tribus
1418 3598 1634 3667 optima:
1666 3611 1760 3652 no-

196 3694 559 3753 tacodicibus
604 3695 887 3767 presbyter
922 3696 1138 3761 dicitur,
1188 3692 1371 3748 Basilii
1418 3691 1761 3745 necessarius

197 3797 299 3842 erat
326 3788 393 3843 ab
419 3788 650 3857 antiquo
678 3802 743 3841 ex
778 3787 1114 3857 parentibus,
1158 3786 1230 3838 ita
1271 3792 1329 3835 ut
1364 3782 1498 3835 nihil
1526 3797 1554 3835 a
1590 3780 1761 3835 fratre

198 3876 443 3935 differret.
478 3878 531 3934 Is
558 3894 679 3935 cum
720 3876 956 3948 graviter
986 3882 1268 3945 peccasset
1315 3874 1368 3928 in
1396 3874 1574 3927 virum
1615 3888 1761 3945 prae-

199 3980 477 4040 potentem,
504 3971 875 4025 Andronicum
904 3970 1116 4032 ducem,
1149 3968 1485 4024 imminentis
1506 3968 1761 4037 supplicii

202 4072 331 4120 metu
364 4078 503 4135 pene
554 4071 801 4117 mortuus
857 4060 1118 4131 epistolas
1165 4076 1195 4115 a
1243 4060 1487 4131 pluribus
1529 4060 1765 4115 obtinuit

200 4155 356 4225 ipsius
376 4170 544 4212 causa
572 4153 1027 4226 supplicantibus,
1072 4154 1169 4209 sed
1198 4153 1384 4208 Basilii
1411 4151 1765 4207 commenda-

203 4251 385 4307 tionem
422 4253 584 4322 longe
607 4250 861 4306 omnibus
890 4246 1278 4318 praeferendam
1303 4261 1424 4301 esse
1450 4246 1630 4300 duxit.
1671 4244 1765 4300 Li-

202 4342 379 4398 benter
411 4358 547 4397 sane
578 4341 833 4403 Basilius,
884 4339 986 4395 nisi
1017 4347 1071 4395 et
1099 4337 1346 4409 corporis
1387 4337 1683 4393 infirmitas
1712 4344 1766 4393 et

206 4432 384 4489 hiemis
410 4431 677 4487 molestia:
704 4432 1067 4498 obstitissent,
1102 4430 1475 4487 Andronicum
1522 4430 1766 4495 adiisset,

208 4534 307 4607 tum
339 4535 399 4580 ut
433 4523 740 4596 precatoris
785 4539 1008 4580 munere
1041 4539 1137 4595 per
1176 4538 1235 4579 se
1275 4524 1388 4593 ipse
1425 4524 1763 4593 fungeretur,

210 4627 309 4673 tuta
333 4628 391 4673 ut
430 4618 633 4675 veteris
668 4617 918 4688 promissi
960 4618 1199 4673 debitum
1250 4618 1605 4688 persolveret.
1637 4618 1768 4673 Pro-

210 4706 415 4765 miserat
445 4710 594 4766 enim
624 4716 912 4765 venturum
956 4723 1014 4762 se
1063 4710 1403 4775 Sebastiam;
1450 4709 1611 4780 idque
1655 4712 1765 4781 jam

210 4800 515 4868 perfecerat,
561 4801 658 4857 sed
694 4801 915 4856 minime
949 4800 1158 4857 invenit
1188 4802 1577 4859 Andronicum.
1620 4802 1770 4858 Seri-

210 4890 280 4947 bit
314 4892 493 4963 itaque
536 4894 603 4948 ad
660 4909 782 4950 eum
836 4893 1308 4966 praclarissimam
1351 4895 1655 4967 epistolam,
1707 4911 1770 4952 ac

211 4984 478 5055 exquisitis
526 4985 826 5041 rationibus
864 4986 1187 5057 persuadere
1230 4998 1483 5053 conatur,
1539 4997 1595 5042 ut
1658 5003 1771 5042 me-

215 5081 333 5141 tum,
356 5091 461 5147 quo
485 5074 691 5130 fractus
727 5084 781 5131 et
808 5088 1113 5148 prostratus
1137 5078 1356 5148 jacebat
1398 5079 1764 5143 Domitianus,

214 5166 331 5222 satis
356 5168 601 5240 supplicii
640 5181 763 5224 esse
794 5170 1084 5231 existimet.
1116 5186 1180 5225 ac
1206 5170 1418 5243 insigne
1462 5171 1771 5226 humanita-

217 5254 275 5310 tis
305 5262 568 5328 specimen
591 5261 737 5327 edat,
766 5263 1017 5318 omnibus
1037 5262 1467 5333 Cappadoeibus,
1494 5264 1584 5333 qui
1608 5278 1772 5318 even-

220 5357 294 5402 tus
316 5352 717 5421 esspectatiOne
740 5356 981 5423 suspensi
1022 5364 1201 5417 erant,
1238 5355 1581 5410 admirationi
1622 5354 1772 5411 futu-

220 5454 342 5495 rum.
378 5442 526 5500 Hane
550 5444 832 5513 epistolam
869 5443 946 5516 (α)
978 5462 1106 5501 cum
1141 5447 1489 5501 Tillemontio
1530 5446 1775 5503 referen-

221 5532 326 5587 datu
360 5536 483 5590 duxi
528 5538 596 5591 ad
629 5538 859 5593 hiemem
901 5537 1056 5604 hujus
1086 5540 1211 5593 anni
1244 5538 1371 5593 572.
1432 5536 1587 5593 Venit
1626 5540 1771 5595 enim

222 5623 503 5682 Sebastiam
532 5629 634 5683 hoc
660 5644 804 5684 anno
824 5628 1072 5692 Basilius,
1098 5630 1255 5698 eique
1281 5630 1540 5702 deinceps
1570 5630 1776 5687 aditum

283 5838 352 5904 (ιι)
383 5840 478 5907 ep.
510 5839 633 5892 tta.

286 5910 350 5973 (lt)
375 5904 505 5975 Stip.
539 5923 627 5973 ep.
651 5904 735 5957 δι.

443 5999 693 6057 Parnm.
767 5997 885 6055 (in.
950 5993 1187 6054 XXIX.

1862 3434 2012 3488 cunt,
2055 3423 2121 3477 ad
2160 3422 2595 3479 communionem
2639 3422 3000 3479 admittendos
3033 3439 3136 3479 non
3180 3440 3303 3482 esse
3354 3426 3437 3482 fa-

1860 3522 2103 3569 tcantur.

1932 3604 2131 3659 Scribit
2174 3604 2243 3679 (cl
2299 3606 2463 3659 etiam
2510 3607 2575 3659 ad
2619 3606 2925 3677 Cyriacum,
2972 3608 3130 3678 eique
3162 3622 3350 3667 narrat
3382 3629 3441 3670 se

1863 3697 1917 3752 in
1957 3696 2216 3753 fratribus
2244 3712 2274 3753 e
2313 3698 2459 3753 clero
2485 3696 2739 3754 Tarsensi
2768 3700 2947 3756 missis
2980 3716 3231 3773 magnum
3260 3704 3438 3761 anim-

1865 3791 2161 3846 advertisse
2208 3790 2328 3845 fidei
2383 3792 2636 3857 studium,
2689 3807 3051 3863 magnumque
3073 3795 3126 3848 in
3156 3794 3439 3865 Cyriacum

1866 3896 2146 3945 amorem;
2184 3894 2347 3949 seque
2396 3895 2493 3949 pro
2533 3896 2598 3936 eo
2645 3883 3019 3951 spopondisse,
3078 3897 3264 3936 sanam
3320 3900 3442 3941 esse

1869 3972 2009 4026 illius
2047 3972 2202 4025 fidem
2237 3979 2292 4024 et
2338 3972 2601 4035 animum,
2638 3970 2704 4025 ad
2736 3970 2916 4025 omnia
2968 3986 3065 4041 pro
3104 3970 3209 4028 fide
3255 3990 3443 4045 perpe-

1868 4063 2047 4119 tienda
2081 4072 2385 4133 promptum
2414 4071 2469 4115 et
2510 4071 2776 4131 paratum.
2819 4062 3027 4118 Rursus
3054 4079 3152 4133 pro
3184 4064 3442 4122 fratribus

1869 4156 2113 4226 spondet,
2146 4154 2189 4207 si
2226 4153 2384 4208 modo
2414 4153 2683 4209 Nicmnam
2741 4154 2897 4210 fidem
2938 4156 3188 4224 recipiat,
3242 4158 3442 4213 nullam

1870 4247 2009 4302 inea
2048 4261 2230 4301 vocem
2268 4244 2534 4313 rejiciens,
2571 4258 2730 4317 atque
2760 4247 2884 4300 huic
2913 4244 3035 4300 fidei
3060 4249 3223 4303 addat
3274 4249 3447 4319 Spiri-

1872 4348 1983 4393 tum
2034 4346 2279 4390 sanctum
2317 4347 2623 4391 creaturam
2661 4336 2761 4389 dici
2797 4350 2899 4389 non
2930 4336 3152 4405 debere,
3186 4354 3284 4394 nee
3323 4355 3445 4395 cum

1871 4428 1959 4493 iis,
2006 4427 2096 4496 qui
2134 4427 2335 4492 dicunt,
2366 4426 2901 4493 communicandum,
2951 4428 3064 4483 fore
3110 4440 3168 4485 ut
3199 4431 3247 4484 ei
3288 4446 3447 4488 oumc

1870 4520 2185 4589 obsequium
2221 4517 2418 4573 fratres
2440 4516 2748 4573 exhibeant.
2784 4516 2861 4573 Ex
2900 4520 3095 4589 quibus
3116 4523 3295 4576 verbis
3322 4524 3449 4578 illud

1872 4610 2047 4666 obiter
2069 4609 2323 4681 colligere
2346 4622 2655 4678 possumus,
2682 4608 2969 4679 Cyriaeum
2997 4612 3320 4666 auctoritate
3358 4613 3444 4666 in-

1876 4711 1961 4758 ter
1990 4703 2124 4757 alios
2154 4700 2537 4771 praecelluisse.

1950 4796 2063 4849 Son
2092 4793 2368 4863 pertinent
2407 4793 2528 4849 dum
2555 4794 2657 4851 illa:
2699 4794 2938 4865 epistolte
2973 4796 3039 4850 ad
3067 4797 3215 4851 initia
3244 4798 3455 4868 episco-

1878 4896 2063 4957 patus;
2112 4896 2241 4943 tunc
2276 4887 2421 4943 enim
2468 4901 2572 4941 non
2620 4896 2900 4957 tantopere
2944 4887 3185 4943 fervebat
3233 4891 3300 4944 de
3335 4890 3453 4958 Spi-

1879 4981 1981 5033 ritu
2006 4988 2197 5035 saneto
2226 4980 2621 5044 controversia,
2652 4994 2752 5035 nec
2778 4983 2999 5037 deerant
3029 4982 3170 5035 inter
3196 4983 3453 5037 orthouo-

1879 5085 2001 5134 χοε.
2039 5070 2131 5139 qui
2172 5070 2630 5126 consubstantiale
2664 5074 2903 5127 nondum
2937 5075 3267 5142 recepissent
3298 5084 3354 5127 ut
3385 5092 3455 5130 es

1879 5164 2037 5233 epist.
2078 5163 2149 5217 52
2184 5165 2609 5220 observavimus.
2652 5167 2739 5229 At,
2777 5168 2899 5220 dum
2940 5166 3308 5221 scriberentur
3338 5169 3457 5222 dua:

1875 5257 1977 5311 illa:
2011 5259 2269 5327 epistolar,
2302 5262 2388 5313 vix
2416 5270 2732 5330 supererant
2775 5260 2967 5329 quibus
2996 5261 3276 5317 molestum
3308 5272 3457 5315 esset

1874 5349 2351 5405 consubstantiale.
2390 5350 2504 5405 Non
2537 5355 2807 5408 metuebat
2846 5354 3095 5418 Basilius,
3143 5368 3209 5407 ne
3244 5369 3450 5408 moram

1880 5445 2002 5499 huic
2058 5447 2133 5501 rei
2186 5445 2407 5501 afferret
2444 5446 2746 5517 Cyriacus;
2803 5452 2897 5503 sed
2946 5465 3042 5519 pro
3103 5462 3169 5503 eo
3232 5450 3462 5503 libenter

1876 5535 2190 5605 spondebat.
2233 5536 2509 5609 Prmcipua
2554 5542 2697 5595 enim
2729 5553 2846 5593 erat
2874 5542 2942 5594 de
2985 5541 3187 5610 Spiritu
3242 5553 3450 5595 contr.»-

1878 5630 2053 5685 versia
2078 5630 2242 5685 etiam
2274 5633 2412 5687 inter
2456 5633 2784 5699 Catholicos,
2828 5636 2947 5687 aliis
2995 5633 3157 5688 Deum
3187 5611 3455 5703 appellan-

1966 5832 2036 5903 (ι)
2074 5832 2167 5901 εν.
2196 5833 2314 5885 its.
