4214 6484
757 448 827 483 cn
2104 429 2614 484 PROLEGOMENA

760 546 882 597 dum
928 557 1044 594 esse
1085 540 1552 600 contendentibus,
1603 539 1722 593 aliis
1752 540 2087 594 divinitatem
2120 542 2333 611 quidem
2368 549 2411 603 Α
2445 544 2593 599 lauti.
2631 543 2723 597 Sin
2758 554 2933 597 autem
2978 553 3034 597 ut
3084 543 3402 613 deponatur,
3466 553 3725 612 tanquam
3774 544 4025 615 indignus

760 634 1136 697 tribuentibus,
1182 633 1272 685 sed
1318 644 1491 685 tamen
1538 635 1634 686 hac
1663 649 1793 687 voce
1828 634 1902 687 uti
1940 637 2333 689 recusantibus.

834 730 1090 780 Videntur
1139 736 1317 779 tamen
1373 736 1495 778 ante
1536 741 1736 778 annum
1777 726 1879 779 573
1920 727 2153 794 set-ipim.
2204 726 2334 779 Nam

760 819 943 872 Basilii
972 818 1223 887 querelae,
1261 824 1403 885 quod
1437 819 1578 870 nulla
1613 820 1681 872 sit
1704 834 1827 887 erga
1874 818 2078 871 debiles
2110 818 2338 871 commi-

758 912 980 973 seratio,
1019 911 1158 963 nulla
1192 926 1443 963 Sanornm
1476 911 1700 964 fratrum
1736 910 1993 971 defensio,
2046 910 2187 962 haud
2225 911 2339 962 scio

758 1020 824 1057 an
862 1019 953 1059 eos
992 1012 1231 1072 tangant,
1275 1005 1467 1072 quibus
1514 1006 1692 1057 Basilii
1729 1008 1777 1057 in
1812 1004 2149 1057 Eustathium
2192 1004 2337 1071 ejus-

759 1111 863 1165 que
902 1097 1189 1165 discipulos
1225 1098 1414 1151 lenitas
1446 1113 1549 1149 non
1597 1098 1859 1165 placebat.
1914 1098 2180 1151 Prreterea
2231 1113 2333 1151 non

757 1189 1079 1257 prrescribit,
1120 1189 1169 1242 id
1197 1191 1336 1258 quod
1362 1190 1613 1257 deinceps
1638 1192 1700 1241 ab
1720 1206 1785 1243 eo
1814 1192 2112 1260 perspectis
2144 1192 2337 1245 Eusta-

760 1280 855 1334 thii
881 1280 1020 1334 dolis
1060 1284 1429 1350 prmscriptum
1462 1284 1787 1350 videbimus,
1824 1294 1879 1336 ut.
1941 1282 2180 1351 Spiritus
2206 1300 2334 1339 sau-

760 1384 879 1428 ctns
912 1374 1032 1429 cuin
1067 1374 1223 1427 Patre
1253 1385 1307 1428 et
1351 1374 1484 1428 Filio
1521 1376 1870 1443 gloriticetur.

833 1463 915 1517 Vl.
951 1466 1203 1530 Quaedam
1234 1466 1584 1535 Cappadocia:
1600 1465 1841 1521 Ecclesia
1884 1468 1959 1537 (α)
1990 1484 2107 1521 cum
2141 1468 2335 1521 dudum

755 1556 1009 1624 episcopo
1038 1567 1270 1619 careret,
1307 1559 1578 1611 communi
1627 1574 1894 1613 consensu
1931 1560 2091 1628 elegit
2121 1576 2334 1613 servum

759 1646 1069 1715 Sitnplicia’,
1110 1647 1290 1700 divitis
1340 1660 1601 1701 matronae
1634 1659 1686 1701 et
1722 1650 1769 1699 in
1803 1664 2067 1717 pauperes
2117 1650 2333 1703 munifi-

758 1755 854 1803 εκ,
889 1740 979 1792 sed
1024 1740 1244 1793 hatresis
1279 1740 1683 1807 suspicionibus
1714 1739 2005 1809 flagrantis.
2056 1741 2240 1809 Itaque
2266 1744 2333 1795 ad

755 1827 1008 1883 Basilimn
1054 1837 1106 1883 et
1166 1828 1485 1898 Gregorium
1536 1830 1634 1883 loci
1680 1831 1865 1886 incola:
1910 1836 2050 1885 hunc
2116 1848 2332 1886 servum

2442 636 2745 689 sacerdotio
2776 676 2788 697 ,
2829 636 3097 689 consentit
3130 638 3287 689 etiam
3316 647 3393 702 ut,
3424 638 3536 705 ipsa
3563 646 3831 706 praesente
3860 648 4025 705 atque

2440 728 2625 790 etiam,
2668 730 2709 779 si
2747 728 2979 791 libuerit,
3008 727 3305 796 judicante,
3356 745 3441 783 res
3481 730 3855 797 episcoporum
3880 729 4023 798 judi-

2440 820 2523 872 cio
2551 819 2881 887 exploretur.

2511 910 2804 979 Simplicia.-
2853 910 2991 964 servi
3049 909 3441 963 ordinationem
3494 927 3613 964 cum
3674 910 4022 965 Tillcmontio

2443 1002 2588 1055 circa
2628 1005 2728 1056 hoc
2771 1014 3001 1072 tempus,
3032 1006 3081 1057 id
3114 1013 3214 1066 est,
3256 1004 3398 1056 circa
3428 1020 3623 1056 annum
3660 1003 3765 1057 572
3792 1016 3883 1056 aut
3917 1004 4022 1058 575

2442 1104 2711 1161 peractam
2760 1106 3029 1163 putamus.
3076 1095 3188 1149 Non
3228 1096 3369 1149 enim
3411 1095 3574 1147 citius
3625 1095 3880 1149 collocari
3920 1110 4020 1161 po-

2444 1196 2565 1247 test,
2620 1187 2741 1255 quia
2783 1186 3101 1257 Gregorium
3149 1189 3249 1241 hac
3303 1190 3353 1239 iu
3406 1188 3743 1242 ordinatione
3776 1188 4015 1243 Basilius

2441 1276 2698 1345 collegam
2737 1277 2945 1330 ltabuit.
3000 1278 3183 1344 Neque
3225 1279 3383 1331 etiam
3433 1280 3601 1330 nmlto
3637 1280 3847 1345 serius;
3894 1294 4017 1332 cum

2436 1364 2727 1436 Gregorius
2774 1369 3063 1421 secesserit
3113 1367 3411 1421 Seleuciam
3467 1384 3607 1421 anno
3669 1368 3823 1422 575:
3881 1370 4021 1425 unde

2440 1472 2542 1509 non
2567 1458 2776 1511 videtur
2816 1470 2940 1514 ante
2970 1459 3152 1512 Basilii
3184 1470 3409 1512 mortem
3439 1475 3691 1529 egressu;
3721 1475 3864 1512 esse.

2516 1552 2623 1605 VII.
2674 1551 2883 1607 Charus
2938 1563 3052 1607 erat
3095 1553 3294 1605 Basilio
3348 1553 3543 1605 ttobilis
3569 1552 3788 1619 quidam
3839 1550 4022 1605 adole-

2438 1658 2615 1706 scens,
2654 1645 2803 1713 cujus
2840 1646 3073 1715 majores
3101 1645 3462 1713 gubernacnla
3496 1646 3751 1707 civitatis,
3786 1653 3842 1697 ut
3880 1645 4021 1695 veri-

2437 1738 2613 1792 simile
2658 1746 2761 1799 est,
2804 1738 3158 1794 Caesariensis
3195 1748 3513 1802 tenuerant;
3557 1754 3688 1791 avus
3714 1749 3895 1792 autem
3927 1752 4025 1805 pa-

2438 1847 2626 1890 ternus
2682 1849 2828 1886 arma
2888 1843 3101 1887 secutus
3152 1834 3343 1886 fuerat.
3404 1834 3449 1887 Is
3507 1849 3574 1886 eo
3626 1832 3818 1901 majori
3876 1846 4024 1883 curm

758 1922 1097 1975 adduxerunt
1131 1937 1231 1973 non
1266 1922 1383 1973 sine
1419 1921 1691 1994 laerymis,
1723 1935 1777 1977 ut
1822 1925 1967 1978 illum
1997 1926 2095 1979 sibi
2127 1928 2334 1993 episco-
2369 1905 2407 1959 Β
2437 1936 2553 1979 erat
2587 1923 2807 1988 Basilio,
2848 1925 2989 1993 quod
3027 1938 3146 1975 cum
3182 1938 3238 1976 se
3278 1933 3397 1975 voto
3426 1922 3748 1990 virginitatis
3775 1924 4022 1976 obstrin-

761 2031 885 2083 pum
914 2016 1121 2067 darent.
1165 2014 1487 2069 Annuerunt
1516 2018 1753 2085 cpismpi
1800 2017 2016 2072 fervidis
2064 2022 2331 2088 precibus,

752 2122 822 2161 ac
850 2121 1065 2161 servum
1104 2106 1457 2160 reluctantem
1500 2120 1552 2162 et
1596 2111 1815 2163 invitum
1857 2113 2195 2175 ordinarunt,
2229 2128 2333 2165 non

757 2209 1070 2268 exspectato
1100 2200 1328 2254 domina}
1361 2216 1645 2266 consensu,
1697 2206 1787 2272 qui
1840 2214 2018 2259 tamen
2064 2222 2127 2260 eo
2168 2206 2335 2276 magis

763 2292 1119 2361 requirendus
1144 2292 1449 2357 videbatur,
1475 2300 1614 2363 quod
1647 2297 1789 2349 item}
1813 2299 1952 2349 bona
1983 2298 2213 2351 famulus
2239 2298 2333 2351 ad-

754 2384 1119 2437 ministrabat.
1165 2383 1269 2438 Sed
1306 2386 1404 2438 ltac
1438 2386 1488 2439 in
1543 2403 1600 2439 re
1638 2386 1868 2441 Basilius
1917 2398 1970 2441 et
2019 2388 2330 2458 Gregorius,

758 2490 879 2529 cum
908 2474 1197 2544 Simplicia:
1242 2476 1621 2530 liberalitatem
1672 2480 1771 2532 sibi
1809 2496 1967 2535 nosse
1995 2482 2329 2547 viderentur,

755 2564 1058 2633 simplicius
1084 2576 1328 2634 egerunt.
1376 2566 1475 2621 Ubi
1511 2570 1559 2621 id
1592 2571 1806 2623 rcscivit
1833 2572 2087 2625 iracunda
2120 2573 2328 2635 mulier,

756 2656 910 2711 furiis
964 2659 1013 2710 in
1061 2656 1315 2711 Basilium
1370 2660 1605 2725 incensa,
1656 2665 1909 2717 Conviciis
1960 2679 2079 2717 eum
2117 2666 2330 2734 aggredi

754 2751 940 2817 etrapit,
1007 2752 1199 2804 docere
1250 2754 1450 2806 audens
1518 2764 1573 2805 ιιι
1618 2754 1775 2807 officii
1838 2757 2014 2807 minus
2076 2757 2328 2822 peritum.

755 2842 1059 2908 Quinetiam
1116 2844 1167 2898 in
1221 2861 1341 2898 eum
1403 2847 1664 2913 quosdam
1727 2847 1972 2900 homines
2020 2848 2329 2909 concitavit,

756 2948 893 3001 quos
920 2932 1147 2987 Basilius
1177 2935 1405 2989 lacertos
1429 2947 1481 2991 et
1530 2940 1747 2992 rubetas
1778 2940 2028 3007 appellat,
2057 2939 2107 2992 id
2132 2950 2238 3003 est,
2277 2948 2334 2992 ut

757 3025 946 3094 conjici
981 3035 1157 3094 potest
1204 3042 1270 3081 ex
1303 3028 1383 3082 his
1422 3045 1539 3097 qua:
1575 3042 1894 3100 sequuntur.
1933 3046 2116 3087 servos
2160 3042 2212 3086 et
2239 3046 2333 3086 eu-

756 3120 981 3175 nuchos.
1020 3117 1170 3172 lianc
1200 3118 1429 3173 Basilius
1466 3136 1573 3173 non
1604 3122 1963 3189 deprecando,
1995 3139 2099 3176 non
2138 3123 2331 3177 blande

754 3210 1070 3280 appellando
1094 3212 1501 3266 detnulcendam
1528 3227 1646 3267 esse
1672 3214 1823 3267 duxit
1855 3231 1867 3266 :
1902 3214 1992 3267 sed
2024 3215 2327 3267 vehementi
2358 3245 2399 3302 ρ

756 3311 913 3354 utens
946 3303 1385 3371 reprehensione,
1419 3304 1769 3368 demonstrat,
1801 3302 2008 3358 etiamsi
2047 3302 2326 3373 pecuniam

759 3406 920 3444 arena
982 3392 1251 3460 c0piosius
1280 3394 1589 3463 profundat,
1629 3396 1739 3449 lucc
1779 3411 1940 3464 opera
1987 3395 2123 3463 apud
2156 3394 2324 3449 Deum

756 3484 961 3551 impura
997 3500 1137 3537 esse.
1177 3486 1319 3538 Illius
1346 3488 1698 3541 contumeLas
1736 3488 1953 3542 silentio
1982 3489 2197 3558 premit,
2233 3488 2326 3543 sed

760 3578 1005 3629 hortatur
1041 3588 1097 3631 ut
1134 3579 1478 3649 semetipsam
1516 3582 1579 3633 de
1622 3580 1823 3649 judicio
1869 3580 2048 3634 divino
2080 3596 2326 3634 commo-

754 3676 897 3731 veat,
926 3683 1087 3736 seque
1112 3670 1302 3723 docere
1335 3671 1563 3735 desinat,
1598 3681 1652 3722 nt
1692 3672 1781 3737 qui
1821 3670 1988 3738 plura,
2020 3684 2176 3737 quam
2216 3670 2323 3736 illa,

755 3757 910 3819 sciat,
952 3774 1049 3811 nec
1083 3759 1311 3813 internis
1358 3761 1526 3828 spinis
1560 3768 1665 3811 tam
1699 3759 2006 3821 sulfucetur,
2040 3773 2136 3811 nec
2175 3759 2328 3812 bonis

746 3854 943 3921 paucis
1004 3853 1284 3923 decuplam
1357 3854 1615 3908 malitiam
1672 3854 1982 3909 admisceat.
2045 3851 2327 3907 Postremo

755 3946 1033 4014 gloriatur,
1071 3948 1211 4015 quod
1248 3948 1348 4000 sibi
1400 3948 1666 4001 reddenda
1700 3948 1766 3999 sit
1806 3946 1942 3999 ratio
1975 3946 2025 4000 iu
2056 3945 2147 3999 Dei
2182 3943 2329 4014 judi~

756 4039 860 4102 cio,
897 4036 947 4090 in
1002 4053 1107 4106 quo
1157 4054 1258 4091 non
1311 4039 1451 4092 servi
1479 4049 1531 4091 et
1561 4038 1791 4091 eunuchi
1823 4048 1985 4092 testes
2019 4047 2201 4103 erunt,
2232 4037 2327 4093 sed

744 4131 878 4200 justi
912 4142 964 4186 et
986 4130 1205 4203 perfecti
1249 4132 1371 4185 viri.

829 4220 919 4274 Sic
962 4236 1271 4289 compressa
1316 4220 1380 4273 ad
1440 4230 1647 4288 tempus
1704 4217 1945 4272 mulieris
1990 4216 2271 4271 insolentia
2308 4235 2322 4271 :

754 4316 990 4383 quandiu
1032 4316 1173 4368 enim
1215 4312 1346 4367 vixit
1384 4311 1631 4376 Basilius,
1663 4310 1856 4363 mutire
1902 4324 2006 4363 non
2046 4323 2175 4360 ausa
2217 4316 2318 4361 cst.

752 4410 823 4461 At
869 4420 933 4459 eo
964 4414 1177 4458 mortuo
1208 4404 1271 4455 ad
1298 4404 1570 4472 ingenium
1601 4403 1777 4467 rediit,
1809 4412 1862 4457 et
1901 4403 1966 4455 ad
2007 4400 2326 4469 Gregorium

754 4513 814 4552 ea
857 4498 920 4549 de
965 4509 1019 4549 re
1048 4496 1288 4562 scripsit,
1334 4495 1730 4562 perhonorifice
1772 4496 1986 4563 quidem
2034 4496 2099 4549 de
2131 4491 2328 4549 Basilio

2441 2022 2628 2085 xisset,
2667 2029 2723 2071 ut
2756 2032 2821 2072 eo
2873 2018 3089 2070 nomine
3145 2015 3351 2084 gratior
3389 2026 3505 2068 erat
3550 2026 3602 2069 et
3656 2016 3894 2078 charior,
3946 2016 4023 2069 ita

2440 2112 2699 2179 naufragii
2741 2121 2941 2163 metmn
2973 2110 3041 2163 ob
3079 2109 3251 2162 artatis
3278 2105 3462 2160 ﬂorem
3491 2105 3772 2160 afferebat.
3812 2106 4022 2174 Itaque,

2436 2220 2558 2257 cum
2593 2202 2832 2255 audisset
2858 2202 3088 2256 Basilius
3115 2217 3257 2265 eum,
3287 2199 3472 2254 relicto
3500 2199 3775 2253 beatorqu
3823 2212 4021 2268 proge-

2440 2300 2676 2351 nitorum
2722 2298 2932 2359 ordine,
2967 2297 3031 2350 ad
3064 2312 3223 2350 avum
3256 2305 3541 2363 paternum
3577 2290 3940 2361 transfugere,
3969 2301 4021 2345 et

2437 2389 2770 2444 Brettaniuin
2804 2403 2900 2457 pro
2932 2387 3169 2441 Firmino
3199 2388 3311 2459 fieri
3346 2387 3501 2450 velle,
3533 2386 3788 2453 majorem
3826 2386 3878 2439 in
3908 2400 4022 2437 mo—

2436 2485 2563 2537 dum
2594 2482 2858 2537 sollicitus
2904 2479 3026 2533 fuit.
3061 2480 3344 2531 Auxerunt
3375 2479 3784 2533 sollicitudinem
3815 2477 4023 2532 brevis-

2440 2578 2589 2630 sima:
2643 2572 2873 2627 Firmini
2922 2568 3135 2633 litterae,
3176 2585 3297 2636 quae
3345 2571 3557 2624 silentio
3612 2587 3709 2624 suo
3752 2570 4019 2641 pudorem

2438 2668 2555 2719 novi
2586 2666 2798 2721 consilii
2834 2664 3165 2718 indicabant.
3206 2660 3406 2715 Scribit
3448 2662 3627 2729 itaque
3662 2664 3727 2716 ad
3777 2678 3922 2728 eum,
3963 2672 4020 2714 ut

2438 2761 2571 2814 nihil
2633 2763 2834 2829 pudore
2894 2761 3111 2829 dignum
3172 2756 3452 2826 suscipiat,
3483 2756 3575 2809 sed
3624 2756 3667 2809 si
3715 2758 3841 2823 quid
3876 2757 4021 2809 illius

2439 2862 2671 2905 mentem
2719 2852 2903 2915 subiit,
2942 2859 3151 2904 mature
3182 2849 3457 2907 emendet.
3486 2862 3545 2900 ac
3590 2845 3746 2914 longo
3769 2846 3889 2899 vale
3916 2847 4021 2898 mi-

2437 2943 2565 2997 litia:
2625 2954 2678 2997 et
2726 2945 2893 2997 armis
2928 2944 3070 2997 dicto
3132 2945 3184 2996 in
3236 2943 3468 3012 patriam
3524 2939 3728 3003 redeat,
3761 2937 3899 2991 satis
3954 2939 4020 2990 ad

2437 3038 2562 3090 vitm
2602 3036 2950 3090 securitatem
3003 3044 3059 3089 et
3096 3035 3162 3087 ad
3196 3048 3408 3087 omnem
3454 3031 3794 3103 splendorem
3828 3028 4021 3083 existi-

2436 3145 2611 3194 mans,
2650 3128 2791 3193 urbi,
2839 3129 3026 3183 itidem
3078 3140 3135 3182 ut
3163 3128 3415 3198 majores,
3461 3140 3694 3194 prmcsse
3744 3140 3758 3177 :
3792 3123 3847 3175 id
3878 3124 4020 3191 quod

2436 3222 2547 3283 tibi,
2592 3220 2789 3288 inquit,
2845 3222 2977 3273 citra
3016 3221 3248 3274 laborem
3295 3218 3632 3272 abre-riturum
3676 3214 4019 3283 conﬁdimus,

2436 3315 2763 3383 respicientes
2818 3325 2926 3367 tum
2972 3319 3039 3368 ad
3086 3320 3297 3369 idoneas
3348 3326 3550 3369 nature
3589 3318 3755 3377 dotes,
3807 3323 3921 3364 tum
3950 3312 4021 3363 ad

2431 3407 2831 3474 competitorum
2889 3407 3227 3473 paucitatem.
3274 3406 3553 3459 Postrema
3595 3403 3755 3456 verba
3808 3413 4021 3472 tempus

2432 3499 2674 3552 indicant
2704 3497 2981 3566 cpistolm;
3014 3513 3134 3550 cum
3178 3500 3321 3549 enim
3359 3497 3600 3565 plerique
3638 3494 4016 3564 magistratus,

2430 3600 2522 3645 aut
2564 3590 2668 3643 alio
2712 3589 2859 3643 inviti
2903 3599 3081 3642 essent
3117 3588 3379 3651 translati,
3406 3598 3498 3639 aut
3531 3598 3721 3653 sponte
3763 3586 4017 3641 Caesarea

2430 3683 2842 3743 abscessissent,
2885 3680 2935 3733 id
2984 3684 3125 3750 quod
3166 3695 3308 3733 anno
3357 3677 3462 3732 372
3492 3675 3715 3735 factum.
3762 3670 3870 3730 non
3900 3690 4020 3731 erat

2430 3790 2525 3827 cur
2578 3774 2962 3843 competitores
3010 3784 3277 3829 metueret
3325 3771 3621 3827 Firminus.
3681 3769 3863 3835 Quare
3909 3785 4016 3823 non

2432 3865 2597 3917 multo
2633 3877 2753 3935 post
2796 3866 3152 3935 Cappadocia:
3199 3866 3515 3921 divisionem
3558 3862 3758 3929 scripta
3799 3860 4019 3915 videtur

2433 3959 2545 4012 haec
2570 3956 2816 4025 epistola.

2503 4048 2748 4115 Sequens
2782 4043 3011 4114 epistola
3060 4057 3164 4095 non
3202 4050 3282 4094 est
3334 4041 3561 4109 Basilii,
3608 4044 3700 4098 sed
3756 4043 4017 4107 Firmini,

2430 4141 2524 4212 qui
2561 4148 2840 4209 peccatum
2892 4136 3125 4207 ingenue
3179 4132 3399 4197 fatetur,
3437 4144 3491 4187 et
3540 4134 3737 4189 Basilio
3796 4138 4012 4204 gratias

2432 4234 2581 4304 agit,
2614 4232 2754 4301 quod
2798 4246 2855 4285 se
2883 4269 2897 4294 ,
2931 4238 2987 4283 ut
3035 4241 3131 4297 par
3163 4234 3310 4292 erat,
3340 4226 3729 4280 admonuisset.
3766 4226 4016 4282 Celerem

2433 4326 2805 4379 dimissionem
2858 4319 3135 4390 Sperabat,
3189 4331 3286 4370 nec
3325 4317 3618 4385 quidquam
3655 4318 3722 4369 ad
3757 4330 3877 4369 eam
3909 4316 4014 4369 im-

2432 4414 2746 4484 petrandam
2789 4409 3093 4463 omittebat.
3134 4405 3239 4460 Sed
3274 4415 3455 4458 tamen
3498 4405 3737 4459 declarat
3783 4419 3844 4458 se
3903 4419 4015 4459 non

2435 4503 2639 4558 idcirco
2677 4501 3041 4554 discessurum
3072 4510 3100 4547 a
3131 4494 3435 4563 prOposito,
3469 4495 3683 4550 etiamsi
3739 4492 3875 4547 nihil
3919 4494 4018 4558 im-

752 4589 996 4657 loqucns,
1032 4587 1123 4641 sed
1156 4596 1329 4639 tamen
1361 4588 1709 4639 vehementer
1740 4588 2091 4653 contendens,
2127 4595 2182 4639 ut
2209 4600 2324 4641 scr-
2360 4603 2401 4659 ι)
2434 4598 2609 4662 peiret
2635 4589 2701 4644 ab
2728 4591 3090 4658 imperatore.
3113 4582 3440 4640 Persuasum
3487 4586 3629 4640 enim
3656 4584 3761 4638 sibi
3790 4598 3917 4640 esse
3949 4585 4004 4639 in

752 4680 801 4731 vi
832 4678 1097 4731 ordinatio
1127 4677 1519 4744 antiquaretur.
1564 4674 1859 4729 Minabatur
1886 4676 2163 4731 satcularia
2186 4674 2328 4743 judi-

752 4772 872 4832 cia;
910 4780 960 4824 et
1008 4772 1098 4839 qui
1160 4779 1547 4823 consenserant
1585 4768 1933 4832 ordinationi,
1982 4770 2329 4837 negabantse

754 4863 1115 4927 consensisse,
1181 4873 1235 4915 ut
1298 4861 1506 4915 mulieri
1543 4873 1971 4916 assentarentur.
2023 4861 2330 4932 Respondet

750 4956 799 5010 ei
835 4954 1123 5025 Gregorius
1150 4953 1222 5022 (b)
1262 4955 1425 5007 multo
1468 4954 1635 5007 lenius
1679 4968 1837 5023 quam
1865 4953 2152 5021 scripserat
2184 4952 2328 5007 Basi-

753 5048 874 5101 lius.
910 5046 1081 5116 Rogat
1116 5055 1171 5098 ut
1192 5059 1311 5115 qum
1342 5044 1506 5097 Deum
1538 5046 1727 5113 Opilius
1756 5048 1866 5099 suis
1895 5043 2121 5109 colebat,
2142 5044 2326 5099 Eccle-

752 5139 884 5192 siam
919 5137 1220 5200 sacerdote,
1251 5135 1640 5204 pretiosissimo
1675 5135 1918 5201 donario,
1953 5150 2055 5188 non
2096 5136 2327 5204 spoliet;

750 5230 917 5284 multo
958 5230 1074 5301 plus
1108 5229 1279 5284 laudis
1321 5243 1461 5282 nunc
1507 5230 1833 5293 habituram,
1880 5231 1921 5283 si
1959 5229 2117 5283 rebus
2143 5245 2202 5283 ea
2244 5231 2327 5285 itt-

752 5321 992 5376 consultu
1039 5321 1204 5390 gestis
1256 5320 1585 5383 consentiat,
1641 5337 1802 5389 quam
1856 5323 1897 5375 si
1925 5330 2085 5375 antea
2135 5333 2316 5392 rogata

750 5414 1129 5469 consensisset.
1195 5413 1449 5468 llortatur
1516 5422 1571 5466 ut
1624 5415 1959 5483 suspiciones
2014 5414 2206 5485 fugiat.
2269 5426 2325 5473 et

750 5508 893 5576 quod
936 5506 1213 5561 dicebatur
1260 5508 1383 5562 odio
1444 5505 1573 5575 fidei
1612 5508 1887 5563 catholicae
1939 5513 2051 5563 haec
2112 5506 2315 5573 facere,

752 5599 893 5651 hunc
927 5612 1196 5650 rumorem
1245 5596 1533 5665 propulset.
1576 5596 1723 5663 Quod
1758 5599 1805 5651 si
1832 5599 1964 5667 petit
1992 5608 2046 5653 ut
2079 5600 2313 5654 rationes

752 5691 937 5742 reddat
966 5688 1213 5752 fatnulus,
1238 5688 1529 5744 aSseutitur
1552 5686 1844 5758 Gregorius
1874 5700 1928 5743 ut
1952 5705 2102 5758 requa
2131 5702 2315 5763 postu~

835 5862 903 5929 (ι)
935 5863 1061 5918 Nan.
1099 5882 1181 5933 ep.
1218 5866 1307 5924 '58.

2436 4682 2697 4751 ejusmodi
2730 4681 2889 4735 rebus
2913 4677 3179 4747 potiorem
3218 4678 3378 4747 regiis
3420 4674 3688 4730 mandatis
3738 4690 3859 4731 esse
3913 4690 4017 4730 vo-

2438 4774 2718 4833 luntatem,
2756 4783 2913 4839 quam
2942 4767 2986 4820 si
3020 4767 3352 4817 immutatam
3395 4775 3439 4817 et
3471 4765 3761 4841 immotam,
3811 4763 4017 4830 inquit,

2437 4884 2467 4920 a
2491 4866 2753 4934 proposito
2782 4863 2899 4915 vita:
2938 4859 3185 4929 perfecta:
3231 4857 3517 4915 exhibuero
3538 4896 3553 4919 ,
3586 4855 4016 4926 inexpugnabilis

2439 4960 2581 5011 nobis
2610 4967 2654 5009 et
2681 4954 3001 5007 inviolabilis
3029 4951 3124 5004 Dei
3146 4952 3347 5003 auxilio
3371 4952 3466 5002 erit
3492 4949 3806 5019 uirginitatis
3831 4956 4016 4999 custo-

2438 5049 2546 5102 dia.
2598 5046 3083 5101 Commendaverat
3116 5045 3165 5098 ei
3215 5044 3443 5111 aliquem
3481 5041 3732 5103 Basilius,
3770 5052 3932 5107 quem
3961 5046 4018 5091 et

2436 5140 2669 5194 libenter
2697 5153 2725 5190 a
2758 5152 2813 5191 se
2834 5147 3115 5205 exceptum
3147 5145 3200 5191 et
3226 5135 3521 5189 amicorum
3571 5146 3794 5186 numero
3844 5131 4015 5185 ascri-

2434 5242 2585 5301 ptum
2618 5228 2785 5283 fuisse
2828 5239 3075 5284 testatur.

2508 5321 2640 5377 Cum
2673 5321 2931 5377 Basiliam
2992 5319 3240 5375 inviserit
3286 5320 3508 5374 Joviuus
3559 5318 3847 5387 episcopus
3878 5317 4017 5371 Pet-

2434 5416 2543 5468 rbae
2576 5455 2590 5477 ,
2643 5428 2784 5467 anno
2836 5412 2939 5466 575
2971 5451 2985 5477 ,
3038 5410 3195 5480 paulo
3250 5419 3368 5479 post
3423 5410 3676 5473 Pascha,
3735 5408 3967 5477 epistola
4000 5453 4013 5473 ,

2433 5522 2539 5575 qua
2597 5522 2718 5560 eum
2778 5504 3013 5561 Basilius
3068 5513 3222 5574 urget
3258 5512 3314 5557 ut
3352 5505 3417 5556 ad
3466 5520 3525 5559 se
3593 5502 3814 5569 veniat,
3869 5517 4015 5555 anno

2432 5599 2536 5653 37:7.
2590 5610 2860 5664 exeunte,
2933 5605 3026 5653 aut
3090 5596 3308 5654 ineunte
3366 5596 3515 5663 575,
3572 5596 3784 5651 videtur
3842 5596 4013 5652 collos

2432 5693 2622 5747 cauda.

2509 5872 2582 5942 (b)
2605 5873 2735 5930 lbtd.
