4214 6484
1548 445 1707 501 VlTA
1743 444 1799 498 S.
1841 440 2111 496 BASILII.

3344 458 3435 499 ειη

280 570 396 627 γιιι,
418 567 623 625 Basilio
658 571 729 621 ad
764 567 1125 637 episcopatum
1152 565 1537 621 Czesariensem
1568 575 1756 619 evecto
1797 566 1842 619 Δ
1872 563 2108 629 insignes
2137 557 2503 626 injurias,non
2536 568 2642 613 tam
2674 557 2901 612 calidum
2929 558 3070 612 illius
3089 558 3427 613 defensorem

212 664 339 720 dedit
372 660 691 716 Eustathius
733 659 1058 715 Sebastenus
1087 656 1160 725 (ιι)
1197 660 1332 711 duos
1362 671 1429 710 ex
1465 657 1579 709 suis
1607 670 1761 709 asce-

212 756 290 815 tis,
315 753 407 806 sub
435 750 620 815 specie
655 751 843 803 auxilii
892 756 943 801 et
974 747 1159 800 amicae
1206 746 1621 811 communionis,
1680 760 1765 799 re-

211 863 322 897 vera
359 853 413 895 ut
438 843 585 897 ill;us
618 848 866 899 actiones
892 838 1259 894 observarent.
1283 837 1487 891 Horum
1525 840 1766 901 nomina,

210 936 422 990 Basilius
454 949 508 988 et
544 936 917 1004 Snphronius.
953 932 1011 987 lli
1051 936 1346 987 manebant
1374 932 1424 983 in
1454 930 1611 985 domo
1666 932 1770 983 Ba-

210 1028 304 1081 silii
336 1036 385 1079 et
420 1028 719 1081 candidam
758 1026 897 1078 illam
928 1028 1159 1080 animant
1189 1022 1454 1077 simulatis
1489 1024 1769 1078 charitatis

209 1120 537 1173 sermonibus
584 1118 862 1173 ludebant.
893 1118 1131 1172 Primum
1165 1115 1390 1169 Basilius
1418 1116 1485 1169 ob
1518 1117 1765 1169 decoram

210 1210 411 1277 pietatis
458 1210 660 1277 pellem
706 1209 823 1261 vita:
854 1224 961 1263 sua:
997 1204 1303 1277 prazsidium
1335 1219 1454 1259 esse
1481 1204 1705 1258 ducebat
1750 1220 1765 1267 ;

209 1299 419 1354 alterum
452 1300 628 1353 filium
666 1300 899 1368 appellat
929 1302 979 1351 in
1006 1297 1227 1365 epistola
1263 1297 1384 1353 105.
1413 1298 1519 1351 Sed
1555 1306 1611 1349 ut
1648 1296 1769 1348 ficta

208 1395 374 1445 omnia
420 1392 603 1445 serius
659 1394 810 1445 ocius
844 1391 1033 1443 nudari
1073 1390 1270 1455 solent,
1302 1394 1516 1445 tandem
1548 1403 1577 1443 e
1612 1389 1770 1443 domo

208 1478 373 1537 Basilii
408 1497 737 1552 prorupere,
761 1496 924 1549 seque
948 1482 1207 1537 hactenus
1236 1486 1549 1537 immensam
1573 1496 1767 1550 quam-

210 1574 319 1624 dam
348 1571 451 1625 doli
479 1582 535 1625 et
558 1572 876 1627 acerbitatis
926 1574 1229 1639 voraginem
1269 1572 1570 1627 occultasse
1600 1613 1613 1635 ,
1672 1574 1771 1625 hac

209 1662 437 1716 illiberali
471 1663 597 1734 fuga
628 1663 1003 1717 ostenderunt.
1034 1664 1150 1717 Non
1184 1667 1343 1719 audet
1372 1680 1640 1728 exponere
1668 1664 1772 1717 Ba-

208 1753 345 1809 silius
376 1772 512 1825 quas
565 1756 639 1809 ab
693 1758 890 1810 eximio
921 1756 1123 1810 Basilio
1154 1756 1510 1810 contumelias
1545 1772 1763 1823 accepe-

209 1847 273 1899 rit
306 1867 318 1902 :
348 1849 447 1901 sibi
478 1858 667 1901 autem
696 1848 865 1904 allicta
908 1865 936 1903 a
967 1847 1277 1917 Sophronio
1307 1849 1531 1902 crimina
1560 1863 1623 1902 eo
1650 1863 1772 1917 Spe-

209 1948 342 1994 ctare
375 1940 527 2005 dicit,
567 1951 625 1994 ut
680 1941 989 1995 Eustathius
1034 1956 1062 1993 a
1102 1956 1160 1995 se
1208 1940 1564 1995 abalienetur.
1596 1940 1771 1995 Testis

209 2029 299 2084 fuit
324 2030 481 2100 hujus
513 2034 759 2101 perfidia:
811 2041 918 2087 tota
960 2033 1155 2087 civitas
1182 2071 1197 2098 ,
1243 2048 1574 2104 magnusque
1631 2034 1772 2089 risus

209 2124 399 2177 exstitit
443 2140 639 2179 eorum
670 2163 687 2188 ,
718 2126 807 2192 qui
842 2125 980 2192 piam
1010 2126 1171 2179 vitam
1200 2124 1469 2191 oderant,
1517 2142 1614 2179 nec
1658 2126 1769 2195 jam

210 2214 484 2283 quidquam
519 2216 694 2285 magis
740 2228 1045 2287 suspectum
1078 2229 1214 2283 erat,
1248 2233 1408 2287 quam
1457 2219 1577 2272 vita:
1627 2234 1773 2273 asce-

212 2306 317 2359 ticze
343 2306 634 2375 professio.

270 2397 461 2454 Basilio
498 2401 576 2471 (b)
616 2410 822 2455 tantum
850 2402 1087 2455 dolorem
1114 2402 1306 2455 inussit
1336 2416 1545 2467 eorum,
1578 2402 1771 2470 quibus

210 2492 429 2547 maxime
466 2495 707 2557 fidebat,
739 2495 1068 2561 deprehensa
1125 2494 1439 2563 improbitas
1472 2536 1486 2559 ,
1522 2505 1581 2549 ut
1633 2511 1770 2565 pene

209 2595 383 2639 omnes
410 2586 668 2639 homines
700 2584 747 2639 ei
801 2585 853 2637 in
906 2586 1265 2656 suSpicionem
1324 2588 1588 2640 venirent.
1626 2586 1765 2640 Nihil

213 2689 377 2728 tamen
415 2676 482 2730 de
508 2676 797 2730 Eustatbio
828 2688 954 2731 tunc
983 2680 1286 2746 suspicatus
1318 2681 1554 2743 videtur,
1578 2694 1773 2749 quam-

213 2764 281 2817 vis
308 2764 418 2834 ipse
449 2765 573 2821 fons
607 2777 827 2822 essetet
867 2778 1027 2836 caput
1064 2770 1227 2823 totius
1254 2770 1414 2835 mali;
1448 2772 1543 2823 sed
1570 2773 1772 2827 veritus

212 2868 271 2908 ne
298 2855 435 2911 illius
468 2873 498 2910 a
560 2873 618 2912 se
656 2859 891 2911 animum
928 2860 1228 2915 alienarent
1278 2861 1555 2929 discipuli,
1592 2874 1645 2915 et
1706 2864 1774 2917 ad

212 2945 571 3005 defensionem
596 2965 806 3014 eorum,
849 2968 965 3020 quae
998 2954 1237 3021 improbe
1268 2953 1531 3019 fecerant,
1565 2954 1773 3008 calum-

212 3037 317 3093 nias
365 3042 736 3106 adornarent;
792 3044 935 3097 misit
976 3044 1278 3098 Sebastiam
1318 3045 1544 3100 fratrem
1616 3064 1773 3103 suum

213 3128 435 3196 Petrum,
476 3145 543 3187 ut
577 3135 789 3203 singula
830 3146 1075 3189 narraret
1105 3135 1411 3204 Eustathio,
1441 3140 1599 3207 eique
1632 3142 1772 3194 scri—

214 3221 309 3290 psit
361 3223 633 3292 insignem
702 3224 952 3278 omnibus
1005 3224 1289 3279 charitatis
1361 3226 1504 3281 notis
1568 3228 1773 3296 episto-

215 3308 310 3364 lam
340 3352 355 3376 ,
391 3328 594 3383 rogans
653 3323 705 3366 ut
762 3330 856 3382 pro
897 3328 993 3367 sua
1036 3313 1324 3382 prudentia
1377 3317 1577 3386 cogitet
1633 3332 1767 3385 quo-

229 3403 377 3456 modo
423 3404 668 3459 curanda
742 3407 849 3460 sint
908 3421 1025 3474 quae
1077 3408 1318 3476 discipuli
1371 3419 1769 3476 peccaverant,

215 3502 271 3547 ac
322 3494 594 3550 charitate
649 3512 744 3550 sua
806 3506 1068 3565 astringat
1131 3501 1311 3565 potius
1373 3514 1495 3567 qua:
1558 3500 1769 3571 disjun-

214 3593 290 3637 cta
327 3596 503 3657 sunt,
557 3602 718 3657 quam
775 3603 895 3643 cum
953 3590 1055 3644 illis
1111 3591 1178 3644 ad
1226 3590 1504 3645 dissidium
1559 3590 1772 3647 incum-

215 3673 314 3732 bat.

278 3767 564 3825 Existimat
590 3770 964 3829 Tillemontius
988 3775 1121 3831 duos
1147 3776 1265 3834 illos
1292 3788 1529 3847 ascetas,
1577 3782 1770 3835 saltem

217 3872 323 3913 eum
353 3866 440 3931 qui
479 3863 716 3919 Basilius
743 3869 1055 3931 vocabatur,
1090 3880 1243 3937 turpe
1288 3872 1490 3939 aliquid
1521 3883 1575 3926 et
1615 3874 1770 3943 igno-

218 3952 491 4008 miniosum
532 3958 888 4023 commisisse,
933 3970 1217 4029 antequam
1251 3961 1434 4016 Basilii
1463 3964 1622 4017 domo
1676 3980 1773 4017 au-

218 4039 465 4112 fugerent.
498 4045 571 4101 At
608 4062 943 4117 nequaquam
971 4050 1020 4103 id
1048 4051 1317 4120 colligitur
1347 4070 1413 4107 ex
1446 4054 1619 4108 sancti
1669 4055 1774 4108 Ba-

216 4129 305 4184 silii
329 4135 567 4202 querelis
597 4176 612 4201 ,
649 4138 739 4205 qui
768 4138 875 4191 duo
909 4149 1117 4193 tantum
1145 4142 1223 4195 eis
1249 4143 1560 4211 exprobrat,
1589 4143 1772 4215 fugam

218 4222 538 4295 illiberalem,
576 4245 643 4283 ex
694 4246 795 4299 qua
846 4233 1059 4301 patebat
1094 4249 1187 4288 eos
1214 4237 1471 4290 hactenus
1502 4237 1644 4289 vultu
1678 4238 1760 4290 lii-

218 4313 306 4369 lari
344 4336 402 4372 ac
429 4321 701 4373 simulatis
738 4322 1029 4377 dilectionis
1082 4328 1403 4381 sermonibus
1453 4327 1769 4381 immensam

216 4411 481 4473 quamdam
511 4411 619 4463 doli
641 4414 1005 4467 etacerbitatis
1047 4419 1339 4484 uoraginem
1381 4419 1554 4471 animo
1592 4418 1771 4471 occul-

217 4507 354 4563 tasse,
379 4508 439 4552 et
479 4502 839 4555 contumelias
888 4504 989 4556 sibi
1026 4504 1197 4558 factas
1222 4520 1250 4558 a
1283 4506 1503 4572 Basilio,
1541 4510 1767 4563 crimina

1873 652 2058 705 fuisse.
2094 652 2273 716 Quare
2319 651 2590 705 immerito
2640 650 3014 706 Tillemontius
3043 652 3154 707 bazc
3190 650 3436 704 evenisse

1874 755 2027 811 putat
2068 745 2221 797 initio
2262 745 2387 795 anni
2420 744 2555 807 372,
2601 752 2728 798 ante
2752 752 3024 796 strenuam
3062 746 3205 799 illam
3240 744 3433 798 Eusta-

1875 837 1970 890 thii
1992 850 2163 889 causa:
2186 834 2570 897 defensionem,
2608 852 2762 903 quam
2789 836 3016 890 Basilius
3038 852 3215 889 coram
3248 838 3303 891 S.
3326 836 3436 890 Me-

1874 930 2003 983 letio
2052 939 2105 981 et
2158 928 2388 981 Diodoro
2450 929 2765 997 presbytero
2806 932 3061 984 adversus
3103 929 3433 983 Theodotum

1873 1022 2147 1090 suscepit;
2176 1037 2297 1074 cum
2333 1022 2535 1073 diceret
2582 1021 2653 1091 (ε)
2685 1038 2988 1087 persuasum
3026 1022 3123 1075 sibi
3162 1038 3272 1075 esse
3307 1038 3431 1075 con-

1865 1119 2129 1189 jecturam
2159 1114 2371 1181 facienti
2408 1130 2471 1166 ea:
2516 1115 2712 1181 reliqua
2760 1116 2853 1167 viri
2890 1116 3184 1171 constantia
3212 1157 3226 1179 ,
3262 1118 3435 1184 ipsum

1873 1214 2015 1263 haud
2054 1209 2126 1260 ita
2158 1208 2337 1260 leviter
2364 1210 2416 1259 in
2446 1210 2710 1259 contraria
2735 1208 3081 1275 circumferri,
3113 1224 3273 1279 neque
3301 1225 3436 1260 nunc

1872 1302 2079 1367 quidem
2122 1299 2383 1367 conﬁteri,
2414 1314 2548 1350 nunc
2578 1312 2694 1349 vero
2737 1312 2923 1365 negare
2948 1314 3062 1365 quae
3100 1301 3321 1363 dixerit;
3348 1300 3441 1349 lto-

1874 1393 2063 1444 minem
2099 1393 2431 1445 mendacium
2482 1392 2533 1442 in
2577 1390 2727 1442 rebus
2778 1390 3039 1453 minimis,
3093 1404 3142 1441 ut
3191 1393 3439 1445 horribile

1873 1481 2118 1545 quiddam
2144 1522 2157 1539 ,
2208 1491 2529 1535 arersantent
2566 1498 2583 1545 ;
2634 1484 2821 1532 nedum
2862 1482 2913 1532 in
2968 1482 3115 1533 rebus
3157 1484 3287 1533 tanti
3329 1500 3439 1537 mo-

1874 1570 2031 1621 menti
2063 1587 2123 1621 ac
2152 1572 2223 1622 ita
2243 1574 2471 1625 omnium
2503 1573 2646 1641 fama
2678 1571 2950 1626 celebratis
2978 1573 3186 1625 veritati
3212 1589 3435 1642 unquam

1876 1663 2141 1715 adversari
2173 1663 2311 1715 vclit.

2420 1776 2643 1831 CAPUT
2695 1780 2881 1833 XXVI.

1808 1911 1850 1965 Β
1877 1886 1914 1939 1.
1944 1888 2315 1965 Sanctissimus
2356 1893 2620 1961 presbyter
2657 1891 2898 1965 Ca'sdrea
2943 1898 3157 1949 transit.
3192 1895 3292 1948 Per
3323 1914 3439 1950 eum

1949 1961 2053 2031 agit
2098 1960 2323 2012 Basilius
2370 1966 2433 2015 de
2468 1964 2721 2031 legatione
2782 1962 2996 2019 Romam
3036 1970 3306 2021 mittenda.
3372 1966 3433 2019 ΙΙ.

1948 2026 2181 2081 Faustus
2223 2026 2617 2083 ordinatur'ab
2667 2033 2912 2085 Ant/timo
2961 2048 3141 2090 contra
3188 2054 3433 2090 canones.

1949 2099 2029 2151 ΙΙΙ.
2060 2099 2259 2151 Basilio
2290 2103 2527 2153 exsilium
2555 2102 2805 2155 imminet.
2852 2103 2981 2170 Ejus
3004 2108 3184 2160 littera:
3224 2110 3291 2159 ad
3330 2107 3437 2161 Ur-

1950 2170 2139 2221 bicium
2190 2182 2235 2224 et
2284 2170 2629 2225 Theodorum.
2685 2170 2769 2225 IV.
2808 2172 2919 2225 lter
2950 2174 3138 2227 Basilii
3170 2179 3221 2227 in
3253 2178 3436 2231 Arme-

1950 2241 2108 2312 niam.
2164 2241 2226 2291 ν.
2280 2243 2524 2312 Alarbius
2582 2242 2853 2295 calumniis
2904 2247 3096 2312 appetit
3156 2246 3433 2300 Basiliam.

1949 2306 2067 2370 Ipse
2104 2313 2313 2363 lim-esis
2347 2311 2659 2365 Sabellianir
2692 2306 2991 2365 accusatur.
3016 2314 3097 2366 Vl.
3122 2314 3274 2367 Hunc
3302 2316 3438 2369 Νεο-

1949 2378 2305 2430 ca‘saricnsem
2333 2384 2621 2448 episcopum
2664 2384 2824 2451 fuisse
2859 2384 3149 2437 ostenditur

1946 2485 1987 2540 Ι.
2026 2489 2183 2542 Αηηο
2214 2488 2337 2550 575,
2377 2504 2495 2543 cum
2529 2493 2814 2546 vehemens
2858 2510 2919 2547 ac
2957 2496 3108 2563 longa
3140 2498 3311 2551 hiems
3338 2499 3435 2551 ad-

1878 2580 1981 2635 huc
2036 2582 2297 2647 saeviret,
2356 2582 2739 2640 Sanctissimus
2794 2585 3043 2639 Ecclesia:
3094 2588 3438 2643 Antiochena:

1877 2673 2155 2741 presbyter
2201 2673 2426 2727 contulit
2480 2690 2537 2729 se
2581 2676 2643 2727 ad
2700 2676 2759 2729 S.
2790 2675 3056 2731 Meletium
3095 2677 3146 2731 in
3180 2678 3431 2734 Armenia

1878 2762 2238 2819 exsulantem.
2271 2763 2517 2817 Caasarea
2563 2764 2635 2834 (d)
2672 2766 2937 2819 transiens
2980 2783 3099 2821 cum
3145 2770 3340 2827 Basilio
3368 2772 3433 2825 de

1881 2852 2039 2905 rebus
2070 2853 2305 2909 Orientis
2330 2872 2391 2909 ac
2426 2856 2491 2909 de
2524 2856 2869 2925 paciﬁcandis
2909 2859 3162 2913 Ecclesiis
3192 2878 3436 2916 commu-

1880 2946 2098 2999 nicavit.
2132 2948 2322 3001 Allata:
2345 2950 2508 3001 etiam
2542 2950 2744 3003 Basilio
2775 2952 2991 3006 fuerunt
3030 2963 3149 3008 ante
3178 2954 3317 3009 illius
3342 2958 3439 3011 ad-

1881 3046 2092 3091 ventum
2118 3079 2132 3103 ,
2176 3038 2258 3092 vel
2316 3039 2455 3091 forte
2488 3040 2651 3092 etiam
2691 3057 2787 3109 per
2822 3043 2993 3111 ipsum
3026 3044 3436 3099 Sanctissimum

1879 3126 2069 3181 littera:
2092 3127 2149 3181 S.
2176 3128 2391 3183 Eusebii
2426 3130 2851 3198 Samosatensis,
2881 3134 2970 3202 qui
3006 3135 3343 3204 hortabatur,
3377 3147 3435 3193 ut

1880 3217 2070 3271 iterum
2120 3219 2171 3271 in
2204 3218 2552 3275 Occidentem
2601 3224 2663 3277 de
2715 3227 2879 3278 certis
2910 3227 3229 3293 quibusdam
3264 3232 3436 3285 eccle-

1878 3309 2112 3364 siasticis
2137 3310 2297 3365 rebus
2324 3313 2675 3378 scriberetur,
2710 3330 2772 3369 ac
2802 3315 3056 3370 Basiliam
3094 3321 3337 3389 rogabat,
3379 3332 3436 3375 ut

1876 3402 2157 3472 epistolam
2188 3404 2301 3474 ipse
2328 3404 2609 3470 scriberet,
2632 3421 2924 3478 omnesque
2948 3412 3439 3467 communicatores

1876 3492 2293 3546 subscriberent.
2345 3491 2450 3547 Sed
2488 3493 2716 3550 Basilius
2742 3537 2756 3563 ,
2789 3512 2909 3551 cum
2948 3500 3122 3554 minus
3151 3504 3436 3569 reperiret,

1876 3586 2141 3651 quomodo
2178 3586 2260 3639 his
2290 3584 2355 3639 de
2405 3588 2563 3641 rebus
2618 3589 2935 3656 dissereret,
2966 3597 3437 3661 commentarium,

1875 3680 2016 3743 quod
2058 3679 2355 3732 Samosatis
2400 3681 2620 3732 missum
2659 3680 2833 3734 fuerat
2862 3723 2876 3744 ,
2912 3686 3057 3737 misit
3089 3686 3153 3738 ad
3182 3685 3239 3740 S.
3272 3686 3435 3742 Mele-

1879 3772 2033 3832 tium,
2063 3770 2238 3824 oblata
2288 3770 2539 3823 facultate
2576 3770 2910 3827 Sanctissimi
2934 3814 2947 3839 ,
2982 3792 3211 3846 eumque
3260 3790 3430 3849 rogat,

1879 3870 1934 3914 ut
1989 3862 2098 3928 ipse
2131 3862 2211 3916 his
2243 3862 2307 3917 de
2344 3864 2502 3917 rebus
2534 3865 2782 3931 scribat,
2814 3882 3089 3922 assensum
3147 3873 3434 3938 pollicetur

1878 3968 1942 4006 ac
1974 3969 2123 4006 suam
2155 3955 2314 4008 etiam
2369 3971 2587 4025 Operam
2615 3998 2628 4022 ,
2665 3968 2718 4011 ut
2760 3961 3019 4029 scriptum
3052 3964 3115 4014 ad
3141 3966 3437 4018 communi-

1878 4056 2091 4100 catores
2122 4046 2369 4101 celeriter
2399 4048 2725 4117 perferatur,
2762 4052 2833 4103 ita
2882 4061 2939 4103 ut
2984 4053 3028 4105 is
3059 4054 3146 4122 qui
3181 4054 3231 4107 in
3278 4056 3438 4111 Occi-

1878 4140 2087 4191 dentem
2123 4139 2294 4193 iturus
2318 4150 2444 4209 est,
2489 4156 2609 4195 cum
2656 4142 2895 4195 omnium
2950 4146 3437 4216 subscriptionibus

1876 4228 2145 4294 proﬁcisci
2174 4230 2358 4296 possit.

1948 4316 2230 4385 Presbyter
2259 4318 2344 4373 ille
2368 4315 2757 4373 Sanctissimus
2818 4323 2956 4377 idem
3017 4326 3251 4379 studimn
3294 4344 3437 4383 anno

1878 4407 1980 4461 575
2012 4418 2071 4460 et
2115 4408 2244 4471 576,
2272 4410 2321 4461 in
2358 4409 2666 4479 colligendis
2689 4415 3057 4483 episcoporum
3086 4421 3434 4489 subscriptio-

1878 4500 2033 4553 nibus
2050 4501 2315 4565 adhibuit,
2331 4502 2421 4555 sed
2442 4502 2672 4557 feliciorc
2686 4522 2959 4561 successu.
2981 4509 3067 4562 Bis
3085 4513 3221 4565 enim
3242 4514 3436 4567 missus

219 4605 243 4644 a
270 4592 570 4664 Sophronio
600 4591 795 4649 allicta.
826 4594 1048 4649 Occulta
1099 4611 1227 4666 ergo
1249 4606 1365 4651 erat
1395 4599 1606 4653 illorum
1643 4613 1769 4657 ante
1804 4608 1847 4662 ι)
1880 4602 1961 4647 est
2001 4596 2050 4647 in
2081 4592 2427 4649 Occidentem
2460 4612 2578 4649 cum
2613 4596 2967 4652 Orientalium
2999 4602 3211 4668 litteris,
3243 4619 3438 4673 nempe

218 4682 523 4740 illiberalem
549 4684 730 4755 fugam
758 4686 1096 4757 improbitas.

276 4776 385 4833 Non
412 4778 651 4833 dissiluit
689 4778 790 4833 hoc
817 4792 1009 4835 eventu
1041 4782 1299 4837 Basiliam
1332 4782 1473 4837 inter
1498 4791 1552 4837 et
1578 4783 1777 4839 Eusta-

218 4869 370 4924 thium
399 4872 666 4937 amicitia,
697 4873 790 4927 sed
832 4882 1005 4928 tamen
1038 4874 1370 4943 aliquantum
1404 4875 1656 4941 refrixit;
1695 4876 1775 4929 id-

216 4976 305 5030 que
326 4965 585 5035 colligere
612 4977 695 5021 est
726 4981 792 5020 ex
820 4967 1041 5035 epistola
1068 4967 1196 5034 223,
1229 4969 1316 5023 tibi
1344 4968 1592 5033 Basilius,
1626 4978 1776 5038 post-

218 5069 359 5121 quam
390 5068 670 5127 aeceptum
706 5073 773 5113 ex
820 5058 1212 5126 Speculatorum
1248 5059 1467 5128 perfidia
1528 5060 1767 5114 dolorem

215 5148 497 5210 enarravit,
529 5148 643 5201 haec
685 5148 831 5203 addit
867 5166 881 5201 :
919 5147 1021 5202 Sed
1055 5160 1223 5203 tamen
1264 5150 1531 5204 videbatur
1554 5153 1761 5204 interim

216 5240 377 5310 aliqua
413 5241 562 5294 nobis
611 5240 778 5295 inesse
823 5242 1015 5310 species
1051 5243 1442 5296 consuetudinis
1469 5259 1586 5295 cum
1627 5244 1756 5307 illis,

216 5342 350 5402 atque
374 5334 538 5387 etiam
569 5331 945 5399 disputationes
964 5332 1157 5386 habita:
1180 5333 1313 5386 inter
1342 5351 1430 5387 nos
1454 5334 1515 5389 de
1541 5336 1766 5405 dogma-

216 5424 337 5479 tibus
375 5423 533 5478 semel
576 5433 623 5476 et
654 5424 869 5487 iterum,
917 5440 978 5477 ac
1006 5426 1102 5478 visi
1140 5440 1319 5478 sumus
1350 5426 1485 5478 inter
1519 5444 1610 5481 nos
1658 5444 1762 5481 non

212 5532 468 5587 pugnare,
504 5519 595 5573 sed
636 5518 942 5572 consentire.
993 5517 1088 5572 llis
1132 5533 1260 5571 sane
1294 5533 1360 5572 ex
1414 5520 1590 5573 verbis
1619 5527 1766 5589 patet

215 5604 456 5664 Basiliam
488 5618 612 5681 post
660 5621 913 5681 acceptas
944 5626 973 5664 a
1004 5610 1282 5681 discipulis
1327 5610 1595 5667 Eustatbii
1654 5621 1762 5667 tam

273 5763 345 5848 (ει)

297 5840 346 5905 b)
371 5837 508 5892 Ibid.

292 5908 336 5970 ί)
363 5908 459 5972 Ευ.
486 5907 579 5972 99.
621 5925 676 5963 n.
704 5908 774 5971 5.,

1878 4687 2031 4740 annis
2060 4686 2163 4741 376
2194 4697 2245 4741 et
2276 4688 2397 4741 577.
2454 4690 2604 4745 llunc
2656 4690 3031 4746 Tillemontius
3079 4693 3143 4764 (e)
3188 4695 3255 4749 ob
3292 4695 3438 4750 Lati-

1880 4793 2006 4830 num
2035 4792 2225 4838 nomen
2259 4779 2570 4835 Occidentis
2603 4782 2781 4849 potius
2808 4821 2823 4847 ,
2856 4798 3014 4851 quam
3048 4784 3290 4840 Orientis
3318 4803 3438 4855 pre-

1877 4870 2152 4940 sbyterum
2205 4871 2371 4927 fuisse
2430 4874 2738 4942 suspicatur
2794 4893 2805 4928 :
2862 4877 3086 4946 ejusque
3147 4878 3433 4934 adventum

1879 4961 2203 5031 litterarum,
2243 4980 2381 5033 quas
2409 4981 2549 5019 anno
2578 4965 2681 5018 579.
2749 4969 2977 5023 Sabinus
3008 4986 3074 5025 ex
3102 4970 3317 5026 Oriente
3354 4987 3437 5027 re-

1875 5048 2091 5118 tulera't,
2125 5055 2358 5109 fructum
2404 5058 2571 5110 videri
2608 5072 2783 5126 posse.
2829 5061 2899 5114 De
2950 5061 3092 5115 illius
3123 5072 3297 5117 autem
3326 5065 3440 5118 col-

1878 5146 2213 5215 ligendarum
2247 5147 2704 5217 subscriptionum
2742 5153 2918 5207 studio
2968 5152 3173 5207 dubitat
3208 5196 3221 5219 ,
3259 5165 3438 5207 utrmn

1876 5240 1927 5293 id
1961 5256 2055 5293 sua
2086 5250 2277 5310 sponte
2332 5241 2544 5303 fecerit,
2584 5258 2649 5294 an
2689 5245 2923 5312 acceptis
2975 5260 3002 5298 a
3052 5244 3289 5298 Romano
3322 5248 3436 5311 epi-

1874 5346 2038 5401 scopo
2088 5334 2374 5387 mandatis.
2421 5334 2525 5388 Sed
2578 5335 2959 5403 improbabiles
2988 5352 3203 5406 prorsus
3236 5337 3439 5388 doctis-

1878 5426 1996 5479 simi
2030 5427 2128 5479 viri
2154 5426 2499 5493 conjecturae.
2525 5426 2644 5481 Non
2681 5429 2819 5482 enim
2848 5428 3023 5483 Roma
3054 5440 3275 5484 venerat
3302 5428 3436 5481 San-

1872 5518 2180 5579 ctissimus.
2212 5520 2301 5573 sed
2338 5520 2629 5576 Antiochia
2662 5561 2675 5583 ,
2708 5522 2877 5590 eique.
2905 5520 3231 5574 narrandum
3276 5519 3435 5572 relin-

1872 5609 1989 5679 quit
2037 5608 2267 5666 Basilius
2318 5613 2444 5681 quid
2477 5613 2775 5668 Antiochia:
2826 5624 3123 5683 gereretur.
3158 5613 3279 5683 Ejus
3338 5612 3435 5665 vi.e

1943 5770 2023 5912 Ed)
2054 5771 2149 5843 Ep.
2182 5772 2300 5826 1‘20.

1964 5845 2011 5910 e)
2041 5840 2194 5899 Tom.
2223 5842 2291 5899 ιχ

1964 5840 2011 5910 ε)
2041 5840 2194 5899 Tom.
2223 5842 2313 5910 IX,
2341 5856 2394 5913 p.
2423 5842 2547 5899 219.
