4214 6498
733 456 821 497 (ιν
2075 434 2609 492 PROLEGOMENA.

736 566 859 619 finis
887 572 1003 617 erat
1048 559 1313 616 Armenia:
1363 557 1535 620 locus,
1574 557 1660 611 ubi
1692 558 1974 613 exsulabat
2016 556 2260 613 Meletius
2288 600 2302 623 ,
2334 562 2379 619 Α
2419 556 2551 609 inita
2581 558 2647 610 de
2674 571 2731 613 se
2760 555 3055 611 Antiochiae
3083 553 3302 610 consilia
3342 556 3491 611 brevi
3524 556 3588 609 ad
3619 554 3823 609 exitum
3855 573 3979 627 per-

737 670 795 713 ut
821 666 968 728 patet
996 672 1060 710 ex
1098 656 1180 709 his
1207 654 1384 707 verbis
1408 650 1651 719 epistola:
1685 651 1750 703 ad
1783 651 2123 705 Theodotum
2181 650 2255 721 (a)
2289 670 2301 705 ;

738 750 1227 805 Desideratissimus
1296 748 1462 813 frater
1513 751 1692 796 noster
1734 741 2114 797 Sanctissimus
2160 759 2303 794 com-

736 848 1008 919 presbyter
1039 849 1105 900 ad
1140 860 1231 898 vos
1274 858 1435 910 usque
1480 842 1578 892 iter
1600 840 1844 905 suscepit.
1878 836 2013 890 Hinc
2043 840 2130 891 diu
2170 838 2303 905 apud

737 939 1012 995 Meletium
1065 935 1282 991 mansit.
1320 934 1446 987 I'lrat
1492 946 1621 999 ergo
1662 930 1919 985 Ecclesia:
1959 930 2306 983 Antiochense

740 1034 1019 1102 presbyter
1046 1067 1063 1091 ,
1096 1035 1188 1080 aut
1213 1033 1360 1077 certe
1413 1022 1664 1076 Ecclesia:
1706 1018 2019 1082 Orientalis,
2048 1034 2167 1085 qua:
2225 1017 2305 1069 bis

740 1125 887 1179 illum
931 1122 980 1174 in
1014 1118 1360 1174 Occidentem
1414 1113 1580 1168 misit.
1633 1112 1817 1179 Neque
1851 1111 1979 1166 huic
2020 1108 2305 1164 sententia:

739 1217 918 1273 obstat
953 1227 1146 1266 nomen
1182 1209 1430 1263 Latinum
1467 1205 1829 1262 Satirtissiuii.
1867 1204 1999 1258 Nam
2030 1204 2303 1255 interdum

738 1305 997 1376 ejusmodi
1062 1303 1278 1357 nomina
1334 1300 1575 1355 ferebant
1624 1294 1971 1359 Orientales,
2023 1293 2168 1347 velut
2218 1292 2306 1346 ille

742 1398 1009 1452 Sacerdos
1039 1394 1293 1450 Ecclesiae
1328 1388 1679 1448 Caesariensis
1721 1387 2026 1456 presbyter,
2085 1385 2150 1438 de
2200 1399 2306 1451 quo

736 1487 1027 1558 Gregorius
1087 1485 1458 1540 Nazianzenus
1511 1478 1561 1531 in
1614 1477 1854 1546 pluribus
1905 1474 2147 1544 epistolis
2180 1514 2194 1537 ,
2253 1482 2308 1526 et

737 1579 1081 1636 Innocentius
1133 1577 1417 1645 episcopus
1461 1570 1527 1624 ad
1590 1584 1749 1639 quem
1796 1568 1914 1622 dua:
1968 1566 2151 1623 Basilii
2188 1566 2305 1633 epi-

739 1674 907 1730 molae.

810 1766 871 1818 ll.
909 1764 1107 1816 Eadem
1133 1762 1195 1815 de
1225 1775 1281 1813 re
1321 1758 1478 1811 aliam
1506 1755 1690 1810 Basilii
1721 1752 2003 1822 epistolam
2030 1750 2093 1804 ad
2124 1748 2301 1804 Theo-

739 1857 922 1912 dotum
980 1852 1402 1922 Nicopolitanutn
1458 1848 1529 1917 (ὁ)
1591 1847 1809 1915 pertulit
1857 1843 2245 1901 Sanctissimus
2291 1860 2304 1896 :

740 1951 832 2005 sed
864 1950 915 2001 in
944 1948 1205 2000 ambabus
1232 1945 1296 1996 ad
1323 1945 1381 1998 S.
1418 1941 1683 1995 Meletium
1730 1951 1783 1993 et
1821 1937 2158 1993 Theodotum
2192 1935 2307 2002 epi-

740 2040 892 2097 stolis
943 2036 1084 2093 aliud
1132 2036 1307 2104 agitur
1345 2033 1614 2104 negotium
1667 2046 1770 2086 non
1824 2028 1975 2098 parvi
2024 2027 2303 2081 momenti.

739 2134 934 2187 Pacem
965 2134 1105 2182 auuo‘
1128 2127 1234 2179 δη
1267 2133 1641 2190 composuerat
1703 2119 1935 2172 Basilius
1983 2118 2121 2170 inter
2151 2117 2309 2170 Sata-

740 2226 941 2279 lensem
969 2219 1219 2289 populum
1252 2230 1303 2271 et
1330 2214 1639 2283 episcopum
1672 2209 1953 2280 Cyrillum.
1990 2205 2097 2262 Sed
2120 2216 2306 2277 postea

740 2314 1020 2372 recruduit
1052 2311 1264 2373 vulnus,
1296 2318 1349 2362 et
1387 2306 1617 2361 Faustus
1647 2303 1890 2372 quidam,
1922 2301 2013 2369 qui
2048 2309 2305 2355 eratcum

740 2423 902 2479 papa,
932 2406 981 2459 id
1015 2414 1119 2467 est,
1147 2402 1197 2456 in
1239 2401 1398 2456 domo
1429 2397 1571 2453 illius
1597 2396 1697 2450 viri
1746 2395 1827 2450 vel
1871 2394 2117 2447 amicitiae
2145 2403 2307 2445 causa

742 2501 825 2557 vel
850 2500 915 2554 ad
946 2494 1307 2552 ministerium
1332 2491 1545 2563 aliquod
1571 2504 1675 2544 non
1704 2486 1935 2557 ignobile
1970 2482 2305 2543 versabatur,

743 2594 923 2649 attulit
954 2592 1018 2645 ad
1054 2588 1303 2642 Basilium
1339 2586 1543 2637 litteras
1571 2585 1637 2637 ab
1661 2584 1763 2636 hoc
1790 2594 1920 2650 papa
1941 2617 1955 2640 ,
1989 2575 2184 2643 quibus
2220 2588 2307 2628 ro-

741 2687 968 2756 gabatur
1004 2681 1249 2742 Basilius,
1286 2690 1333 2736 ,υ
1370 2675 1630 2730 Faustum
1660 2674 1934 2728 ordinaret
1960 2669 2299 2736 episcopum.

742 2775 967 2846 Negavit
1007 2770 1238 2825 Basilius
1266 2785 1323 2824 se
1372 2768 1663 2839 quidquam
1720 2762 1983 2832 ejusmodi
2032 2758 2303 2814 facturum

744 2870 862 2925 sine
888 2865 1193 2921 testimonio
1219 2860 1481 2915 Theodoti
1526 2867 1581 2910 et
1624 2856 1849 2908 aliorum
1886 2854 2152 2907 Armeniae
2199 2852 2307 2919 epi-

744 2954 1050 3028 scoparum.
1085 2955 1219 3008 Tum
1252 2953 1482 3006 Faustus
1500 2947 1564 3001 ad
1590 2948 1902 2999 Anthimum
1936 2944 2306 3012 'l‘hyaueusem

744 3068 803 3109 se
828 3049 1075 3112 contulit,
1104 3046 1220 3115 qui,
1241 3040 1488 3113 quamvis
1517 3054 1702 3109 pacem
1728 3053 1848 3091 cum
1873 3036 2074 3090 Basilio
2111 3034 2307 3089 dudum

746 3144 989 3207 fecisset,
1030 3149 1205 3193 tamen
1248 3135 1485 3189 oblatam
1513 3131 1797 3200 potestatis
1826 3144 1939 3183 suae
1994 3126 2309 3182 exercendae

744 3231 1089 3290 et'molestia:
1129 3227 1327 3282 Basilio
1361 3224 1678 3280 exhibenda!
1725 3222 2068 3276 occasionem
2104 3233 2206 3272 non
2235 3217 2313 3271 di-

749 3322 916 3385 misit,
947 3334 1011 3374 ac
1061 3317 1319 3372 Faustum
1352 3312 1627 3369 ordinavit
1673 3312 1987 3381 episcopum
2032 3310 2083 3362 in
2138 3308 2311 3361 locum

748 3413 937 3484 Cyrilli
965 3451 979 3473 ,
1011 3425 1115 3464 non
1146 3417 1459 3472 exspectato
1501 3406 1874 3470 episcoporum
1902 3399 2171 3451 Armenia:
2201 3395 2315 3449 suf-

748 3503 919 3572 fragio
948 3541 963 3567 ,
995 3510 1049 3554 et
1096 3496 1280 3551 Basilii
1336 3495 1386 3547 in
1441 3492 1740 3545 canonibus
1769 3486 2125 3543 observandis
2156 3485 2311 3538 irrisa

749 3590 1046 3665 diligentia.
1093 3588 1325 3644 Rediens
1355 3584 1585 3640 Faustus
1625 3582 1817 3636 iterum
1852 3580 2098 3635 Caesarea
2142 3586 2315 3630 trans-

752 3685 835 3749 iit,
866 3681 959 3738 sed
993 3695 1114 3735 eum
1170 3676 1398 3731 Basilius
1438 3674 1501 3727 ad
1532 3670 1965 3729 communionem
1997 3682 2103 3721 non
2144 3667 2311 3720 admi-

755 3774 868 3836 sit,
916 3772 1074 3840 eique
1105 3768 1440 3823 denuntiavit
1472 3779 1530 3821 se
1557 3780 1678 3819 cum
1713 3777 1798 3827 eo,
1831 3760 1932 3816 nisi
1962 3760 2173 3816 litteras
2211 3758 2312 3812 Ar-

755 3862 959 3922 nenias;
972 3862 1348 3931 episcoporum
1378 3857 1568 3913 afferat
1593 3897 1608 3924 ,
1643 3870 1913 3924 nunquam
1943 3852 2313 3908 communica-

755 3966 933 4010 turum
960 3993 977 4020 ,
1014 3967 1077 4006 ac
1114 3965 1239 4005 suos
1272 3950 1554 4004 unanimes
1594 3950 1645 4002 in
1698 3947 1940 4002 eamdem
1992 3944 2315 4001 sententiam

752 4046 1131 4102 adducturum.
1183 4038 1260 4095 Ne
1314 4039 1363 4093 id
1396 4040 1614 4107 quidem
1646 4036 1848 4091 Fausto
1894 4036 2119 4105 ejusque
2154 4034 2316 4089 sociis

752 4134 976 4192 honoris
1012 4128 1472 4200 habuitjﬂasilius,
1498 4135 1555 4179 ut
1582 4127 1661 4179 eis
1692 4124 1922 4193 aliquam
1949 4125 2015 4177 ad
2048 4124 2317 4176 Armeniae

750 4227 1034 4295 episcopos
1073 4218 1352 4290 epistolam
1414 4216 1779 4271 committeret
1823 4229 1838 4266 :
1876 4214 1970 4267 sed
2030 4224 2314 4282 postquam

753 4317 955 4381 abiere,
988 4310 1259 4368 Meletium
1300 4318 1355 4363 et
1378 4307 1716 4363 Theodotum
1751 4304 1915 4359 totius
1947 4302 2024 4357 rei
2055 4303 2317 4358 certiores

754 4406 884 4471 fecit
916 4420 1012 4474 per
1038 4402 1476 4460 Sanctissimum.
1506 4397 1744 4453 Primum
1774 4404 1948 4467 rogat,
1988 4405 2044 4450 ut
2070 4395 2160 4450 det
2190 4410 2317 4465 ope-

749 4513 867 4554 ram
897 4513 964 4553 ne
994 4496 1274 4552 mendacia
1317 4495 1384 4549 ab
1425 4492 1684 4562 ejusmodi
1714 4490 2021 4545 hominibus
2054 4504 2317 4559 spargan-

2415 650 2629 703 ductnm
2666 650 2752 702 iri.
2781 648 2909 700 Rem
2945 649 3129 716 paucis
3165 646 3367 701 indicat
3413 649 3463 702 in
3512 647 3737 718 epistola
3765 646 3830 700 ad
3874 647 3977 705 Meo

2407 740 2590 793 letinut
2628 740 2709 810 (ά)
2754 759 2766 794 ;
2808 753 3027 792 necesse
3080 755 3183 793 non
3214 738 3530 794 existimans
3561 740 3806 809 pluribus
3834 739 3975 792 edis-

2410 846 2613 893 serere,
2647 835 2789 901 quod
2823 830 3216 886 Sanctissiiuus
3260 830 3542 885 Antiochia
3573 846 3767 888 recens
3796 828 3979 901 profe-

2406 933 2529 977 ctus
2556 938 2777 976 narrare
2804 932 3033 993 p0teret,
3060 936 3122 974 ac
3157 922 3294 976 forte
3319 927 3430 991 ipsa
3462 922 3625 975 etiam
3659 924 3802 978 fama
3834 937 3972 976 nun-

2409 1015 2662 1067 tiaverat.
2715 1014 2794 1067 Ad
2830 1016 2967 1067 hanc
3006 1012 3181 1066 exsilii
3217 1015 3679 1082 exspectationem
3740 1016 3977 1084 pertinet

2407 1101 2631 1170 cpistola
2668 1105 2731 1154 ad
2778 1102 3052 1157 Urbicium
3100 1103 3421 1157 monachum
3456 1102 3546 1174 (ε),
3578 1116 3738 1171 quem
3793 1109 3858 1160 ad
3916 1119 3976 1159 se

2408 1204 2692 1248 venturum
2727 1192 2955 1249 Basilius
3012 1208 3362 1265 Speraverat,
3424 1197 3518 1251 sed
3570 1198 3810 1265 peceatis
3863 1198 3976 1254 suis

2408 1284 2685 1355 assignat,
2720 1288 2863 1355 quod
2896 1287 2997 1341 hoc
3026 1286 3287 1340 malorum
3332 1302 3553 1343 suorum
3603 1290 3800 1359 partim
3836 1307 3977 1358 pra:—

2408 1370 2680 1441 sentium,
2698 1379 2892 1447 partim
2929 1381 3354 1451 impendentium
3380 1382 3619 1438 solamen
3648 1396 3750 1437 non
3777 1382 3982 1439 habue-

2409 1468 2500 1523 rit.
2538 1468 2649 1522 llac
2694 1469 2960 1536 prarcipua
2991 1472 3159 1523 utitur
3183 1478 3261 1525 tot
3286 1484 3649 1525 aerumnarum
3680 1471 3971 1536 levatione,

2409 1570 2466 1612 ut
2497 1558 2724 1628 tempori
2759 1560 2937 1620 cedat,
2970 1575 3138 1627 seque
3193 1560 3628 1628 persecutoribus
3673 1563 3977 1626 subducat;

2410 1650 2504 1704 sed
2536 1661 2715 1703 tamen
2754 1661 2906 1717 urget
2940 1650 3214 1705 Urbicium
3262 1663 3313 1705 ut
3353 1652 3567 1707 tandem
3609 1654 3675 1706 ad
3707 1669 3767 1708 se
3797 1655 3982 1709 veniat

2410 1742 2494 1795 vel
2526 1742 2924 1805 conSulaturns,
2958 1745 3037 1795 vel
3075 1743 3358 1798 consilium
3387 1746 3631 1809 daturus,
3655 1745 3737 1797 vel
3770 1747 3985 1813 proﬁci-

2410 1845 2650 1889 scentem
2680 1835 3032 1889 deducturus.
3074 1833 3166 1889 llis
3218 1836 3501 1905 postremis
3544 1836 3722 1891 verbis
3783 1837 3986 1891 indicat

2417 1925 2705 1978 imminens
2731 1926 3015 1989 exsilium,
3040 1940 3103 1979 ac
3126 1940 3391 1980 summam
3417 1926 3482 1980 ab
3516 1927 3706 1980 amicis
3734 1926 3985 1981 solitudi-

2417 2031 2557 2069 nem.
2584 2014 2785 2069 Revera
2819 2016 2885 2067 ab
2909 2017 3025 2085 ejus
3050 2016 3208 2071 domo
3234 2033 3336 2072 non
3396 2020 3466 2072 ita
3518 2018 3725 2088 pridem
3759 2017 3987 2088 aufuge-

2417 2118 2539 2161 rant
2573 2107 2838 2162 Eustathii
2868 2109 3139 2176 discipuli,
3174 2126 3310 2178 quos
3351 2112 3569 2180 pietatis
3600 2112 3781 2181 specie
3826 2112 3988 2167 dece-

2416 2210 2538 2268 ptus
2564 2202 2687 2254 vitae
2718 2215 2825 2253 sua:
2854 2200 3107 2254 solatium
3145 2215 3209 2254 ac
3244 2204 3550 2269 praesidium
3578 2218 3701 2257 esse
3721 2203 3982 2257 ducebat.

2420 2291 2572 2347 Unde
2626 2292 2689 2346 ad
2739 2293 2839 2346 hoc
2873 2302 3081 2361 tempus
3128 2290 3468 2346 referendam
3518 2294 3829 2347 censuimus
3868 2294 3985 2359 epi-

2416 2384 2611 2438 stolam
2664 2388 2729 2438 ad
2762 2383 3101 2439 Theodorum
3125 2427 3139 2449 ,
3166 2398 3325 2453 quem
3362 2392 3512 2454 rogat
3547 2383 3780 2439 Basilius
3830 2384 3901 2453 (Ῑ)
3930 2394 3987 2437 ιιι

2416 2474 2482 2528 ad
2538 2490 2597 2530 se
2660 2478 2874 2542 veniat,
2926 2490 3090 2545 seque
3120 2476 3285 2531 vitam
3341 2476 3607 2544 ingratam
3655 2478 3873 2531 trahere
3915 2476 3986 2531 si-

2416 2566 2631 2637 gniﬁcat
2658 2607 2673 2633 ,
2726 2582 2791 2622 eo
2827 2571 2969 2637 quod
3011 2570 3078 2624 ab
3112 2570 3300 2624 amicis
3350 2568 3649 2638 disjnnctus
3696 2568 3789 2622 sit.
3819 2568 3983 2624 Vide-

2418 2669 2503 2712 tur
2562 2658 2647 2713 ille
2704 2658 3021 2714 Theodorus
3077 2659 3247 2716 fuisse
3284 2661 3578 2714 monachus
3610 2699 3626 2724 ,
3680 2671 3735 2716 et
3780 2662 3832 2715 in
3897 2678 3990 2717 eo—

2416 2750 2539 2807 dem
2599 2752 2926 2806 monasterio
2985 2768 3106 2807 eum
3155 2753 3223 2807 iis
3267 2753 3468 2806 vixisse
3497 2793 3512 2818 ,
3559 2768 3695 2822 quos
3752 2754 3986 2810 Basilius

2418 2842 2561 2898 illius
2621 2844 2819 2899 fratres
2881 2843 3155 2913 appellat,
3219 2858 3560 2914 quorumque
3620 2846 3675 2899 in
3744 2861 3987 2913 conspeo

2416 2945 2505 2990 ctu
2568 2935 2853 3006 imaginem
2910 2936 3079 3005 ipsius
3114 2936 3383 2993 Theodori
3435 2940 3534 2994 sibi
3580 2941 3727 2993 visus
3778 2948 3864 2993 est
3905 2940 3984 2991 iu-

2419 3027 2576 3081 tueri.

2490 3120 2579 3176 IV.
2614 3120 2838 3194 Magnos
2877 3121 3137 3177 tumultus
3168 3124 3218 3177 in
3248 3123 3501 3179 Armenia
3526 3122 3781 3175 excitavit
3801 3120 3989 3177 Fausti

2418 3216 2735 3281 ordinatio,
2785 3215 2877 3269 sed
2929 3224 3106 3268 tamen
3160 3215 3374 3269 videtur
3418 3212 3730 3267 Poemenius
3781 3213 3991 3269 Basilio

2417 3308 2701 3374 scripsisse
2735 3306 3059 3359 laudabilem
3092 3304 3235 3359 illius
3257 3319 3377 3359 esse
3407 3306 3571 3359 vitam
3604 3346 3619 3369 ,
3666 3323 3763 3362 nec
3798 3309 3989 3362 vitium

2414 3394 2776 3449 ordinationis
2802 3395 3125 3451 insanabile.
3152 3395 3315 3451 Forte
3341 3396 3528 3462 etiam,
3579 3408 3636 3453 ut
3659 3414 3781 3454 eum
3819 3415 3982 3469 roga-

2415 3498 2568 3541 verat
2618 3486 2851 3542 Basilins
2879 3529 2894 3551 ,
2930 3487 3064 3543 alios
3102 3490 3374 3547 Armenia:
3403 3492 3682 3562 episcopos
3705 3492 3771 3546 ad
3837 3492 3982 3547 idem

2417 3580 2785 3633 testimonium
2821 3578 3023 3633 Fausto
3056 3579 3397 3636 tribuendum
3423 3583 3665 3636 adduxit.
3703 3582 3851 3637 Unde
3878 3582 3982 3636 Ba-

2416 3672 2570 3725 silius
2616 3670 2719 3724 iter
2753 3670 2807 3723 in
2840 3672 3152 3724 Armeniam
3183 3674 3419 3740 suscepit
3455 3713 3467 3735 ,
3498 3684 3555 3726 ut
3579 3674 3655 3743 (g)
3700 3674 3843 3727 malo
3891 3676 3993 3730 ali-

2414 3763 2539 3831 quid
2570 3761 2791 3816 remedii
2829 3759 3069 3819 ali‘erret.
3096 3762 3396 3817 Plurimum
3425 3764 3501 3833 (Ii)
3532 3765 3789 3819 molestiae
3820 3769 3987 3822 sustio

2416 3855 2538 3910 nuit
2592 3852 2833 3923 Nicopoli
2865 3891 2880 3918 ,
2915 3854 3006 3907 sed
3040 3853 3088 3908 ei
3130 3854 3182 3908 iu
3232 3855 3317 3908 his
3369 3870 3549 3910 rerum
3584 3855 3990 3914 difficultatibus

2416 3946 2659 4002 versanti
2720 3954 3123 4015 perOpportune
3164 3948 3477 4016 supervenit
3511 3947 3740 4004 Jovinns
3765 3948 3990 4007 Perrha:

2417 4038 2723 4107 episcopus,
2761 4036 2818 4091 S.
2856 4036 3068 4092 Eusebii
3098 4036 3504 4094 Santosatensis
3540 4040 3861 4111 discipulus,
3892 4045 3985 4114 qui

2417 4130 2676 4185 Basilium
2704 4130 2905 4185 acriter
2929 4130 3146 4198 quidem
3180 4129 3442 4195 defendit,
3479 4134 3570 4185 sed
3613 4135 3886 4201 praecipue
3918 4136 3985 4189 ad

2421 4237 2687 4276 canonum
2714 4220 3088 4276 defensionem
3130 4220 3389 4273 incubuit.
3414 4221 3640 4276 Basilius
3666 4238 3769 4277 non
3794 4223 3846 4277 id
3871 4225 3991 4291 qui-

2426 4312 2548 4368 dem
2573 4312 2795 4367 omnino
2830 4322 3156 4365 consecutus
3195 4320 3279 4364 est
3302 4312 3445 4380 quod
3468 4312 3567 4365 sibi
3597 4325 3986 4381 proposuerat;

2427 4418 2552 4458 nam
2582 4416 2833 4459 reversus
2866 4401 3187 4468 Ctesarearn,
3221 4400 3305 4455 bis
3334 4416 3454 4470 qua:
3484 4403 3825 4474 contigerant
3852 4404 3988 4459 afﬂi-

2424 4506 2567 4552 ctam
2605 4509 2726 4550 esse
2753 4494 3053 4550 Ecclesiam
3088 4492 3477 4549 Caesariensem
3515 4506 3569 4551 et
3615 4497 3993 4554 consolatione

753 4602 861 4656 tur,
894 4601 948 4647 et
970 4589 1235 4661 quomodo
1264 4600 1350 4641 res
1378 4594 1497 4640 acta
1547 4585 1618 4639 sit
1661 4584 1774 4654 ipse
1806 4583 1928 4638 aliis
1956 4583 2185 4638 nuntiet.
2228 4581 2317 4636 νε-
2348 4620 2392 4676 D
2426 4602 2588 4659 egere
2628 4596 2860 4643 testatur
2887 4587 2941 4641 in
2972 4586 3131 4656 epist.
3162 4584 3283 4653 126,
3313 4587 3407 4641 sed
3434 4597 3610 4642 tamen
3640 4589 3857 4642 videtur
3879 4590 3984 4643 an-

749 4686 907 4741 detur
950 4699 1071 4739 cum
1110 4684 1195 4737 his
1242 4679 1451 4735 duabus
1482 4676 1723 4746 epistolis
1762 4675 2151 4731 Sanctissimus
2207 4684 2318 4732 ter-

752 4774 879 4830 tiam
905 4773 1004 4844 (c),
1030 4787 1149 4843 quae
1171 4779 1265 4827 est
1297 4769 1362 4823 ad
1394 4767 1725 4824 l‘mmeninm
1772 4764 2115 4822 Satalensem
2146 4806 2161 4832 ,
2193 4782 2317 4837 per-

754 4868 957 4925 tulisse.
980 4866 1156 4935 Rogat
1192 4864 1337 4918 illum
1363 4859 1615 4925 Basilius,
1647 4868 1705 4913 ut
1734 4860 1799 4912 ad
1827 4873 1888 4913 se
1915 4859 2117 4913 scribat
2140 4867 2317 4913 utrum

757 4974 846 5015 res
880 4959 1060 5014 sanari
1092 4971 1262 5011 necne
1290 4953 1461 5025 possit
1493 4968 1508 5004 :
1546 4966 1610 5006 ac
1640 4952 1684 5005 si
1716 4951 1878 5006 vitam
1912 4950 2096 5007 Fausti
2128 4950 2320 5005 lauda-

751 5050 915 5106 bilem
949 5049 1203 5118 reperiat,
1229 5047 1429 5101 tribuat
1480 5042 1530 5096 ei
1572 5042 1937 5098 testimonium
1974 5052 2033 5097 et
2059 5041 2196 5099 alios
2252 5043 2320 5098 ad

755 5140 894 5196 idem
957 5136 1262 5193 faciendum
1319 5136 1580 5189 hortetur.
1634 5132 1787 5200 Quod
1859 5133 1904 5187 si
1962 5132 2159 5187 malum
2231 5132 2315 5187 in-

753 5230 989 5288 sanabile
1029 5228 1235 5298 judicet
1269 5265 1283 5291 ,
1324 5226 1374 5279 id
1428 5238 1643 5294 quoque
1686 5225 1753 5279 ad
1808 5239 1865 5279 se
1899 5225 2142 5292 scribat;
2194 5225 2316 5279 nul-

754 5326 861 5379 lam
908 5321 1050 5379 enim
1107 5335 1166 5375 se
1218 5318 1409 5374 Fausti
1467 5317 1717 5387 deinceps
1774 5318 2048 5373 rationem
2101 5317 2318 5373 habitu-

755 5431 898 5472 rum.

822 5506 907 5561 ill.
938 5506 1073 5561 Tum
1103 5520 1222 5560 cum
1253 5506 1366 5561 hac
1415 5501 1675 5565 scriberet
1726 5499 1979 5558 Basilius
2005 5539 2021 5568 ,
2056 5501 2311 5571 sperabat

824 5664 900 5734 (a)
935 5663 1031 5734 Ep.
1058 5662 1180 5734 129,
1211 5661 1340 5734 [με.

825 5730 899 5805 (υ)
927 5730 1019 5805 εις.
1046 5733 1143 5805 ist
1170 5743 1225 5787 et
1249 5732 1337 5797 99,
1375 5748 1426 5787 ιι.
1464 5730 1518 5786 ι.

825 5803 894 5875 (ci
926 5804 1019 5875 Et»
1051 5803 1173 5875 1??-

825 5872 902 5947 (ά)
929 5873 1023 5944 Ep.
1054 5872 1173 5927 ise.

2423 4681 2549 4751 quid
2582 4679 2939 4750 promovisse.
2998 4677 3131 4731 Nam
3184 4685 3239 4732 et
3288 4678 3575 4748 plurimum
3624 4680 3879 4735 utilitatis
3933 4697 3991 4737 se

2420 4772 2728 4843 percepisse
2757 4771 2889 4826 dicit
2923 4785 2987 4825 ex
3015 4768 3195 4824 Jovlni
3242 4770 3512 4837 adventu;
3548 4783 3601 4824 et
3628 4781 3879 4842 acceptas
3913 4774 3992 4828 iu-

2415 4865 2586 4934 jurias
2610 4877 2832 4919 narrare
2848 4862 3012 4917 noluit
3034 4860 3263 4917 Eusebio
3280 4863 3334 4916 in
3357 4863 3515 4932 epist.
3536 4862 3656 4926 127,
3682 4879 3748 4918 ne
3775 4866 3992 4921 videre-

2423 4965 2512 5010 tur
2540 4954 2788 5010 homines
2841 4953 2943 5007 sibi
2975 4953 3182 5009 amicos
3213 4956 3408 5009 animis
3439 4956 3738 5012 immutatis
3790 4958 3987 5025 factos,

2421 5048 2590 5117 culpae
2678 5046 3189 5101 commemoratione
3284 5047 3689 5116 quodammodo
3776 5060 3988 5107 notare.

2430 5138 2563 5194 Sine
2595 5138 2803 5193 ratione
2831 5136 3206 5201 Tillemontius
3228 5140 3508 5194 Atarbium
3561 5140 3646 5195 his
3682 5142 3863 5198 verbis
3909 5143 3992 5198 vel

2429 5230 2764 5287 Theodotum
2846 5231 3115 5298 designari
3184 5240 3351 5301 putat.
3435 5232 3510 5287 De
3577 5233 3805 5290 Atarbio
3867 5250 3990 5289 mox

2427 5322 2726 5377 videbimus
2768 5323 2931 5391 quam
2987 5338 3094 5377 non
3139 5323 3341 5379 amicus
3388 5323 3587 5380 Basilio
3643 5324 3819 5380 factus
3884 5335 3991 5379 tam

2426 5413 2536 5469 cito
2562 5410 2743 5467 fuerit.
2779 5412 2824 5467 A
2885 5411 3159 5469 Theodoto
3196 5424 3373 5469 autem
3427 5416 3557 5471 nihil
3605 5415 3817 5471 molesti
3844 5416 3994 5471 vide.

2430 5511 2517 5556 tur
2567 5502 2814 5557 accidere
2859 5502 3095 5572 potuisse
3148 5501 3366 5569 Basilio,
3406 5519 3527 5560 cum
3587 5514 3813 5575 uterque
3844 5520 3993 5562 eam-

2519 5652 2567 5721 e)
2602 5652 2705 5723 Ep.
2741 5654 2864 5709 125.

2524 5724 2569 5807 fi
2597 5724 2692 5807 ξΡο
2733 5725 2858 5807 ‘3‘;

2501 5792 2579 5933 (9;
2613 5792 2708 5863 Ep.
2750 5794 2873 5850 126.

2503 5862 2557 5933 (It
2610 5862 2707 5933 Ep.
2737 5863 2862 5921 128.

2503 5862 2579 5935 (It)
2610 5862 2707 5933 Ep.
2737 5863 2862 5921 iss.
