4214 6484
1519 447 1679 503 νιτΑ
1722 446 1778 502 8.
1817 447 1895 502 BA
1908 447 2078 503 SILII.

1755 477 1778 502 ι.
1817 447 1895 502 BA
1908 447 2078 503 SILII.
3357 465 3419 508 ttv

203 571 306 625 dem
353 581 569 623 causam
620 566 981 634 defenderet,
1032 584 1092 623 ac
1144 566 1423 635 utriusque
1475 566 1594 633 jura
1660 582 1753 634 pa-
1786 569 1827 626 Α
1859 576 1975 619 erat
2014 565 2193 619 Basilii
2227 566 2675 635 consanguineus,
2711 577 2767 620 ut
2792 565 2975 621 videre
3007 575 3086 621 est
3112 566 3161 619 in
3198 570 3422 637 epistula

200 658 317 715 riter
356 655 583 711 fuissent
610 660 965 713 ordinatione
1008 656 1187 711 Fausti
1227 655 1444 709 violata.
1483 654 1751 709 Praeterea

196 750 446 822 peramice
477 756 623 802 mter
652 763 716 804 se
764 749 991 804 Basilius
1035 759 1089 803 et
1121 746 1428 802 Theodotus
1454 748 1516 801 de
1564 762 1753 816 propo-

198 845 353 898 nenda
409 840 698 895 Eustathio
749 842 870 897 fidei
901 841 1123 896 formula
1176 840 1561 896 deliberarunt.
1594 837 1751 893 Solus

195 950 308 1003 ergo
344 934 639 989 Authimus
672 937 886 1006 culpam
931 932 1278 987 sustinebat:
1321 949 1384 985 ex
1434 947 1497 987 eo
1549 930 1747 983 malum

193 1041 335 1081 omne
354 1039 558 1094 ortum,
589 1038 649 1082 ut
684 1027 910 1098 perspici
940 1035 1117 1095 potest
1148 1042 1211 1080 ex
1242 1025 1607 1093 superioribus
1636 1024 1751 1091 epi~

192 1120 343 1184 stolis,
375 1120 424 1173 in
452 1121 659 1191 quibus
716 1121 830 1186 ejus
870 1120 1057 1188 agendi
1093 1120 1229 1173 ratio
1273 1132 1377 1171 non
1410 1117 1597 1171 leviter
1627 1131 1750 1185 per-

192 1212 479 1274 stringitur.
537 1212 648 1265 Sed
688 1228 807 1266 cum
851 1211 1081 1267 Basilius
1125 1224 1269 1266 esset
1300 1210 1364 1263 ad
1398 1209 1747 1279 deponendas

190 1302 396 1370 injurias
424 1304 885 1371 promptissimus,
910 1307 1015 1358 cito
1040 1306 1088 1359 ei
1109 1304 1349 1373 placatus
1366 1311 1467 1365 est,
1498 1316 1593 1355 nec
1624 1315 1744 1355 eum

190 1394 233 1445 iu
264 1394 355 1445 hac
391 1397 456 1447 ad
498 1393 797 1448 Eusebium
826 1396 1049 1464 epistula
1084 1410 1259 1449 comm
1274 1394 1608 1448 emoratioue
1633 1393 1749 1447 cul-

188 1498 257 1550 pa:
278 1494 462 1536 notare
487 1482 689 1550 voluit,
715 1486 839 1554 quia
864 1486 976 1555 jam
1010 1495 1154 1539 sarta
1182 1493 1297 1540 erat
1340 1484 1480 1541 inler
1500 1499 1593 1539 eos
1623 1500 1746 1555 gra-

187 1576 274 1637 tia,
298 1575 377 1627 vel
401 1574 627 1642 saltem,
669 1577 714 1630 si
753 1578 1129 1632 nonnullorum
1156 1577 1400 1631 codicum
1429 1577 1746 1645 scripturam

186 1665 470 1728 sequimur,
501 1664 623 1731 jam
658 1669 850 1723 sarciri
897 1679 1112 1738 empta;
1151 1669 1266 1723 sive
1316 1667 1613 1737 Nicopolim
1654 1683 1745 1721 ve-

185 1755 314 1807 nerit
338 1772 459 1807 cum
507 1756 721 1813 Basilio
752 1759 1062 1825 Anthimus,
1100 1761 1215 1815 sive
1237 1759 1533 1816 Caesaream
1566 1773 1747 1814 rever-

184 1861 288 1899 sum
336 1847 613 1916 inviserit,
651 1860 745 1903 aut
789 1851 996 1919 aliquos
1047 1866 1113 1905 ex
1152 1852 1270 1905 suis
1322 1851 1549 1903 miserit.
1586 1848 1744 1903 Certe

1856 657 1983 721 2l0,
2015 674 2066 711 ιι.
2098 656 2153 711 4.
2211 657 2279 710 At
2331 658 2548 725 querela
2604 667 2656 710 et
2717 658 3074 726 expostulatio
3134 658 3313 712 Basilii
3368 662 3420 714 in

1854 751 2012 815 epist.
2048 748 2139 811 6|,
2171 749 2314 818 quod
2343 750 2408 801 ad
2441 764 2500 802 se
2539 750 2795 819 majorem
2845 758 2970 802 natu
3014 750 3271 805 Atarbius
3314 768 3420 806 non

1854 844 2000 910 prior
2028 842 2368 911 scripsisset,
2400 855 2772 911 argumentum
2804 851 2887 895 est
2930 842 3311 900 iutercedentis
3340 846 3420 896 in-

1854 942 1937 985 ter
1963 947 2057 986 eos
2092 934 2320 1002 alicujus
2346 932 2782 999 necessitudinis,
2818 933 2887 987 ita
2920 944 2975 987 ut
2999 934 3089 1003 jus
3128 952 3283 990 suum
3321 935 3420 989 Ba-

1851 1025 2004 1078 silius
2042 1040 2147 1079 non
2184 1040 2249 1080 ex
2289 1026 2432 1079 sedis
2469 1025 2748 1093 dignitate,
2788 1026 2905 1091 sed,
2939 1038 2995 1081 ut
3032 1028 3172 1081 inter
3203 1029 3420 1097 propin-

1851 1132 1983 1181 quos
2008 1118 2119 1171 fieri
2148 1119 2306 1178 solet.
2338 1134 2401 1172 ex
2454 1127 2613 1171 aetate
2669 1130 2957 1186 repeteret.
2995 1119 3053 1174 2°
3083 1119 3243 1175 Multa
3284 1123 3414 1177 dicit

1852 1206 2079 1261 Basilius
2116 1210 2250 1261 etin
2290 1209 2388 1261 hac
2451 1207 2675 1278 epistola
2728 1207 2848 1273 120,
2884 1219 2937 1263 et
2983 1210 3034 1263 in
3084 1217 3416 1279 sexagesima

1850 1298 2020 1366 prima
2043 1338 2057 1361 ,
2090 1313 2210 1366 qua:
2241 1296 2602 1353 Neoczesarere
2655 1299 2845 1353 melius
2885 1302 3221 1360 conveniant.
3251 1318 3413 1371 quam

1854 1392 2098 1443 obscura:
2126 1389 2287 1443 alicui
2334 1390 2384 1443 iu
2430 1390 2685 1445 Armenia
2723 1407 2785 1447 ac
2836 1393 2975 1446 forte
3006 1394 3165 1446 etiam
3200 1404 3417 1449 remota:

1851 1483 2078 1536 civitati.
2116 1482 2454 1538 Vicinitatem
2482 1484 2703 1549 indicat,
2732 1486 2855 1539 dum
2890 1487 3171 1540 Atarhium
3211 1497 3412 1549 monet,

1851 1582 2093 1641 utparvo
2121 1572 2309 1627 itinere
2336 1572 2583 1629 confecto
2609 1575 2673 1628 ad
2714 1591 2770 1630 se
2796 1576 2991 1629 veniat.
3028 1576 3117 1630 Sic
3144 1593 3264 1630 eum
3290 1578 3416 1631 hor-

1851 1672 1995 1717 tatur
2026 1667 2077 1717 in
2102 1664 2327 1732 epistola
2353 1666 2412 1719 61
2446 1667 2512 1720 ad
2540 1683 2725 1736 pacem
2756 1667 3121 1723 Ecclesiarum
3154 1671 3332 1722 studio
3362 1677 3416 1723 et

1849 1772 2009 1825 Opera
2061 1774 2157 1813 sua
2202 1759 2601 1824 stabiliendam,
2660 1772 2717 1814 ιιι
2759 1776 2966 1831 magna:
3007 1760 3169 1814 alicui
3209 1761 3412 1817 civitati

1848 1850 2101 1904 videatur
2152 1850 2453 1918 praefuisse.
2486 1850 2725 1905 Conatur
2769 1853 2931 1906 etiam
2976 1869 3041 1907 ex
3084 1852 3198 1920 ejus
3226 1854 3407 1908 animo

183 1950 290 1990 cum
315 1949 469 1995 vocat
492 1944 815 1998 unanimem
845 1958 1003 1997 suum
1031 1940 1263 1995 Basilius
1289 1941 1340 1993 in
1371 1941 1592 2008 epistola
1616 1939 1743 2005 210,
1776 1930 1817 1985 Β
1847 1941 2090 1994 eamdem
2123 1941 2429 2011 opinionem
2462 1942 2711 2007 evellere,
2738 1958 2896 2013 quam
2931 1942 3167 1997 Ponticis
3196 1946 3414 2014 episco-

183 2040 311 2079 anno
339 2029 445 2083 5'75
500 2032 738 2101 scripta.
778 2030 899 2086 Haec
950 2040 1130 2083 autem
1181 2029 1296 2083 sive
1353 2029 1743 2094 reconciliatio,

183 2119 284 2173 sive
312 2124 785 2177 reconciliationis
818 2122 966 2175 initia
1008 2130 1132 2174 ante
1156 2121 1384 2177 reditum
1410 2121 1585 2177 Jovini
1618 2137 1749 2177 con-

184 2209 427 2281 tigerunt.
474 2213 787 2268 Verisimile
820 2222 901 2268 est
926 2214 1068 2267 enim
1103 2211 1373 2278 Jovinum,
1402 2230 1562 2285 quem
1600 2225 1748 2269 tanto

183 2304 347 2356 studio
370 2304 707 2357 invitaverat
736 2303 987 2369 Basilius,
1016 2321 1119 2360 non
1164 2307 1345 2360 statim
1374 2307 1440 2359 ab
1475 2321 1539 2360 eo
1563 2307 1747 2361 diruis-

184 2408 310 2455 sum,
340 2393 435 2447 sed
461 2394 775 2449 Caesaream
802 2397 1109 2463 deductum,
1144 2407 1201 2450 ut
1243 2397 1537 2453 Ecclesium
1564 2399 1712 2453 Caesa
1732 2428 1744 2437 -

184 2484 401 2539 rieasem
442 2485 735 2541 inviseret.
778 2488 825 2543 ls
854 2489 1043 2546 abiens
1073 2489 1256 2544 detulit
1296 2488 1576 2559 epistolam
1622 2488 1741 2554 l27,

184 2590 289 2645 qua:
310 2580 487 2633 estad
523 2579 591 2635 S.
628 2580 942 2636 Eusebium.

246 2666 305 2722 ν.
337 2668 498 2727 Circa
555 2672 701 2726 idem
761 2680 970 2742 tempus
1017 2674 1215 2742 scripta
1272 2672 1500 2741 epistola
1530 2673 1632 2728 1‘26
1680 2676 1744 2727 ad

183 2762 451 2817 starhium
484 2764 833 2835 episcopum,
864 2779 1092 2833 quocum
1130 2780 1186 2817 sc
1233 2762 1463 2819 Basilius
1500 2765 1745 2837 Nic0poli

184 2870 619 2928 congressurum.
654 2868 705 2912 et
737 2858 801 2911 de
859 2857 1017 2910 rebus
1073 2857 1251 2926 magni
1298 2862 1554 2916 momenti
1598 2874 1749 2914 aetu-

185 2964 289 3003 rum
313 2952 601 3018 sperabat.
634 2948 885 3002 Audierat
916 2948 1056 3003 enim
1076 2949 1355 3005 Atarbium
1391 2967 1452 3006 ea
1485 2954 1532 3005 in
1574 2956 1743 3007 media

186 3040 394 3098 ecclesia
436 3055 637 3093 ausum
669 3052 789 3092 esse
833 3053 949 3106 qttze
996 3043 1257 3095 hactenus
1298 3040 1535 3095 inaudita
1568 3056 1742 3108 erant,

188 3132 232 3186 id
254 3144 348 3199 est,
376 3142 434 3186 ut
466 3148 545 3187 ex
582 3131 665 3185 his
693 3147 811 3201 quae
856 3142 1153 3202 sequuntur
1223 3134 1558 3204 intelligitur,
1593 3135 1747 3189 Basi-

187 3223 300 3278 lium
324 3224 669 3294 gravissimis
683 3226 1019 3281 contumeliis
1041 3236 1092 3279 et
1115 3224 1374 3280 conviciis
1421 3227 1746 3295 exagitasse.

186 3316 345 3385 Atque
371 3321 487 3374 hac
520 3319 740 3388 quidem
770 3320 867 3374 etsi
910 3318 1090 3388 gravia
1117 3327 1171 3371 et
1206 3318 1428 3373 molesta
1454 3330 1628 3383 erant,
1675 3333 1750 3377 to-

187 3407 412 3465 lerabilia
465 3421 653 3465 tamen
708 3411 1052 3476 videbantur,
1122 3420 1306 3479 utpote
1364 3413 1416 3467 in
1473 3413 1747 3469 hominem

189 3513 344 3572 gesta,
381 3518 627 3574 eumque
657 3520 685 3558 a
721 3505 958 3559 vindicta
1004 3505 1265 3571 alienum,
1301 3522 1399 3561 nec
1450 3510 1746 3576 quidquam

190 3596 347 3663 mgis
371 3604 736 3658 metuentem,
771 3609 929 3663 quam
968 3610 1034 3648 ne
1062 3594 1215 3664 culpa
1249 3610 1342 3648 sua
1372 3596 1573 3663 aliquid
1600 3598 1747 3651 noxii

193 3686 371 3753 pupqu
406 3686 509 3739 Dei
560 3685 793 3737 eveniat.
829 3684 897 3736 At
953 3685 1156 3739 doloris
1203 3684 1449 3741 stimulus
1508 3688 1750 3743 acriores

194 3777 448 3839 admovit,
484 3777 629 3844 quod
680 3775 746 3828 ad
798 3787 917 3828 emn
955 3775 1171 3843 quidam
1208 3776 1506 3832 honorandi
1552 3794 1615 3834 ac
1650 3778 1753 3835 fide

193 3868 485 3939 dignissimi
542 3867 737 3923 fratres
781 3869 1110 3933 detulerant,
1144 3872 1425 3926 Atarbium
1486 3874 1754 3928 novitates

200 3958 247 4013 iu
276 3960 437 4017 fidem
471 3961 747 4025 inducere,
782 3968 835 4014 et
870 3976 1013 4015 sana:
1055 3960 1175 4015 fidei
1229 3964 1522 4026 contraria,
1559 3978 1621 4017 ac
1650 3963 1751 4017 Sa-

193 4049 432 4109 bellianze
468 4053 695 4108 haeresis
729 4052 905 4105 alliuia
947 4056 1160 4107 docere.
1193 4051 1285 4108 His
1323 4054 1387 4108 de
1423 4055 1582 4109 rebus
1631 4070 1750 4108 cum

193 4141 404 4200 Atarbio
433 4142 667 4212 colloqui
698 4141 1036 4205 volebat,sed
1063 4158 1159 4197 suo
1191 4142 1489 4215 Nic0polim
1520 4147 1751 4201 adventu

195 4230 361 4287 didicit
410 4249 538 4288 eum
579 4246 788 4287 summa
822 4231 1095 4286 celeritate
1126 4236 1445 4290 excessisse.
1480 4235 1752 4292 Permole-

196 4334 320 4380 stum
351 4327 408 4381 id
463 4326 662 4381 Basilio
714 4330 1036 4389 accidit,ac
1068 4327 1156 4381 ubi
1211 4325 1511 4383 Caesaream
1562 4332 1740 4395 rediit,

197 4418 401 4489 scripsit
426 4419 650 4473 Atarbio
700 4421 984 4487 epistolam
1040 4418 1162 4484 I26,
1193 4434 1425 4487 eumque
1464 4431 1665 4482 monet.
1698 4433 1754 4476 ut

198 4509 399 4565 modico
446 4510 643 4564 itinere
690 4508 943 4563 confecto
990 4511 1054 4564 ad
1081 4526 1139 4563 se
1187 4511 1387 4574 veniat,
1416 4525 1478 4565 ac
1508 4511 1660 4580 plene
1691 4514 1757 4567 de

197 4598 271 4654 his
297 4602 462 4655 rebus
483 4600 849 4665 satisfaciens,
870 4613 921 4653 et
948 4616 1005 4654 se
1030 4613 1080 4655 et
1112 4601 1379 4655 Ecclesias
1406 4613 1515 4657 tum
1551 4605 1612 4659 iis
1637 4621 1754 4673 qua:
1789 4622 1830 4676 ί)

210 4701 315 4747 acta
350 4689 590 4756 fuerant,
624 4702 736 4746 tum
792 4692 855 4746 iis
890 4708 1009 4762 quae
1049 4696 1117 4749 ab
1151 4695 1374 4748 Atarbio
1422 4697 1565 4753 dicta
1614 4698 1752 4753 fere-

200 4782 406 4848 bantur,
438 4782 670 4839 afllictas
695 4784 1027 4840 consoletur.

259 4873 344 4929 Ἥ.
377 4874 658 4929 Atarbium
684 4875 738 4929 in
756 4878 1005 4931 Armenia
1030 4877 1339 4950 episcopum
1373 4881 1535 4935 fuisse
1565 4884 1751 4938 existi-

200 4976 296 5020 mat
324 4964 737 5029 Tillemontius;
776 4982 895 5034 quae
930 4970 1145 5038 quidem
1192 4973 1377 5040 Opinio
1415 4973 1583 5043 ptitna
1629 4988 1724 5043 spe

200 5057 271 5111 cie
301 5058 589 5113 admodum
621 5058 930 5129 probabilis.
969 5060 1016 5116 Is
1048 5063 1187 5116 enim
1228 5062 1523 5131 Nic0po|ini
1561 5067 1623 5117 ad
1659 5080 1746 5135 sy-

200 5154 385 5205 nodum
409 5151 523 5207 sive
552 5152 617 5205 ad
635 5162 959 5207 conventum
992 5157 1156 5217 venit,
1185 5156 1338 5223 eique
1372 5155 1598 5209 Basilius
1628 5173 1755 5208 ven-

204 5249 371 5295 turum
398 5258 457 5297 se
490 5241 542 5296 in
573 5256 882 5297 sermonem
944 5242 1183 5314 Nicepuli
1228 5246 1495 5314 sperabat.
1529 5247 1631 5300 Sed
1676 5258 1752 5299 ta-

203 5344 313 5386 nieu
342 5332 541 5401 legitur
575 5333 629 5385 in
664 5333 870 5389 duobus
925 5337 1314 5403 antiquissimis
1343 5336 1613 5391 codicibus
1644 5339 1751 5391 Me-

202 5423 359 5477 diczo
382 5435 436 5478 ct
468 5422 817 5492 Coisliuiano,
836 5426 1107 5499 Ἀθαρϐίῳ
1137 5430 1581 5501 Νεοκαισαρείας,
1604 5430 1756 5484 Atar-

203 5516 275 5569 bio
302 5513 688 5573 Neocmsarea’.
740 5517 899 5575 Multa
931 5534 1059 5575 sane
1080 5533 1410 5577 concurrunt
1444 5523 1581 5578 hanc
1616 5525 1755 5579 scri—

202 5617 397 5675 pturam
436 5610 838 5667 confirmantia.
882 5614 934 5668 1ο
973 5614 1418 5674 Neocznsariensis
1462 5618 1750 5689 episcopus

263 5831 333 5965 ἔτι)
376 5831 476 5900 Ep.
508 5830 640 5891 207,
674 5847 727 5885 η.
762 5834 810 5885 1.

285 5904 330 5965 Ιι)
362 5902 460 5965 Ep.
492 5898 627 5961 904,
662 5915 714 5951 ιι.
745 5899 769 5952 1

285 5904 330 5966 h)
362 5898 460 5969 Ep.
492 5898 627 5961 204,
662 5915 714 5951 ιι.
745 5899 769 5952 1

1848 2032 1927 2099 pis
1952 2032 2183 2088 illusisse
2216 2032 2573 2101 perspicimus
2610 2049 2670 2088 ex
2706 2034 2923 2104 epistola
2949 2035 3076 2099 205,
3100 2054 3151 2090 ιι.
3182 2037 3230 2100 1,
3274 2048 3331 2092 ιιι
3358 2054 3416 2094 se

1848 2121 2079 2188 regionis
2110 2121 2213 2174 situ
2248 2125 2314 2175 ab
2366 2123 2628 2175 hmreticis
2671 2124 2919 2191 procellis
2966 2135 3129 2187 tutus,
3185 2126 3410 2181 aliorum

1846 2213 2225 2268 communione
2245 2216 2528 2269 crederent
2554 2230 2660 2268 non
2687 2216 2946 2286 indigere.
2966 2217 3024 2270 5ο
3041 2216 3107 2271 Ut
3136 2218 3412 2271 Atarbium

1846 2302 1899 2354 in
1935 2302 2034 2355 hac
2065 2302 2313 2370 epistola,
2343 2303 2416 2356 ita
2446 2304 2496 2356 in
2529 2304 2698 2357 tribus
2734 2305 2873 2369 aliis,
2908 2322 3098 2375 nempe
3124 2307 3252 2375 204,
3287 2306 3409 2368 207,

1844 2390 1969 2456 2f0,
1997 2389 2478 2445 Neocaesariensem
2504 2394 2813 2461 episcopum
2840 2393 3158 2449 Sabellianze
3194 2397 3415 2452 haeresis

1846 2484 2063 2537 nomine
2093 2482 2325 2539 Basilius
2366 2494 2607 2539 accusat.
2631 2486 2685 2539 4ο
2715 2486 2844 2541 Tota
2875 2486 3079 2541 Atarbii
3105 2490 3294 2560 agendi
3324 2505 3413 2543 ra-

1849 2572 1921 2627 tio
1949 2573 2439 2630 Neocmsariensem
2482 2576 2789 2645 episcopum
2816 2580 3034 2631 omnino
3060 2578 3279 2634 redolet.
3313 2578 3417 2633 Ba-

1847 2663 1997 2720 silius
2041 2667 2295 2735 episcopo
2352 2665 2773 2722 Neocaesariensi
2822 2668 2873 2721 in
2923 2669 3163 2737 epistolis
3211 2670 3316 2727 204
3362 2680 3417 2727 et

1847 2757 1984 2822 207;
2010 2758 2149 2811 idem
2176 2772 2237 2811 ac
2284 2757 2506 2812 Atarbio
2549 2758 2599 2811 in
2646 2758 2747 2813 hac
2783 2758 2883 2813 126
2925 2761 3237 2829 exprobrat,
3270 2763 3413 2831 quod

1849 2866 2000 2903 suum
2046 2847 2216 2919 fugiat
2244 2864 2613 2920 congressum.
2658 2851 2912 2905 Atarbius
2940 2852 3113 2906 media
3148 2854 3199 2907 in
3241 2852 3415 2908 eccle-

1849 2940 1927 2992 sia
1958 2939 2209 2994 Basilium
2242 2942 2572 3010 gravissimis
2617 2944 2958 2998 eoatumeliis
2990 2945 3238 2999 vexabat.
3278 2943 3411 2999 Eum

1850 3027 2305 3088 Neoczesariensis
2355 3034 2637 3103 episcopus
2680 3034 2757 3105 (a)
2790 3035 2840 3087 in
2884 3034 3237 3089 concionibus
3266 3035 3415 3089 omni

1851 3121 2259 3177 maledictorum
2293 3140 2486 3194 genere
2520 3126 2813 3190 lacerabat,
2852 3136 2903 3180 et
2928 3127 3140 3181 somnia
3171 3125 3416 3195 quaedam

1853 3213 1955 3267 sibi
1986 3214 2243 3269 divinitus
2277 3216 2453 3269 oblata
2484 3216 2739 3284 fingebat,
2771 3227 2827 3270 ut
2854 3217 3110 3271 Basiliam
3144 3218 3195 3270 in
3245 3219 3419 3288 suspi-

1850 3310 2059 3361 cionem
2100 3322 2275 3376 pravae
2320 3308 2580 3361 doctrinae
2612 3318 2848 3363 vocaret.
2877 3308 2969 3361 His
3006 3310 3203 3363 addere
3230 3324 3416 3379 possu-

1852 3414 1971 3454 mus
1995 3414 2113 3467 qua:
2138 3414 2165 3451 a
2190 3397 2387 3454 Basilio
2433 3398 2958 3457 Neocaesariensibus
2979 3416 3274 3472 eorumque
3293 3402 3415 3458 duci

1851 3488 2242 3557 exprobrantur
2274 3490 2372 3559 (ὁ),
2402 3491 2710 3546 diuturnum
2758 3493 3029 3546 silentium
3061 3501 3115 3547 et
3160 3494 3418 3563 producta

1852 3595 1947 3650 per
1974 3589 2141 3637 totam
2196 3584 2428 3638 hominis
2464 3585 2622 3637 vitam
2677 3585 2822 3639 odia.
2878 3584 3003 3640 Ilaac
3052 3586 3251 3654 optime
3286 3601 3417 3641 con-

1854 3688 2054 3746 gruunt
2078 3676 2322 3744 Atarbio,
2354 3678 2441 3745 qui
2485 3678 2676 3735 litteris
2711 3680 3121 3750 perhonoriilcis
3157 3696 3187 3734 a
3219 3680 3419 3737 Basilio

1857 3784 2183 3840 provocatus
2214 3772 2284 3843 (r)
2316 3788 2421 3827 non
2467 3776 2623 3829 modo
2655 3792 2758 3830 non
2801 3775 3091 3843 respondit,
3122 3775 3214 3829 sed
3252 3778 3416 3830 etiam

1854 3876 2068 3916 omnem
2102 3861 2151 3915 in
2194 3861 2448 3916 Basilium
2500 3866 2846 3919 acerbitatem
2871 3863 3076 3917 effudit.
3111 3862 3204 3919 His
3247 3865 3419 3921 ratio-

1856 3968 1981 4007 num
2016 3953 2325 4017 momentis.
2363 3957 2853 4012 vetustissimorum
2898 3957 3142 4012 codicum
3182 3959 3419 4012 auctori-

1856 4053 1966 4100 tate
2020 4044 2327 4115 conjunctis
2387 4048 2645 4113 adducor,
2681 4063 2739 4101 ut
2787 4050 3068 4105 Atarhium
3112 4050 3421 4122 episcopum

1856 4136 2345 4195 Neocaesariensem
2376 4139 2539 4197 fuisse
2566 4139 2891 4195 existimem.

2397 4228 2623 4285 CAPUT
2649 4231 2863 4287 XXVII.

1860 4318 1901 4372 Ι.
1952 4318 2221 4376 Formati:
2250 4338 2281 4373 a
2322 4320 2381 4376 S.
2412 4320 2608 4377 Basilio
2626 4326 2905 4393 proposita?
2923 4324 3201 4377 subscribit
3228 4323 3421 4379 Eusta-

1934 4394 2092 4460 thius,
2118 4394 2206 4445 sed
2238 4392 2395 4459 paulo
2422 4405 2532 4456 post
2557 4396 2731 4447 omnia
2761 4403 3043 4460 perturbat.
3073 4393 3136 4447 Il.
3167 4392 3223 4448 S.
3252 4394 3424 4447 Eure-

1933 4464 2047 4515 bius
2076 4471 2363 4515 nascentem
2380 4462 2699 4517 discordiam
2724 4465 2903 4516 sedare
2919 4475 3159 4516 conatur.
3185 4462 3267 4516 III.
3313 4464 3423 4518 Eu-

1935 4533 2155 4585 stathius
2183 4549 2237 4602 ra
2284 4531 2473 4586 Basilii
2513 4533 2870 4602 communione
2922 4533 3160 4597 discedit,
3206 4550 3423 4602 eumque

1933 4604 2131 4669 famoso
2173 4601 2343 4654 libello
2390 4604 2607 4655 lacerat.
2666 4601 2751 4656 IV.
2787 4601 2912 4657 Tres
2955 4619 3014 4656 ea
3053 4602 3116 4657 de
3141 4620 3193 4657 re
3233 4603 3423 4657 Basilii

1934 4674 2143 4726 litterte.
2197 4676 2312 4735 Quo
2367 4675 2491 4726 anni
2544 4682 2769 4738 tempore
2811 4674 2921 4727 Itazc
2969 4684 3087 4725 acta
3135 4684 3183 4726 et
3229 4688 3425 4738 scripta

1934 4753 2070 4795 sunt.
2094 4740 2155 4794 V.
2174 4740 2405 4795 Basilius
2435 4746 2659 4795 nondum
2678 4744 2805 4794 liber
2822 4745 2885 4795 ab
2908 4744 3080 4812 exsilii
3099 4744 3271 4812 anuis.
3297 4744 3425 4812 Ejus

1933 4813 2187 4864 sententia
2208 4814 2268 4864 de
2287 4813 2467 4881 legatis
2492 4814 2707 4865 Romam
2724 4814 3005 4865 mittendis.
3044 4809 3231 4866 Scribit
3260 4809 3428 4867 Abra-

1934 4882 2038 4933 mio
2069 4898 2158 4949 per
2190 4882 2592 4937 Sanctissimum
2623 4882 3037 4951 epistolani152.

1927 4974 1968 5030 Ι.
2012 4972 2441 5043 Nicopolitauum
2485 4974 2589 5029 iter
2633 4975 2842 5028 initium
2894 4975 3040 5029 dedit
3084 4975 3203 5029 aliis
3241 4973 3423 5039 rebus,

1861 5080 1979 5131 qua:
2015 5067 2068 5120 in
2104 5066 2223 5120 Vita
2249 5067 2306 5120 S.
2344 5066 2525 5121 Basilii
2561 5076 2772 5120 exstant
2806 5079 2860 5121 et
2898 5066 3136 5121 emineat
3167 5066 3421 5120 maxime.

1863 5157 1985 5211 I’osl
2006 5157 2386 5229 discipulorum
2410 5158 2675 5213 Eustathii
2700 5158 2928 5221 facinus,
2951 5158 3089 5227 quod
3112 5172 3270 5227 supra
3294 5173 3429 5211 nar-

1864 5253 2123 5316 ravimus,
2156 5251 2372 5307 refrixit
2397 5252 2725 5321 aliquantum
2775 5249 3031 5305 Basilium
3061 5250 3201 5305 inter
3232 5260 3286 5303 et
3322 5250 3426 5303 Eu-

1864 5343 2124 5398 stathiqu
2180 5344 2441 5411 amicitia,
2477 5346 2570 5399 sed
2613 5355 2789 5397 tamen
2843 5342 3079 5412 speciem
3134 5341 3423 5411 quamdam

1865 5436 2004 5489 inter
2033 5450 2089 5488 se
2122 5437 2525 5489 censuetudinis
2560 5434 2893 5501 retinebant,
2924 5450 2986 5490 ac
3031 5432 3197 5489 semel
3228 5442 3281 5489 et
3323 5434 3428 5489 ite-

1867 5543 1982 5581 rum
2029 5526 2101 5580 iIa
2149 5528 2214 5583 de
2267 5530 2604 5600 dogmatibus
2639 5527 2890 5583 collocuti
2930 5536 3078 5591 sunt,
3116 5534 3173 5581 ut
3198 5526 3339 5581 inter
3369 5542 3431 5581 se

1867 5619 2172 5674 consentire
2230 5621 2556 5675 viderentur.
2594 5619 2705 5675 Duo
2758 5629 2937 5675 autem
2967 5618 3039 5673 illi
3094 5618 3158 5672 de
3208 5617 3432 5687 dogma-

1938 5833 2007 5899 (c)
2039 5831 2133 5900 Ep.
2164 5832 2249 5884 61.
