4214 6490
800 434 885 475 ενι
2142 426 2680 485 PROLEGOMENA.‘

805 535 943 589 tibus
977 546 1299 603 congressus
1340 532 1384 587 si
1412 544 1529 602 post
1571 538 1926 604 proditionem
1966 540 2132 596 habiti
2165 542 2350 602 fuere.
2390 550 2430 602 Β
2464 550 2660 613 partim
2689 558 3053 613 accurrerent,
3086 548 3304 617 scripsit
3335 548 3401 601 ad
3436 547 3775 604 Eustathium
3802 552 4033 622 ejusqm

803 636 1023 675 necesse
1083 632 1164 675 est
1222 633 1278 674 ut
1343 624 1582 677 dicamus
1637 626 1890 679 Basilium
1942 641 2156 684 euntem
2203 633 2359 687 Nico-

803 714 965 779 pullm
1025 728 1086 766 ac
1153 714 1463 768 redeuntem
1516 733 1637 770 cum
1694 717 1977 775 Eustathio
2043 725 2361 781 collocutum

800 820 936 857 €558.

868 894 997 949 Illud
1025 906 1203 951 autem
1232 909 1381 951 certo
1412 910 1623 957 constat
1651 900 1905 959 Basilium
1936 906 2037 962 hoc
2059 924 2201 962 anno
2238 928 2358 978 per-

800 986 1012 1047 fecisse.
1063 990 1200 1056 quod
1256 991 1503 1059 proxime
1540 994 1723 1060 elapso
1772 1000 2059 1052 morositas
2097 1000 2359 1055 Theodoti

798 1078 1251 1145 interpellaverat,
1298 1090 1351 1134 ut
1405 1098 1529 1136 cum
1583 1083 1859 1141 Theodoto
1906 1091 1970 1143 de
2020 1096 2357 1159 prouonenda

797 1168 1082 1226 Eustathio
1134 1172 1253 1226 fidei
1311 1174 1538 1229 formula
1594 1177 1916 1234 deliberaret
1957 1182 2052 1250 (a).
2100 1184 2361 1251 Sperabat

794 1262 934 1316 enim
971 1279 1027 1317 se
1081 1268 1187 1319 duo
1233 1283 1333 1319 una
1385 1277 1435 1320 et
1484 1272 1669 1323 eadem
1721 1286 1880 1338 Opera
1926 1274 2285 1337 lueratnrum,
2314 1280 2357 1332 si

797 1353 1110 1409 Eustathius
1133 1360 1498 1425 comprobatae
1529 1362 1628 1427 ipsi
1664 1361 1937 1416 Theodoto
1965 1364 2205 1421 formula:
2236 1370 2360 1422 sub-

795 1444 1091 1509 scriberet;
1127 1461 1185 1501 se
1219 1449 1283 1501 ab
1326 1448 1667 1503 inimicorum
1711 1452 2015 1517 calumniis,
2053 1455 2219 1522 ipsum
2249 1458 2355 1511 Eu-

792 1535 1047 1588 slathium
1076 1552 1103 1589 a
1134 1537 1393 1592 Theodoti
1433 1542 1667 1609 querelis
1706 1551 1759 1596 et
1796 1544 2195 1611 suspicionibus
2222 1547 2357 1602 libe-

792 1642 907 1679 rum
936 1638 989 1682 et
1014 1629 1241 1683 solutum
1269 1630 1404 1687 fore.
1434 1632 1548 1698 Ipse
1572 1634 1711 1687 enim
1743 1634 1977 1689 Basilius
2002 1638 2226 1692 multum
2260 1656 2355 1709 po-

792 1717 869 1768 nit
914 1715 1242 1772 discriminis
1279 1720 1421 1775 inter
1455 1721 1788 1777 Theodotum
1818 1727 1912 1796 (b),
1946 1728 2034 1794 qui
2075 1730 2187 1783 solo
2228 1731 2352 1787 ﬁdei

795 1810 977 1863 studio
1012 1810 1345 1877 movebatur,
1379 1824 1431 1869 et
1455 1816 1695 1871 inimicos
1721 1833 1783 1872 ac
1804 1821 2189 1878 obtrectatores
2206 1840 2349 1889 suos,

789 1912 1013 1963 quorum
1039 1902 1311 1969 perpetuis
1341 1902 1627 1958 calumniis
1675 1908 1954 1963 materiam
2007 1912 2169 1966 dabat
2222 1930 2349 1968 con-

782 1989 990 2057 junctio
1016 2006 1136 2045 cum
1170 1992 1465 2047 Eustathio.
1502 1994 1839 2065 Purgaverat
1873 2015 1932 2053 se
1970 2003 2139 2055 semel
2169 2012 2221 2057 et
2251 2005 2349 2060 ite-

790 2097 905 2134 rum
948 2081 1174 2139 Basilius
1210 2100 1222 2135 :
1260 2086 1373 2151 sed,
1407 2102 1526 2141 cum
1557 2089 1686 2142 nihil
1735 2092 2111 2159 promovisset,
2168 2106 2350 2159 postu-

786 2171 915 2224 lanti
954 2172 1248 2238 Theodoto,
1302 2185 1356 2228 ut
1390 2175 1508 2230 fidei
1551 2176 1777 2231 formula
1815 2178 2098 2235 Eustathio
2152 2199 2345 2255 propo-

790 2272 1030 2330 neretur,
1062 2265 1286 2319 libenter
1314 2270 1521 2321 annuit.
1556 2269 1765 2338 Scripta
1793 2286 1919 2340 ergo
1947 2273 2079 2329 ﬁdes
2108 2275 2345 2347 Nicopoli

784 2353 1069 2421 conjuncte
1098 2370 1219 2410 cum
1252 2358 1556 2423 Theodoto,
1592 2375 1653 2413 ac
1684 2360 1825 2415 forte
1864 2364 2028 2417 etiam
2065 2382 2183 2421 cum
2224 2370 2346 2425 aliis

783 2447 1069 2515 episcopis.
1104 2448 1254 2501 Hanc
1288 2450 1429 2501 enim
1479 2452 1786 2520 synodicant
1814 2456 2043 2527 appellat
2074 2457 2341 2517 Leontius.

786 2535 1129 2591 Perferenda:
1162 2539 1517 2595 ministerium
1548 2544 1783 2612 suscepit
1821 2543 2050 2603 Basilius
2084 2552 2151 2619 (ε)
2179 2569 2192 2604 :
2222 2552 2347 2607 sub-

783 2628 997 2697 scripsit
1027 2628 1341 2687 Eustathius
1367 2648 1486 2687 eunt
1542 2633 1814 2692 Frontone
1842 2647 1893 2690 et
1937 2638 2135 2695 Severo
2196 2645 2343 2700 chor-

781 2722 1029 2791 episeopo
1059 2732 1112 2777 et
1136 2724 1255 2777 aliis
1276 2726 1545 2781 nonnullis
1575 2728 1804 2783 clericis.
1836 2730 1959 2785 HJBC
1997 2732 2225 2788 formula
2260 2738 2343 2791 in-

780 2821 866 2868 ter
900 2812 1079 2867 Basilii
1108 2816 1363 2883 epistolas
1393 2826 1669 2871 numerata
1695 2829 1795 2883 est,
1826 2832 2017 2889 estque
2046 2825 2339 2880 centesima

781 2906 1035 2959 vicesima
1066 2908 1272 2974 quinta.
1299 2907 1503 2963 Praeter
1532 2908 1798 2963 Nica-nam
1827 2912 1981 2967 ﬁdem
2008 2930 2068 2969 ea
2105 2919 2341 2973 continet

781 3010 900 3063 qua:
944 2995 1009 3049 ad
1050 2997 1480 3066 perspiciendam
1520 2999 1785 3053 Eustathii
1822 3003 1885 3057 de
1920 3002 2125 3073 Spiritu
2153 3018 2339 3064 sancto

778 3086 937 3140 ﬁdem
961 3088 1261 3142 necessaria
1306 3089 1645 3143 videbantur.

2465 640 2706 699 amicos,
2756 649 2805 691 et
2844 640 2986 692 tnisit
3017 642 3104 709 qui
3159 642 3439 709 episcopos
3487 642 3765 698 advenisse
3811 646 4032 699 nuntia-

2466 736 2605 781 rent.
2629 728 2696 779 At
2717 744 2779 780 ex
2810 739 2963 793 parte
2985 728 3250 781 Eustathii
3281 745 3437 783 nemo
3461 732 3665 794 aderat,
3700 746 3859 787 nemo
3879 734 4027 789 illius

2464 820 2750 871 adventum
2788 821 3199 885 prmnuntiahat,
3231 831 3283 873 et
3313 821 3401 887 qui
3440 836 3467 871 a
3502 820 3697 874 Basilio
3738 824 3886 877 missi
3921 823 4033 877 fue-

2464 918 2577 962 rant
2609 912 2672 961 ad
2702 907 3065 972 Eustathium,
3100 912 3381 978 plurimam
3415 913 3521 965 illic
3550 914 3825 968 tristitiam
3861 926 3915 969 et
3945 916 4029 968 in-

2463 998 2839 1067 dignationem,
2874 1002 3025 1066 quasi
3076 1016 3208 1054 nova
3258 1001 3387 1055 fides
3418 1018 3445 1054 a
3487 1003 3681 1058 Basilio
3736 1006 4016 1072 proposita

2465 1087 2671 1154 fuisset,
2698 1106 2755 1143 se
2789 1090 3234 1144 animadvertisse
3273 1103 3583 1154 narrarunt,
3623 1104 3780 1161 atque
3812 1111 3876 1148 ex
3913 1095 4025 1148 Eu-

2462 1180 2646 1232 statliii
2698 1181 2978 1249 discipulis
3023 1180 3425 1244 audiisse,cum
3470 1185 3707 1237 dicerent
3740 1202 4022 1255 nunquam

2459 1285 2516 1324 se
2554 1286 2827 1339 passuros,
2871 1281 2926 1323 ut
2952 1272 3017 1324 ad
3044 1272 3379 1339 designatum
3411 1272 3583 1325 iocum
3612 1274 3929 1329 Eustathius
3963 1289 4024 1329 se

2458 1362 2748 1418 coaferret.
2777 1362 2933 1416 Venit
2960 1370 3134 1414 tamen
3160 1362 3355 1430 aliquis
3386 1363 3798 1430 perfnnctoriam
3821 1364 4019 1417 Eusta-

2459 1452 2553 1504 thii
2586 1452 2865 1519 epistolam
2903 1452 3103 1515 ferens,
3137 1468 3233 1504 nec
3266 1452 3329 1503 de
3366 1451 3430 1503 iis
3458 1468 3574 1517 qua:
3609 1455 3674 1507 ab
3705 1454 3857 1506 initio
3884 1468 4021 1507 con-

2455 1541 2643 1593 stituta
2701 1539 2931 1605 fuerant,
2983 1541 3273 1610 quidquam
3318 1540 3621 1593 habentem.
3654 1540 3799 1595 Misit
3848 1542 4019 1594 etiam

2456 1631 2784 1700 Theophilus
2802 1630 3205 1687 Castabalorum
3228 1631 3510 1699 episcopus
3532 1632 3759 1701 aliquem
3786 1649 3850 1687 ex
3879 1632 4017 1695 suis,

2454 1724 2543 1793 qui
2598 1723 2853 1789 Basiliam
2907 1724 3161 1778 conviciis
3230 1723 3571 1790 perfunderet
3608 1745 3616 1776 :
3653 1738 3823 1791 neque
3868 1725 4016 1777 enim

2456 1815 2691 1869 scribere
2727 1815 2979 1880 dignatus
3009 1824 3121 1879 est;
3157 1830 3259 1867 non
3290 1826 3395 1865 tam
3439 1824 3680 1866 metuens
3712 1830 3779 1867 ne
3811 1831 3875 1868 ex
3924 1817 4016 1869 lit-

2455 1908 2583 1960 tcris
2611 1908 2759 1977 argui
2796 1915 2996 1975 posset,
3026 1921 3183 1973 quam
3222 1922 3286 1959 ne
3316 1907 3364 1958 in
3398 1905 3769 1959 necessitatem
3806 1907 4017 1960 veniret

2451 1997 2628 2051 Basilii
2675 1999 2967 2065 appellandi
3012 1999 3269 2067 episcopi.
3304 1998 3392 2052 Sic
3436 2014 3494 2051 re
3553 1996 3747 2051 infecta
3782 1996 4017 2053 Basilius

2451 2097 2503 2141 et
2556 2088 2811 2157 episc0pi,
2858 2104 2991 2158 quos
3034 2100 3455 2155 convocaverat,
3507 2089 3684 2143 tntnsti
3740 2090 4012 2145 discesse-

2452 2189 2595 2233 runt.

2519 2270 2713 2339 Liquet
2747 2286 2812 2325 ex
2855 2272 2937 2324 his
2979 2286 3095 2340 quae
3132 2274 3465 2329 narravimus
3504 2274 3857 2342 Theophilum
3912 2273 4011 2329 Se-

2450 2364 2635 2419 bastize
2668 2363 2850 2423 fuisse,
2874 2378 2994 2416 cum
3032 2379 3059 2415 a
3096 2362 3292 2417 Basilio
3342 2382 3557 2429 venere,
3591 2368 3679 2437 qui
3704 2369 3769 2422 dc
3802 2368 4015 2438 episco-

2446 2472 2636 2526 porum
2698 2458 2930 2510 adventu
2981 2457 3287 2509 nuntiarent
3340 2457 3439 2525 (Ιι).
3492 2458 3625 2511 Cum
3680 2460 3783 2513 hoc
3846 2460 4015 2514 Cilice

2445 2549 2697 2618 episcopo
2734 2548 3045 2603 Eustathius
3075 2548 3127 2601 in
3163 2546 3417 2601 Basilimn
3458 2548 3911 2614 frequentissimis
3960 2551 4012 2604 in

2452 2641 2804 2694 concionibus
2838 2641 3206 2701 invehebatur,
3237 2638 3387 2707 quasi
3421 2638 3647 2691 Basilius
3676 2640 3857 2706 populi
3895 2642 4013 2693 ani-

2446 2733 2550 2786 mis
2579 2733 2749 2785 aliena
2805 2732 2874 2785 ab
2908 2732 3074 2801 ipsius
3108 2732 3369 2785 Eustatbii
3403 2731 3646 2784 doctrina
3690 2731 4015 2785 inseruisset

2444 2824 2713 2894 dogmata.
2751 2823 2887 2879 Huic
2916 2824 3281 2878 criminationi
3322 2823 3491 2878 locum
3538 2822 3751 2876 videtur
3790 2819 4013 2876 dedisse

2445 2931 2547 2969 non
2581 2925 2682 2968 tam
2712 2916 3011 2985 subscripta
3035 2918 3100 2970 ab
3122 2916 3422 2979 Eustathio,
3449 2914 3630 2969 Basilii
3662 2913 3849 2981 petitu,
3878 2913 4012 2969 lides

2446 3007 2679 3068 Nicmna,
2710 3023 2871 3075 quam
2918 3024 2943 3060 a
2977 3007 3198 3073 Basilio,
3253 3012 3379 3059 dum
3435 3006 3679 3060 Sebastia
3726 3005 4008 3069 transiret,

2447 3095 2617 3163 palam
2654 3105 2706 3152 et
2753 3105 2956 3162 aperte,
2989 3113 3090 3148 non
3121 3112 3184 3149 ex
3219 3112 3274 3147 re
3302 3104 3355 3149 et
3387 3095 3651 3149 sententia
3709 3090 4007 3157 Enstatbii,

846 3177 1137 3249 Postquam
1196 3183 1512 3252 subscripsit
1572 3182 1882 3240 Eustathius
1908 3224 1923 3251 ,
1979 3187 2209 3244 indictus
2259 3200 2340 3245 est
2368 3222 2413 3281 ϐ
2444 3184 2637 3254 populo
2672 3185 2979 3253 praedicata.
3012 3184 3125 3237 Non
3176 3186 3317 3239 enim
3372 3186 3720 3239 dubitandum
3760 3193 3843 3238 est
3875 3183 4009 3252 quin

782 3270 920 3325 alius
962 3273 1131 3337 locus,
1167 3274 1417 3343 aliudque
1471 3286 1680 3347 tempus
1716 3279 1909 3333 iterum
1961 3284 2333 3349 conveniendi,

782 3370 839 3416 ut
864 3364 1177 3418 coeuntibus
1204 3366 1456 3432 parteciae
1479 3369 1746 3438 episc0pis
1784 3370 2041 3438 insignior
2066 3376 2339 3427 essetani-

778 3468 985 3508 morum
1021 3457 1351 3523 conciliatio,
1396 3475 1458 3513 ac
1490 3461 1741 3528 deinceps
1765 3465 2159 3529 suspicionibus
2187 3467 2336 3521 locus

780 3546 1202 3612 praecluderetur
1234 3552 1333 3617 (d).
1368 3550 1688 3603 Adfnturnm
1735 3568 1792 3604 se
1847 3557 2092 3620 promisit
2144 3559 2337 3611 Eusta-

781 3640 920 3692 tltius
974 3649 1027 3694 et
1076 3640 1362 3709 discipulos
1424 3643 1797 3698 adducturum.
1842 3646 1931 3699 Ait
1990 3648 2218 3703 Basilius
2270 3651 2335 3722 (ρ)

776 3746 931 3784 suum
959 3731 1121 3787 fuisse
1142 3732 1313 3787 locum
1356 3734 1500 3788 illum
1538 3738 1626 3805 qui
1669 3737 1980 3807 designatus
2010 3749 2112 3806 est,
2154 3740 2206 3793 id
2234 3754 2333 3806 εει,

774 3838 959 3892 agrum
999 3814 1247 3891 episcopo
1276 3825 1593 3879 Caesariensi
1630 3829 1948 3896 subjectum.
1984 3830 2209 3887 Videtur
2244 3850 2333 3886 vo-

774 3926 925 3968 catus
967 3915 1129 3971 fuisse
1164 3916 1405 3971 Colonia.
1435 3918 1547 3973 Huc
1580 3922 1722 3973 enim
1762 3922 1938 3975 refero
1966 3926 2106 3989 quod
2144 3925 2335 3993 legitur

775 4010 827 4060 in
854 4009 1073 4075 epistola
1108 4009 1207 4064 128
1231 4028 1245 4066 :
1275 4009 1337 4064 Et
1359 4014 1620 4081 nisipacis
1642 4014 1816 4066 studio
1845 4031 1944 4067 non
1975 4016 2336 4083 abnegaverim

774 4103 949 4155 venire
979 4102 1273 4165 Coloniam,
1324 4123 1423 4159 non
1456 4107 1581 4158 mihi
1606 4108 1914 4176 paciﬁcetur
1936 4109 2060 4161 rita.
2110 4107 2338 4177 Repellit

776 4193 859 4246 lLlS
883 4192 1063 4246 verbis
1094 4194 1322 4248 Basilius
1360 4196 1769 4250 criminationes
1812 4198 2075 4252 Eustathii
2114 4198 2335 4267 ejusque

774 4285 1091 4351 amicorum,
1138 4284 1226 4354 qtn'
1286 4285 1455 4351 ipsum
1509 4284 1650 4337 malo
1704 4288 1883 4341 animo
1920 4289 2055 4344 hanc
2086 4292 2335 4359 paciﬁca-

774 4380 973 4431 tionem
1022 4379 1326 4446 suscepisse
1392 4376 1730 4433 dictitabant.
1782 4379 2139 4444 Quamobrcm
2173 4381 2330 4439 Colo-

771 4470 883 4531 nia,
926 4484 1031 4537 quo
1059 4486 1115 4523 se
1148 4472 1296 4538 pacis
1322 4486 1480 4523 causa
1514 4469 1725 4524 venisse
1755 4481 2063 4537 asseverat,
2102 4472 2213 4541 ipse
2246 4475 2333 4529 ille

2444 3276 2759 3330 Eustathius
2817 3275 2958 3329 hunc
2992 3276 3251 3329 honorem
3299 3275 3494 3329 Basilio
3535 3275 3808 3339 habuerit,
3842 3290 4007 3344 quem

2441 3366 2709 3437 episcopis
2734 3368 2785 3419 in
2822 3365 2994 3420 aliena
3029 3349 3256 3420 ecclesia
3288 3366 3483 3419 deferri
3524 3380 3636 3419 mos
3668 3375 3807 3428 erat,
3842 3377 3901 3420 ut
3931 3365 4011 3420 eis

2442 3461 2667 3531 populus
2692 3460 3017 3515 erudiendas
3045 3460 3366 3513 traderetur.

2510 3552 2573 3608 ll.
2606 3554 2661 3607 S.
2692 3552 2955 3609 Eusebius
2988 3550 3407 3612 Samosatensis,
3431 3564 3551 3602 cum
3585 3546 3811 3601 moleste
3839 3547 4010 3603 ferret

2440 3645 2540 3699 hoc
2568 3646 2857 3699 amicorum
2880 3644 3157 3699 dissidinm
3180 3643 3266 3712 (ἱ),
3299 3642 3527 3695 medium
3547 3654 3603 3695 se
3623 3639 3762 3693 inter
3790 3649 4007 3692 utrum-

2440 3747 2544 3803 que
2577 3739 2915 3803 interposuit,
2951 3752 3013 3791 ac
3054 3751 3234 3804 pacem
3258 3744 3485 3787 conatus
3514 3743 3596 3787 est
3625 3732 3852 3787 sarcire.
3885 3729 4011 3798 Egit

2440 3841 2559 3880 cum
2603 3826 2902 3888 Eustathio,
2935 3836 2992 3877 ut
3022 3828 3070 3878 is
3096 3828 3252 3879 {idem
3279 3840 3429 3877 suam
3462 3834 3736 3893 purgaret,
3760 3836 3817 3880 et
3848 3825 3918 3880 ab
3942 3838 4009 3879 eo

2439 3928 2661 3989 accepta
2696 3919 2759 3972 de
2782 3919 2883 3972 ﬁde
2906 3933 3157 3985 responsa
3193 3917 3335 3969 misit
3356 3916 3420 3969 ad
3451 3915 3706 3969 Basilium
3736 3918 3823 3987 (ί),
3844 3933 4006 3987 quem

2438 4014 2597 4066 etiam
2640 4012 2704 4066 ad
2734 4026 2917 4082 pacem
2974 4010 3317 4075 hortabatur,
3356 4017 3409 4061 et
3446 4007 3765 4062 humilitatis
3800 4008 4009 4078 signiﬁ-

2439 4103 2679 4157 cationes
2708 4105 2774 4157 ab
2802 4118 2864 4156 eo
2894 4104 3234 4171 reposcebat.

2512 4193 2820 4262 Respondet
2854 4194 3081 4248 Basilius
3110 4209 3167 4247 se
3191 4210 3286 4263 pro
3326 4208 3455 4261 pace
3478 4193 3639 4245 vitam
3678 4193 4009 4261 profundere

2440 4295 2681 4353 paratum
2706 4301 2847 4351 esse,
2877 4287 2968 4340 sed
2994 4300 3176 4338 veram
3220 4298 3427 4351 pacem,
3458 4299 3575 4353 qua:
3602 4300 3629 4338 a
3666 4284 3894 4340 Domino
3925 4301 4006 4339 re-

2439 4376 2559 4431 licta
2589 4385 2690 4442 est,
2724 4378 3011 4445 exquirere
3043 4391 3057 4439 ;
3097 4374 3163 4427 ab
3202 4374 3485 4429 Eustathio
3528 4386 3705 4430 autem
3753 4374 3887 4428 nihil
3918 4375 4006 4429 af-

2438 4469 2563 4524 ferri
2595 4471 2737 4540 quod
2768 4468 3031 4536 ejusmodi
3060 4481 3243 4535 pacem
3283 4469 3573 4523 conciliare
3606 4467 3814 4536 possit;
3851 4468 3920 4522 ab
3944 4481 4009 4524 eo

771 4560 920 4616 locus
946 4560 1167 4629 intelligi
1189 4561 1369 4625 debet,
1405 4561 1491 4614 ubi
1518 4572 1815 4616 conventus
1843 4565 2212 4632 episcoporum
2244 4568 2326 4619 in-
2362 4581 2404 4635 ι)
2436 4564 2575 4617 cnim
2603 4562 2884 4631 quaesitum
2915 4573 3035 4614 esse
3062 4560 3127 4613 ab
3154 4559 3332 4626 initio,
3359 4572 3537 4614 utrum
3574 4575 3600 4612 a
3626 4561 4008 4616 communione

769 4654 966 4707 dictus.

835 4740 1094 4808 Quamvis
1144 4742 1495 4812 Basilius({),
1544 4759 1663 4798 cum
1717 4743 2000 4798 formulam
2054 4745 2332 4802 Eustathio

768 4834 1214 4889 subscribendam
1270 4834 1573 4904 praposuit,
1618 4837 1772 4889 [idem
1832 4836 1973 4891 illius
2030 4846 2331 4905 suspectam

768 4941 873 4980 non
911 4926 1155 4989 haberet,
1189 4928 1281 4981 sed
1307 4927 1408 4982 hoc
1450 4927 1605 4980 unice
1636 4937 1925 4995 spectaret,
1958 4939 2013 4983 ut
2036 4928 2331 4981 amicorum

770 5018 1173 5084 suspicionibus
1210 5027 1264 5071 et
1303 5018 1643 5072 inimicorum
1675 5029 1985 5074 occurreret
2022 5018 2327 5081 calumniis;

767 5122 829 5159 ea
865 5123 947 5161 res
974 5119 1150 5163 tamen
1171 5109 1435 5165 Eustathii
1461 5111 1696 5163 furorem
1723 5112 1986 5174 accendit,
2019 5112 2168 5176 isque
2195 5112 2329 5166 hanc

764 5202 992 5267 primam
1026 5203 1251 5257 interna:
1296 5204 1431 5257 labis
1480 5202 1928 5265 significationem
1960 5203 2123 5261 dedit.
2157 5213 2213 5254 nt
2262 5205 2327 5257 ad

765 5290 907 5344 diem
938 5301 992 5346 et
1023 5291 1195 5346 locum
1232 5295 1421 5348 adesse
1450 5294 1634 5347 nollet.
1666 5294 1853 5347 Adfuit
1882 5305 2061 5348 autem
2093 5291 2324 5348 Basilius

765 5383 839 5451 (g)
875 5384 1179 5452 diligenter,
1206 5395 1408 5437 etcum
1457 5385 1573 5453 ejus
1620 5386 1776 5439 amici
1812 5387 2005 5455 partim
2049 5386 2317 5447 adessent,

834 5561 907 5629 (η)
941 5564 1032 5627 Ep.
1067 5565 1193 5628 sui,
1238 5583 1290 5617 η.
1326 5565 1381 5617 2.

833 5630 905 5699 (ὁ)
935 5632 1062 5699 una.

836 5696 905 5763 te)
938 5696 1057 5751 Lib.
1091 5718 1102 5749 l
1139 5701 1189 5751 in
1228 5702 1437 5753 Nestor.
1465 5710 1507 5751 ct
1540 5698 1757 5767 Eutych.

837 5767 915 5824 id)
952 5768 1047 5831 Ep.
1082 5768 1199 5819 130.

842 5834 913 5897 (ε)
1083 5834 1209 5891 ΞΗ.
1242 5849 1295 5883 ιι.
1327 5830 1385 5882 2.

2434 4662 2615 4707 arceat
2634 4666 2730 4705 eos
2752 4652 2839 4721 qui
2873 4651 3030 4706 tidem
3056 4650 3325 4705 Nicrenam
3355 4666 3461 4704 non
3494 4650 3778 4719 recipiunt,
3804 4663 4008 4706 etcum

2441 4746 2507 4799 iis
2535 4744 2624 4811 qui
2664 4743 2925 4812 Spiritum
2952 4753 3197 4799 sanctum
3234 4754 3540 4797 creaturam
3569 4742 3749 4799 dicere
3780 4743 4004 4809 audent,

2435 4844 2637 4902 partem
2664 4835 2860 4890 habere
2885 4834 3016 4888 nolit
3048 4836 3173 4890 :cui
3209 4836 3490 4903 qua-stioni
3515 4851 3633 4890 cum
3671 4835 4002 4902 respondere

2438 4926 2503 4978 ad
2554 4926 2778 4979 verbum
2838 4925 3129 4989 debuisset,
3160 4925 3212 4976 in
3268 4923 3383 4978 illas
3423 4925 3707 4981 verborum
3749 4924 4005 4993 ambages

2439 5016 2745 5080 deﬂexisse,
2767 5032 2903 5084 quas
2934 5018 3155 5071 miserat
3187 5015 3467 5074 Eusebius.
3501 5018 3679 5085 Itaque
3720 5026 3872 5084 rogat
3899 5015 4003 5071 Eu-

2440 5110 2645 5164 sebium
2670 5108 2918 5172 Basilius,
2964 5125 3031 5161 ne
3058 5124 3114 5161 se
3143 5107 3402 5173 ejusmodi
3437 5108 3870 5162 cavillationibus
3905 5113 4001 5162 de-

2438 5201 2538 5269 cipi
2567 5213 2684 5252 cum
2708 5198 2823 5250 aliis
2856 5200 3113 5267 patiatur.
3143 5197 3288 5252 Adeo
3310 5210 3488 5249 autem
3524 5197 3857 5266 exploratum
3884 5206 4005 5251 erat

2435 5290 2631 5344 Basilio
2662 5289 2726 5342 dc
2762 5289 3031 5342 Eustathii
3060 5290 3278 5354 astutia,
3307 5300 3363 5340 ut
3398 5289 3449 5340 in
3484 5303 3542 5342 se
3592 5302 3803 5341 omnem
3840 5287 4002 5342 dissi-

2433 5385 2504 5437 dii
2545 5382 2755 5449 culpam
2809 5381 3041 5435 conterri
3079 5383 3332 5449 patiatur,
3364 5381 3405 5434 si
3456 5379 3767 5435 Eustathius
3797 5381 3993 5435 adduci

2516 5556 2581 5622 (Ῑ)
2627 5554 2880 5622 Ερ.2ἓ5,
2923 5570 2974 5603 ιι.
3001 5554 3052 5603 7.

2504 5621 2577 5687 (in
2614 5621 2857 5685 Epett.
2902 5638 2953 5671 η.
2991 5622 3041 5670 2.

2502 5692 2576 5757 tit)
2618 5691 2711 5752 Ep.
2748 5692 2871 5739 150.

2508 5762 2569 5820 (ἢ
2613 5756 2865 5820 Ep.128.

2508 5826 2575 5889 (λ)
2606 5823 2763 5882 lbid.,
2797 5838 2847 5871 ιι.
2877 5822 2933 5873 2.
