4214 6498
1519 430 1679 486 V’lTA
1721 428 1776 483 S.
1819 421 2083 479 BASILlI.

3316 427 3426 470 εγιι

177 559 352 631 possit,
389 563 447 607 ut
495 567 948 608 commun.oncm
990 565 1108 603 eum
1150 551 1270 604 fidei
1317 546 1560 601 hostibus
1608 547 1750 598 clare
1781 546 1826 602 Α
1859 555 1981 593 vera
2037 537 2100 587 ad
2151 548 2340 587 omnes
2404 533 2650 585 homines
2703 526 2915 596 scriptis
2951 524 3034 594 (ﬂ.
3096 522 3226 575 Nam
3286 524 3422 574 intra

175 667 223 708 ei
251 652 528 720 perspicue
560 648 895 701 conﬁteatur
923 654 1014 695 aut
1059 642 1249 708 ejuret.
1287 637 1530 705 Quandiu
1566 648 1743 690 autem

177 749 223 798 in
253 745 350 796 hoc
385 739 550 793 medii
610 739 854 794 hominis
883 745 1021 789 statu
1075 733 1358 806 perstabit,
1391 747 1658 801 nunquam
1690 745 1745 782 se

176 849 288 887 cum
321 846 384 883 eo
428 833 961 886 communicaturum
1011 830 1263 882 declarat.
1306 825 1417 878 Non
1476 837 1649 878 tamen
1683 821 1748 874 ab

179 925 238 977 iis
263 925 348 990 qui
376 924 533 978 fidem
566 939 674 977 non
726 920 1326 984 recipiebant,omnino
1355 916 1744 970 discedendum

178 1024 360 1086 putat;
395 1020 485 1070 sed
535 1015 812 1083 quomodo
844 1015 1068 1070 curandi
1102 1011 1209 1063 sint
1240 1019 1292 1062 ct
1336 1007 1620 1063 reducendi
1655 1020 1748 1058 ex-

180 1112 340 1177 ponit.
372 1109 584 1166 Eximia
620 1108 794 1162 virtus
830 1109 885 1162 S,
944 1104 1158 1158 Eusebii
1203 1113 1258 1157 ct
1310 1105 1545 1158 studium
1600 1097 1745 1163 litlei,

177 1205 312 1269 quod
342 1205 394 1254 in
421 1215 486 1253 eo
525 1211 798 1253 Summum
852 1196 1079 1258 exstitit,
1105 1194 1349 1248 dubitare
1399 1210 1501 1246 non
1536 1193 1743 1258 sinttut,

179 1295 301 1363 quin
341 1291 595 1343 Basilium
623 1293 725 1345 hac
767 1290 817 1341 in
843 1302 1002 1341 causa
1044 1286 1198 1354 longe
1237 1285 1523 1339 Eustatbio
1550 1293 1749 1352 praetu-

179 1387 314 1440 lerit.
354 1382 488 1438 llinc
524 1399 646 1436 eum
695 1381 926 1434 Basilius
975 1381 1074 1434 hoc
1115 1381 1230 1448 ipso
1277 1393 1438 1440 attito,
1473 1388 1529 1429 ιιι
1578 1377 1750 1429 horni-

180 1492 296 1531 nein
335 1475 403 1530 de
453 1473 767 1536 Eustathio,
799 1483 856 1525 ut
905 1489 1000 1543 par
1051 1481 1153 1535 est,
1190 1470 1507 1524 sentientem
1557 1482 1750 1520 consu-

180 1570 293 1633 luit,
320 1570 448 1640 quid
503 1566 720 1622 clericis
783 1563 1053 1619 Eustatltii
1105 1577 1258 1630 opem
1309 1577 1502 1625 suam,
1535 1559 1748 1616 detecto

180 1665 412 1734 episcopi
469 1662 549 1716 sui
599 1659 802 1724 ulcere,
851 1657 1263 1726 implorantibus
1315 1654 1746 1726 respondendum

180 1767 335 1814 esset.

251 1850 336 1903 ΙΙΙ.
374 1847 489 1902 Non
521 1846 610 1902 hic
640 1854 903 1902 steterunt
934 1842 1201 1897 Eustathii
1229 1841 1280 1896 in
1317 1841 1570 1896 Basilium
1606 1843 1744 1910 inju-

1851 643 2053 702 paucos
2085 628 2204 681 t‘lies
2228 641 2324 695 per
2342 640 2553 676 onmem
2585 625 2809 678 Pontum
2841 631 2892 672 et
2925 619 3186 671 Galatiam
3221 617 3428 684 disper-

1849 745 1920 783 s:e
1958 725 2170 778 fuerunt
2209 738 2222 783 ;
2279 717 2572 785 quinetiam
2615 718 2885 769 fert-batur
2926 711 3186 780 ejusmodi
3216 710 3426 762 litterav

1851 835 1968 874 rum
2025 815 2210 883 bajuli,
2261 811 2512 881 Bithynia
2582 817 2885 875 peragrata,
2933 821 3102 874 usque
3150 805 3213 855 aul
3256 807 3424 872 ipsum

1857 911 2259 979 Hellespontum
2313 913 2649 971 penetrasse.
2691 897 2813 951 Jam
2860 909 3060 968 septem
3115 896 3226 948 dies
3259 897 3331 960 lg)
3372 894 3423 946 in

1852 1005 2078 1056 aliorum
2121 997 2378 1053 manibus
2427 1003 2544 1045 erat
2602 991 2848 1060 epistola,
2895 1008 3012 1044 cum
3063 989 3125 1042 atl
3171 987 3421 1041 Basilium

1851 1096 2115 1162 pervenit.
2160 1094 2213 1147 In
2280 1092 2382 1145 hoc
2425 1088 2627 1158 repudii
2657 1084 2752 1156 (lt),
2799 1093 2854 1136 ut
2904 1085 3200 1150 appellabat
3252 1081 3426 1134 Gene-

1854 1183 2018 1237 tltlius
2050 1184 2357 1251 presbyter,
2389 1178 2586 1242 libello,
2619 1190 2825 1244 magna:
2867 1174 3184 1227 lttttttilitalis
3213 1173 3425 1225 laudem

1849 1277 1950 1330 sibi
1999 1275 2246 1328 sumebat
2290 1272 2620 1328 Eustathius
2654 1286 2664 1319 :
2704 1267 2901 1322 Basilio
2936 1276 3116 1319 autem
3151 1265 3339 1317 fastum
3372 1273 3426 1316 et

1849 1368 2238 1437 arrogantiam,
2277 1367 2514 1419 fraudem
2571 1373 2625 1417 et
2673 1361 2987 1418 versutiam,
3021 1357 3420 1422 corruptionem

1836 1457 2220 1515 ‘Eeclesiarttm
2262 1469 2314 1511 et
2353 1459 2649 1510 animarum
2709 1451 3001 1523 pernicitate
3047 1447 3424 1516 exprobrabat.

1850 1554 2192 1620 Querebatur
2231 1550 2372 1619 quod
2419 1548 2840 1614 chorepiscopos
2881 1560 3007 1598 suos
3052 1539 3290 1606 recipere
3327 1552 3424 1589 no-

1850 1646 2061 1712 luisset,
2093 1653 2147 1697 ct
2179 1643 2318 1712 quod
2357 1656 2419 1694 ex
2467 1639 2678 1692 insidiis
2709 1647 2763 1690 et
2794 1636 2931 1689 malo
2973 1636 3155 1688 animo
3187 1631 3428 1685 celeber-

1847 1737 2038 1788 rimam
2082 1736 2224 1788 illam
2252 1732 2370 1785 ftdei
2410 1730 2807 1784 confessionem
2843 1728 3136 1781 eliCuisset.
3176 1727 3297 1778 Post
3328 1722 3425 1776 has

1849 1825 2253 1880 criminationes
2277 1833 2330 1877 et
2353 1821 2486 1875 alias
2509 1819 2792 1874 nonnullas
2812 1817 3232 1886 subjiciebantur
3262 1812 3420 1866 verba

185 1944 290 1997 τῖε,
333 1940 596 1994 graviora
649 1938 952 2008 ροειυιειιιει
994 1934 1271 1989 inimicum
1315 1945 1523 2002 tempus
1557 1904 1742 1987 Basilii
1777 1904 1819 1958 Β
1855 1916 2104 1970 Ιιωτυιίςιι
2127 1917 2461 1984 Apollinarii,
2507 1914 2669 1966 tacito
2711 1923 2885 1963 tamen
2919 1906 3156 1962 auctoris
3188 1905 3425 1967 nomine,

185 2034 360 2088 virtuti
387 2032 488 2103 (α).
517 2030 847 2096 Qumrebant
870 2027 1010 2082 illius
1039 2028 1271 2081 animam
1297 2024 1502 2085 Ariani,
1532 2038 1744 2077 eorum-

185 2141 281 2195 que
315 2126 626 2181 molitioues
683 2123 829 2177 brevi
862 2133 1103 2193 optatum
1132 2124 1333 2174 exitum
1375 2118 1638 2171 habitune
1673 2117 1749 2172 vi-

183 2220 463 2272 debantur.
501 2219 680 2285 Quare
711 2220 764 2271 in
814 2233 925 2272 rem
979 2233 1081 2269 non
1114 2223 1235 2265 erat
1280 2211 1585 2278 Eustatltio,
1615 2227 1745 2267 con-

174 2311 413 2379 junctum
445 2327 566 2364 cmn
619 2310 816 2364 Basilio
850 2308 1057 2360 videri:
1097 2314 1284 2357 contra
1331 2305 1560 2358 maxima
1609 2307 1746 2372 apud

181 2407 408 2458 Arianos
456 2401 858 2457 commendatio
884 2438 897 2462 ,
931 2396 1234 2463 capitaliter
1273 2398 1339 2450 ab
1373 2411 1436 2448 eo
1465 2396 1745 2448 dissidere.

184 2497 343 2551 Paulo
375 2505 498 2562 post
525 2508 586 2545 ea
622 2506 743 2559 qua:
768 2490 1109 2543 narravimus
1134 2489 1234 2558 (ιι),
1274 2489 1406 2542 abiit
1440 2489 1751 2542 Eustathius

183 2592 231 2642 in
275 2587 523 2641 Ciliciam
583 2599 646 2637 ac
697 2582 912 2638 Gelasio
967 2581 1176 2633 cuidam
1222 2595 1340 2632 eam
1387 2580 1542 2633 lidern
1595 2595 1753 2647 expo-

181 2677 281 2732 διιὶι
300 2680 396 2745 (c),
416 2692 577 2744 quam
606 2675 771 2729 solius
795 2674 902 2728 Arii
926 2671 1318 2734 eratscriberc,
1346 2681 1396 2724 et
1419 2673 1460 2724 si
1489 2671 1752 2740 quisArio

181 2769 367 2824 similis
400 2770 502 2840 (cl).
525 2767 654 2821 Inde
687 2767 888 2820 reditus
917 2775 969 2818 et
994 2764 1173 2818 statim
1200 2764 1390 2816 littera:
1418 2763 1755 2816 communio-

183 2875 297 2912 nem
335 2859 534 2912 Basilio
566 2857 970 2908 renuntiantes:
996 2855 1090 2908 has
1117 2855 1322 2907 litteras
1355 2853 1531 2906 attulit
1562 2852 1753 2906 Eusta-

184 2951 754 3017 thiuschorepiscopus
787 2948 878 3016 (ε).
908 2962 1041 3015 quas
1069 2961 1186 3000 cum
1221 2947 1522 2999 tradidisset
1543 2947 1751 3000 cohorti

185 3043 396 3105 Vicarti,
424 3060 488 3096 ac
528 3043 645 3096 dies
687 3053 793 3094 tres
831 3042 881 3092 in
918 3041 1050 3095 urbe
1079 3047 1446 3093 commoratus
1483 3050 1647 3100 esset,
1687 3039 1751 3091 ad

189 3152 277 3190 sua
313 3150 658 3196 reversurus,
694 3131 859 3184 multo
889 3130 998 3199 jam
1055 3146 1278 3199 vespere
1327 3131 1525 3184 dicitur
1557 3135 1622 3184 ad
1651 3129 1756 3183 Ba-

188 3229 285 3281 silii
321 3228 468 3282 zedes
513 3225 747 3279 venisse.
787 3221 855 3275 At
896 3237 1016 3276 eum
1046 3223 1281 3276 dormire
1316 3237 1438 3276 cum
1472 3221 1752 3285 audiissel,

190 3320 316 3372 abiit
351 3335 454 3372 nec
489 3318 754 3386 postridie
787 3317 852 3368 ad
901 3331 1021 3368 eum
1074 3314 1324 3378 accessit,
1357 3313 1448 3366 sed
1503 3313 1567 3365 ad
1610 3313 1752 3364 hunc

189 3411 395 3463 modum
437 3424 536 3463 suo
579 3423 704 3474 erga
739 3408 886 3460 illum
929 3406 1146 3476 espleto
1177 3405 1546 3475 perfunctorie
1577 3402 1754 3458 ollicio

190 3504 363 3558 rediit.
401 3502 576 3556 Causa
618 3511 787 3568 ruptae
822 3496 1217 3552 communionis
1258 3497 1370 3550 lucc
1416 3494 1750 3562 praetexeba-

191 3605 287 3661 tur,
319 3597 468 3666 quod
503 3593 731 3647 Basilius
783 3590 848 3644 ad
891 3589 1278 3659 Apollinarium
1326 3587 1650 3656 scripsisset,
1702 3597 1756 3640 et

192 3688 562 3758 presbyterqu
610 3684 901 3738 Diodorum
938 3681 1168 3735 haberet
1213 3680 1752 3733 communieatorem.

193 3779 280 3833 His
315 3779 532 3834 litteris.
555 3775 837 3846 perculsus
871 3774 1096 3827 Basilius
1123 3772 1258 3824 nihil
1289 3770 1614 3838 respondere
1656 3783 1750 3836 po-

195 3874 310 3938 tuit,
339 3881 455 3926 erat
481 3870 624 3924 enim
677 3868 1029 3922 constrictum
1061 3864 1199 3916 illius
1233 3877 1347 3924 cor,
1371 3861 1547 3930 lingua
1577 3862 1754 3914 disso-

193 3963 317 4024 luta,
361 3976 554 4015 manus
606 3958 871 4027 torpebat.
911 3955 1212 4023 Quinetiam
1267 3954 1470 4007 fatetur
1517 3969 1573 4008 se
1625 3967 1760 4021 pene

194 4058 239 4108 in
269 4057 410 4108 hunc
448 4051 616 4106 animi
662 4066 768 4105 non
802 4050 1045 4119 generosi
1097 4048 1343 4102 morbum
1395 4047 1671 4108 incidisse,
1703 4057 1759 4100 ut

192 4148 360 4203 odium
422 4146 704 4201 hominum
741 4143 1069 4211 conciperet,
1104 4156 1162 4194 ac
1204 4150 1482 4209 suspectos
1520 4138 1756 4192 omnium

193 4257 360 4296 mores
389 4239 633 4295 haberet.
672 4249 773 4289 nec
816 4235 1138 4288 cbaritatem
1174 4233 1314 4286 inter
1347 4231 1618 4292 homines,
1659 4231 1759 4283 nisi

192 4341 299 4394 solo
330 4337 571 4395 nomine,
604 4331 856 4387 crederet
913 4341 1215 4397 superesse.
1253 4325 1384 4378 Nam
1419 4340 1542 4380 cum
1585 4324 1762 4378 cousio

195 4440 403 4493 deraret
451 4424 824 4487 Eustathium,
871 4422 961 4490 qui
1013 4420 1080 4473 ab
1120 4421 1342 4473 infantia
1402 4420 1465 4472 ad
1500 4435 1761 4473 summam

200 4532 530 4583 senectutem
583 4517 733 4568 visus
787 4511 965 4566 fuerat
1010 4515 1265 4579 prteclare
1309 4526 1366 4563 se
1409 4524 1616 4580 gerere,
1652 4521 1760 4563 tam

1855 2021 1910 2063 ut
1945 2009 2176 2062 Basilius
2208 2011 2319 2076 ipse
2352 2019 2542 2062 auctor
2573 2020 2693 2062 esse
2717 2003 3140 2057 existimaretur.

1928 2101 2086 2153 Putat
2135 2099 2506 2153 Tillcmoutius
2560 2101 2611 2152 in
2675 2097 2866 2150 iisdem
2947 2093 3144 2147 litteris
3204 2091 3426 2144 dicteria

1854 2193 2020 2249 fuisse
2075 2194 2126 2246 in
2178 2191 2332 2244 fidem
2366 2190 2664 2251 Niczenam,
2707 2206 2767 2242 ac
2797 2187 3049 2241 Basilium
3087 2185 3428 2240 homOOllsiuv

1856 2297 1997 2342 stam
2035 2301 2132 2354 per
2169 2283 2448 2338 ridiculum
2486 2282 2654 2335 fuisse
2687 2281 3027 2347 appellatum.
3064 2285 3124 2333 At
3160 2295 3264 2333 non
3303 2290 3430 2348 puto

1861 2379 2206 2434 Eustathium
2244 2389 2349 2429 tam
2385 2376 2494 2429 cito
2538 2389 2600 2427 ex
2647 2372 3094 2426 dissimulationis
3140 2371 3428 2423 involucris

1853 2472 2121 2540 prodiisse
2159 2471 2243 2540 (ὅ).
2283 2470 2405 2523 Non
2442 2471 2583 2522 enim
2619 2466 2891 2520 fatebatur
2920 2480 2976 2516 se
3000 2463 3262 2532 pmnitere
3289 2462 3429 2530 quod

1857 2559 2056 2621 libello,
2093 2573 2250 2626 quem
2287 2559 2335 2611 ei
2379 2557 2611 2610 Basilius
2664 2563 3038 2624 proposuerat,
3076 2551 3429 2619 subscripsis-

1856 2661 1958 2706 set.
1997 2650 2174 2716 Quare
2224 2666 2342 2702 cum
2389 2651 2462 2701 ait
2514 2647 2740 2700 Basilius
2793 2646 2858 2698 de
2902 2644 3278 2712 Eustathiolj)
3311 2661 3325 2695 :
3353 2641 3428 2696 Hi

1856 2761 1990 2797 nunc
2025 2755 2070 2796 et
2108 2746 2171 2795 de
2207 2742 2425 2795 Nicwna
2454 2739 2731 2792 detrahunt
2755 2737 2877 2804 ﬁde,
2907 2753 3096 2804 nosque
3122 2746 3304 2787 vocant
3335 2737 3422 2787 ho-

1855 2835 2225 2897 moousiastas,
2268 2835 2318 2886 id
2366 2832 2702 2885 referendum
2751 2830 2963 2882 videtur
3000 2830 3064 2880 ad
3101 2836 3427 2897 postremam

1855 2928 2122 2982 Eusmthii
2158 2928 2464 2988 formulam,
2490 2939 2649 2992 quam
2679 2923 2860 2991 Cyzici
2901 2921 3102 2988 recepit
3142 2935 3280 2973 anno
3304 2919 3427 2974 575.

1858 3019 2010 3073 Unde
2052 3019 2280 3070 Basilius
2317 3016 2388 3085 (lt)
2427 3031 2438 3065 :
2474 3014 2622 3067 Patet
2670 3023 2867 3074 autem,
2906 3013 3097 3080 inquit,
3159 3012 3320 3065 etiam
3368 3028 3431 3064 ea:

1858 3111 1921 3163 iis
1951 3126 2066 3177 quae
2113 3125 2247 3162 nunc
2287 3107 2758 3174 circumferuntur,
2790 3105 3190 3158 condemnatam
3232 3106 3295 3158 ab
3326 3105 3431 3156 illis

1861 3219 1969 3256 esse
2017 3202 2170 3271 ﬁdem
2199 3198 2494 3255 Nica‘nam.
2541 3196 2790 3250 Viderunt
2813 3198 2947 3249 enim
2977 3193 3220 3265 Cyzicum
3244 3206 3288 3249 et
3313 3211 3431 3248 cum

1863 3295 1968 3350 alia
2003 3295 2105 3362 ﬁde
2133 3295 2323 3349 reversi
2364 3304 2504 3347 sunt.
2537 3292 2598 3345 Et
2647 3293 2745 3344 sub
2777 3292 2934 3344 finem
2969 3290 3208 3360 ejusdem
3242 3290 3434 3358 episto-

1857 3388 1955 3440 lze:
1993 3385 2225 3440 Promoti
2275 3387 2342 3437 ad
2392 3386 2780 3452 episcopatum,
2834 3392 2888 3433 ut
2945 3381 3116 3434 media
3162 3381 3428 3444 incidam,

1854 3493 1976 3549 quot
2007 3481 2128 3546 ﬁdei
2167 3480 2420 3546 formulas
2458 3477 2777 3529 ediderunt?
2806 3477 2980 3527 Alium
3008 3478 3246 3544 Ancyra',
3271 3474 3431 3526 aliam

1861 3572 2148 3635 Seleucitc,
2191 3571 2355 3622 aliam
2409 3568 2902 3634 Constantinopoli,
2948 3583 3161 3634 eamque
3219 3566 3436 3618 celeber-

1861 3665 2072 3724 rimam,
2116 3661 2386 3730 Lampsaci
2430 3661 2613 3722 aliaat,
2647 3660 2861 3728 posthac
2899 3675 3010 3711 eam
3053 3674 3169 3728 qua:
3208 3657 3337 3710 Nicc
3377 3659 3431 3710 in

1867 3754 2089 3808 Thracia
2115 3755 2253 3807 edita
2301 3764 2394 3819 est,
2434 3769 2568 3805 nunc
2609 3769 2795 3805 rursus
2837 3752 2996 3804 aliant
3043 3753 3242 3820 cyzici,
3281 3749 3432 3817 cujus

1860 3850 2070 3918 quidem
2126 3849 2322 3917 reliqua
2363 3848 2565 3917 ignoro,
2599 3853 2687 3900 sed
2729 3846 2825 3899 hoc
2875 3855 3077 3898 tantunt
3119 3845 3299 3905 audio,
3346 3860 3433 3897 eu

1861 3939 2069 3993 silentio
2144 3938 2578 3991 consubstantiali
2647 3938 2874 3997 inJicto,
2922 3936 3090 3988 simile
3150 3936 3434 3988 secundum

1862 4033 2140 4086 essentiam
2189 4049 2326 4084 nunc
2368 4032 2578 4098 inferre,
2628 4041 2786 4096 atque
2845 4045 2947 4081 una
3009 4043 3125 4079 cum
3177 4027 3433 4080 Eunomia

1864 4124 2208 4192 blasphentias
2255 4124 2306 4175 in
2352 4122 2603 4189 Spiritum
2644 4131 2884 4172 sanctum
2938 4121 3280 4174 conscribere.
3314 4119 3436 4172 Hac

1864 4230 1992 4281 ergo
2039 4214 2302 4283 Cyzicena
2334 4211 2581 4273 formula,
2608 4225 2728 4278 qua:
2757 4209 2821 4262 de
2861 4210 2963 4263 lide
3006 4208 3215 4264 Nicmna
3250 4216 3436 4274 aperte

1865 4306 2211 4367 detrahebat,
2245 4304 2387 4357 inter
2431 4301 2712 4366 formulas,
2747 4302 2938 4371 quibus
2983 4301 3300 4372 subscripsit
3328 4297 3437 4352 Ett-

1865 4399 2120 4459 statbius,
2153 4406 2420 4465 postrema
2451 4404 2550 4448 est.

1947 4488 2147 4542 Prmter
2194 4489 2397 4540 litteras
2449 4489 2514 4540 ad
2563 4485 2836 4548 Daziuam,
2893 4501 3026 4555 quas
3072 4499 3170 4538 suo
3220 4484 3434 4538 nomine

195 4621 395 4674 levibus
428 4617 494 4669 de
519 4610 717 4666 'causis
745 4608 798 4660 in
829 4621 1090 4659 summam
1145 4603 1464 4657 discordiam
1495 4603 1756 4670 erupisse,
1794 4614 1836 4669 ῃ

1794 4614 1836 4669 ο
1868 4582 2109 4650 vulgavit
2158 4581 2484 4645 Eustathius,
2536 4579 2736 4649 sparsit
2779 4579 2940 4632 etiam
2982 4581 3035 4630 in
3093 4576 3276 4646 vulgus
3315 4576 3435 4643 Epi-

203 4729 300 4767 non
341 4711 558 4764 videbat
607 4703 878 4775 quomodo
922 4700 1041 4753 aliis
1092 4695 1398 4752 hominibus
1445 4695 1756 4758 confideret,

197 4806 281 4875 qui
317 4819 416 4858 nec
445 4808 593 4855 tanta
625 4813 652 4850 a
705 4809 761 4848 se
793 4802 1110 4861 acceperant
1146 4788 1345 4842 amoris
1381 4789 1622 4856 pignora,
1660 4801 1758 4839 nec

202 4905 340 4949 tanta
373 4893 641 4944 virtutum
689 4886 985 4954 specimiua
1017 4883 1314 4937 ediderant.
1350 4880 1533 4947 Itaque
1564 4877 1758 4942 litteris

201 4982 461 5039 Eustathii
496 4979 630 5032 nihil
665 4974 956 5044 respondit,
991 4987 1091 5026 non
1138 4980 1470 5036 contemptu,
1499 4968 1588 5020 sed
1629 4983 1758 5020 cou-

201 5077 300 5132 silii
326 5072 534 5142 inopia,
567 5068 783 5137 etquod
814 5066 945 5120 nihil
973 5065 1153 5118 dolore
1187 5064 1401 5129 dignum
1431 5060 1605 5128 eloqui
1632 5045 1758 5129 pos-

200 5179 295 5222 set.
341 5167 434 5220 Sic
477 5161 732 5216 affectum
769 5158 1024 5212 Basiliam
1063 5156 1228 5209 multo
1257 5156 1499 5222 graviora
1529 5166 1757 5219 excepe-

202 5266 340 5311 runt.
374 5251 690 5310 Eustathius
730 5251 902 5317 palam
931 5257 984 5300 et
1011 5257 1193 5317 aperte
1225 5247 1369 5299 virus
1404 5244 1566 5297 animi
1598 5243 1677 5295 sui
1706 5241 1757 5293 in

203 5349 388 5403 litteris
414 5346 598 5417 specie
632 5342 844 5414 quidem
880 5342 945 5397 ad
978 5341 1262 5412 quemdam
1289 5337 1560 5398 Daziuam,
1600 5349 1758 5401 quem

205 5442 424 5495 Basilius
477 5435 939 5507 religiosissimum
993 5434 1216 5487 fratrem
1270 5428 1518 5498 appellat,
1556 5428 1649 5480 sed
1684 5439 1763 5478 re-

269 5571 339 5640 (a)
370 5570 466 5639 Ep.
501 5567 622 5640 ΞΟ.

273 5635 342 5710 (ὁ)
379 5635 475 5708 Ep.
506 5639 635 5700 2H,
667 5654 719 5691 tt.
744 5635 797 5691 ‘2.

275 5726 344 5774 (ε)
377 5713 472 5779 Ep.
509 5711 632 5779 139.

275 5784 348 5850 id)
375 5777 471 5846 Ep.
505 5777 635 5850 εμ.
670 5794 722 5831 ιι.
745 5777 812 5850 7'5.

299 5847 344 5919 ι)
379 5852 474 5918 Ep.
504 5847 627 5910 226,
651 5866 704 5900 ιι.
731 5849 788 5919 2.

370 5916 465 5991 Ep.
493 5919 621 5984 244,
653 5937 705 5970 ιι.
745 5916 798 5972 5.

1869 4677 2068 4729 stolam
2112 4674 2290 4727 Basilii
2326 4673 2391 4726 ad
2429 4671 2838 4740 Apollinarium.
2887 4669 2991 4722 Sed
3035 4684 3152 4721 eam
3194 4668 3433 4736 profere-

1869 4769 1978 4832 bat,
2013 4765 2115 4821 noii
2153 4777 2207 4819 ut
2253 4784 2280 4819 a
2331 4765 2525 4818 Basilio
2560 4765 2758 4829 scripta
2815 4759 3007 4825 fuerat,
3043 4762 3133 4813 sed
3169 4759 3435 4815 adultera-

1870 4872 1999 4926 tam,
2057 4859 2192 4912 forte
2236 4861 2302 4912 ab
2342 4859 2462 4926 ipso
2506 4855 2803 4917 Eustathio,
2839 4863 2893 4905 ut
2937 4854 3126 4922 conjici
3161 4864 3339 4922 posset
3366 4869 3434 4908 ex

1872 4954 1954 5007 his
1985 4952 2172 5004 Basilii
2208 4951 2394 5002 verbis
2425 4949 2487 5018 (Ι)
2519 4964 2532 5001 :
2567 4947 2719 5012 Quod
2751 4950 2796 4999 si
2833 4946 3100 5014 proferunt
3145 4947 3437 5015 epistolam,

1889 5056 2133 5100 ca'terum
2167 5053 2286 5094 ante
2315 5056 2476 5093 annos
2513 5040 2692 5108 uiginti
2720 5041 2945 5108 quinque
2972 5041 3040 5091 ad
3065 5041 3227 5106 ipsum
3256 5039 3440 5108 (Apol-

1877 5133 2159 5202 linarium)
2183 5134 2452 5200 scriptam,
2478 5141 2524 5182 et
2555 5147 2615 5182 ne
2640 5131 2772 5181 lianc
2786 5132 2989 5196 quidem
3013 5140 3064 5181 ut
3090 5146 3119 5180 a
3152 5145 3231 5180 me
3247 5127 3438 5195 scripta

1878 5239 1975 5292 est,
1997 5227 2085 5281 sed
2108 5225 2493 5286 adulteratam;
2518 5240 2548 5274 a
2581 5223 2764 5291 quibus
2794 5233 2986 5286 autem,
3022 5220 3162 5274 Deus
3189 5223 3306 5283 scit,
3331 5232 3435 5276 etc.

1871 5323 2190 5387 (lorruptam
2237 5318 2287 5370 itt
2332 5332 2396 5368 eo
2445 5315 2612 5368 fuisse
2645 5324 2794 5383 putat
2841 5313 3239 5377 Tillemoutius,
3275 5316 3436 5377 quod,

1874 5429 1993 5467 cum
2043 5410 2274 5464 Basilius
2310 5409 2442 5461 nihil
2471 5409 2778 5476 scripsisset
2808 5415 3000 5476 praeter
3032 5407 3260 5461 amicam
3295 5409 3435 5460 salu-

1943 5556 2015 5619 (9)
2053 5549 2148 5619 Ep-
2181 5545 2308 5619 ἓξξεο
2342 5563 2396 5598 ιι·
2432 5545 2484 5619 7-

1940 5615 2014 5689 (li)
2047 5615 2142 5685 Ep.
2337 5632 2388 5669 tt.
2409 5615 2476 5689 _1.

1937 5686 1998 5762 (i)
2037 5686 2286 5762 Bp._22ti,
2325 5703 2376 5738 ιι.
2408 5686 2460 5739 5.

1937 5758 2000 5828 (j)
2037 5758 2171 5828 Ibid.

1933 5825 2007 5902 (75')
2039 5828 2135 5902 Ερο
2156 5826 2281 5902 ἓὲιὲν
2316 5843 2368 5878 υ-
2397 5825 2447 5902 ’i-

1941 5895 2002 5973 (ι)
2040 5898 2132 5969 Ep.
2158 5897 2286 5963 225,
2310 5914 2362 5952 ιι.
2400 5895 2455 5949 2.
