4214 6502
771 414 889 457 τνηι

2110 407 2643 467 PROLEGOMENA.

762 518 1060 574 tationem;
1097 517 1146 571 in
1174 532 1234 569 ca
1265 517 1516 587 epistula,
1549 536 1710 589 quam
1758 522 2073 579 Eustathius
2100 526 2341 593 profere-
2374 533 2418 588 A
2453 528 2585 592 129,
2622 529 2746 593 130,
2784 528 2904 592 151,
2936 529 3245 587 referuntur
3276 547 3303 587 a
3331 532 3674 594 Tillcmontio
3702 540 3770 597 ad
3801 550 4014 599 autum.

763 607 877 669 bat.
918 609 1112 661 lihrnm
1148 608 1221 663 De
1267 609 1476 677 Spiritu
1512 622 1694 666 sancto
1732 625 1937 682 peteret
1976 616 2044 671 ab
2072 616 2342 685 Apollina-

763 704 866 756 rio.
906 701 1021 756 lluc
1052 713 1257 769 spectat
1302 707 1445 772 quod
1480 705 1557 758 ait
1594 706 1644 758 in
1676 707 1906 775 epistola
1963 710 2027 762 ad
2058 708 2343 779 PatrOphi-

764 790 871 843 lum
904 793 978 858 (rt)
1009 810 1022 847 :
1056 791 1177 846 Non
1224 803 1395 847 tamen
1454 798 1517 849 de
1559 796 1763 864 Spiritu
1801 809 1981 854 sancto
2021 811 2110 853 aut
2151 802 2342 859 librum

764 897 845 933 me
874 882 939 935 ab
972 900 1032 937 eo
1062 897 1230 952 petere
1258 887 1469 940 memini
1508 898 1600 940 aut
1632 890 1845 943 missurn
1876 891 2129 958 accipere.

838 971 928 1027 IV.
964 974 1253 1043 Postquam
1301 993 1484 1033 rumor
1515 979 1583 1032 ad
1620 995 1863 1037 sanctum
1898 981 2169 1039 Melctium
2194 990 2343 1042 detu-

767 1066 827 1120 lit
881 1067 1145 1121 Eustathii
1194 1069 1245 1122 in
1290 1068 1347 1124 S.
1388 1070 1648 1127 Basilium
1691 1075 2019 1140 calumnias,
2071 1078 2254 1133 mirari
2284 1095 2343 1134 se

766 1160 1106 1228 signiﬁcavit.
1134 1162 1277 1228 quod
1315 1179 1509 1218 novum
1552 1166 1886 1237 Apollinario
1936 1169 2147 1224 crimen
2184 1169 2343 1223 inier-

774 1261 941 1314 retur,
973 1263 1033 1303 ac
1064 1251 1229 1306 multo
1270 1256 1462 1323 magis,
1493 1265 1549 1310 ut
1587 1257 1877 1311 verisimile
1909 1270 2012 1325 est,
2061 1260 2201 1329 quod
2234 1269 2340 1311 tam

770 1344 1005 1412 indignis
1040 1345 1215 1399 modis
1267 1345 1520 1401 Basilium
1554 1349 1869 1406 Eustathius
1910 1354 2198 1407 laceraret.
2231 1349 2344 1403 Mit-

770 1432 831 1485 tit
866 1432 915 1485 ei
941 1431 1185 1490 Basilius
1222 1435 1295 1507 (b)
1334 1437 1650 1506 Apollinarii
1708 1442 1867 1497 verba
1912 1442 2120 1495 famoso
2164 1441 2343 1496 libello

769 1525 836 1578 ab
889 1523 1175 1581 Eustathio
1228 1528 1513 1596 subjuncta
1546 1545 1558 1580 :
1592 1544 1658 1584 ex
1731 1549 1837 1601 quo
1894 1529 2208 1598 conjectura
2258 1544 2342 1587 est

770 1618 1004 1671 tmndtttn
1052 1620 1165 1674 lucc
1211 1619 1387 1675 oculis
1436 1621 1548 1677 suis
1606 1624 1801 1676 vidisse
1838 1621 2129 1677 Meletium.
2174 1622 2342 1694 Negat

772 1711 999 1766 Basilius
1045 1712 1239 1769 adduci
1287 1730 1346 1771 se
1393 1732 1570 1786 posse,
1616 1727 1671 1769 ut
1710 1716 1822 1771 lure
1860 1716 2122 1770 Eustathii
2182 1733 2341 1772 manu

768 1805 1031 1861 fabricata
1089 1809 1367 1863 existimet
1395 1824 1408 1860 :
1440 1823 1607 1878 seque
1641 1819 1888 1863 coactmn
1925 1809 2123 1864 fatetur
2152 1810 2339 1876 fuisse,

772 1911 882 1954 tum
927 1901 1329 1956 criminationis
1362 1901 1650 1968 diluenda,
1682 1912 1792 1955 tum
1838 1902 1960 1955 fidei
2012 1916 2125 1957 sua:
2162 1904 2342 1959 decla-
2376 1901 2414 1955 Β

768 1992 953 2046 ῐειιιάίΒ
985 2008 1170 2058 causa,
1221 1992 1643 2062 Apollinarium,
1678 2006 1735 2048 ut
1766 1996 2039 2051 hominem
2082 1996 2343 2053 Sabellis-

769 2098 851 2136 ttzn
878 2084 1095 2138 hmresis
1123 2082 1356 2146 affinem,
1393 2093 1602 2138 notare.

843 2177 917 2229 Ex
974 2191 1082 2246 quo
1125 2176 1355 2232 Basilius
1409 2176 1645 2249 Nicopoli
1692 2178 2046 2243 discesserat,
2101 2193 2156 2235 ut
2220 2180 2340 2235 fidei

770 2269 1055 2324 fur-mulam
1083 2270 1249 2325 ferret
1290 2270 1569 2326 Eustathio
1594 2313 1610 2338 ,
1640 2272 1769 2327 nihil
1797 2289 2017 2342 prorsus
2042 2273 2341 2338 Theodoto,

774 2377 1005 2430 quocum
1038 2377 1099 2417 ea
1132 2365 1199 2419 de
1231 2380 1287 2419 re
1317 2365 1736 2427 deliberaverat,
1778 2380 1957 2435 neque
1987 2381 2211 2434 parvum
2251 2382 2340 2421 ne.

773 2470 878 2522 que
909 2471 1160 2527 magnum
1202 2457 1263 2511 de
1306 2458 1573 2513 Eustathii
1603 2458 1763 2513 rebus
1790 2459 2108 2528 scripserat.
2144 2458 2347 2531 Repre-

774 2548 975 2602 hmsus
1015 2550 1082 2603 ob
1124 2563 1241 2603 eam
1286 2564 1398 2603 rem
1435 2567 1463 2603 a
1505 2548 1781 2606 Theodom
1818 2563 1974 2621 negat
2008 2553 2079 2623 (ε)
2109 2554 2246 2609 hanc
2275 2555 2348 2608 si-

770 2642 926 2696 lentii
963 2641 1044 2695 sui
1076 2656 1197 2695 esse
1219 2656 1458 2704 causam,
1492 2643 1634 2711 quod
1678 2660 1798 2711 qua:
1835 2644 1936 2699 sibi
1970 2645 2036 2700 ab
2066 2645 2347 2700 Eustatltio

770 2732 1107 2797 arciderant,
1138 2733 1452 2803 negligenda
1504 2734 1746 2800 duceret,
1785 2736 1879 2789 sed
1912 2737 2053 2805 quod
2098 2737 2340 2792 omnium

771 2824 913 2878 fama
940 2823 1214 2879 celebrata
1252 2836 1452 2879 essent.
1484 2823 1537 2880 ld
1566 2826 1710 2880 enim
1762 2828 1874 2896 ipse
1910 2834 2198 2879 curaverat
2239 2824 2346 2879 Eu-

773 2917 1027 2973 stathius.
1074 2916 1219 2972 Illius
1264 2918 1491 2989 injurias
1531 2918 1771 2973 breviter
1823 2925 2042 2969 enarrat
2080 2914 2333 2981 Basilius,

772 3027 837 3066 ac
869 3026 1067 3066 novum
1095 3010 1308 3065 facinus
1341 3010 1603 3080 adjungit,
1634 3010 1775 3080 quod
1807 3018 2006 3073 tamen,
2044 3018 2096 3061 ut
2126 3023 2346 3064 rumore

771 3111 1077 3170 acceptum,
1110 3114 1422 3155 asseverare
1463 3115 1570 3153 non
1612 3098 1794 3152 audet.
1857 3098 2155 3155 Ferebatur
2199 3101 2344 3156 enim

772 3192 1089 3247 Eustathius
1120 3190 1454 3246 reordinare.
1496 3188 1647 3256 Quod
1682 3189 1901 3259 quidem
1950 3190 2129 3245 minus
2158 3204 2342 3246 verum

775 3285 969 3349 fuisse,
997 3297 1060 3338 ac
1092 3283 1289 3338 merito
1316 3297 1598 3338 assensum
1636 3282 1945 3339 cohibuisse
1970 3282 2225 3337 Basilium
2279 3296 2345 3336 ex

771 3376 892 3429 aliis
940 3376 1058 3443 ejus
1106 3374 1302 3429 litteris
1342 3373 1571 3444 perspici
1626 3383 1822 3443 potest,
1860 3373 1910 3425 in
1964 3373 2159 3441 quibus
2203 3372 2344 3426 nulla

780 3480 1005 3534 prorsus
1035 3463 1192 3533 hujus
1233 3462 1455 3517 sceleris
1479 3463 1699 3517 mentio.
1734 3460 1896 3515 Forte
1920 3460 2206 3515 accusandi
2236 3458 2345 3513 Eu-

774 3560 965 3614 stathii
996 3559 1121 3613 inde
1166 3566 1291 3613 nata
1324 3557 1538 3613 occasio
1572 3558 1715 3627 quod
1748 3555 2036 3610 vehemens
2066 3565 2120 3608 et
2147 3555 2343 3608 immo—

774 3653 998 3708 deratus
1030 3652 1297 3707 interdum
1352 3652 1401 3704 in
1450 3651 1552 3704 hoc
1601 3663 1798 3720 genere
1851 3648 2061 3703 fuisset.
2116 3648 2250 3703 Nam
2295 3649 2345 3702 in

774 3746 971 3799 litteris
998 3747 1075 3815 (ά)
1107 3760 1243 3815 quas
1282 3744 1501 3813 scripsit
1538 3743 1799 3797 adversus
1850 3742 2127 3811 episcOpos
2161 3758 2188 3794 a
2221 3742 2346 3810 qui-

775 3838 877 3891 bus
912 3838 1190 3905 depositus
1234 3837 1433 3899 fuerat,
1479 3836 1709 3905 negabat
1741 3850 1835 3887 eos
1868 3850 1988 3887 esse
2032 3835 2343 3903 episcopos;

774 3930 967 3982 altaria
1012 3927 1261 3982 Basilidis
1285 3936 1588 3988 everterat,
1628 3940 1681 3990 et
1712 3928 1763 3978 in
1798 3926 2028 3993 propriis
2072 3925 2347 3979 sacrifiea-

780 4032 927 4076 verat
986 4020 1218 4084 mensis;
1262 4036 1325 4073 ac
1378 4020 1429 4072 in
1491 4019 1740 4079 ecclesiis
1793 4021 2035 4071 Amasea:
2088 4027 2138 4072 et
2192 4017 2349 4072 Zelo-

775 4134 895 4174 rum
925 4119 995 4190 (ε)
1021 4119 1368 4189 presbyteros
1398 4126 1453 4170 et
1480 4116 1741 4169 diaconos
1774 4130 1868 4183 per
1903 4130 1961 4169 se
1995 4117 2107 4183 ipse
2143 4115 2347 4167 consti-

776 4221 977 4266 luerat.

847 4304 901 4358 In
936 4319 1127 4357 manus
1155 4300 1412 4373 Olympii,
1447 4300 1537 4370 qui
1581 4301 1810 4371 insignis
1842 4308 1959 4354 erat
2017 4302 2157 4353 inter
2211 4295 2348 4352 Neo-

779 4397 1134 4451 ιοωςιιι-ἰειιεεε
1179 4396 1313 4449 civis
1354 4405 1407 4449 et
1462 4394 1664 4447 Basilio
1724 4393 1950 4458 amicus,
1990 4400 2353 4462 pervenerunt

781 4484 977 4537 litteras
1008 4481 1274 4534 Eustathii
1306 4482 1371 4531 ad
1419 4480 1707 4540 Dazinam;
1736 4492 1937 4546 easque
1983 4478 2168 4531 statim
2203 4475 2351 4529 Basi-

2450 636 2579 675 num
2629 621 2793 691 hujus
2855 622 2999 676 anni.
3050 621 3119 677 At
3159 625 3398 691 profecto
3442 625 3639 696 prima,
3665 646 3785 700 qua‘.
3814 643 3899 690 est
3943 636 4011 690 ad

2446 722 2690 765 sanctum
2742 713 3057 777 Eusebium,
3108 728 3213 767 non
3254 716 3427 771 solum
3479 726 3604 771 ante
3656 724 3919 781 violentas
3945 725 4011 780 ad

2449 804 2707 858 Danizam
2748 805 2955 860 litteras
3001 804 3336 870 collocanda,
3377 809 3475 865 sed
3522 811 3681 865 etiam
3731 828 3858 873 ante
3897 835 4009 881 eas,

2452 911 2586 966 quas
2616 896 2928 951 Eustathius
2953 913 2983 952 e
3010 896 3199 952 Cicilia
3241 899 3451 955 rediens
3483 902 3719 972 scripsit,
3768 918 3826 959 ut
3866 925 4014 964 com-

2446 990 2765 1042 tnunionem
2799 988 2995 1044 Basilio
3028 989 3383 1045 renuntiaret.
3414 991 3548 1048 Nam
3579 996 3632 1049 1⁸
3653 1005 3770 1051 erat
3798 1001 4012 1067 quidem

2447 1077 2698 1144 Basilius,
2726 1094 2848 1133 cum
2891 1080 2955 1134 ad
2983 1082 3272 1137 Eusebium
3304 1083 3545 1150 scripsit,
3575 1088 3712 1144 fixus
3734 1097 3789 1143 et
3818 1089 4012 1147 immo.

2448 1183 2533 1227 tus
2579 1176 2631 1228 in
2667 1173 2891 1229 consilio
2920 1173 3186 1230 Eustathii
3218 1192 3247 1231 a
3284 1191 3378 1231 sua
3420 1183 3802 1238 communione
3832 1196 4009 1237 remo-

2445 1265 2640 1330 vendi;
2687 1277 2741 1319 at
2767 1267 2975 1321 consilii
3013 1268 3173 1337 hujus
3200 1269 3507 1340 mquitatem
3538 1271 3615 1327 sic
3664 1276 3928 1343 defendit,
3956 1288 4016 1332 ut

2446 1370 2547 1411 nec
2583 1359 2943 1412 renuntiatam
2975 1361 3077 1415 sibi
3123 1361 3190 1415 ab
3233 1361 3515 1418 Eustathio
3556 1370 4014 1433 communionem,

2446 1463 2545 1502 nec
2580 1448 2819 1505 famosos
2869 1450 3100 1515 libellos,
3139 1453 3234 1506 sed
3270 1463 3477 1509 tantum
3520 1457 3749 1511 astutias
3782 1459 3925 1515 illius
3960 1468 4015 1516 et

2446 1540 2824 1598 cavillationes
2887 1553 3158 1599 rausctur.
3221 1545 3281 1599 2°
3313 1545 3596 1614 Eusebius,
3648 1563 3803 1617 quem
3855 1566 4016 1621 supra

2444 1633 2854 1691 observavimus
2883 1651 2987 1689 non
3025 1637 3202 1691 minus
3239 1640 3489 1693 amicum.
3518 1639 3819 1702 Eustatbio,
3855 1655 4017 1709 quam

2445 1730 2618 1797 ipsum
2656 1728 2932 1791 Basilium,
2961 1728 3151 1795 fuisse,
3179 1731 3256 1784 sic
3285 1730 3613 1785 discordiam
3642 1734 3783 1790 inter
3808 1743 4020 1787 utrum-

2448 1836 2552 1889 que
2587 1822 2778 1875 sedare
2814 1822 3148 1886 instituebat,
3179 1833 3236 1876 ιιι
3260 1822 3431 1892 ipsum
3464 1823 3718 1879 Basilium
3749 1827 4019 1896 quodam-

2448 1914 2606 1966 modo
2634 1914 3050 1983 reprehendere,
3087 1924 3141 1969 et
3170 1914 3313 1970 illius
3339 1916 3442 1971 hac
3472 1916 3527 1969 in
3576 1931 3633 1971 re
3662 1919 4022 1973 humilitatem

2448 2004 2726 2073 requirere
2770 1996 3157 2061 videreturQld
3193 2016 3342 2075 patet
3370 2022 3437 2061 ex
3469 2007 3559 2060 bis
3576 2008 3757 2063 verbis
3783 2007 3968 2063 Basilii
4006 2028 4019 2062 :

2449 2095 2594 2151 Tunc
2623 2116 2654 2151 α
2690 2116 2769 2153 me
2807 2098 3123 2151 humilitatis
3157 2098 3587 2167 signiﬁcationem
3631 2115 3861 2168 reposta.
3905 2098 4023 2155 Νοιι

2454 2204 2585 2263 ergo
2643 2192 2853 2246 viderat
2897 2190 3162 2246 Eusebius
3210 2189 3479 2259 epistulas
3549 2190 3667 2245 illas
3714 2192 4017 2257 Eustathii,

2446 2297 2674 2352 quarum
2709 2298 2810 2335 una
2850 2282 3279 2336 communionem
3329 2282 3671 2336 renuntiabat
3709 2282 3779 2337 ob
3818 2281 4029 2337 saluta-

2450 2384 2560 2428 tum
2597 2374 2725 2426 olim
2758 2389 2852 2441 per
2896 2373 3103 2426 litteras
3129 2372 3555 2442 Apollinarium;
3588 2371 3757 2428 altera
3789 2372 4022 2427 horren-

2448 2467 2529 2521 dis
2553 2465 3028 2521 criminationibus
3064 2465 3262 2521 referta
3294 2477 3410 2521 erat
3440 2486 3455 2521 :
3485 2477 3731 2538 utraque,
3759 2468 3804 2521 si
3835 2467 4020 2522 minus

2447 2574 2591 2627 spem
2635 2573 2851 2614 omnem
2892 2559 3173 2615 auferebat
3236 2560 3384 2629 pacis
3430 2560 3753 2623 sarciendae,
3789 2568 3845 2613 at
3878 2571 4031 2616 certe

2447 2652 2737 2706 accusandi
2778 2652 2960 2707 Basilii
3002 2662 3056 2707 et
3115 2653 3433 2706 humilitatis
3468 2652 3537 2705 ab
3585 2666 3650 2706 eo
3676 2654 4029 2723 reposcenda:

2451 2742 2623 2796 locum
2681 2743 2884 2797 nullum
2960 2742 3321 2811 relinquebat.
3392 2739 3447 2796 3°
3504 2741 3843 2812 Eustathius,
3900 2757 4028 2799 cum

2448 2828 2669 2897 scripsit
2698 2828 2949 2895 Eusebio,
2978 2828 3161 2885 Basilii
3197 2831 3635 2887 communionem
3669 2836 3735 2889 ad
3759 2849 3820 2890 se
3852 2842 4031 2887 retra-

2452 2920 2584 2976 here
2623 2920 2839 2977 volebat
2888 2922 3157 2994 ambiguis
3194 2923 3488 2995 responsis,
3521 2927 3718 2981 nedum
3760 2925 3833 2979 illi
3874 2938 4031 2979 cum-

2450 3014 2760 3069 munionem
2796 3014 2920 3085 ipse
2957 3015 3105 3084 prior
3129 3016 3513 3085 renuntiasset,
3540 3028 3633 3071 aut
3657 3018 3708 3069 in
3737 3013 3914 3069 oculis
3946 3021 4031 3068 to-

2454 3109 2561 3163 tius
2595 3122 2732 3177 pene
2764 3105 3003 3161 Orientis
3038 3116 3219 3161 notam
3250 3109 3543 3176 impletatis
3571 3106 3880 3162 inussisset.

2522 3201 2808 3255 Existimat
2846 3200 3219 3256 Tillemontius
3266 3201 3545 3266 Basiliam,
3593 3208 3877 3271 postquam
3919 3199 4029 3256 Ειιι

2454 3278 2710 3349 Stathidm
2746 3292 2879 3348 vidit
2914 3292 2981 3347 ad
3017 3305 3295 3349 extremas
3342 3293 3639 3348 iracundia:
3660 3292 4019 3364 signiﬁcatio-

2453 3400 2549 3439 nes
2579 3383 2787 3449 efferri,
2822 3385 3109 3442 nonnullas
3142 3386 3192 3442 ei
3229 3387 3379 3457 pacis
3426 3386 3767 3443 conditiones
3813 3385 4029 3450 tulisse,

2452 3492 2651 3547 easque
2684 3472 2985 3534 declinasse
3009 3497 3075 3533 ac
3108 3479 3507 3549 subterfugisse
3532 3478 3897 3533 Eustathium.
3920 3474 4029 3531 Sed

2454 3584 2517 3625 ex
2544 3585 2652 3639 quo
2687 3569 2999 3624 Eustathius
3033 3571 3293 3624 indictum
3317 3584 3646 3640 congressus
3670 3567 3846 3623 locum
3878 3568 4033 3624 adire

2461 3662 2656 3725 noluit,
2682 3663 2857 3715 nullus
2891 3662 3000 3730 jam
3031 3661 3214 3714 Basilii
3259 3676 3381 3713 cum
3410 3675 3475 3715 eo
3503 3674 3827 3729 congressus
3855 3660 4031 3714 exstio

2460 3753 2543 3819 tit,
2574 3752 2733 3807 nulla:
2764 3766 2987 3820 prorsus
3032 3751 3097 3804 ad
3139 3765 3263 3806 eum
3300 3750 3513 3806 litteraa.
3558 3749 3666 3805 Sed
3709 3765 3833 3806 cum
3867 3750 4036 3806 Euse-

2462 3848 2609 3901 bium
2636 3856 2789 3915 rogat
2816 3845 2913 3916 (It),
2942 3854 2997 3899 ut
3027 3861 3207 3899 earum
3228 3860 3345 3917 qua:
3367 3845 3596 3898 abinitio
3622 3846 3892 3914 proposita
3917 3844 4036 3915 fue-

2458 3953 2513 3991 re
2536 3938 2848 4002 meminerit,
2881 3952 2941 3992 ea
2976 3937 3225 4007 intelligit
3254 3953 3373 4007 qum
3403 3934 3642 4007 Nicopoli
3677 3937 3894 3992 rediens
3920 3936 4032 3991 Eu-

2456 4028 2653 4093 stathio
2686 4037 3058 4097 proposuerat,
3089 4043 3268 4095 nempe
3315 4040 3491 4080 utrum
3532 4043 3643 4092 eos,
3677 4028 3766 4097 qui
3800 4044 3904 4083 non
3943 4045 4030 4085 re-

2454 4120 2652 4185 cipiunt
2675 4118 2948 4171 Nicwnam
2985 4117 3160 4185 ﬁdem,
3196 4134 3468 4173 arceamus
3510 4136 3541 4171 a
3576 4119 3955 4183 communione,
3981 4127 4030 4171 et

2458 4222 2633 4263 utrum
2660 4225 2777 4261 cum
2823 4209 2910 4268 iis.
2951 4208 3039 4279 qui
3073 4219 3371 4262 creaturam
3402 4209 3571 4267 dicere
3603 4207 3859 4277 Spiritum
3900 4223 4029 4261 san-

2457 4313 2596 4356 ctunt
2628 4304 2844 4365 audent,
2879 4312 3079 4371 portent
3109 4303 3296 4357 habere
3329 4301 3572 4355 nolimus.
3614 4300 3738 4355 Ihec
3769 4300 3914 4354 enim
3948 4309 4030 4350 to-

2471 4393 2634 4447 tidem
2678 4392 2856 4447 verbis
2888 4392 3148 4446 habemus
3187 4393 3238 4445 in
3288 4392 3513 4443 formula
3542 4390 3683 4453 fidei,
3712 4390 3796 4444 cui
3827 4406 3856 4448 a
3881 4385 4037 4443 Basi-

2472 4488 2543 4541 lio
2571 4487 2859 4556 propositte
2883 4484 3199 4552 subscripsit
3225 4483 3552 4539 Eustathius.

782 4578 853 4627 lin
881 4572 1235 4643 pcrferendas
1264 4571 1476 4624 curavit
1524 4568 1617 4637 (ft,
1647 4568 1931 4635 suspicans
1977 4562 2035 4618 id
2077 4566 2219 4634 quod
2251 4583 2346 4619 usu

2538 4578 2690 4643 Quod
2720 4586 2929 4645 spectat
2958 4576 3021 4629 ad
3065 4588 3175 4628 tres
3210 4574 3347 4627 alias
3374 4574 3651 4643 epistolas,
3672 4572 3884 4641 scripta!
3906 4581 4033 4626 sunt

778 4666 981 4730 «venit,
1019 4664 1358 4720 Eustathium
1393 4676 1495 4715 ιιοιι
1541 4672 1648 4712 tam
1686 4661 1793 4712 cito
1830 4657 1947 4711 illas
1991 4655 2191 4711 Basilio
2223 4659 2353 4711 mis-

784 4772 993 4811 surum.
1027 4754 1081 4811 ld
1125 4756 1379 4827 colligere
1425 4767 1708 4824 possumus
1732 4768 1797 4805 ex
1841 4752 1923 4804 his
1952 4766 2069 4819 qua:
2098 4749 2353 4819 leguntur

774 4852 879 4905 sub
901 4848 1073 4903 .ﬁnem
1105 4848 1345 4919 epistolae
1372 4849 1435 4900 ad
1469 4846 1768 4918 Oiytnpium
1797 4862 1811 4899 :
1844 4842 1974 4898 ch
2007 4842 2237 4912 quidem,
2269 4842 2354 4896 in-

781 4940 899 5010 quit
928 4938 1029 5009 (g),
1058 4939 1126 4992 ad
1170 4939 1387 4990 missum
1425 4949 1622 4989 tomum
1656 4935 1919 5001 respondi,
1956 4944 2010 4985 ut
2052 4941 2099 4986 et
2126 4932 2237 5002 ipse
2273 4947 2359 4985 ve-

783 5037 988 5087 ritatem
1037 5031 1323 5099 intelligas.
1354 5043 1399 5083 et
1431 5031 1497 5081 iis
1548 5031 1640 5098 qui
1681 5029 1946 5082 raritatem
1992 5027 2045 5079 in
2091 5025 2354 5094 iujustitia

782 5128 1011 5180 detinere
1047 5124 1252 5185 nolunt,
1293 5123 1632 5192 manifestum
1673 5121 1860 5189 facias.
1899 5120 2132 5189 Exponit
2173 5121 2221 5173 ei
2251 5116 2354 5172 Ba-

782 5220 935 5272 silius
959 5216 1086 5287 quid
1116 5218 1180 5270 de
1201 5216 1436 5284 acceptis
1459 5215 1527 5268 ab
1562 5213 1848 5267 Eustathio
1879 5211 2093 5279 injuriis
2135 5211 2351 5275 sentiat,

779 5331 947 5383 seque
993 5332 1095 5370 nec
1130 5325 1237 5368 tres
1282 5315 1411 5367 deos
1449 5311 1737 5366 admittere
1770 5324 1868 5365 nec
1907 5325 2029 5365 cum
2083 5307 2355 5380 Apollina-

783 5411 863 5463 rio
888 5408 1297 5463 comnmnicare
1321 5407 1579 5460 declarat.

853 5499 1094 5565 Quatuor
1140 5499 1357 5562 litterae,
1399 5512 1537 5567 quas
1576 5494 1968 5562 recensuimus,
2000 5508 2189 5564 nempe
2230 5492 2353 5557 -l28,

851 5676 926 5778 tet
1081 5677 1211 5779 iii.-
1321 5680 1375 5734 δ·

1253 5908 1304 5945 ιι.
1339 5890 1405 5957 6;
1441 5890 1565 5960 251,
1594 5907 1648 5947 ιι.
1680 5886 1737 5960 2,
1768 5890 1820 5947 3.

2454 4680 2573 4740 post
2607 4669 2891 4739 epistolam
2927 4670 2993 4721 ad
3032 4666 3312 4730 llazinam,
3349 4668 3415 4721 de
3441 4684 3545 4737 qua
3578 4666 3902 4721 mentionem
3954 4663 4032 4717 fa-

2452 4759 2763 4815 ciunt:sed
2813 4774 2919 4813 non
2982 4757 3152 4811 multo
3199 4767 3319 4825 post
3368 4758 3586 4827 scripta:
3619 4757 3888 4809 videntur.
3920 4754 4033 4811 Re-

2461 4852 2692 4922 spondet
2742 4850 2885 4905 enim
2941 4849 3172 4904 Basilius
3228 4848 3440 4905 Meletio
3485 4859 3537 4903 et
3589 4847 3889 4913 Theodoto,
3937 4847 4033 4918 qui

2459 4959 2614 4999 suum
2658 4958 2724 4998 ex
2775 4941 3042 4996 Eustathii
3096 4941 3335 4997 facinore
3380 4952 3650 5009 stuporem
3694 4938 4037 5006 signiﬁcave-

2466 5045 2610 5100 rant,
2638 5034 2819 5089 statim
2859 5040 3029 5102 atque
3059 5032 3123 5084 ad
3152 5047 3338 5085 eorum
3382 5044 3540 5082 aures
3576 5028 3843 5097 pervenit.
3884 5024 4029 5081 Prte-

2468 5140 2611 5183 terea
2647 5136 2793 5195 patet
2827 5141 2892 5178 ex
2941 5125 3166 5193 epistola
3203 5125 3268 5177 ad
3299 5122 3564 5175 Meletium
3622 5121 3859 5174 nondum
3905 5127 4032 5173 tunc

2464 5223 2733 5288 ahjeetum
2762 5217 2933 5273 fuisse
2962 5219 3247 5272 consilium
3280 5215 3546 5270 scribendi
3579 5214 3631 5267 in
3654 5212 4028 5278 Occidentem,

2462 5313 2603 5380 quod
2626 5311 2677 5364 in
2709 5310 2904 5365 litteris
2942 5311 3042 5365 hac
3070 5320 3257 5365 testate
3285 5307 3503 5376 scriptis
3533 5306 3744 5376 penitus
3778 5317 4031 5359 evanuis-

2462 5417 2521 5457 se
2549 5403 2867 5457 videbimus.
2913 5401 2966 5455 Ιιι
3007 5400 3233 5470 epistola
3270 5410 3447 5453 autem
3482 5398 3545 5450 ad
3578 5394 3884 5467 Olympium
3932 5393 4028 5448 im-

2467 5493 2710 5566 probitas
2738 5494 3005 5548 Eustathii
3038 5508 3174 5563 pene
3195 5495 3372 5548 adhuc
3398 5476 3639 5562 utrisqné
3668 5487 3853 5543 Basilii
3885 5486 4032 5541 auri-

2530 5675 2599 5744 (ε)
2634 5676 2725 5743 Ep.
2750 5672 2874 5735 29.6,
2909 5691 2961 5727 ιι.

2542 5742 2610 5815 (ι’)
2642 5742 2735 5815 Ep.
2761 5745 2889 5807 3‘25,
2917 5762 2969 5799 ιι.
2998 5742 3043 5796 7.

2566 5814 2617 5884 g)
2654 5816 2750 5884 Ep.
2783 5814 2906 5877 151.
2937 5831 2992 5871 ιι.
3018 5815 3072 5871 2.

2541 5825 2619 5961 ιτς
2654 5825 2752 5956 ἓξὲξ
2783 5825 2903 5941 iiii:
