4214 6490
1558 427 1715 483 VITA
1754 426 1811 482 S.
1857 427 2119 490 BASILII.

218 520 312 577 bus
358 520 615 575 tinnitum
655 522 952 581 inferebat.
990 526 1108 597 Ipse
1159 528 1457 601 Olympius,
1496 550 1618 591 enm
1657 540 1794 593 scri-
1820 545 1869 599 Α
1898 543 2194 600 cedendum
2231 563 2373 613 esse,

219 615 362 668 ln'eret
390 610 617 677 Basilio,
652 616 943 672 dubitabat
978 633 1045 671 an
1090 623 1316 692 epistola
1345 625 1410 678 ad
1441 625 1695 683 Dazinam
1732 634 1786 683 in

215 705 322 768 eius
370 720 560 761 manus
606 710 967 778 pervenisset.
1011 709 1160 768 Unde
1192 714 1454 771 adductus
1496 729 1580 773 est
1621 731 1677 775 ut
1732 721 1790 777 il-

218 800 316 848 Iam
348 796 549 855 Basilio
580 805 844 855 mitteret.

288 888 507 947 Videtur
553 908 687 962 ergo
732 904 897 949 totam
943 899 1082 956 hanc
1124 902 1447 970 tragoediam
1476 908 1649 975 egisse
1680 906 1785 960 Eu-

218 982 445 1037 stathius
487 1000 515 1036 a
570 983 761 1040 diebus
798 983 1021 1045 Paschre
1069 1006 1240 1059 usque
1286 993 1351 1046 ad
1402 1011 1643 1051 mensem
1694 995 1789 1050 .Iu-

222 1073 385 1128 nium.
419 1074 565 1129 Nihil
594 1076 737 1130 enim
768 1079 967 1135 habent
991 1082 1207 1146 littcrte,
1230 1099 1364 1153 quas
1398 1087 1784 1155 reccnsuimus,

220 1164 282 1218 de
308 1167 632 1233 gravissimo
666 1173 873 1237 morbo,
900 1187 1007 1242 quo
1036 1171 1266 1231 Basilius
1296 1179 1399 1233 hac
1423 1188 1610 1233 testate
1640 1177 1787 1234 labo-

222 1258 354 1309 ravit
394 1273 409 1308 :
458 1267 512 1310 et
556 1274 677 1314 cum
729 1278 851 1317 eum
905 1266 1126 1319 morbus
1178 1265 1472 1323 detinuerit
1512 1283 1609 1339 per
1653 1270 1787 1327 duos

219 1362 429 1400 menses
456 1348 717 1419 (nondum
746 1354 889 1406 enim
928 1366 1149 1412 sanatus
1182 1369 1299 1413 erat
1335 1360 1422 1414 die
1452 1361 1787 1431 quinquage-

215 1436 392 1508 simo),
414 1455 479 1495 ac
500 1444 709 1499 tandem
727 1444 1054 1513 aliquantum
1075 1460 1366 1513 recreatus.
1392 1451 1588 1506 festum
1610 1451 1665 1509 S.
1687 1454 1789 1509 Eu-

214 1530 418 1600 psychii
465 1534 554 1589 die
606 1536 833 1601 septimo
894 1535 1224 1609 Septembris
1261 1542 1652 1611 celebraverit,
1699 1560 1785 1602 se-

219 1627 328 1681 rius
366 1642 555 1682 mense
597 1624 739 1681 Iulio
785 1630 1005 1688 ineunte
1046 1634 1100 1688 in
1132 1636 1378 1689 morbum
1417 1636 1654 1693 incidere
1677 1655 1783 1696 non

219 1720 409 1785 potuit,
437 1734 503 1773 ac
529 1720 751 1788 proinde
775 1722 969 1781 littera:
1000 1742 1119 1796 quae
1158 1728 1301 1782 hunc
1334 1729 1584 1783 morbum
1626 1741 1782 1786 ante-

216 1812 408 1865 cedunt
428 1812 497 1865 ad
521 1811 738 1870 Junium
775 1816 1072 1871 referenda:
1094 1856 1110 1883 ,
1138 1828 1192 1873 et
1225 1820 1390 1875 totius
1417 1822 1656 1879 historia:
1684 1825 1785 1879 ini-

3368 471 3460 512 Μι

2408 555 2500 609 sed
2528 556 2699 611 semel
2728 572 2830 611 una
2858 570 3014 630 parte
3036 560 3204 617 electa
3231 564 3464 636 reliquos

1889 647 1955 687 ex
2003 638 2315 693 testimonio
2352 656 2561 711 eorum,
2601 648 2796 717 quibus
2827 665 3088 709 concessa
3122 653 3285 711 fuerit
3313 672 3464 712 com-

1890 727 2093 791 munio,
2145 730 2511 788 admittendos
2549 755 2562 791 :
2608 743 2649 793 si
2682 742 2827 797 enim
2862 744 3039 801 nullus
3088 748 3139 803 in
3178 747 3261 803 his
3302 753 3463 805 rebus

1890 815 2153 874 habeatur
2183 820 2446 886 delectus.
2511 842 2609 880 usu
2645 845 2962 889 eventurum
3007 849 3064 890 ut
3104 841 3323 897 haeresis
3354 859 3460 897 ma.

1888 909 1968 976 gis
1995 912 2348 979 accendatur,
2380 916 2506 969 dum
2538 917 2597 981 ii,
2628 923 2719 989 qui
2774 930 2918 982 inter
2964 942 3024 983 se
3060 934 3295 990 maxime
3344 936 3461 991 dis-

1888 1005 2149 1071 Sentiunt,
2198 1012 2637 1065 communionem
2688 1012 3116 1077 Occidentalium
3169 1026 3284 1091 pari
3337 1027 3462 1097 jure

1890 1095 2144 1161 retinent,
2176 1108 2232 1152 et
2278 1112 2531 1172 acceptas
2567 1105 2638 1159 ab
2672 1106 2806 1175 ipsis
2864 1108 3072 1168 litteras
3128 1113 3230 1169 sibi
3276 1095 3461 1175 mutuo

1890 1183 2170 1253 objiciunt.

1959 1278 2223 1335 Redeunti
2263 1281 2625 1342 Sanctissimo
2660 1286 2889 1343 Basilius
2924 1292 3208 1361 epistolam
3246 1297 3347 1353 152
3373 1298 3463 1351 de-

1888 1369 1965 1423 dit
1994 1373 2059 1424 ad
2096 1374 2410 1429 Abramium
2442 1378 2733 1433 Batnorum
2766 1382 2815 1435 in
2850 1380 3234 1452 Mesopotamia
3254 1390 3461 1458 episco-

1887 1478 2037 1533 pum,
2069 1465 2225 1532 cujus
2256 1484 2450 1522 nomen
2484 1471 2680 1539 legitur
2710 1476 2853 1530 inter
2879 1476 3167 1547 episc0pos
3202 1479 3458 1537 Orienta-

1887 1554 2032 1609 lesin
2056 1556 2216 1625 epist.
2244 1556 2333 1611 92.
2371 1559 2717 1617 Venerandus
2761 1566 2853 1621 ille
2887 1568 3175 1639 episcopus
3204 1570 3458 1637 Basiliqu

1886 1647 1954 1701 ab
1990 1646 2144 1701 initio
2177 1647 2460 1713 dilexerat,
2496 1651 2546 1705 id
2572 1662 2676 1719 est,
2708 1669 2772 1707 ex
2804 1672 2909 1724 quo
2936 1672 3055 1715 sese
3097 1660 3242 1715 inter
3268 1678 3326 1718 se
3356 1680 3455 1719 no-

1885 1747 2099 1803 verant,
2140 1738 2370 1811 ideoque
2398 1739 2627 1798 Basilius
2650 1760 2791 1814 saepe
2819 1748 2885 1801 ad
2923 1763 3043 1805 eum
3088 1754 3329 1809 scribere
3357 1770 3457 1825 op-

1886 1836 2087 1895 tasset;
2139 1830 2229 1886 sed
2272 1848 2394 1887 cum
2454 1848 2520 1888 eo
2570 1833 2757 1892 Batnis
2804 1837 3003 1906 ejecto,
3034 1842 3171 1898 varii
3215 1857 3462 1901 rumores

217 1902 369 1968 tium,
403 1902 453 1956 id
488 1913 590 1969 est,
620 1906 801 1961 Basilii
834 1908 936 1961 iter
977 1908 1030 1963 in
1080 1908 1390 1969 Armeniam
1441 1915 1624 1970 statim
1667 1925 1787 1984 post
1822 1900 1864 1955 Β
1892 1917 2184 1987 ferrentur,
2240 1923 2362 1979 aliis
2409 1939 2532 1980 eum
2586 1926 2905 1996 Samosatis,
2960 1932 3080 1987 aliis
3128 1950 3256 1992 rure
3313 1951 3459 2006 esse,

214 1992 416 2049 I'ascha
447 1996 846 2051 collocandum.

277 2087 358 2142 Ad
396 2088 538 2141 idem
572 2098 805 2158 tempus,
828 2108 936 2161 quo
968 2109 1115 2165 spem
1144 2098 1294 2165 pacis
1320 2097 1518 2151 nullam
1552 2098 1787 2169 relique-

217 2184 293 2229 rat
326 2177 663 2243 Eustatbius,
706 2182 871 2239 refert
911 2185 1286 2243 'I‘illemontlus
1346 2190 1484 2244 hanc
1529 2190 1785 2246 brevissi-

216 2282 349 2322 mam
388 2268 636 2341 Gregorii
683 2272 1009 2329 Nazianzeni
1068 2278 1345 2345 epistolam
1394 2282 1461 2335 ad
1513 2284 1787 2353 Amphilo-

211 2360 385 2415 chium
412 2362 488 2435 (a)
521 2383 535 2419 :
568 2365 644 2417 Οὐ
678 2365 951 2436 βάρϐαρον
978 2366 1037 2420 τὸ
1061 2369 1341 2442 ἐπίταγμα
1377 2375 1474 2444 τῆς
1506 2375 1781 2447 ἀμιμήτου

213 2474 300 2511 σου
343 2460 766 2527 καλοκάγαθίας,
805 2463 917 2516 ἀλλ’
957 2464 1282 2537 Ἑλληνικὸν,
1335 2471 1532 2540 μᾶλλον
1573 2472 1627 2525 δὲ
1660 2475 1785 2545 Χρι-

215 2551 504 2603 στιανικὸν.
543 2553 603 2604 'O
646 2552 703 2605 δὲ
748 2554 1059 2626 Ἀρμένιος,
1114 2560 1196 2626 ἐφ’
1224 2553 1269 2626 ᾧ
1314 2562 1456 2613 πάνυ
1503 2564 1783 2634 φιλοτιμῇ,

214 2640 481 2715 βάρϐαρος
514 2645 796 2719 ἀντικρὺς,
833 2648 925 2701 καὶ
957 2650 1237 2721 πόρρωθεν
1260 2652 1361 2722 τῆς
1399 2655 1670 2726 ἡμετέρας
1697 2674 1783 2725 φι-

211 2732 475 2803 λοτιμίας.
510 2736 632 2792 Non
673 2739 1002 2794 barbaricum
1047 2753 1120 2795 est
1154 2743 1491 2797 inimitabilis
1522 2757 1625 2797 tum
1657 2763 1780 2815 pro-

213 2828 380 2880 bitatis
425 2830 678 2895 edictum,
729 2831 819 2885 sed
874 2830 1134 2891 Crn'cum.
1166 2835 1269 2886 imo
1312 2833 1691 2890 Christianum.
1716 2840 1782 2890 At

213 2920 510 2984 Armenius,
546 2923 609 2975 de
641 2941 740 2992 quo
765 2924 1030 2993 gloriaris,
1079 2926 1334 2979 barbarus
1398 2927 1549 2992 plane
1593 2938 1691 2991 est,
1722 2946 1783 2982 ac

215 3010 360 3077 longe
392 3028 424 3063 a
452 3021 633 3065 nostra
656 3015 810 3067 laude
832 3025 877 3066 et
906 3014 1220 3083 gloriatione
1250 3028 1496 3070 remotus.

295 3101 353 3157 ν.
388 3102 473 3155 Ad
505 3102 603 3158 has
638 3102 902 3158 Eustathii
953 3105 1256 3160 calumnias
1301 3106 1433 3161 illud
1464 3112 1780 3180 accedebat,

216 3203 269 3246 ut
299 3194 503 3247 nullum
562 3208 787 3263 prorsus
824 3195 964 3249 diem
996 3197 1064 3250 ab
1118 3196 1297 3251 exsilii
1351 3199 1513 3253 minis
1544 3201 1777 3255 solutum

214 3282 443 3339 Basilius
519 3284 761 3339 haberet.
836 3286 1263 3356 lmpetraverant
1326 3287 1393 3341 ab
1455 3289 1781 3358 imperatore

214 3375 421 3440 Ariani,
458 3386 518 3431 ut
544 3376 589 3431 is
612 3392 799 3430 eorum
827 3378 1084 3431 voluntati
1111 3381 1435 3433 traderetur.
1469 3378 1599 3444 Sed,
1630 3392 1781 3437 ante-

214 3482 372 3535 quam
403 3468 671 3521 scriberet
698 3468 763 3520 ad
798 3466 1066 3523 Meletium
1102 3468 1331 3525 Basilius
1357 3469 1465 3541 (ὁ),
1499 3474 1784 3530 nuntiave-

216 3567 295 3611 rat
332 3558 552 3627 quidam
596 3573 663 3612 es
711 3558 831 3613 aula
870 3561 1113 3625 veniens,
1148 3562 1250 3618 hoc
1296 3564 1575 3621 decretum
1608 3578 1785 3622 muta-

218 3660 323 3704 tum
359 3648 552 3716 fuisse,
580 3665 644 3705 ac
672 3650 899 3720 iussisse
934 3652 1340 3724 imperatorem,
1377 3667 1435 3710 ut
1481 3658 1658 3728 aliqua
1702 3661 1785 3714 di-

217 3743 343 3799 latio
368 3743 546 3800 ﬁeret.
582 3742 767 3816 Itaque
799 3746 928 3815 quid
987 3746 1226 3802 futurum
1257 3757 1421 3813 esset,
1458 3750 1677 3804 omnino
1705 3753 1787 3805 in-

215 3844 417 3891 certum
441 3847 579 3893 erat.

279 3928 583 3984 Mirabatur
634 3930 686 3983 in
738 3930 923 3984 eadem
957 3929 1185 4001 epistola
1216 3930 1464 3999 Basilius,
1497 3932 1638 4003 quod
1671 3942 1788 3988 tan-

216 4020 304 4076 diu
330 4022 725 4077 Sanctissimus
764 4024 903 4092 apud
931 4020 988 4077 S.
1018 4021 1288 4079 Meletium
1323 4035 1647 4081 moraretur.
1678 4026 1785 4083 Sed

216 4126 332 4166 cum
391 4126 520 4180 spes
563 4110 835 4165 mittendae
874 4112 925 4165 in
971 4112 1318 4167 Occidentem
1362 4114 1644 4183 legationis
1679 4115 1785 4170 cito

215 4199 518 4265 evanuerit,
554 4210 609 4251 ut
636 4199 792 4252 modo
818 4198 1138 4264 videbimus,
1166 4200 1253 4254 vix
1279 4202 1497 4256 dubium
1520 4212 1626 4269 est,
1655 4204 1782 4273 quin

219 4288 354 4342 nulla
383 4305 509 4344 eum
534 4289 647 4357 jam
700 4290 787 4345 his
839 4292 892 4345 in
927 4290 1059 4346 locis
1104 4293 1377 4346 detinente
1412 4309 1594 4360 causa,
1630 4296 1783 4351 initio

223 4380 427 4433 aestatis
455 4380 697 4436 redierit.
723 4380 991 4437 Attulerat
1022 4381 1166 4437 enim
1209 4381 1424 4439 Meletio
1450 4395 1782 4440 commenta-

224 4472 352 4526 rium
384 4472 445 4526 S.
472 4472 692 4529 Eusebii
732 4476 799 4529 de
832 4476 932 4529 hac
958 4474 1221 4531 mittenda
1248 4477 1516 4547 legatione
1549 4488 1603 4534 et
1634 4479 1780 4535 litte-

223 4575 303 4615 ras
334 4558 398 4615 S.
435 4559 641 4626 Basilii,
676 4564 766 4631 qui
801 4560 861 4619 8.
903 4558 1172 4621 Meletium
1216 4569 1435 4639 rogabat
1459 4568 1551 4639 (c),
1584 4576 1641 4623 ut
1664 4569 1781 4639 epi-

1888 2006 2007 2063 aliis
2036 2010 2181 2065 circa
2236 2012 2436 2069 Batnas
2473 2016 2616 2084 ipsas
2661 2020 2868 2075 versari
2923 2024 3306 2094 narrantibus;
3343 2028 3460 2083 haec

1886 2100 2119 2155 varietas
2173 2105 2488 2160 nuntiorum
2532 2107 2789 2164 Basiliunt
2828 2113 2897 2166 ab
2933 2121 3195 2168 autumno
3232 2131 3460 2187 suspen-

1886 2204 2007 2244 sum
2039 2203 2095 2245 ct
2123 2193 2414 2249 sollicitum
2445 2207 2710 2255 tenuerat.
2741 2203 2809 2256 At
2849 2203 2934 2258 ubi
2965 2218 3087 2257 eum
3131 2204 3321 2260 didicit
3348 2207 3461 2262 Aa-

1887 2280 2102 2336 tiochize
2153 2283 2206 2337 in
2259 2284 2465 2340 :edibns
2513 2287 2793 2346 Saturnini
2850 2294 3064 2348 comitis
3106 2298 3458 2363 commorari,

1886 2382 1996 2429 tum
2026 2390 2153 2430 vero
2179 2375 2412 2433 libenter
2451 2379 2710 2438 facultate
2749 2386 3087 2443 Sanctissitni
3122 2403 3255 2445 usus
3285 2400 3371 2446 est
3400 2399 3461 2447 ut

1883 2480 2005 2521 eum
2029 2468 2314 2523 salutaret.

1954 2558 2104 2615 Ilanc
2142 2572 2319 2616 autem
2358 2562 2637 2632 epistolam
2673 2566 2771 2621 hoc
2806 2582 2946 2624 anno
2988 2569 3254 2625 collocare
3288 2571 3453 2628 malui

1883 2661 2045 2717 quam
2080 2666 2218 2705 anno
2256 2653 2379 2718 376,
2415 2670 2522 2724 quo
2577 2658 2757 2726 plures
2794 2660 3058 2730 ejusmodi
3103 2661 3308 2718 litteras
3350 2662 3457 2719 Ba-

1883 2739 1989 2793 silii
2025 2742 2244 2808 pertulit
2273 2743 2685 2803 Sanctissimus.
2719 2751 2843 2803 Istae
2866 2750 3006 2805 enim
3037 2753 3102 2807 de
3134 2753 3269 2811 Imtis
3297 2757 3461 2813 rebus

1883 2844 1949 2885 ex
2003 2828 2295 2887 Occidente
2342 2835 2517 2891 allatis
2564 2839 2779 2908 scriptas
2831 2850 2978 2897 sunt.
3020 2841 3075 2896 In
3129 2843 3229 2899 hac
3278 2854 3457 2902 autem

1882 2920 2016 2975 nihil
2066 2937 2288 2991 prorsus
2337 2924 2621 2993 ejusmodi.
2676 2926 2937 2984 Praeterea
2993 2946 3114 2985 cum
3167 2931 3460 2989 Sanctissi-

1884 3024 2003 3064 mus
2035 3026 2139 3065 non
2174 3012 2395 3067 redierit
2430 3028 2575 3068 anno
2602 3015 2727 3081 57d,
2765 3016 2863 3069 nisi
2892 3029 3154 3072 autumno
3179 3021 3291 3090 jam
3330 3019 3460 3078 alle-

1881 3108 1969 3152 0to
1992 3138 2006 3165 ,
2051 3115 2154 3154 non
2189 3113 2315 3157 tunc
2342 3105 2568 3159 dixisset
2610 3105 2836 3161 Basilius
2868 3123 2925 3163 se
2955 3109 3242 3165 sollicitum
3270 3114 3337 3168 ab
3366 3128 3457 3168 au-

1886 3196 2074 3245 tumno
2108 3191 2316 3258 fuisse;
2350 3195 2460 3263 jam
2499 3196 2640 3250 cnim
2676 3205 2823 3253 totus
2862 3214 3034 3257 annus
3071 3201 3381 3261 eﬂlusisset.

2414 3349 2643 3407 CAPUT
2692 3351 2926 3409 XXVIII.

1884 3484 1925 3543 I.
1971 3484 2029 3540 S.
2079 3484 2310 3538 Basilius
2350 3486 2535 3538 scribit
2586 3484 2744 3538 Petro
2792 3484 3173 3551 Alexandrino,
3216 3485 3455 3553 Pconio,

1954 3566 2001 3609 et
2048 3554 2302 3624 Diodoro.
2352 3554 2412 3624 I_l_.
2456 3554 2650 3607 Incidit
2694 3557 2749 3608 in
2800 3557 3169 3624 gravissimum
3219 3557 3457 3613 morbum

1958 3636 2005 3680 et
2037 3625 2216 3678 scribit
2260 3623 2315 3678 S.
2348 3621 2599 3677 Eusebio.
2644 3621 2845 3677 Rumor
2879 3628 2942 3680 de
2974 3627 3120 3680 illius
3154 3636 3338 3679 morte.
3375 3629 3458 3682 Ad

1958 3710 2124 3761 aquas
2151 3693 2352 3747 calidas
2378 3696 2754 3762 proﬁciscitur,
2791 3697 2925 3749 unde
2945 3698 3121 3751 scribit
3154 3696 3453 3765 Antipatro.

1958 3765 2043 3817 III.
2086 3761 2346 3834 Invisilur
2378 3767 2442 3817 ab
2490 3764 2728 3834 Evagrio,
2766 3775 2812 3818 et
2854 3764 2913 3820 S.
2959 3765 3303 3834 Hieronymo.
3339 3765 3453 3821 Im-

2031 3804 2043 3816 .
2086 3778 2346 3834 Invtsttur
2378 3778 2442 3817 ab
2490 3778 2728 3834 bragrto
2766 3778 2812 3818 et
2854 3778 2913 3820 δ.
2959 3778 3303 3834 Hieronymo.
3339 3778 3457 3821 1m-

1957 3834 2162 3901 plorant
2202 3832 2316 3901 ejus
2355 3832 2658 3901 pra'sidiuin
2699 3833 2970 3889 Sebasteni
3010 3832 3308 3889 orthodoxi.
3356 3835 3457 3891 Vo-

1957 3915 2109 3958 catur
2142 3903 2211 3955 ad
2257 3906 2555 3958 electionem
2605 3906 2831 3973 episcopi
2878 3904 3193 3959 Iconiensis.
3230 3904 3320 3959 IV.
3359 3906 3459 3961 Die

1956 3974 2121 4027 morbi
2160 3976 2585 4042 quinquagesimo
2618 3976 2797 4028 scribit
2846 3975 2907 4033 S.
2958 3974 3203 4041 Eusebio,
3247 3990 3308 4028 ac
3350 3992 3455 4030 non

1957 4044 2122 4096 multo
2149 4056 2260 4105 post
2306 4045 2677 4097 Alexandrinis
2730 4056 2777 4097 et
2824 4046 3181 4099 Antias/leuis.
3230 4043 3296 4101 Ὺ.
3325 4044 3458 4101 Duc

1958 4113 2017 4168 S.
2040 4111 2252 4182 Eusebii
2283 4114 2493 4177 litterae,
2513 4115 2697 4180 quibus
2727 4119 2998 4182 respondet
3041 4115 3293 4169 Basilius.
3339 4114 3456 4180 Quo

1960 4180 2457 4252 sensuABosporium
2482 4184 2580 4235 sibi
2607 4180 2912 4252 adjunctus»
2938 4202 3098 4251 nuper
3120 4186 3281 4251 fuisse
3303 4186 3455 4240 dicit.

1958 4250 2049 4306 γι.
2084 4250 2251 4305 Nulla
2279 4255 2376 4306 hoc
2406 4270 2544 4307 anno
2569 4250 2788 4308 Romam
2818 4258 2974 4309 missa
3004 4250 3217 4325 legatio.

1955 4390 1998 4449 I.
2048 4387 2180 4445 Cum
2227 4389 2508 4460 migrasset
2545 4389 2595 4443 in
2644 4390 2842 4445 caelum
2900 4391 2955 4443 S.
3000 4388 3327 4445 Athanasius
3372 4389 3460 4447 die

1887 4483 2124 4541 secunda
2169 4483 2292 4538 Maii
2324 4482 2484 4551 hujus
2519 4484 2647 4537 anni
2684 4484 2811 4549 573,
2853 4484 3013 4552 eique
3043 4482 3232 4539 Petrus
3261 4498 3459 4555 magno

1809 4601 1858 4665 ι)
1892 4575 2146 4631 Ecclesia:
2176 4574 2556 4629 Alesandrime
2592 4576 2780 4642 plausu
2811 4575 3199 4641 successisset;
3231 4574 3464 4631 Basilius

222 4650 409 4705 stolam
441 4653 510 4706 ad
539 4650 909 4711 Occidentales
936 4670 1205 4714 exararet.
1262 4660 1427 4716 Valde
1470 4662 1614 4715 enim
1659 4678 1783 4732 pro-
1809 4650 1853 4665 ”
1881 4667 2119 4738 acceptis
2164 4667 2310 4722 illius
2359 4670 2425 4721 de
2472 4680 2623 4720 more
2665 4664 2861 4720 litteris
2908 4666 3180 4735 respondit
3219 4680 3314 4735 per
3350 4668 3460 4736 epi-

223 4739 378 4798 bahat
404 4742 636 4803 Basilius
667 4745 871 4815 legatos
899 4749 955 4803 in
982 4747 1328 4805 Occidentem
1356 4753 1523 4814 mitti.
1552 4754 1645 4808 sed
1682 4769 1779 4810 ne—
1878 4760 2072 4818 stolam
2112 4757 2237 4823 I35,
2262 4757 2315 4811 in
2342 4771 2448 4826 qua
2480 4754 2721 4810 declarat
2747 4754 2934 4824 quanti
2969 4754 3132 4809 iaciat
3159 4755 3457 4810 amicitiam

223 4848 322 4902 que
378 4838 434 4890 in
488 4840 884 4894 commentario
938 4842 1079 4910 quod
1118 4842 1341 4897 miserat
1399 4842 1458 4898 S.
1496 4845 1781 4909 Eusebius,
1878 4849 2045 4915 Petri,
2074 4862 2235 4914 quam
2266 4862 2371 4901 non
2402 4846 2646 4916 corporei
2678 4846 2841 4911 oculi,
2888 4846 2985 4901 sed
3037 4849 3235 4902 donum
3279 4846 3457 4919 Spiri-

226 4940 393 4997 neque
428 4927 545 4997 ipse
583 4944 683 4983 sua
711 4938 900 5000 sponte
949 4933 1241 5003 quidquam
1284 4935 1610 5003 reperiebat,
1640 4936 1782 5006 quod
1881 4952 1975 4997 tus
2026 4939 2201 4996 sancti
2247 4938 2652 4995 conciliaverat.
2687 4936 2904 4993 Minime
2937 4937 3142 4993 dubitat
3185 4939 3316 5009 quin
3358 4939 3462 4994 Pe-

228 5030 329 5071 rem
369 5033 698 5089 causamque
720 5021 1020 5076 contineret
1051 5023 1127 5094 (ά)
1156 5041 1170 5077 :
1198 5035 1480 5094 propterea
1510 5028 1650 5095 quod
1684 5042 1782 5081 ne-

226 5109 453 5163 cessaria
482 5109 593 5177 jam
641 5124 1013 5181 prmoccupata
1056 5125 1248 5182 erant,
1286 5115 1554 5185 superﬂua
1603 5128 1780 5173 autem

227 5200 459 5257 scribere
491 5216 716 5272 prorsus
738 5204 951 5272 inutile,
983 5214 1037 5260 et
1064 5207 1131 5261 de
1175 5208 1364 5263 iisdem
1406 5209 1566 5263 rebus
1615 5210 1785 5267 mole-

228 5292 377 5347 stiam
404 5292 669 5349 exhibere
705 5296 992 5351 ridiculum
1048 5298 1362 5355 videbatur.
1401 5298 1525 5355 Ilzcc
1574 5310 1783 5357 tantum

230 5385 510 5440 videbatur
553 5385 630 5441 illi
674 5388 871 5443 intacta
910 5402 1032 5445 esse
1081 5392 1332 5458 materia,
1361 5392 1405 5447 si
1437 5406 1799 5450 monerentur

232 5475 599 5534 Occidentales
630 5493 734 5533 non
767 5482 883 5536 sine
904 5480 1109 5551 judicio
1134 5498 1198 5538 ac
1221 5484 1429 5540 delectu
1452 5485 1787 5545 communio-

233 5580 344 5622 nem
376 5569 461 5637 iis,
488 5568 579 5639 qui
609 5584 677 5624 ex
704 5568 923 5629 Oriente
957 5574 1179 5630 veniunt
1226 5584 1318 5629 aut
1361 5576 1626 5645 scribunt,
1657 5593 1787 5634 con-

296 5770 369 5905 iii
529 5769 730 5909 133;...
759 5839 815 5896 2.

1889 5044 2027 5099 trus,
2077 5040 2136 5086 ut
2182 5032 2313 5085 tanti
2363 5029 2466 5085 viri
2512 5030 2781 5096 alumnus,
2827 5045 2891 5086 ac
2931 5030 3086 5102 longa
3140 5030 3282 5086 illius
3327 5044 3461 5085 con-

1890 5122 2174 5181 suetudine
2219 5136 2369 5184 usus.
2420 5122 2609 5176 eodem
2660 5122 2849 5190 spiritu
2894 5122 3128 5188 incedat,
3163 5136 3226 5176 ac
3269 5120 3456 5177 eadem

1894 5218 2141 5285 dogmata
2192 5222 2469 5283 sequatur.
2515 5212 2826 5269 Obtestatur
2867 5224 2925 5267 ut
2961 5212 3246 5268 Athanasii
3289 5212 3343 5267 in
3394 5226 3458 5269 se

1888 5321 2126 5381 amorem
2156 5320 2280 5361 cum
2312 5306 2524 5361 czeteris
2557 5307 2711 5361 rebus
2737 5306 2995 5375 excipiat,
3029 5319 3093 5359 ac
3124 5320 3264 5374 saepe
3296 5307 3363 5359 ad
3395 5320 3456 5360 se

1892 5398 2117 5462 scribat,
2150 5406 2205 5453 et
2250 5396 2605 5453 fraternitatis
2646 5398 2843 5467 ubique
2891 5394 3099 5453 diffusae
3137 5411 3324 5451 curam
3362 5409 3458 5451 eo-

1892 5488 2015 5543 dem
2043 5489 2242 5551 studio,
2276 5504 2338 5545 ac
2373 5489 2716 5545 beatissimus
2742 5490 2831 5543 ille
2860 5490 2959 5553 vir,
3001 5490 3282 5561 suscipiat.
3320 5488 3456 5544 Cum

1890 5578 2003 5634 hzec
2056 5578 2322 5635 scriberet
2374 5580 2639 5649 Basilius,
2700 5582 2933 5637 nondum
2988 5581 3181 5638 allatus
3236 5590 3353 5636 erat
3403 5579 3457 5635 in

1984 5778 2032 5844 ε)
2064 5778 2159 5847 Ep.
2191 5779 2313 5834 190.

1984 5779 2032 5844 c)
2064 5779 2159 5847 Ep.
2191 5779 2310 5834 190.

1955 5779 2034 5921 id)
2064 5849 2159 5921 Ep.
2190 5849 2310 5906 129.
