4214 6486
741 438 809 480 cx
2106 421 2634 479 PilOLEGOMI‘JNA.

743 534 1138 602 Cappadociam
1187 534 1579 603 persecutionis
1619 537 1802 589 statim
1849 546 1966 608 post
2000 537 2140 592 Petri
2180 542 2389 600 ordi-A
2424 549 2677 592 recentes
2732 541 2909 593 adhuc
2973 550 3128 592 erant
3192 540 3526 598 calamitates
3580 562 3644 601 ex
3723 547 3990 603 divisione

750 627 1021 682 nationem
1056 628 1300 681 excitata:
1335 628 1576 684 nuntius.

821 716 1042 772 Videtur
1093 726 1352 771 statutum
1408 719 1661 773 habuisse
1717 720 1945 776 Basilius
1997 721 2072 791 (τι)
2130 725 2311 777 statim

741 822 866 873 post
917 811 1118 863 Pascha
1185 809 1473 862 Eusebium
1552 811 1994 868 Samosatensem
2058 814 2309 868 invisere.

745 899 848 953 Sed
902 902 948 953 ei
992 908 1066 952 tot
1117 899 1497 968 impedimenta
1533 915 1986 970 supervenerunt,
2019 914 2076 957 ut
2103 904 2314 959 deside-

744 993 879 1044 rium
912 1006 1066 1042 suum
1105 991 1320 1059 explere
1362 1009 1468 1047 non
1509 996 1758 1063 potuerit.
1789 993 2101 1048 Eustathius
2132 995 2306 1049 diaco-

743 1098 841 1135 nus
885 1083 934 1135 in
965 1098 1181 1151 gravem
1216 1086 1461 1139 morbum
1495 1087 1764 1153 delapsus,
1800 1087 2026 1140 detinuit
2057 1102 2178 1140 eum
2220 1104 2314 1157 per

740 1182 879 1226 tatus
925 1175 1057 1228 duos
1104 1191 1338 1239 menses,
1382 1180 1505 1232 dum
1544 1179 1683 1230 diem
1729 1191 1793 1229 ex
1828 1179 1912 1231 die
1947 1177 2086 1230 illius
2120 1178 2316 1233 valetu-

740 1265 918 1317 dinem
976 1277 1274 1333 exSpectat.
1335 1269 1536 1322 Deinde
1577 1284 1765 1324 omnes
1815 1272 1903 1338 qui
1953 1286 2072 1323 cum
2114 1270 2312 1326 Basilio

742 1365 921 1417 erant,
961 1355 1012 1409 id
1045 1366 1150 1422 est,
1181 1359 1363 1412 clerici
1403 1360 1454 1410 in
1491 1360 1608 1428 ejus
1641 1360 1802 1413 domo
1838 1365 2110 1432 degentes,
2139 1379 2312 1433 mgro-

740 1457 924 1500 tarunt
963 1464 977 1511 ;
1040 1463 1103 1502 ac
1145 1458 1416 1519 postremo
1458 1450 1569 1516 ipse
1606 1450 1837 1506 Basilius
1871 1453 2024 1522 longa
2076 1464 2123 1507 et
2172 1455 2314 1523 peri-

737 1539 922 1593 culosa
956 1541 1274 1606 aegritudine
1305 1553 1608 1610 correptus.

809 1630 889 1684 Ad
927 1630 1059 1683 illud
1104 1639 1339 1700 tempus,
1372 1649 1479 1703 quo
1508 1634 1838 1702 argi-orabant
1889 1635 2066 1690 Basilii
2105 1638 2308 1701 clerici,

739 1723 990 1776 ridentur
1023 1723 1211 1778 referri
1261 1741 1416 1793 posse
1459 1725 1700 1794 epistolae
1747 1728 1849 1782 fit
1891 1739 1944 1782 et
1990 1730 2109 1789 155.
2143 1731 2308 1785 altera

737 1812 802 1864 ad
857 1811 1138 1866 Pmonium
1198 1815 1609 1885 presbyterum,
1667 1816 1834 1871 altera
1902 1818 1965 1870 ad
2021 1818 2309 1874 Diodorum

737 1907 1038 1961 Antiochia:
1086 1910 1489 1977 presbyterum.
1540 1908 1791 1963 Paeonius
1835 1921 1943 1964 tum
1991 1913 2219 1980 primum
2250 1916 2313 1968 ad

739 1995 1000 2049 Basilinm
1056 1997 1379 2063 scripserat,
1413 1997 1636 2066 ejusque
1686 2012 1905 2067 accepta
1953 2000 2175 2066 epistola
2215 2001 2313 2054 Ba-

736 2088 890 2141 silius
945 2085 1215 2141 silentiuin
1266 2089 1520 2154 przetcriti
1580 2095 1838 2158 temporis
1890 2091 2115 2145 moleste
2174 2092 2310 2148 tulit.

731 2197 966 2251 eiunqne
1014 2190 1071 2234 ut
1134 2193 1321 2251 pergat
1383 2185 1623 2238 scribere
1673 2185 1943 2240 hortatur.
1987 2185 2155 2252 Negat
2213 2184 2312 2238 sibi

735 2273 901 2326 ullum
954 2273 1142 2328 adesse
1197 2276 1590 2346 Calligraphum
1646 2286 1739 2330 attt
1816 2277 2237 2346 tat-liygraphum
2295 2293 2309 2330 ι

737 2380 876 2432 quos
933 2365 1076 2418 enim
1124 2379 1481 2432 exercuerat,
1533 2368 1723 2423 borum
1776 2369 1864 2421 alii
1917 2371 1982 2420 ad
2029 2368 2311 2437 pristinum

735 2458 859 2508 vita:
923 2457 1225 2512 institutum
1284 2462 1595 2525 redierant,
1653 2462 1740 2512 alii
1791 2461 2065 2515 diuturnis
2115 2462 2314 2518 morbis

733 2551 913 2604 amicti
951 2551 1162 2606 labores
1188 2552 1327 2606 ferre
1358 2569 1458 2605 non
1487 2563 1751 2622 poterant.

809 2644 1069 2698 Diodorus
1117 2645 1396 2714 presbyter
1441 2661 1560 2698 eum
1599 2645 1737 2699 duos
1776 2645 1945 2701 libros
1990 2647 2042 2700 in
2078 2647 2316 2714 dialogo-

735 2749 854 2786 rum
889 2750 1090 2788 morem
1123 2746 1308 2789 contra
1335 2735 1614 2790 hmreticos
1649 2737 1982 2805 scripsisset,
2019 2753 2080 2790 ac
2114 2736 2315 2790 Basilio

735 2823 992 2892 legendos
1040 2834 1094 2880 et
1138 2826 1525 2879 examinandos
1572 2827 1852 2891 misisset;
1902 2841 2052 2881 suam
2094 2827 2141 2879 ei
2192 2842 2315 2879 sen—

735 2917 955 2970 tentiam
988 2916 1212 2970 Basilius
1233 2916 1305 2986 (ὁ)
1333 2917 1448 2971 sine
1472 2916 1591 2970 fuco
1608 2918 1828 2986 exponit
1856 2936 1867 2970 :
1902 2933 1961 2971 ac,
1989 2919 2039 2970 in
2081 2918 2315 2971 secundo

736 3008 951 3075 quidem
996 3008 1160 3062 multa
1192 3008 1394 3073 laudat,
1436 3011 1486 3063 in
1518 3011 1708 3079 primis
1746 3010 1969 3080 simplex
2009 3025 2106 3063 nec
2144 3009 2320 3064 elabo-

737 3107 915 3151 ratum
978 3101 1189 3155 dicendi
1250 3118 1452 3171 genus,
1509 3103 1817 3158 Christiano
1887 3107 2121 3158 maxime
2189 3121 2317 3159 con-

737 3203 974 3257 gruens;
1037 3191 1087 3242 iu
1149 3192 1321 3246 altero
1368 3202 1543 3247 autem
1591 3197 1680 3261 qui
1746 3195 1955 3264 longior
2009 3208 2140 3262 erat,
2191 3199 2316 3251 illud

739 3279 1104 3346 reprehendit,
1158 3281 1322 3349 quod,
1368 3297 1489 3335 cum
1542 3298 1804 3350 personas
1858 3286 2159 3340 indelinitas
2195 3290 2315 3341 Dio-

741 3372 909 3425 dorus
961 3369 1240 3426 induceret
1294 3372 1595 3441 loquentes,
1640 3376 2072 3429 adversariorum
2109 3379 2315 3446 vitupe-

741 3463 842 3525 ria,
892 3474 1305 3532 nostrorumque
1366 3465 1551 3520 laudes
1611 3467 1899 3523 intexeret.
1951 3469 2208 3538 Proponit
2265 3473 2313 3526 ei

739 3555 982 3621 exempla
1027 3572 1147 3609 cum
1204 3558 1516 3613 Aristotelis
1571 3569 1622 3610 et
1673 3559 2060 3629 Theophrasti,
2112 3563 2201 3629 qui
2261 3564 2312 3617 in

745 3647 970 3716 dialogis
1010 3648 1310 3703 scribendis
1358 3651 1540 3703 statim
1590 3667 1674 3704 res
1720 3653 1864 3721 ipsas
1906 3656 2310 3724 aggrediuntur,

748 3756 849 3794 nec
885 3741 1193 3796 Platonicos
1234 3742 1441 3810 lepores
1471 3745 1670 3797 imitari
1723 3747 1940 3812 audent,
1994 3757 2102 3802 tum
2156 3751 2314 3806 etiam

745 3833 914 3900 ipsius
941 3831 1204 3894 Platonis,
1245 3835 1334 3901 qui
1380 3836 1466 3888 ubi
1509 3853 1769 3904 personas
1815 3839 2121 3894 indefinitas
2161 3843 2318 3894 indu-

744 3924 837 3987 cit,
883 3924 932 3976 id
975 3924 1116 3991 quod
1163 3923 1287 3976 ferit
1319 3925 1370 3976 in
1414 3925 1644 3993 legibus,
1690 3941 1793 3980 non
1829 3926 1939 3993 jam
1982 3944 2075 3982 eas
2112 3933 2318 3987 comico

744 4029 895 4069 more
942 4015 1222 4077 describit,
1278 4031 1376 4070 nec
1417 4015 1710 4085 quidquam
1747 4018 2028 4072 admiscet
2079 4025 2317 4077 sermoni

741 4108 889 4177 quod
943 4123 1298 4176 personarum
1361 4111 1636 4178 proprium
1703 4111 1792 4163 sit.
1848 4111 2072 4167 Fatetur
2139 4114 2319 4184 itaque

746 4199 999 4267 Basilius,
1029 4201 1117 4254 ubi
1146 4217 1370 4269 persona
1401 4203 1450 4254 in
1479 4203 1800 4256 deteriorem
1827 4213 2032 4268 partem
2066 4208 2317 4263 omnibus

746 4293 959 4361 cognita
1017 4291 1324 4359 subjicitur,
1373 4291 1625 4344 nonnulla
1674 4307 1737 4345 ex
1783 4291 1926 4347 illius
1977 4293 2151 4350 indole
2195 4314 2318 4351 ora-

746 4384 874 4437 tioni
924 4398 1079 4450 posse
1127 4383 1327 4445 iutexi,
1378 4383 1422 4436 si
1484 4394 1659 4437 tamen
1716 4383 2078 4443 Christianum
2131 4390 2318 4445 deceat

747 4490 1007 4545 personas
1037 4475 1256 4529 omissis
1290 4476 1450 4528 rebus
1482 4475 1809 4544 vituperare.
1852 4478 1922 4530 At
1955 4480 2042 4532 ubi
2077 4495 2320 4548 persome

747 4568 1041 4622 indelinitae
1088 4568 1382 4630 disserunt,
1420 4567 1680 4636 ejusmodi
1721 4569 1785 4619 ad
1829 4584 2084 4636 personas
2129 4587 2322 4626 excur-

745 4660 897 4713 sibus
927 4660 1192 4713 orationis
1223 4658 1417 4713 seriem
1455 4658 1656 4710 frustra
1694 4659 2032 4729 interrumpi.
2077 4661 2197 4716 llaec
2226 4663 2319 4716 Ba-

748 4754 906 4809 silius
938 4753 1192 4820 ingenue,
1227 4759 1283 4805 ut
1317 4767 1522 4818 :eqnnm
1561 4749 1796 4819 jmlicem
1831 4751 2095 4818 decebat;
2128 4771 2224 4809 nec
2260 4764 2319 4810 ut.

746 4843 947 4913 scripta
989 4844 1288 4911 corrigeret
1331 4841 1611 4906 Diodorus,
1652 4840 1743 4894 sed
1789 4851 1845 4894 ut
1880 4851 2026 4896 esset
2064 4843 2316 4912 deinceps

747 4936 800 4989 in
837 4935 1123 4990 scribemlo
1151 4934 1399 4996 cautior;
1433 4932 1579 4985 illum
1614 4932 1754 4985 enim
1783 4942 1960 4999 sperat
1999 4931 2147 5000 plura
2179 4935 2316 4987 scri-

747 5041 986 5099 pturum.
1023 5025 1264 5079 Primum
1313 5024 1362 5077 ei
1411 5022 1604 5076 librum
1641 5023 1881 5087 remittit,
1929 5023 2155 5077 alterum
2203 5041 2316 5079 ser-

751 5131 860 5181 vat.
891 5119 1196 5172 describere
1241 5114 1448 5174 volens.
1493 5129 1590 5167 nec
1629 5114 1839 5181 copiam
1861 5114 2088 5183 jbahens
2133 5117 2318 5187 tachy-

749 5211 958 5282 graphi.
989 5209 1215 5264 Causam
1249 5222 1352 5261 non
1377 5203 1555 5269 affert,
1579 5219 1678 5259 cur
1699 5216 1883 5258 careat
1907 5206 2272 5277 tacbygrapho
2299 5224 2312 5258 :

748 5303 844 5356 sed
875 5302 1089 5356 videtur
1113 5301 1320 5362 eadem,
1365 5314 1427 5352 ac
1464 5298 1518 5352 in
1558 5297 1835 5366 superiore
1864 5297 2113 5365 epistola,
2148 5299 2320 5353 exsti-

749 5397 900 5448 tisse.
970 5394 1169 5447 Deinde
1222 5407 1351 5446 Vero
1406 5390 1546 5460 quod
1597 5389 1761 5451 addit,
1818 5389 1899 5442 Ad
1941 5399 2140 5443 tantam
2186 5391 2323 5443 enim

751 5486 1026 5554 penuriam
1089 5483 1387 5538 invidenda:
1462 5481 1833 5551 Cappadocum
1905 5499 1985 5537 res
2039 5485 2320 5548 devenere,

753 5592 876 5631 cum
931 5577 1133 5645 optime
1192 5576 1446 5630 convenit
1498 5575 1549 5629 in
1605 5574 1745 5630 hunc
1793 5589 1998 5631 annum
2045 5575 2169 5643 373,
2215 5590 2322 5642 quo

827 5774 904 5843 (al
933 5773 1031 5843 Ep.
1061 5775 1180 5829 156.

821 5846 903 5916 (ο)
934 5846 1026 5915 Ep.
1062 5846 1182 5902 t35.

2418 629 2764 698 Cappadocite
2809 642 2975 694 ortm;
3022 639 3131 683 tum
3186 648 3309 686 vero
3357 647 3457 685 non
3497 635 3723 694 obscure
3765 640 3986 704 indicat,

2417 736 2511 776 cur
2553 721 2779 784 librarii,
2812 733 2868 775 ut
2897 733 2978 777 est
3023 722 3072 775 in
3121 727 3398 791 Superiore
3428 726 3673 794 epistola,
3702 736 3768 787 ad
3802 734 3985 801 pristi-

2417 829 2512 866 nas
2561 825 2708 868 artes
2753 817 3059 869 rediissent.
3104 812 3157 866 ιιι
3189 819 3329 870 cnim
3375 829 3432 874 ut
3476 819 3736 885 facerent,
3778 828 3987 879 videtur

2417 920 2508 960 eos
2548 906 2789 974 coegisse
2827 907 2875 960 di
2900 907 3125 962 ﬂicultas
3171 913 3520 977 comparandi
3547 915 3715 966 victus
3742 929 3806 967 ex
3841 919 3986 982 ejus-

2419 994 2558 1050 modi
2592 1007 2726 1059 arte,
2753 998 2838 1050 cui
2886 999 2936 1050 in
2971 1014 3177 1052 summa
3214 1009 3469 1066 egestate,
3507 1020 3568 1058 ac
3626 1004 3982 1061 litteratorum

2419 1086 2692 1140 hominum
2717 1078 2895 1150 luctu,
2933 1107 3158 1158 quorum
3209 1091 3450 1161 plerique
3507 1099 3692 1151 urbem
3747 1098 3985 1165 relique-

2417 1187 2558 1244 rant,
2607 1198 2710 1235 non
2762 1181 3053 1251 plurimum
3108 1186 3204 1239 loci
3252 1200 3369 1238 esse
3439 1198 3664 1254 poterat.
3718 1191 3983 1244 Praeterea

2416 1285 2536 1324 cum
2569 1273 2714 1328 dicat
2776 1274 3023 1339 Basilius,
3068 1278 3166 1331 sibi
3207 1294 3303 1332 nec
3335 1293 3428 1346 per
3462 1280 3841 1347 valetudinem,
3886 1298 3985 1337 nec

2414 1379 2512 1433 per
2553 1369 2761 1436 negotia
2803 1369 3049 1420 scribere
3082 1367 3267 1434 licere,
3300 1371 3350 1423 id
3383 1383 3694 1440 argumento
3730 1386 3813 1428 cst
3859 1391 3982 1429 eum

2418 1458 2483 1510 ad
2516 1473 2653 1526 Opus
2684 1460 2748 1511 de
2778 1457 2979 1525 Spiritu
3007 1469 3216 1522 saneto,
3250 1463 3392 1527 quod
3425 1478 3563 1516 anno
3584 1461 3686 1517 574
3707 1465 3986 1522 elaborare

2417 1547 2659 1618 incaepit,
2691 1554 2924 1603 nondum
2961 1558 3086 1604 tunc
3117 1552 3352 1604 animum
3381 1555 3708 1624 adjunxisse.

2491 1682 2553 1737 lt.
2599 1685 2842 1742 Basilius
2878 1698 2999 1757 post
3035 1687 3267 1744 cleriCos
3306 1705 3431 1745 suos
3475 1701 3576 1745 tam
3614 1692 3761 1760 gravi
3797 1694 3986 1748 morbo

2416 1789 2698 1846 correptus
2743 1789 2842 1838 est.
2898 1788 2954 1834 ut
3013 1795 3134 1834 cum
3195 1779 3335 1834 illius
3389 1783 3809 1851 magnitudinem
3867 1799 3972 1838 non

2349 1879 2600 1971 Bposset
2647 1871 2986 1936 exprimere,
3041 1886 3104 1925 ex
3162 1871 3276 1941 ipso
3331 1883 3602 1927 consuetae
3660 1876 3986 1930 valetudinis

2418 1967 2558 2012 statu
2601 1959 3007 2019 dijudicandam
3057 1963 3404 2033 relinqueret.
3458 1965 3545 2019 Ait
3587 1967 3727 2020 enim
3780 1984 3838 2022 se
3891 1968 3983 2039 (c),

2415 2051 2544 2102 dum
2618 2052 2798 2104 valere
2875 2053 3166 2117 videretur,
3247 2058 3603 2112 inﬁrmiorem
3665 2060 3730 2114 iis
3798 2060 3982 2123 fuisse,

2415 2157 2645 2209 quorum
2692 2144 2836 2197 salus
2874 2148 3193 2214 desperatur
3233 2166 3245 2202 :
3283 2150 3421 2201 umle
3468 2167 3571 2202 non
3624 2151 3836 2219 illepide
3875 2153 3985 2205 col-

2415 2233 2531 2304 ligit
2578 2235 2791 2289 habitus
2830 2237 3200 2302 mutationem,
3250 2253 3351 2290 nou
3391 2239 3654 2302 morbmn,
3703 2242 3794 2294 sed
3847 2257 3987 2307 pra:-

2415 2328 2772 2382 clarissimam
2824 2329 3180 2385 valetudinem
3220 2346 3338 2385 esse
3389 2330 3656 2385 debuisse.
3719 2329 3987 2386 Discimus

2419 2439 2483 2477 ex
2531 2424 2691 2490 epist.
2741 2422 2834 2476 Hi
2884 2423 3010 2476 nihil
3051 2424 3099 2478 ei
3147 2425 3318 2494 magis
3364 2425 3656 2489 obstitisse,
3699 2426 3989 2495 quominus

2425 2513 2565 2564 vires
2601 2519 2896 2577 repararet,
2929 2526 3086 2578 quam
3133 2514 3366 2566 inusnun
3415 2531 3479 2567 ex
3522 2515 3758 2568 molestis
3799 2515 3980 2571 Eccle-

2420 2602 2512 2654 sia:
2554 2601 2889 2669 temporibus
2937 2604 3196 2656 dolorem.
3235 2603 3396 2659 Forte
3443 2610 3580 2661 idem
3625 2610 3774 2660 dolor
3823 2612 3990 2664 totius

2419 2692 2593 2744 morbi
2639 2708 2799 2745 causa
2858 2694 3084 2748 exstitit.
3129 2693 3259 2747 Nam
3323 2708 3514 2763 praeter
3564 2699 3828 2751 horrenda
3878 2699 3988 2752 Eti-

2417 2781 2599 2835 stathii
2654 2782 2912 2852 facinora,
2974 2803 3078 2842 non
3136 2805 3322 2858 parum
3380 2789 3676 2857 angebatur
3728 2790 3871 2858 quod
3921 2789 3988 2843 ab

2418 2872 2546 2939 ipsis
2597 2874 2882 2943 episcopis.
2938 2879 3257 2946 quibuscum
3312 2880 3694 2933 communione
3752 2885 3980 2949 conjun-

2417 2971 2536 3018 ctus
2580 2973 2719 3028 erat,
2766 2966 2896 3019 nihil
2933 2969 3112 3022 auxilii
3150 2969 3214 3021 ad
3260 2985 3345 3024 res
3395 2970 3799 3025 ecclesiasticas
3846 2972 3991 3024 acci-

2419 3068 2589 3126 peret.
2641 3059 2693 3111 In
2735 3059 2958 3126 epistula
3013 3061 3111 3115 156
3158 3065 3234 3133 (η.
3281 3063 3358 3134 2),
3410 3079 3569 3132 quam
3627 3064 3761 3116 lecto
3802 3061 3991 3116 afﬁxus

2422 3149 2637 3218 scripsit
2684 3151 2748 3203 ad
2807 3149 3132 3216 Eusebium,
3179 3153 3495 3222 ingemiscit,
3540 3156 3678 3223 quod
3727 3153 3987 3222 episcopi,

2347 3254 2388 3310 (ς
2424 3241 2546 3293 dum
2601 3256 2713 3295 sua:
2749 3243 2978 3312 quisque
3026 3246 3300 3299 securitati
3337 3246 3640 3306 consulunt,
3677 3259 3866 3311 parum
3897 3259 3991 3296 cu-

2422 3343 2538 3386 rent
2574 3351 2695 3402 quae
2734 3340 2799 3390 ad
2837 3339 3136 3404 proximum
3187 3349 3448 3407 spectant,
3490 3353 3586 3393 nec
3630 3338 3788 3390 rebus
3834 3351 3989 3390 com-

2429 3427 2683 3479 munibus
2750 3432 2887 3482 male
2941 3433 3257 3485 cadentibus
3308 3433 3543 3500 privatas
3590 3429 3748 3482 simul
3805 3429 3984 3498 perire

2424 3516 2748 3586 intelligant.
2805 3519 3026 3572 Fatetur
3086 3538 3188 3574 non
3253 3523 3520 3575 indicente
3577 3520 3807 3574 Eusebio
3874 3521 3990 3574 haec

2425 3605 2542 3660 ﬁeri
2583 3626 2596 3662 :
2632 3623 2752 3662 eum
2802 3610 2941 3662 cnim
2988 3611 3170 3663 omnia
3222 3611 3360 3665 velut
3399 3628 3462 3666 ex
3507 3614 3718 3679 specula
3754 3614 3986 3679 quadam

2420 3698 2852 3768 prospicientem,
2905 3700 3038 3754 alios
3076 3709 3131 3753 et
3179 3700 3378 3756 litteris
3411 3713 3465 3756 et
3512 3702 3854 3757 sermonibus
3891 3705 3991 3757 ad-

2426 3794 2701 3847 hortatum
2767 3808 2920 3857 esse,
2969 3794 3211 3863 nihilque
3269 3795 3592 3849 intentatum
3653 3795 3988 3865 reliquisse;

2423 3891 2586 3949 atque
2625 3882 2767 3935 illius
2805 3883 3131 3937 monitorum
3169 3883 3502 3946 memoriam,
3540 3894 3596 3937 nt
3633 3900 3860 3954 quaeque
3900 3901 3989 3941 res

2424 3971 2641 4034 accidit,
2680 3972 2849 4025 oculis
2892 3973 3194 4037 obversari,
3225 3975 3316 4027 sed
3352 3989 3454 4026 non
3490 3975 3686 4029 idcirco
3712 3991 3799 4028 res
3832 3991 3986 4030 com-

2421 4076 2612 4114 munes
2649 4060 2912 4129 adjuvari.
2951 4062 3041 4115 Sic
3070 4065 3317 4116 desertus
3346 4063 3412 4115 ab
3439 4065 3702 4132 episcopis
3737 4065 3989 4131 Basilius,

2420 4158 2681 4202 statuerat
2710 4159 2864 4203 extra
2897 4151 3264 4204 ecclesiastica
3296 4166 3414 4204 esse
3447 4151 3570 4216 tela,
3604 4152 3654 4205 id
3690 4163 3792 4218 est,
3827 4161 3882 4205 ut
3914 4155 3989 4208 ait

2421 4256 2580 4308 supra
2628 4241 2678 4293 in
2726 4243 2883 4309 epist.
2921 4242 2986 4295 ad
3016 4240 3310 4305 Urbicium,
3349 4242 3683 4296 inimicorum
3718 4246 3887 4300 furori
3931 4263 3988 4303 se

2422 4333 2742 4396 subducere,
2788 4350 2908 4387 cum
2956 4349 3016 4388 se
3064 4335 3384 4405 imparatum
3426 4343 3480 4388 et
3535 4335 3794 4391 inermem
3836 4339 3985 4394 vide-

2423 4434 2504 4478 ret
2546 4442 2559 4478 :
2594 4441 2655 4479 ac
2703 4425 2877 4495 ipsum
2912 4427 3058 4479 illum
3097 4426 3307 4480 Eusebii
3346 4438 3688 4495 conspectum
3731 4440 3784 4483 et
3823 4431 3990 4487 collo-

2425 4517 2628 4585 quium,
2676 4532 2705 4570 λ
2746 4533 2854 4587 quo
2897 4534 3017 4572 eum
3061 4533 3278 4572 suorum
3321 4519 3490 4572 morbi
3533 4533 3595 4572 ac
3638 4520 3830 4576 deinde
3861 4537 3992 4576 suus

2352 4605 2394 4660 D
2427 4611 2826 4674 abstraxerant,
2869 4626 2976 4664 non
3013 4612 3076 4664 ad
3107 4626 3464 4674 communem,
3492 4612 3583 4664 scd
3616 4617 3684 4666 ad
3716 4615 3990 4682 propriam

2423 4718 2574 4756 suam
2630 4703 2909 4757 utilitatem
2949 4704 3255 4771 :qumrebat.
3312 4701 3517 4772 Scripta
3575 4713 3659 4759 est
3711 4705 3825 4759 hare
3875 4707 3990 4775 epi-

2425 4795 2561 4848 stola
2635 4806 2925 4863 autequam
2981 4795 3412 4864 Basilius‘aqnis
3470 4797 3660 4850 calidis
3721 4807 3986 4868 uteretur,

2426 4904 2532 4957 quo
2580 4891 2821 4944 remedio
2869 4904 3022 4943 usum
3066 4903 3124 4943 se
3182 4904 3300 4944 esse
3348 4889 3479 4944 dicit
3535 4891 3587 4944 in
3631 4894 3984 4960 sequentibus

2425 4980 2682 5050 epistolis.

2500 5119 2639 5169 Ante
2695 5115 2820 5168 illud
2877 5114 2999 5176 iter,
3051 5113 3190 5181 quod
3234 5112 3434 5168 Basilio
3479 5115 3544 5168 ad
3592 5130 3760 5185 aquas
3816 5117 3987 5186 impe-

2429 5217 2618 5259 rarunt
2647 5206 2862 5264 medici.
2893 5205 3102 5258 videtur
3129 5207 3416 5274 contigisse
3458 5206 3599 5273 quod
3645 5209 3758 5275 ipse
3799 5218 3986 5263 narrat

2429 5297 2480 5349 in
2527 5296 2748 5364 epistola
2796 5294 2914 5348 Mi.
2955 5293 3154 5347 Audito
3182 5293 3298 5362 ejus
3334 5297 3522 5349 mortis
3561 5298 3770 5362 nuntio,
3825 5314 3986 5353 vene-

2427 5399 2549 5441 runt
2595 5387 2829 5456 episcopi
2874 5386 3214 5452 Caesaream;
3257 5387 3348 5440 sed
3391 5388 3544 5442 vivus
3578 5389 3645 5443 ab
3677 5390 3756 5444 eis
3785 5392 3975 5458 depre-

2426 5481 2659 5541 hensus,
2713 5479 2876 5533 etiam
2938 5488 3102 5548 atque
3157 5479 3316 5531 etiam
3372 5494 3464 5533 eos
3527 5479 3842 5534 adhortatus
3900 5491 3985 5535 est

2426 5574 2491 5626 ad
2527 5571 2779 5626 Ecclesiae
2820 5570 3204 5636 defensionem,
3239 5585 3302 5626 ac
3337 5568 3429 5627 Dei
3453 5572 3711 5640 judicium
3747 5572 3828 5629 eis
3862 5583 3984 5628 ante

2499 5771 2568 5843 (c)
2604 5770 2698 5841 Ep.
2731 5772 2849 5836 136,
2884 5784 2938 5822 n.
2969 5774 3016 5833 ί,
