4214 6512
1588 421 1743 477 VITA
1785 420 1842 477 S.
1884 419 1966 475 BA
1977 419 2150 475 SILII.

3375 432 3466 477 OX!

229 535 404 586 oculos
436 532 639 597 posuit,
673 532 727 587 id
768 533 911 604 quod
954 532 1061 603 jam
1096 543 1251 587 antea
1285 547 1383 603 per
1418 534 1627 591 litteras
1653 550 1793 603 prae—
1823 536 1869 594 Α
1899 534 2154 589 Romanis
2190 544 2413 586 exarata
2451 530 2698 601 epistola,
2731 530 2941 598 qualem
2975 529 3038 583 ad
3076 545 3133 585 se
3173 530 3240 585 ab
3272 529 3466 587 Orien-

229 633 452 675 Slllf‘l’al.

298 712 427 765 Tum
467 728 594 765 cum
633 714 791 782 aquis
836 713 1023 769 calidis
1061 725 1347 770 curaretur
1381 714 1629 777 Basilius,
1667 729 1796 769 suc-

231 806 392 857 cessit
453 806 741 873 Antipater
791 806 1021 860 Maximo
1073 808 1324 874 praesidi,
1379 808 1463 861 cui
1542 807 1797 875 abrogata

229 896 455 961 dignitas
485 896 663 950 fuerat
708 914 813 951 non
858 898 971 951 sine
995 898 1327 966 gravissimis
1361 898 1597 966 injuriis.
1649 897 1798 950 Scri-

230 984 309 1038 bit
359 987 647 1055 Antipatro
701 987 925 1040 Basilius
978 986 1052 1057 (o)
1103 991 1345 1043 morbum
1395 1005 1553 1043 suum
1594 989 1647 1041 in
1695 987 1799 1041 hoc

232 1077 467 1130 maxime
498 1077 786 1131 molestum
812 1078 909 1132 sibi
933 1080 1074 1143 'esse,
1106 1081 1246 1148 quod
1280 1090 1429 1133 tanto
1462 1080 1579 1132 viro
1602 1079 1796 1149 guber-

231 1166 420 1221 nacula
483 1168 677 1237 patriae
733 1178 1049 1235 capessente
1096 1172 1286 1225 abesse
1333 1180 1578 1240 cogatur.
1639 1171 1796 1225 Com-

233 1264 451 1315 mendat
499 1263 663 1315 etiam
714 1264 923 1330 praesidi
979 1266 1249 1333 negotium
1305 1264 1578 1330 Palladia},
1632 1280 1795 1335 quam

230 1355 419 1408 matris
473 1353 590 1407 loco
651 1355 1003 1408 reverebatur
1063 1371 1168 1409 non
1231 1356 1401 1410 solum
1457 1358 1526 1413 ob
1583 1357 1796 1427 generis

227 1448 709 1515 propinquitatem,
742 1448 834 1501 sed
870 1449 1029 1502 etiam
1079 1452 1148 1505 ob
1190 1466 1398 1505 morum
1448 1452 1793 1521 probitatem.

229 1538 381 1589 Circa
418 1537 635 1590 domum
667 1538 825 1607 hujus
859 1549 1114 1593 matrona:
1131 1554 1350 1595 exortus
1380 1543 1553 1595 fuerat
1577 1542 1793 1610 quidam

229 1626 531 1691 tumultus;
576 1629 715 1683 forte
753 1644 913 1697 opera
967 1632 1126 1685 unius
1179 1648 1239 1685 ex
1274 1635 1392 1702 ejus
1446 1634 1675 1697 famulis,
1702 1636 1793 1703 qui

229 1718 430 1773 idcirco
458 1720 799 1773 detinebatur
828 1736 856 1773 a
888 1724 1131 1777 cohorte.
1165 1724 1336 1794 Rogat
1368 1726 1591 1779 Basilius
1619 1735 1677 1779 ut
1701 1726 1794 1794 ju-

228 1808 425 1861 dicium
454 1809 733 1863 dili'eratur
768 1827 937 1879 usque
960 1814 1024 1865 ad
1050 1829 1205 1865 suum
1238 1816 1548 1868 adventum.

1907 626 2105 680 talibus
2156 624 2321 678 scribi
2364 634 2612 692 oportere
2652 621 2984 692 judicabant.
3022 622 3302 691 Evagrium
3340 623 3469 679 hor-

1902 726 2044 772 tatus
2073 727 2154 771 est
2184 716 2415 771 Basilius
2457 716 2557 785 (ά),
2600 724 2659 769 ut
2695 715 2999 769 Antiochia:
3034 730 3155 769 cum
3193 716 3466 771 Dorotlieo

1900 816 2072 865 sancti
2130 808 2328 864 Meletii
2376 810 2686 880 presbytero
2717 811 3138 864 communicaret
3173 827 3186 862 :
3218 809 3466 879 promisit

1897 902 2176 970 Evagrius,
2212 911 2267 953 at
2298 901 2579 970 promissis
2611 916 2715 953 non
2751 900 2922 953 stetit.

1972 990 2253 1045 Probabile
2324 999 2406 1045 est
2480 1000 2722 1045 sanctum
2796 990 3177 1060 Hieronymum
3251 989 3463 1059 Evagrii

1898 1082 2102 1138 socium
2127 1083 2339 1137 itineris
2372 1083 2557 1144 fuisse,
2592 1092 2645 1135 et
2675 1097 2794 1135 cum
2825 1097 2887 1134 co
2905 1081 3200 1135 Caesaream
3231 1083 3461 1137 venisse.

1900 1176 2059 1231 Certe
2112 1173 2473 1244 Hieronymus
2524 1176 2669 1229 circa
2704 1175 2805 1228 hoc
2841 1182 3049 1243 tempus
3091 1174 3141 1227 in
3187 1172 3463 1228 Orientem

1896 1267 2062 1319 venit.
2112 1263 2244 1318 Nam
2293 1265 2344 1318 in
2401 1265 2586 1332 primis
2637 1263 2829 1317 litteris
2879 1280 3014 1333 quas
3060 1279 3157 1317 suo
3223 1265 3462 1319 adventu

1898 1356 2156 1427 scripsit,
2198 1356 2435 1425 loquitur
2482 1355 2549 1409 de
2592 1354 2992 1409 confessoribus
3036 1354 3306 1426 Egypliis
3362 1356 3457 1424 (e),

1897 1464 2033 1519 quos
2071 1446 2275 1501 Valens
2325 1448 2423 1501 hoc
2476 1461 2616 1500 anno
2662 1446 2713 1497 in
2757 1444 3097 1500 Palaestinam
3146 1447 3400 1515 relegavit
3444 1464 3459 1501 :

1899 1554 2067 1607 seque
2122 1537 2417 1592 Antiochiae
2458 1552 2562 1590 una
2620 1552 2741 1590 cum
2790 1536 3018 1604 Evagrio
3068 1541 3275 1595 versari
3326 1541 3463 1594 indi-

1896 1640 1981 1685 cat
2009 1630 2094 1698 (f),
2120 1629 2261 1682 illius
2298 1628 2480 1683 verbis
2520 1626 2846 1682 Florentium
2878 1627 3136 1683 salutans.
3174 1631 3465 1685 Enumerat

1896 1721 1971 1791 (g)
1997 1722 2157 1774 etiam
2216 1720 2601 1787 Cappadociam
2659 1719 2797 1772 inter
2835 1720 3165 1787 provincias,
3203 1737 3299 1790 per
3326 1738 3461 1789 quas

1897 1810 2147 1873 transiit;
2189 1817 2243 1862 et
2286 1823 2405 1861 cum
2450 1823 2506 1862 se
2548 1807 2752 1862 fervido
2800 1809 3000 1863 Ciliciae
3049 1819 3181 1865 testu
3233 1811 3457 1864 fractum

298 1899 413 1954 Jam
476 1910 644 1953 totum
698 1918 936 1957 mensem
991 1906 1053 1957 ad
1102 1918 1268 1973 aquas
1327 1904 1617 1968 residebat,
1666 1919 1788 1960 cum
1823 1885 1866 1943 Β
1898 1903 2059 1955 fuisse
2092 1908 2335 1963 testetur,
2396 1899 2446 1952 id
2480 1900 2636 1953 etiam
2676 1902 2876 1968 optime
2904 1903 3134 1967 quadrat
3169 1919 3291 1955 cum
3328 1904 3461 1955 Eva—

229 1991 443 2059 scripsit
490 1993 795 2061 Antipatro.
838 1992 1059 2046 Videtur
1106 1994 1350 2062 protinus
1395 1994 1639 2057 rediisse.
1688 1995 1794 2050 sal-

231 2092 335 2136 tem
370 2098 429 2137 se
466 2083 540 2136 ita
581 2084 845 2136 facturum
888 2085 1087 2138 indicat
1122 2086 1171 2139 in
1205 2086 1307 2140 hac
1345 2087 1595 2154 epistola.
1626 2086 1794 2141 Crete-

231 2190 347 2227 rum
382 2190 538 2243 aqua:
566 2190 669 2226 non
711 2174 934 2227 multum
982 2175 1053 2229 illi
1097 2176 1416 2246 profuerunt
1446 2193 1459 2229 :
1488 2192 1654 2246 seque
1682 2176 1795 2246 ipse

229 2266 441 2332 dignum
497 2265 695 2319 fatetur
742 2267 874 2331 risu,
919 2268 1059 2337 quod
1109 2270 1450 2338 proverbium
1505 2270 1632 2323 illud
1687 2286 1791 2323 non

229 2353 575 2417 intellexerit,
615 2365 857 2410 mortuos
890 2359 1076 2413 calidis
1126 2375 1229 2413 non
1260 2360 1457 2428 juvari.
1500 2359 1787 2428 Postquam

235 2443 382 2495 rediit
424 2442 750 2510 CteSaream,
783 2445 963 2501 adhuc
989 2462 1108 2500 eum
1135 2447 1299 2501 febris
1330 2450 1645 2503 conﬁciebat
1680 2449 1753 2518 (b)

228 2547 289 2588 ac
320 2550 386 2589 ne
420 2536 872 2606 quinquagesimo
899 2539 1113 2605 quidem
1146 2541 1315 2594 morbi
1344 2543 1428 2595 dic
1453 2543 1636 2595 sedata
1670 2542 1789 2607 fuit,

228 2628 316 2681 sed
354 2629 632 2682 nutriente
678 2631 901 2683 materia
935 2632 1205 2695 destituta,
1240 2643 1293 2685 et
1346 2632 1398 2684 in
1443 2634 1590 2685 arida
1647 2633 1790 2687 illius

229 2733 408 2784 carne,
457 2718 605 2774 velut
648 2720 699 2773 in
741 2722 1003 2793 ellychnio
1049 2723 1275 2789 quodam
1324 2733 1517 2777 exusto
1560 2725 1791 2777 circum-

234 2797 453 2875 voluta,
506 2826 805 2865 marcorem
857 2812 1119 2881 pariebat.
1191 2811 1309 2866 lluc
1372 2815 1659 2867 accedebat
1705 2815 1790 2883 je—

230 2917 341 2968 cur,
386 2904 608 2971 antiqua
656 2904 795 2955 illius
838 2903 1032 2973 plaga;
1082 2912 1137 2958 et
1182 2918 1211 2957 a
1257 2904 1392 2959 cibis
1436 2915 1489 2960 et
1534 2922 1562 2960 a
1603 2922 1791 2962 somno

227 2996 541 3058 cxcludeus,
579 3008 642 3047 ac
675 3002 880 3048 tantum
918 2997 1099 3051 sinens
1133 2996 1333 3064 vivere,
1364 3007 1617 3067 quantum
1657 3016 1791 3068 opus

226 3094 341 3137 erat
389 3084 457 3136 ad
512 3085 823 3141 sentiendos
875 3087 1109 3144 dolores.
1161 3089 1269 3144 Nec
1320 3106 1491 3159 aqua},
1542 3106 1641 3145 nec
1687 3092 1789 3143 alia

227 3174 560 3229 medicorum
614 3180 851 3234 remedia
898 3189 1100 3234 tantum
1146 3183 1344 3235 malum
1391 3196 1649 3251 superare
1695 3197 1789 3251 po-

229 3273 469 3320 tuerunt.

292 3352 377 3410 Ill.
425 3358 554 3412 Post
605 3358 832 3412 reditum
868 3375 932 3413 ex
976 3360 1129 3429 aquis
1179 3369 1232 3415 et
1279 3373 1404 3415 ante
1449 3362 1787 3433 quinquage-

225 3448 416 3503 aitaum
455 3451 626 3506 morbi
656 3452 824 3515 diem,
855 3450 1118 3520 Evagrius
1150 3454 1443 3523 presbyter,
1478 3452 1787 3521 Pompeiani

224 3541 607 3597 Antiochensis
639 3544 797 3606 illius,
841 3543 928 3610 qui
971 3547 1021 3596 in
1070 3543 1410 3597 Occidentem
1443 3558 1561 3596 cum
1597 3552 1787 3599 sancto

226 3634 454 3686 Eusebio
506 3633 827 3686 Vercellensi
872 3633 1138 3701 prolectus
1184 3634 1380 3697 fuerat,
1449 3636 1627 3704 ibique
1663 3651 1787 3704 per-

225 3725 401 3778 ntilem
465 3723 719 3778 Ecclesiae
796 3740 1013 3792 operam
1086 3737 1409 3791 navaverat,
1461 3727 1672 3781 tandem
1734 3728 1785 3781 in

229 3815 499 3871 Orientem
550 3814 763 3869 rediens
825 3815 1066 3872 Cresarea
1124 3819 1367 3883 transiit,
1418 3834 1479 3873 ac
1530 3817 1785 3871 Basilium

226 3906 404 3960 invisit
436 3905 527 3979 (c).
564 3906 771 3977 Scripta
809 3908 1032 3963 Romam
1072 3925 1100 3963 a
1146 3911 1352 3963 Basilio‘
1378 3911 1540 3964 missa
1581 3911 1783 3973 retulit,

226 4008 280 4053 ut
322 4000 456 4053 viris
505 3999 616 4053 illic
664 4000 1089 4055 accuratioribus
1132 4017 1234 4054 non
1276 4000 1537 4068 placentia
1590 4016 1652 4055 ac
1702 4016 1787 4055 re-

227 4101 458 4146 trorsum
526 4090 722 4160 rejects
778 4108 793 4144 :
848 4093 1107 4159 petiitque
1161 4101 1220 4147 ut
1269 4092 1493 4163 epistola
1557 4091 1785 4148 Romam

230 4182 577 4247 scriberetur,
623 4183 689 4236 ad
735 4183 952 4236 verbum
993 4196 1055 4234 ea
1102 4182 1216 4251 ipsa
1259 4184 1560 4245 continens,
1610 4199 1728 4253 quae
1757 4197 1786 4236 a

230 4271 483 4327 Romanis
533 4274 731 4343 scripta
772 4284 967 4339 erant;
1018 4288 1080 4327 ac
1115 4274 1271 4343 legati
1304 4277 1621 4329 auctoritate
1653 4290 1787 4343 pra:-

229 4364 315 4417 diti
360 4363 730 4426 mitterentur,
788 4376 845 4419 ut
893 4365 1151 4420 Romanis
1200 4365 1473 4421 Orientem
1521 4364 1784 4419 invisendi

228 4459 461 4525 speciosa
496 4456 709 4510 occasio
760 4458 993 4513 daretur.
1039 4459 1154 4514 Non
1197 4466 1484 4530 potuerunt
1527 4458 1640 4511 haec
1686 4456 1788 4509 Ba-

1817 3234 1859 3293 C

1895 1994 2031 2064 grlo,
2066 1994 2155 2061 qui
2199 1992 2458 2047 Basilimn
2484 2003 2610 2046 ante
2640 2007 2877 2046 mensem
2921 1991 3290 2062 Septembrem
3322 1995 3461 2048 invi-

1895 2085 1985 2141 sit.
2044 2083 2194 2149 Quod
2248 2083 2291 2137 si
2352 2082 2709 2153 Hieronymus
2768 2085 3011 2137 interfurit
3072 2083 3283 2153 Evagrii
3336 2101 3457 2140 cum

1893 2174 2092 2229 Basilio
2131 2171 2434 2241 colloquiis,
2467 2186 2530 2226 eo
2563 2173 2733 2241 magis
2768 2174 2934 2228 miror
2965 2176 3107 2244 quod
3154 2176 3215 2229 iis
3244 2191 3364 2244 quas
3394 2191 3460 2230 ex

1899 2266 2097 2321 Basilio
2150 2265 2399 2318 audierat
2456 2274 2551 2317 aut
2601 2265 2810 2319 traditis
2867 2266 3121 2320 oblivioni
3184 2277 3275 2320 aut
3329 2284 3460 2322 con-

1895 2358 2133 2424 templis,
2189 2356 2390 2411 nullam
2447 2365 2659 2427 partem
2695 2357 2832 2426 mqui
2881 2357 3114 2426 bonique
3160 2358 3226 2412 de
3271 2368 3459 2414 sancto

1894 2449 2107 2505 Meletio
2142 2449 2393 2504 senserit.

1964 2542 2123 2597 Circa
2170 2542 2306 2594 idem
2342 2554 2560 2607 tempus
2593 2540 2697 2592 duo
2735 2539 2909 2609 magni
2955 2541 3206 2594 momenti
3246 2540 3456 2610 negotia

1892 2633 2085 2688 Basilio
2101 2640 2517 2699 supervenerunt
2540 2629 2635 2701 (Ii).
2658 2631 2755 2696 Qui
2776 2630 3031 2685 Sebastiae
3048 2632 3306 2685 catholico
3330 2648 3457 2686 sen-

1892 2724 2118 2787 tiebant,
2156 2721 2366 2777 occulto
2418 2737 2593 2791 prava:
2651 2722 2917 2790 opinionis
2965 2721 3234 2775 Eustathii
3276 2722 3456 2777 ulcere

1892 2815 2102 2869 detecto
2130 2853 2146 2878 ,
2185 2812 2418 2881 aliquam
2454 2830 2483 2867 a
2512 2811 2708 2866 Basilio
2737 2813 3157 2868 ecclesiasticam
3200 2813 3458 2868 sollicitu-

1894 2907 2075 2962 dinem
2108 2916 2488 2975 poposcerunt,
2528 2906 2579 2959 id
2624 2916 2726 2967 est,
2769 2906 2834 2958 ad
2875 2906 2991 2974 ejus
3020 2906 3454 2960 communionem

1892 3010 1945 3053 et
1985 2998 2341 3066 patrocinium
2374 2998 2755 3067 confugerunt.
2796 2995 2941 3050 Illius
2975 3000 3135 3051 etiam
3170 3013 3324 3067 opem
3357 2998 3457 3051 im-

1893 3089 2119 3157 ploravit
2153 3087 2444 3145 lconieusis
2478 3089 2531 3142 in
2565 3088 2762 3143 Pisidia
2800 3087 3063 3153 Ecclesia,
3101 3104 3218 3157 qum
3245 3098 3455 3142 mortuo

1894 3180 2145 3248 episcopo
2184 3177 2440 3232 Faustino
2487 3177 2741 3231 Basilium
2788 3177 3052 3241 invitavit,
3108 3186 3162 3228 ut
3202 3191 3259 3229 se
3318 3176 3456 3228 iuvi-

1896 3281 2039 3325 seret
2099 3286 2162 3325 ac
2229 3270 2534 3339 episcopum
2610 3270 2782 3323 daret.
2849 3267 2973 3322 Haec
3040 3275 3215 3320 autem
3291 3266 3455 3321 collo-

1889 3379 2073 3417 camus
2112 3372 2230 3431 post
2277 3364 2505 3415 reditum
2551 3378 2619 3416 ex
2669 3361 2823 3429 aquis
2852 3373 2905 3415 et
2952 3368 3077 3413 ante
3104 3360 3240 3412 diem
3281 3357 3451 3413 morbi

1886 3455 2403 3524 quinquagesimum,
2459 3454 2580 3520 quia
2628 3462 2919 3506 evenerunt
2962 3452 3099 3503 intra
3163 3450 3288 3503 illud
3326 3466 3452 3517 spa-

1886 3544 2044 3606 tium,
2085 3543 2226 3610 quud
2285 3540 2351 3595 ab
2415 3540 2639 3609 epistola
2691 3540 2792 3592 156
2840 3540 2989 3591 initio
3025 3539 3194 3592 morbi
3228 3541 3447 3607 scripta,

1890 3635 1953 3687 ad
1988 3634 2273 3701 epistolam
2321 3631 2421 3686 158
2466 3634 2530 3686 ad
2575 3633 2819 3684 eumdem
2857 3631 3143 3685 Eusebium
3178 3631 3263 3683 die
3293 3631 3452 3699 quin-

1888 3728 2194 3796 quagesimo
2227 3726 2502 3794 scriptam,
2529 3722 2751 3777 elIlnxit.
2794 3722 2936 3774 Nihil
2983 3723 3125 3775 enim
3166 3722 3327 3775 habet
3364 3721 3450 3775 his

1888 3819 1952 3872 de
2007 3817 2163 3871 rebus
2209 3817 2431 3883 epistola
2482 3816 2617 3880 l36,
2668 3830 2805 3884 quas
2856 3825 3033 3869 tamen
3084 3829 3188 3866 non
3239 3815 3452 3866 videtur

1886 3909 2183 3963 omissuros
2235 3908 2494 3971 Basilius,
2553 3908 2596 3961 si
2646 3906 2757 3976 jam
2819 3917 2929 3960 tum
2979 3907 3123 3959 illum
3181 3905 3451 3957 invisisset

1887 4001 2166 4071 Evagrius,
2202 4011 2292 4054 aut
2339 4002 2453 4070 ejus
2504 4001 2807 4069 praesidium
2852 3999 3033 4054 clerici
3079 3996 3362 4052 Sebasteni
3397 4005 3451 4050 et

1886 4092 2180 4149 lconiensls
2210 4094 2449 4148 Ecclesia
2480 4095 2881 4161 implorassent.

1956 4186 2044 4241 Ν.
2075 4186 2529 4256 Quinquagesimo
2557 4187 2642 4239 die
2689 4185 2859 4238 morbi
2901 4183 3115 4235 advenit
3145 4183 3448 4237 Caesaream

1886 4280 2128 4349 Elpidius
2176 4281 2433 4334 diaconus
2498 4292 2617 4330 cum
2670 4276 2865 4328 litteris
2914 4275 3123 4328 Eusebii
3180 4290 3449 4329 sumnmm

1888 4371 2069 4425 Basilii
2120 4371 2329 4423 videndi
2359 4367 2680 4422 desiderium
2716 4364 3160 4435 signiﬁcantibus.
3205 4365 3449 4431 Respon-

1887 4462 1964 4515 dit
2008 4458 2238 4512 Basilius
2277 4458 2339 4526 (i)
2370 4459 2553 4511 eodem
2598 4456 2706 4518 die,
2734 4467 2793 4509 ut
2824 4464 2969 4524 patet
2999 4470 3065 4508 ex
3097 4455 3180 4507 his
3209 4455 3389 4508 verbis
3430 4471 3445 4507 :

228 4546 339 4599 silio
390 4544 770 4599 molestissima
800 4562 900 4600 non
941 4563 1084 4615 esse,
1120 4566 1221 4605 non
1254 4560 1359 4604 tam
1392 4556 1609 4618 propter
1643 4549 1788 4609 illius
1814 4590 1858 4646 Β
1889 4551 2385 4620 Quinquagesimum
2428 4552 2562 4601 hunc
2595 4549 2729 4601 diem
2772 4550 2988 4614 agebam
3026 4548 3079 4599 in
3122 4546 3443 4615 inﬁrmitate,

227 4638 419 4704 scripta
482 4638 659 4692 minus
709 4639 1002 4694 honoriﬁce
1052 4652 1295 4710 excepta,
1343 4656 1502 4713 quam
1560 4652 1782 4711 propter

227 4729 439 4782 consilia
494 4730 748 4785 Ecclesiae
786 4730 1131 4799 paciﬁcandze
1174 4733 1378 4787 nullum
1427 4734 1627 4790 exitum
1683 4735 1782 4788 ha-

226 4818 424 4873 bentia.
463 4819 673 4891 Scripta
706 4831 878 4876 autem
914 4821 1023 4889 illa,
1065 4839 1183 4893 qua:
1235 4824 1493 4880 Romanis
1530 4839 1633 4880 non
1664 4824 1779 4893 pla-

228 4924 403 4975 cuere,
459 4912 712 4966 videntur
757 4914 969 4984 aliquod
1022 4930 1141 4970 esse
1181 4917 1643 4981 commentarium,
1684 4916 1783 4970 Sa-

227 5001 344 5057 Iino
400 5005 785 5067 commissum,
833 5007 886 5060 in
945 5022 1050 5076 quo
1112 5009 1249 5065 forte
1307 5009 1535 5066 Basilius
1590 5008 1777 5063 eadem

228 5090 492 5155 libertate,
542 5094 603 5147 ac
649 5094 703 5148 in
760 5097 953 5152 litteris
1014 5099 1077 5152 ad
1124 5100 1512 5166 Athanasium,
1579 5098 1776 5153 Meletii

221 5179 332 5249 jura
389 5184 664 5239 tuebatur.
712 5184 842 5242 Nam
897 5204 1001 5243 non
1053 5198 1159 5243 tam
1221 5205 1305 5245 res
1355 5190 1482 5259 ipsas
1530 5189 1779 5246 videntur

225 5273 593 5344 displicuisse,
638 5292 797 5347 quam
847 5282 1062 5352 quidam
1108 5282 1374 5338 scribendi
1430 5283 1619 5339 modus
1671 5298 1777 5338 non

228 5368 350 5423 satis
374 5372 815 5425 accommodatus
837 5375 901 5428 ad
934 5374 1295 5430 deliniendum
1338 5394 1351 5429 :
1388 5376 1527 5431 unde
1551 5377 1619 5432 ab
1650 5375 1778 5445 ipsis

290 5551 339 5609 (α

291 5551 339 5609 (a
388 5547 486 5611 Ep.
523 5546 645 5600 137.

291 5546 362 5743 (bi
385 5615 477 5679 Ep.
506 5615 627 5674 138,
658 5632 712 5667 n.
748 5617 796 5668 1.

292 5681 338 5740 (c
387 5680 481 5742 Ep.
510 5684 631 5742 138.
662 5698 714 5734 n.
746 5682 793 5732 Ξ.

292 5680 360 5742 (c)
387 5680 481 5742 Ep.
510 5684 631 5742 138.
662 5698 714 5734 n.
746 5682 793 5732 Ξ.

290 5746 363 5875 ἔα)
394 5746 487 5822 Ep.
521 5749 650 5812 156,
678 5766 731 5801 n.
762 5749 814 5799 3.

310 5819 353 5875 ε)
382 5812 622 5875 llteron.,
658 5829 743 5875 rp.
784 5816 805 5868 1

310 5819 353 5876 ι)
382 5812 622 5880 llieron.,
658 5829 679 5862 τ
691 5829 743 5880 ρ.
784 5816 805 5868 1
838 5829 985 5870 nova:
1014 5818 1144 5872 edit.

388 5547 486 5611 Ep.
523 5546 645 5600 {37.

1888 4659 2004 4695 cum
2050 4642 2258 4695 advenit
2297 4641 2441 4693 nobis
2475 4640 2694 4690 dilectus
2728 4654 2790 4689 ac
2816 4638 3043 4705 Optimus
3082 4636 3248 4706 frater
3278 4645 3451 4689 noster

1887 4735 2234 4788 condiaconus
2285 4731 2552 4795 Elpidius.
2609 4730 2856 4785 Declarat
2904 4745 2981 4792 se,
3038 4729 3194 4782 lectis
3232 4727 3447 4781 Eusebii

1888 4825 2105 4889 litteris,
2158 4823 2436 4877 incitatum
2479 4821 2662 4888 fuisse,
2701 4830 2758 4875 ut
2804 4832 2945 4876 recta
2992 4820 3058 4873 ad
3110 4819 3275 4888 Syros
3316 4832 3448 4871 con-

1889 4918 2114 4979 volaret,
2166 4915 2259 4969 sed
2311 4930 2417 4969 non
2453 4916 2607 4970 modo
2650 4916 2700 4968 id
2751 4914 2853 4968 sibi
2899 4914 3104 4975 deesse,
3150 4920 3208 4961 ut
3264 4908 3448 4963 volare

1887 5007 2071 5079 possit,
2106 5007 2198 5062 sed
2236 5007 2397 5063 etiam
2431 5018 2487 5061 ut
2512 5022 2569 5061 se
2606 5007 2656 5061 in
2706 5007 2841 5061 lecto
2882 5011 3239 5058 converteret.
3275 5000 3447 5057 Caete-

1885 5116 2005 5155 rum
2048 5099 2236 5154 morbo
2276 5114 2396 5165 suo,
2447 5114 2634 5167 quem,
2674 5105 2732 5152 ut
2764 5111 2925 5167 supra
2960 5096 3210 5159 vidimus,
3239 5093 3446 5147 descri-

1885 5192 1982 5259 bit,
2008 5192 2095 5247 diu
2121 5202 2391 5257 vexatum,
2434 5207 2711 5261 nunquam
2748 5200 2955 5245 tantum
2987 5189 3246 5249 doluisse,
3272 5201 3446 5254 quan-

1888 5294 1995 5339 tum
2037 5300 2198 5349 nunc,
2229 5286 2296 5340 ab
2331 5300 2395 5339 eo
2439 5286 2775 5353 impeditum,
2808 5282 3099 5351 quominus
3131 5282 3183 5333 in
3224 5275 3439 5331 Eusebii

1882 5376 2216 5444 complexum
2264 5386 2320 5431 et
2382 5378 2705 5446 colloquium
2752 5377 2954 5431 veniat.
3004 5372 3239 5427 Noverat
3294 5368 3439 5423 enim

1969 5552 2013 5616 Γ)
2047 5550 2187 5603 Idem
2219 5566 2301 5617 ep.
2333 5553 2386 5603 2.

1966 5623 2019 5682 g)
2047 5618 2185 5671 Ideni
2210 5632 2289 5679 ep.
2323 5620 2371 5670 1.

1940 5688 2014 5752 (It)
2042 5684 2138 5748 Ep.
2182 5685 2303 5748 158,
2333 5700 2386 5741 n.
2413 5683 2466 5736 Ξ.

1941 5752 2002 5819 (ε)
2029 5752 2158 5806 Ibid.
