4214 6486
2096 411 2615 471 PROLEGOMENA.

723 527 869 594 quali
893 528 1103 579 c’areret
1143 532 1438 595 votuptale,
1466 531 1566 580 etsl
1591 527 1849 581 extremis
1879 535 2082 581 tantum
2111 528 2295 596 digitis
2323 532 2369 587 Α
2397 527 2520 596 psit.
2556 527 2894 596 Quapropter
2939 537 3139 580 veritus
3202 523 3454 588 Basi!ius,
3500 538 3567 579 ne
3620 525 3812 582 litterze
3858 544 3971 584 sua:

726 627 869 668 anno
896 616 1175 682 praeterito
1206 611 1575 669 dulcissimum
1616 613 1723 668 mel
1764 613 2012 669 Ecclesiae
2045 614 2299 670 Samosa-

730 704 898 760 teusis
956 707 1361 775 degustaveral.
1427 707 1505 762 Eo
1556 716 1738 761 autem
1804 707 2017 762 videndi
2086 707 2298 763 Eusebii

736 795 985 865 cupidior
1029 804 1186 863 erat,
1221 798 1367 867 quod
1408 812 1592 851 veram
1637 797 1957 852 cbaritatem
1997 797 2049 851 in
2096 798 2299 868 Cappa-

731 886 883 941 docia
916 901 1019 941 nou
1053 888 1331 957 reperiret,
1364 898 1455 943 aut
1508 888 1551 943 si
1582 903 1744 958 quem
1770 894 1989 942 omnino
2029 902 2298 943 amantem

739 980 982 1049 reperire
1024 992 1226 1050 posset,
1258 982 1527 1035 neminem
1572 991 1721 1035 certe
1761 996 1881 1034 cum
1931 980 2146 1035 Eusebii
2179 996 2303 1049 pru-

734 1071 910 1127 dentia
933 1083 987 1128 et
1004 1073 1334 1142 experientia
1365 1074 1807 1144 comparandum.
1836 1072 1949 1127 Sibi
1980 1075 2123 1129 enim
2156 1073 2304 1128 illius

741 1164 1025 1219 consilium
1057 1166 1122 1219 ad
1156 1164 1319 1219 multa
1360 1180 1495 1233 opus
1529 1181 1651 1221 esse
1692 1166 2024 1238 intelligebat
2054 1185 2067 1221 :
2104 1176 2154 1222 et
2182 1181 2303 1221 cum

746 1256 1004 1310 nonnulla
1054 1266 1261 1323 essent,
1290 1272 1410 1325 quae
1443 1256 1679 1312 scribere
1724 1273 1828 1319 non
1870 1258 2087 1323 licebat,
2133 1260 2200 1312 de
2243 1258 2306 1312 iis

743 1362 863 1411 qua:
906 1346 1122 1411 licebat,
1172 1348 1390 1402 interim
1439 1348 1696 1415 consulit,
1744 1350 1871 1418 quid
1924 1350 1989 1403 de
2035 1351 2192 1404 rebus
2238 1351 2306 1406 ab

746 1438 979 1509 Evagrio
1010 1440 1297 1508 propositis
1327 1441 1691 1507 sentiendum,
1714 1440 1841 1510 quid
1874 1441 2303 1509 respondendum

739 1528 1072 1591 Bebastenis.
1096 1538 1150 1584 et
1173 1532 1480 1601 peregrinas
1508 1532 1876 1587 ordinationes
1902 1546 1969 1585 an
2000 1538 2307 1589 detrectare

744 1637 851 1677 non
885 1635 1149 1693 oporteat.
1183 1623 1353 1696 Rogat
1394 1624 1681 1680 Eusebium
1720 1634 1798 1686 ut,
1846 1624 1891 1678 si
1922 1639 2078 1693 quem
2124 1624 2228 1679 cito
2254 1624 2304 1678 in

741 1711 1130 1782 Cappadociam
1175 1716 1473 1770 venientem
1528 1713 1892 1779 nanciscatur,
1950 1715 2015 1770 de
2081 1715 2165 1769 his
2197 1730 2308 1770 om-

741 1801 900 1858 nibus
932 1803 1287 1873 respondeat;
1321 1805 1405 1859 sin
1445 1804 1621 1859 minus
1647 1842 1665 1871 ,
1703 1815 1977 1875 precetur,
2012 1814 2071 1860 ut
2112 1807 2211 1860 sibi
2252 1807 2305 1860 in

2397 617 2744 684 excidissent,
2777 617 3010 672 breviter
3041 616 3233 687 repetit
3254 631 3374 684 qu:e
3402 615 3513 685 jam
3545 617 3857 683 scripserat.
3889 619 3967 673 Ac

2404 713 2649 766 morbum
2689 709 2905 780 quidem
2940 722 3091 761 suum
3131 713 3376 772 excusat,
3417 720 3514 759 cur
3568 722 3672 759 non
3707 708 3967 773 venerit;

2399 815 2494 855 cur
2555 808 2731 853 autem
2767 813 2851 854 res
2905 796 3159 852 Ecclesia:
3212 796 3531 851 adverSariis
3574 798 3783 851 traditae
3825 799 3966 865 sint,

2402 905 2553 946 suam
2590 890 2797 959 culpam
2828 902 2944 943 esse
2980 896 3161 955 negat,
3208 889 3297 957 qui
3341 886 3494 942 solus
3543 890 3673 941 tanti
3710 889 3970 944 momenti

2404 980 2613 1049 negotia
2636 978 2851 1049 aggredi
2890 993 2991 1033 non
3024 978 3211 1043 possit,
3242 994 3362 1032 cum
3399 978 3449 1031 id
3482 993 3717 1033 canones
3758 994 3864 1033 non
3898 979 3968 1033 si-

2406 1080 2568 1136 nant;
2600 1072 2694 1126 sed
2714 1085 2929 1126 causam
2968 1068 3142 1138 rejicit
3184 1070 3234 1123 in
3278 1072 3566 1139 episc0pos
3605 1084 3787 1124 secum
3817 1086 3971 1125 com-

2409 1161 2661 1215 munione
2719 1160 3055 1230 conjunctos.
3112 1159 3444 1215 Videbantur
3485 1160 3664 1231 plures
3707 1160 3969 1229 ejusmodi

2408 1248 2645 1318 episcopi
2678 1264 2798 1303 cum
2848 1249 3047 1304 Basilio
3090 1249 3386 1318 conjuncti,
3421 1263 3713 1317 eorumque
3742 1263 3971 1304 numero

2409 1336 2700 1408 Bosporius
2726 1355 2894 1407 nuper
2939 1338 3204 1409 ascriptus
3249 1338 3423 1393 fuerat
3452 1356 3465 1392 :
3502 1342 3595 1394 sed
3631 1340 3763 1394 nihil
3794 1354 3973 1407 operas

2409 1431 2679 1485 navabaut
2710 1432 2777 1485 aal
2822 1445 2905 1486 res
2959 1432 3193 1486 maxime
3240 1433 3614 1495 necessarias;
3654 1443 3817 1501 atque
3859 1433 3973 1485 hac

2409 1522 2574 1577 animi
2604 1521 2863 1591 aegritudo
2888 1523 3117 1575 maxime
3166 1519 3455 1586 obstabat,
3508 1522 3794 1590 quominus
3828 1522 3972 1578 vires

2409 1624 2708 1683 repararet.
2746 1610 2938 1665 Narrat
2975 1610 3203 1667 Basilius
3248 1612 3512 1682 quomodo
3533 1627 3625 1667 eos
3665 1612 3971 1668 Caesaream

2410 1705 2593 1761 audito
2620 1704 2808 1760 mortis
2830 1718 2943 1758 sua:
2978 1704 3167 1758 nuntio
3193 1705 3479 1759 venientes
3505 1706 3748 1760 hortatus
3779 1705 3970 1760 fuerit:

2414 1795 2657 1864 queritur
2686 1794 2849 1864 quod,
2906 1808 3025 1849 cum
3057 1807 3117 1847 se
3146 1802 3462 1861 prmsentem
3496 1804 3860 1860 revereautur,
3920 1807 3976 1849 et

752 1903 987 1947 mentem
1026 1894 1226 1957 veniat,
1271 1895 1411 1963 quod
1453 1896 1563 1950 Deo
1598 1906 1877 1964 acceptum
1932 1895 2115 1951 fuerit.
2170 1896 2313 1952 Petit
2341 1892 2383 1946 Β
2410 1884 2645 1940 ollicium
2686 1884 2926 1940 facturos
2956 1884 3288 1954 promittant,
3326 1883 3414 1937 ubi
3448 1884 3760 1949 discessere,
3799 1889 3867 1941 ad
3896 1887 3977 1940 in-

742 1986 905 2041 etiam
935 1994 993 2041 ut
1020 1986 1099 2041 sui
1135 1986 1460 2042 mentionem
1494 1987 1549 2040 in
1578 1987 1805 2042 ecclesia
1851 1987 1964 2041 fieri
1996 1985 2201 2055 iubeat,
2248 2002 2312 2044 ac

748 2078 868 2149 ipse
894 2093 991 2149 pro
1023 2094 1101 2145 se,
1128 2077 1381 2149 adjuncto
1411 2077 1629 2147 populo,
1655 2087 1921 2148 precetur.

817 2166 1072 2235 Maiorem
1120 2167 1173 2222 in
1227 2168 1443 2223 modum
1503 2167 1777 2237 perculsus
1805 2177 1888 2223 est
1944 2167 2173 2224 Basilius
2208 2168 2308 2240 (a),

751 2274 875 2314 cum
904 2261 1075 2315 audiit
1105 2259 1431 2315 horrendam
1493 2261 1943 2329 persecutionem,
2000 2275 2159 2330 quam
2191 2261 2313 2316 Ale-

754 2350 998 2405 xandrize
1046 2350 1230 2405 Ariani
1260 2351 1384 2406 etin
1425 2350 1631 2420 reliqua
1682 2349 1912 2421 Egypto
1968 2350 2310 2406 exercebant.

748 2439 1002 2496 Libenter
1064 2440 1355 2496 Ecclesiam
1383 2441 1801 2497 Alexandrinam
1840 2440 2153 2506 iuvisisset;
2210 2442 2305 2498 sed

751 2546 876 2586 cum
913 2531 1171 2586 diuturno
1230 2532 1419 2588 morbo
1475 2532 1752 2589 confectus
1805 2546 1870 2588 ne
1920 2532 2059 2588 lecto
2096 2532 2313 2603 quidem

748 2629 931 2691 posset
956 2637 1178 2692 surgere
1203 2660 1221 2688 ,
1268 2622 1446 2678 oblata
1494 2621 1750 2678 facultate
1790 2621 2009 2694 Eugenii
2045 2622 2313 2690 monachi,

757 2712 981 2783 scripsit
1009 2713 1387 2770 Alexandrinis
1414 2715 1661 2770 hortandi
1691 2730 1754 2770 ac
1791 2715 2101 2771 consolandi
2129 2730 2311 2773 causa.

751 2802 1005 2872 Epistolas
1042 2812 1250 2873 tempus
1288 2805 1524 2859 indicant
1557 2819 1679 2860 cum
1732 2808 1973 2871 morbus,
2033 2824 2140 2878 quo
2169 2808 2317 2866 labo-

756 2894 909 2949 rabat
942 2893 1195 2959 Basilius,
1226 2904 1334 2951 tum
1387 2894 1499 2966 ipsa
1540 2896 1859 2965 persecutio,
1891 2911 2051 2966 quam
2081 2897 2314 2954 Alexan-

757 2985 889 3039 driaz
928 2987 1085 3055 paulo
1118 2995 1238 3055 post
1274 2987 1551 3042 Athanasii
1587 2996 1815 3043 mortem
1846 2988 1933 3042 die
1960 2987 1995 3042 2
2024 2987 2145 3042 Maii
2177 3003 2320 3044 anno

753 3072 859 3129 373
888 3076 940 3129 in
977 3075 1174 3130 cmlum
1200 3076 1394 3132 sublati
1419 3078 1614 3133 scimus
1653 3077 1939 3133 exarsisse.

823 3164 1034 3237 Scripta
1087 3166 1139 3221 in
1184 3168 1431 3223 eamdem
1490 3170 1810 3225 sententiam
1847 3169 2099 3225 Ecclesiae
2131 3168 2319 3226 Antis-

2412 1974 2628 2046 genium
2663 1976 2905 2031 redeant.

2479 2065 2672 2121 Mirum
2695 2082 2827 2123 sane
2856 2078 2939 2123 est
2986 2082 3084 2123 cur
3109 2067 3334 2124 Basilius
3362 2080 3583 2121 suorum
3617 2079 3843 2120 numero
3877 2082 3979 2119 nu-

2412 2172 2509 2229 per
2541 2156 2851 2227 adjunctum
2901 2162 3045 2214 dicat
3105 2158 3442 2229 Bosporiuin,
3497 2159 3713 2229 quicum
3745 2156 3976 2225 conjun-

2410 2250 2686 2305 ctissimus
2714 2249 2890 2304 fuerat
2911 2250 3063 2304 initio
3093 2250 3469 2319 episcopatus,
3505 2261 3563 2305 ut
3590 2250 3821 2322 perspici
3874 2265 3977 2320 po-

2422 2349 2521 2395 test
2547 2355 2612 2394 ex
2644 2340 2883 2409 epistolis
2928 2340 2987 2394 5|
3022 2349 3076 2394 et
3108 2340 3194 2394 52.
3244 2340 3466 2396 Videtur
3495 2343 3705 2399 illorum
3735 2344 3976 2399 amicitia

2413 2428 2708 2490 refrixisse.
2756 2444 2875 2483 cum
2905 2429 3125 2484 Colonia
3155 2470 3169 2493 ,
3211 2432 3365 2499 cujus
3414 2434 3695 2504 episcopus
3723 2444 3838 2490 erat
3875 2435 3979 2489 Bo.

2413 2520 2646 2589 sporius,
2678 2536 2826 2575 nom
2873 2521 3150 2591 metropoli
3184 2521 3382 2592 Tyanis
3426 2525 3679 2579 attributa
3714 2541 3836 2581 cum
3865 2526 3982 2596 plu-

2416 2610 2565 2667 ribus
2626 2610 2767 2664 aliis.
2816 2609 2946 2664 Nam
3005 2611 3233 2679 episcopi
3295 2613 3536 2665 secunda:
3601 2613 3975 2682 Cappadocitc,

2414 2702 2590 2758 aiebat
2634 2700 2864 2757 Basilius
2893 2702 2971 2771 (d)
3026 2716 3166 2757 anno
3200 2703 3442 2771 proxime
3475 2702 3673 2772 elapso,
3701 2713 3978 2775 postquam

2415 2794 2635 2847 alterius
2674 2794 2958 2861 procinciw
2995 2809 3179 2848 nomen
3218 2793 3531 2857 habuerunt,
3584 2793 3753 2847 subito
3799 2790 3982 2848 existi-

2422 2894 2633 2937 marunt
2675 2900 2729 2939 se
2751 2899 2816 2938 ea:
2843 2883 2950 2939 alia
2991 2900 3053 2938 ac
3081 2901 3173 2939 nos
3212 2888 3424 2939 natione
3462 2896 3509 2939 et
3537 2895 3685 2956 gente
3706 2900 3838 2951 esse,
3858 2894 3980 2938 tan-

2419 2987 2627 3046 tumque
2650 2992 2742 3030 nos
2766 2978 3099 3045 ignorarunt,
3129 2986 3379 3045 quantum
3410 2978 3497 3045 qui
3521 2975 3728 3029 nullum
3758 2990 3981 3045 prorsus

2419 3066 2708 3136 periculum
2759 3066 2958 3135 fecere,
3012 3082 3103 3119 nec
3133 3083 3359 3134 unquam
3405 3069 3458 3120 in
3487 3068 3798 3139 colloquium
3833 3082 3986 3122 vene—

2424 3167 2566 3213 runt.
2612 3157 2725 3213 Non
2762 3168 2936 3212 tamen
2989 3156 3306 3211 crediderim
3354 3156 3668 3227 Bosporium
3710 3174 3739 3213 a
3796 3158 3982 3215 Basilii

757 3218 1189 3325 chenarepislola
1224 3271 1453 3326 sequens
1482 3256 1591 3327 (ὁ),
1643 3273 1761 3326 qua:
1793 3257 1917 3311 huic
1957 3258 2178 3327 tempori
2207 3275 2314 3314 ma.
2344 3218 2389 3282 C
2419 3249 2799 3305 communione
2824 3262 3063 3317 unquam
3108 3247 3423 3303 recessisse.
3480 3248 3632 3314 Quod
3679 3251 3896 3318 quidem
3926 3260 3987 3307 ut

759 3344 904 3399 xime
947 3349 1158 3400 videtur
1186 3347 1473 3401 convenire
1500 3357 1610 3401 tum
1641 3356 1864 3416 propter
1913 3345 2094 3401 Basilii
2123 3362 2315 3417 corpus

760 3433 917 3505 longa
953 3434 1271 3505 egritudine
1324 3435 1684 3502 debilitatum,
1728 3446 1841 3491 tum
1891 3444 2109 3507 propter
2131 3452 2315 3509 perse-

755 3526 1047 3592 cutionem,
1081 3541 1199 3597 quae
1245 3533 1373 3582 tunc
1419 3528 1636 3582 videtur
1691 3526 1857 3584 fuisse
1885 3528 2167 3584 admodum
2199 3530 2349 3603 vio-_

756 3615 922 3671 lenta.
959 3618 1109 3683 Quod
1137 3617 1355 3687 quidem
1406 3618 1745 3673 tribuendum
1797 3620 2097 3688 praesentia:
2150 3621 2318 3690 impe-

758 3706 975 3771 ratoris,
1008 3705 1096 3776 qui
1127 3719 1194 3762 eo
1229 3706 1376 3762 venit
1402 3720 1544 3762 anno
1570 3706 1698 3762 372.
1740 3706 1916 3774 Quare
1942 3708 2081 3763 hanc
2122 3710 2322 3778 episto-

758 3797 865 3853 lam
892 3799 1162 3855 immerito
1189 3798 1427 3855 nonnulli
1456 3799 1756 3871 rejecerunt
1788 3799 1855 3855 ad
1888 3801 2177 3870 primordia
2205 3800 2320 3871 epi-

760 3900 1013 3960 sc0patus
1057 3889 1266 3946 Basilii.
1304 3891 1490 3961 Neque
1544 3893 1688 3947 enim
1717 3890 2000 3945 formulam
2024 3890 2318 3957 Nicanam,

761 3995 924 4050 quam
959 3980 1028 4035 ab
1069 3979 1222 4034 initio
1250 3992 1516 4050 receptam
1565 3983 1616 4035 in
1651 3980 1893 4035 Ecclesia
1943 3996 2038 4036 sua
2070 3982 2220 4049 dicit,
2256 3996 2321 4037 ea

760 4079 939 4127 mente
961 4071 1179 4143 apponit
1206 4070 1454 4137 Basilius,
1483 4080 1540 4125 ut
1566 4072 1722 4125 fidem
1752 4087 1903 4126 suam
1938 4087 2090 4127 more
2116 4075 2323 4142 episco-

758 4176 947 4232 porum
1002 4176 1191 4217 recens
1241 4164 1610 4219 ordinatorum
1657 4163 1929 4229 declaret,
1984 4165 2078 4219 sed
2112 4174 2170 4218 ut
2220 4166 2318 4222 hoc

760 4256 1010 4326 praesidio
1034 4258 1398 4312 Antiochenos
1427 4257 1751 4313 communiat
1768 4258 2026 4312 adversus
2053 4257 2323 4324 haeresim,

770 4362 891 4419 quae
914 4347 1268 4404 audacissime
1296 4350 1350 4405 in
1388 4350 1473 4404 illa
1502 4350 1633 4405 urbe
1664 4358 1920 4407 verticem
1950 4349 2191 4407 tollebat.

838 4439 898 4494 V.
930 4439 1100 4496 Morbi
1146 4441 1405 4510 reliquias
1462 4441 1635 4495 adhuc
1676 4440 1885 4497 ferebat
1922 4441 2167 4507 Basilius,
2202 4454 2324 4497 cum

766 4532 978 4587 duabus
1012 4532 1285 4600 respondit
1306 4531 1377 4601 (c)
1412 4531 1621 4585 Eusebii
1660 4530 1923 4601 epistolis,
1962 4547 2189 4603 quarum
2217 4544 2322 4586 una

772 4620 1129 4690 significabat,
1170 4631 1422 4691 quautam
1474 4619 1558 4675 sui
1591 4620 2050 4690 exspectationem
2099 4621 2325 4677 Basilius

764 4711 959 4783 populo
993 4711 1361 4766 Samosateusi
1385 4712 1783 4777 commovisset,
1816 4721 2074 4780 quantum
2119 4711 2319 4770 doloris

769 4802 1037 4857 attulisset
1089 4800 1236 4856 illius
1284 4798 1561 4867 absentia;
1608 4802 1774 4855 altera
1834 4815 2006 4867 vero,
2051 4801 2321 4870 antiquior

774 4896 1014 4966 quidem,
1064 4905 1122 4947 ut
1150 4909 1213 4949 ex
1245 4894 1509 4962 scriptura
1564 4893 1978 4959 conjiciebatur,
2009 4892 2105 4948 sed
2153 4893 2327 4949 serius

771 4987 1006 5051 reddita,
1062 4984 1381 5040 hortabatur
1430 4982 1498 5037 ad
1541 4980 1794 5037 Ecclesiae
1824 4982 2210 5047 defensionem,
2270 4992 2325 5039 et

770 5083 933 5133 etiam
960 5084 1122 5146 atque
1146 5081 1311 5130 etiam
1339 5074 1591 5128 monebat
1626 5087 1689 5126 ne
1718 5086 1802 5126 res
1834 5071 2210 5128 ecclesiastica:
2233 5071 2331 5126 ad-

772 5166 1029 5225 versariis
1077 5165 1439 5220 traderentur.
1486 5162 1722 5217 Conatus
1772 5159 1945 5216 fuerat
1985 5159 2211 5215 Basilius
2244 5160 2326 5216 his

771 5261 838 5316 de
867 5257 1026 5315 rebus
1057 5256 1287 5313 Eusebio
1310 5255 1621 5312 satisfacere
1648 5255 1701 5309 in
1732 5252 2099 5324 superioribus
2129 5252 2328 5322 episto-

772 5353 857 5419 lis,
896 5353 1100 5407 sedeas
1122 5350 1385 5407 Eusebius
1417 5364 1524 5408 non
1553 5358 1855 5421 acceperat,
1900 5360 2022 5403 cum
2061 5344 2174 5402 haec
2195 5345 2329 5402 scri-

844 5594 925 5663 la)
955 5591 1050 5663 Ep.
1080 5593 1205 5648 139.

847 5662 921 5735 (ι)
948 5662 1043 5735 ει)-
1074 5663 1195 5735 “9-

848 5733 918 5801 (c)
955 5733 1245 5801 EpistJM
1258 5770 1275 5786 .

854 5735 918 5852 1?
955 5735 1122 5801 Epist.
1152 5735 1275 5823 tu.

854 5806 876 5871 ς
914 5804 932 5871 )
966 5801 1059 5870 Ep.
1094 5799 1181 5868 98,
1213 5817 1266 5856 u.
1290 5802 1348 5857 3.

2421 3339 2791 3411 intelligatur,
2854 3339 3049 3409 duplex
3089 3339 3531 3409 distinguendum
3588 3341 3985 3395 communionis

2417 3446 2602 3502 genus.
2629 3430 2789 3487 Aliud
2820 3429 2964 3485 enim
2996 3429 3190 3486 litteris
3222 3431 3482 3486 canonice
3526 3428 3847 3498 scribendis,
3893 3443 3989 3485 aut

2417 3520 2665 3591 precibus
2688 3530 2743 3576 et
2776 3520 3049 3592 mysteriis
3110 3520 3270 3575 simul
3318 3518 3658 3575 celebrandis
3689 3518 3985 3589 perageba-

2422 3622 2529 3679 tur;
2554 3612 2696 3667 aliud
2721 3612 2946 3669 interius
2974 3622 3092 3667 erat
3119 3612 3510 3681 quodammodo
3547 3622 3599 3665 et
3620 3610 3888 3675 strictius,
3923 3625 3988 3664 ac

2421 3706 2473 3759 in
2502 3706 2847 3759 consiliorum
2873 3706 2938 3759 ad
2989 3703 3244 3759 Ecclesiae
3280 3704 3703 3773 pacificationem
3758 3703 3985 3772 conjun-

2421 3795 2601 3848 ctione
2627 3796 2859 3863 positum
2894 3804 3030 3847 erat.
3081 3794 3318 3847 Primum
3368 3810 3533 3863 genus
3565 3794 3807 3863 designat
3832 3792 3988 3849 Basi-

2420 3885 2523 3941 lius
2551 3884 2642 3956 (e),
2676 3901 2795 3941 cum
2825 3885 2900 3940 ait
2932 3884 3198 3953 rogandos
3214 3899 3333 3939 esse
3362 3885 3752 3951 Occidentales,
3784 3895 3839 3937 ut
3864 3902 3987 3939 cum

2414 3978 2622 4048 judicio
2658 3976 3049 4032 communiones
3077 3984 3351 4045 peragant,
3394 3982 3441 4028 et
3472 3990 3559 4027 eas
3592 3989 3709 4042 quae
3741 3988 3858 4026 cum
3892 3991 3987 4027 ac-

2423 4068 2720 4123 cedentibus
2766 4067 2833 4121 ad
2886 4068 3047 4137 ipsos,
3099 4076 3147 4121 et
3202 4082 3290 4120 eas
3322 4082 3439 4137 quia
3467 4069 3658 4132 scripto
3700 4063 3988 4117 secundum

2426 4157 2681 4214 Ecclesia:
2710 4174 2945 4212 normam
2975 4159 3108 4226 ﬁunt
3147 4174 3165 4213 :
3216 4158 3298 4212 vel
3332 4171 3452 4211 cum
3481 4156 3739 4226 plurimas
3764 4154 3989 4224 provin-

2426 4246 2537 4302 cias
2572 4256 2852 4300 enumerat
2894 4244 2975 4315 (f)
3023 4261 3249 4315 quarum
3312 4246 3379 4299 ad
3428 4246 3711 4314 episcopos
3772 4245 3989 4301 litteras

2427 4340 2674 4395 mittebat
2728 4348 2780 4394 et
2810 4340 3128 4409 accipiebat.
3188 4338 3428 4394 Alterum
3465 4338 3988 4394 communicatorum

2427 4446 2596 4502 genus
2634 4432 2892 4488 habemus
2925 4432 2978 4486 in
3010 4430 3251 4500 pluribus
3278 4430 3537 4502 epistolis,
3564 4446 3685 4500 quze
3725 4429 3791 4484 de
3842 4428 3990 4498 lcga-

2430 4522 2499 4577 tis
2526 4522 2750 4577 llomam
2808 4521 3087 4579 mittendis
3139 4530 3323 4591 agunt.
3352 4521 3611 4577 Hortatur
3649 4520 3878 4576 Basilius
3910 4521 3990 4594 (g)

2356 4570 2401 4626 Β
2430 4603 2490 4669 S.
2517 4611 2788 4670 Meletium
2838 4619 2897 4665 ut
2930 4570 3306 4668 communibus
3346 4612 3544 4667 litteris
3579 4612 3838 4683 adiungat

2430 4704 2572 4758 mina
2603 4718 2791 4759 eorum
2832 4703 2924 4773 qui
2962 4703 3101 4759 idem
3152 4706 3389 4758 sentiunt
3413 4744 3430 4771 ,
3464 4704 3625 4758 etiam
3663 4702 3989 4759 absentium.

2429 4795 2546 4867 Ipse
2581 4795 2845 4867 promittit
2876 4795 2929 4850 in
2987 4798 3090 4851 alia
3124 4795 3347 4864 epistola
3376 4794 3451 4865 (Ιι)
3480 4797 3725 4848 daturum
3760 4808 3819 4849 se
3857 4808 3993 4864 ope-

2431 4900 2567 4949 ram,
2614 4894 2673 4938 ut
2721 4898 3007 4939 commune
3072 4885 3333 4953 scriptum
3386 4883 3454 4936 ad
3504 4883 3995 4937 communicatores

2431 4974 2749 5046 perferatur.
2786 4972 2952 5029 Nemo
2980 4988 3113 5029 sane
3143 4974 3340 5029 dixerit
3371 4972 3631 5041 ejusmodi
3661 4970 3858 5027 litteris
3882 4985 3995 5026 om-

2428 5082 2524 5122 nes
2550 5066 2970 5133 subscripsisse,
3006 5066 3312 5135 quicunque
3340 5078 3462 5118 cum
3515 5062 3712 5118 Basilio
3750 5076 3994 5118 commu-

2429 5158 2706 5212 nicabant.
2751 5156 2886 5212 Tota
2929 5170 3015 5212 res
3076 5153 3469 5226 transigebatur
3519 5156 3663 5209 inter
3709 5167 3804 5209 eos
3855 5167 3993 5222 quos

2430 5264 2535 5305 non
2564 5247 2737 5303 solum
2777 5249 2964 5304 eadem
2998 5249 3329 5312 communio,
3363 5248 3455 5304 sed
3478 5247 3639 5303 etiam
3680 5244 3993 5302 earumdem

2430 5342 2779 5399 consiliorum
2811 5356 2879 5398 ac
2906 5342 3297 5397 sententiarum
3329 5338 3613 5397 consensio
3632 5334 3990 5396 devinciebat.

2527 5591 2575 5655 e)
2614 5586 2710 5653 Ep.
2740 5583 2876 5655 A129,
2905 5601 2958 5639 n.
2996 5584 3052 5655 5.

2530 5653 2571 5725 f)
2598 5656 2695 5725 Ep.
2734 5653 2860 5725 illi,
2893 5672 2944 5710 n.
2989 5654 3044 5709 5.

2534 5721 2584 5790 ᾖ)
2617 5723 2714 5790 Ep.
2745 5721 2832 5774 68.

2541 5796 2594 5855 ἡ)
2625 5792 2720 5853 liv.
2756 5790 2877 5843 120.
