4214 6502
1524 449 1682 505 VITA
1726 450 1783 506 S.
1825 448 2095 505 BASILII.

3279 465 3407 503 CIIII

186 571 248 626 De
276 567 457 625 eodem
490 565 1013 623 communicatoriim
1054 584 1246 641 genere
1294 573 1612 643 loquebatur
1635 574 1735 645 (a),
1768 582 1810 637 Α
1842 576 2083 637 ficasset,
2111 570 2337 628 Basilius
2369 572 2417 627 ei
2451 570 2727 640 respondit
2761 570 2835 641 (g)
2882 584 2986 623 non
3018 584 3136 634 sua,
3178 571 3269 626 sed
3297 573 3413 641 epi-

184 674 290 714 cum
330 655 525 709 Fausto
560 666 757 723 printer
780 673 1017 713 canones
1040 663 1286 717 ordinato
1328 663 1653 729 declararet,
1680 678 1737 718 se

186 751 397 804 alienum
422 746 490 800 ab
514 760 580 801 eo
626 762 843 818 semper
879 749 1141 819 futurum,
1186 754 1286 807 nisi
1315 753 1522 811 litteras
1547 754 1739 809 all'crat

186 840 434 893 Armeniae.
463 840 865 911 episcoporum,
898 855 961 895 ac
994 846 1274 897 unanimes
1308 859 1456 909 suos,
1511 858 1568 901 ut
1599 848 1736 902 idem

186 931 244 986 de
298 930 384 985 illo
428 936 690 995 sentiant,
730 932 1106 990 adducturum.
1165 936 1240 990 Ex
1296 936 1379 989 bis
1423 939 1740 1010 intelligitur

186 1026 436 1092 quomodo
474 1023 795 1091 Bosporius,
820 1029 1061 1095 quamvis
1093 1042 1195 1081 non
1223 1028 1465 1083 videatur
1498 1047 1525 1085 a
1558 1033 1737 1088 Basilii

186 1117 550 1169 communione
580 1115 923 1179 discessisse,
957 1132 1075 1171 sese
1118 1128 1293 1171 tamen
1327 1120 1398 1173 illi
1431 1122 1739 1190 adjunxisse

186 1209 393 1263 dicatur.
435 1208 835 1261 AbSIraxerant
885 1224 1005 1263 eum
1053 1210 1119 1265 ab
1175 1212 1360 1266 intima
1393 1228 1510 1267 cum
1542 1213 1739 1270 Basilio

186 1298 555 1369 conjunctione
616 1297 983 1354 dissensiones
1015 1302 1082 1357 ob
1119 1301 1474 1373 Cappadocia?
1511 1303 1737 1360 divisio-

188 1406 294 1446 nem
326 1400 565 1456 esorta;
598 1392 691 1445 sed
742 1406 844 1444 non
890 1390 1091 1449 idcirco
1130 1396 1365 1448 desierat
1396 1410 1516 1449 cum
1546 1396 1742 1451 Basilio

192 1480 589 1537 communicare
641 1483 724 1539 vel
768 1500 861 1553 per
895 1502 971 1549 se,
1005 1486 1087 1539 vel
1145 1500 1240 1551 per
1274 1487 1739 1559 metropolitanum

188 1590 326 1627 suum
359 1576 703 1641 Anthimum,
740 1579 953 1647 quicum
1010 1576 1241 1634 Basilius
1274 1580 1381 1635 cito
1425 1582 1477 1635 in
1512 1583 1740 1653 gratiam

190 1667 349 1723 rediit.

252 1761 333 1815 Vl.
366 1762 420 1814 In
445 1763 535 1815 his
578 1777 697 1830 quze
750 1762 851 1815 hoc
896 1776 1034 1817 anno
1062 1771 1208 1833 gesta
1242 1763 1595 1827 narravimus,
1626 1764 1745 1818 nul-

190 1850 281 1903 lum
309 1866 534 1918 prorsus
563 1859 741 1905 exstat
798 1852 1077 1919 vestigium
1110 1852 1285 1904 missa:
1314 1850 1364 1903 in
1396 1848 1741 1912 Occidentem

1846 679 2132 734 scoporum
2181 664 2378 718 nullam
2413 664 2513 719 sibi
2546 677 2765 732 operam
2821 662 3131 716 navantium
3173 662 3321 731 culpa
3357 663 3411 716 id

1840 757 2106 811 evenisse.
2138 752 2234 811 llis
2261 756 2503 824 profecto
2531 743 2789 825 querelis'
2815 753 2963 809 locus
2994 769 3097 809 non
3126 750 3335 813 fuisset.
3365 754 3409 807 si

1842 844 2007 899 inissa
2047 844 2317 897 communi
2352 858 2617 901 consensu
2646 843 2839 913 legatio
2886 859 3035 913 spem
3064 842 3242 898 auxilii
3272 851 3413 896 attu-

1843 934 2012 989 lisset.
2047 933 2170 989 Hinc
2210 934 2492 989 cuiifiriiiai
2543 936 2768 1006 epistola
2810 934 2934 1001 156,
2960 937 3010 987 in
3044 951 3146 1004 qua
3186 934 3413 991 llasiiius

1844 1027 2129 1095 respondet
2172 1025 2438 1095 Evagrio,
2493 1031 2759 1084 neminem
2817 1042 3039 1099 prorsus
3102 1041 3161 1080 se
3214 1028 3414 1082 habere

1842 1116 2090 1173 idoneum
2122 1116 2189 1170 ad
2234 1115 2516 1185 legationis
2566 1132 2758 1172 munus
2796 1118 3143 1182 obeundum;
3181 1130 3278 1171 nec
3306 1118 3413 1171 ob-

1841 1224 2000 1264 scure
2024 1209 2250 1271 indicat,
2282 1224 2441 1277 qnam
2474 1206 2684 1263 diﬂieile
2716 1211 2788 1263 sit
2838 1223 2890 1266 et
2920 1209 3296 1267 Occidentales
3349 1210 3415 1263 ad

1843 1302 2102 1363 auxilium
2140 1300 2417 1354 ferendum
2459 1310 2514 1355 et
2553 1302 2832 1369 episcopos
2857 1302 3159 1357 Orientales
3183 1302 3247 1354 ad
3288 1302 3417 1355 sub-

1842 1395 2181 1449 scribendum
2233 1392 2522 1457 adducere,
2577 1408 2697 1446 cum
2748 1394 2862 1447 ait:
2910 1394 3059 1459 Quod
3110 1396 3154 1449 si
3197 1394 3313 1464 quis
3351 1409 3415 1447 ea:

1843 1486 2094 1554 fratribus
2118 1487 2206 1556 qui
2254 1485 2394 1553 apud
2435 1502 2520 1538 cos
2549 1494 2691 1550 sunt,
2739 1483 3097 1540 Ecclesiiiriim
3147 1504 3307 1541 causa
3338 1485 3417 1538 la-

1846 1576 2016 1629 borem
2055 1579 2319 1643 suscipere
2376 1578 2530 1642 volet,
2576 1578 2619 1630 is
2665 1581 2762 1631 scit
2808 1580 2991 1648 prorul
3035 1582 3190 1632 dubio
3248 1590 3297 1633 et
3347 1576 3417 1631 ad

1844 1684 1973 1739 quos
2030 1668 2360 1735 profecturus
2420 1670 2486 1723 sit
2518 1680 2565 1722 et
2604 1672 2673 1722 ad
2702 1688 2853 1739 quem
2891 1674 3072 1741 finem,
3112 1683 3157 1725 et
3192 1684 3415 1740 quorum

1845 1758 1909 1811 sit
1939 1757 2125 1810 litteris
2163 1761 2588 1813 communiendns
2630 1771 2676 1814 et
2717 1762 2981 1831 qualibus.
3012 1761 3105 1816 llis
3146 1762 3415 1814 rationum

1850 1851 2137 1903 momentis
2183 1848 2287 1903 alia
2345 1850 2466 1903 addi
2504 1864 2761 1919 possent:
2804 1855 2895 1909 sed
2940 1857 3061 1925 quia
3096 1870 3213 1908 cum
3260 1854 3421 1908 rebus

191 1940 473 2008 legationis.
500 1940 791 1994 Asseverat
814 1949 988 1992 tamen
1014 1937 1387 1994 Tillemontins
1415 1940 1739 1994 Dorotlicum
1775 1927 1815 1981 Β
1844 1955 1983 1994 anno
2000 1942 2107 1995 375
2138 1953 2192 1997 et
2219 1942 2324 1996 576
2355 1942 2523 2012 gestis
2564 1945 2845 2012 conjuncta
2883 1961 3029 2015 sunt,
3062 1951 3310 2001 videntur
3362 1945 3415 1998 in

191 2032 550 2101 presbyterum
582 2032 801 2085 missum
833 2030 997 2085 fuisse
1026 2046 1145 2085 cum
1171 2031 1368 2087 litteris
1391 2030 1498 2086 212
1533 2040 1586 2087 et
1612 2030 1741 2097 215,

191 2121 308 2176 alias
340 2123 438 2178 l8‘2
478 2133 535 2177 et
572 2122 658 2174 70.
716 2120 819 2175 Sed
849 2120 933 2175 his
961 2120 1153 2178 litteris
1191 2138 1346 2177 suum
1382 2122 1561 2177 locum
1605 2121 1739 2176 assi-

191 2230 340 2281 gnare
374 2217 718 2267 conabimur.
759 2211 909 2269 Nunc
952 2216 1283 2283 probandum
1315 2215 1584 2269 neminem
1616 2216 1744 2269 mis-

192 2320 293 2357 sum
323 2304 485 2360 fuisse
525 2306 628 2360 hoc
668 2321 809 2360 anno
847 2304 973 2359 573.
1003 2304 1226 2358 Patetid
1252 2304 1312 2357 1ο
1340 2319 1403 2357 ex
1451 2305 1565 2373 ipsa
1606 2306 1746 2357 serie

193 2411 351 2451 rerum
382 2409 661 2470 gestarum
687 2395 1094 2465 (b).Cousilium
1130 2394 1374 2450 mittendi
1408 2394 1461 2449 in
1485 2393 1747 2450 Occiden-

194 2497 285 2541 tem
331 2499 510 2544 ortum
560 2498 643 2542 est
680 2488 745 2541 ab
791 2486 1019 2540 Eusebio
1048 2484 1412 2541 Sainosatensi
1442 2525 1458 2550 ,
1500 2486 1590 2555 qui
1623 2501 1745 2539 cum

191 2578 395 2632 aliarum
432 2577 800 2632 Ecclesiarum
841 2585 1044 2629 tantam
1087 2591 1273 2630 curam
1310 2588 1543 2645 gereret,
1575 2592 1747 2646 quan-

191 2678 287 2721 tam
316 2684 421 2721 sine
449 2666 1165 2735 propriaz,cominentarinm
1194 2668 1257 2720 de
1282 2667 1441 2720 rebus
1472 2669 1611 2735 apud
1641 2666 1746 2721 0c-

193 2758 471 2811 cideuiales
498 2757 800 2810 tractandis
824 2757 967 2809 misit
1007 2758 1072 2809 ad
1112 2754 1366 2809 Basilium
1399 2756 1549 2811 initio
1591 2758 1746 2826 hujus

192 2848 302 2901 anni
331 2863 422 2918 per
452 2845 892 2909 Sanctissiniuin,
928 2860 1161 2914 eumque.
1196 2847 1401 2910 rogavit
1432 2854 1489 2899 ut
1548 2846 1747 2914 episto-

192 2938 283 2992 lam
313 2946 591 3004 exararet,
632 2937 717 2991 cui
752 2950 940 2990 omnes
974 2935 1462 2990 cominunicatores
1504 2935 1746 2989 subscri-

192 3028 377 3085 berent.
403 3030 643 3084 Basilius
678 3030 749 3098 (c)
778 3043 899 3082 cum
930 3029 1106 3083 minus
1144 3026 1426 3095 reperiret,
1456 3026 1584 3096 quid
1612 3028 1747 3081 scri-

191 3122 403 3175 bendum
449 3132 615 3181 esset.
654 3119 866 3174 Meletio
905 3119 1097 3174 detulit
1153 3119 1452 3174 scribenda:
1508 3118 1747 3188 epistolae

194 3228 388 3277 munus,
419 3229 484 3267 ac
509 3224 678 3266 totam
719 3226 827 3264 rem
860 3212 1005 3265 illius
1045 3211 1271 3265 arbitrio
1296 3211 1587 3264 commisit.
1621 3209 1748 3263 Post

196 3306 451 3360 teterrima
478 3302 749 3358 Eustatliii
784 3304 833 3355 in
861 3300 1117 3355 Basilium
1150 3300 1388 3353 facinora
1442 3300 1541 3370 (ά),
1577 3301 1751 3354 adhuc

197 3398 488 3451 morabatur
513 3396 655 3462 apud
696 3394 971 3447 Meletium
1004 3391 1390 3445 Sanctissiiiius
1416 3431 1429 3455 ,
1467 3406 1531 3445 ac
1575 3390 1751 3445 consi-

195 3488 311 3542 lium
339 3488 617 3542 mittendae
649 3485 928 3555 legationis
969 3482 1105 3537 nihil
1136 3483 1355 3536 Omnino
1393 3490 1749 3549 processerat,

198 3594 284 3634 nec
338 3578 491 3632 valde
549 3576 829 3630 arridebat
882 3573 1099 3628 Basilio.
1154 3571 1311 3625 Venit
1343 3571 1749 3640 Ciesareaiiile)

200 3686 363 3727 mense
392 3673 637 3739 Augusto
665 3668 924 3737 Evagrius
953 3685 966 3720 :
1002 3664 1138 3735 petit
1164 3674 1222 3718 ut
1248 3664 1402 3735 legati
1426 3667 1747 3721 auctoritate

198 3762 386 3831 νηξόὶιὶ
416 3762 724 3817 mittantur.
758 3756 1006 3813 Consulit
1048 3755 1336 3810 Eusebium
1371 3754 1603 3810 Basilius
1626 3758 1752 3825 quid

199 3853 325 3907 facto
343 3870 475 3924 opus
497 3856 591 3908 sit.
612 3851 811 3905 lterum
838 3864 931 3918 per
953 3849 1161 3903 litteras
1182 3846 1389 3916 urgenti
1406 3847 1633 3915 Evagrio
1655 3848 1754 3902 sub

199 3947 387 4031 initium
424 3947 640 4008 hiemis,
670 3945 956 4013 respondet
974 3942 1206 3995 Basilius
1252 3938 1320 4008 (ι’)
1356 3938 1454 3993 sibi
1488 3940 1753 4007 integrum

200 4054 289 4093 non
323 4053 441 4093 esse
468 4036 675 4105 legatos
704 4036 937 4089 mittere.
962 4033 1203 4088 Nondum
1233 4047 1361 4100 ergo
1383 4032 1534 4086 initio
1564 4032 1757 4087 hiemis

197 4130 472 4199 quidquam
501 4138 683 4182 actum
718 4135 857 4189 erat,
890 4126 973 4179 vel
1030 4125 1209 4193 potius
1242 4138 1434 4177 novam
1477 4123 1757 4179 ditIicuIta-

200 4235 292 4277 tein
320 4221 609 4275 attulerant
628 4218 755 4273 data
784 4218 851 4273 ab
876 4215 1314 4273 Occidentalibus
1343 4214 1571 4283 Evagrio
1600 4231 1754 4269 man-

200 4314 329 4377 data,
372 4326 672 4379 eorumque
702 4312 767 4365 de
791 4309 974 4364 Basilii
1007 4307 1228 4377 scriptis
1258 4310 1435 4363 minus
1458 4323 1607 4378 aqua
1629 4322 1753 4363 sen-

203 4405 373 4458 lentia.

259 4496 310 4551 2ο
337 4500 476 4554 Idem
520 4496 756 4569 probant
813 4491 1126 4563 frequentes
1150 4492 1207 4547 S.
1256 4492 1439 4557 Basilii
1476 4500 1529 4545 et
1552 4490 1608 4545 S.
1649 4490 1753 4544 Eu-

1779 3271 1821 3329 C

1847 2031 1972 2087 illud
2001 2041 2209 2102 tempus
2237 2032 2557 2088 differenda.

2406 2165 2632 2221 CAPUT
2662 2162 2855 2219 XXIX.

1846 2278 1884 2331 l.
1920 2278 1978 2333 S.
2012 2278 2195 2333 Basilii
2229 2280 2435 2333 morbus
2457 2278 2525 2329 ad
2549 2286 2783 2331 trstatem
2818 2275 3139 2343 referendus.
3173 2276 3233 2333 11,
3268 2279 3418 2333 Diem

1920 2350 2104 2419 festum
2138 2348 2195 2402 S.
2228 2348 2514 2419 Eiipsycliii
2559 2347 2813 2409 crlebrat,
2859 2358 2905 2419 et
2960 2347 3117 2419 paulo
3158 2358 3272 2415 post
3316 2360 3419 2403 tres

1917 2418 2115 2470 litteras
2156 2420 2335 2471 scribit
2378 2416 2442 2470 vin
2484 2420 2710 2483 gratiam
2757 2416 3289 2483 ptorlioirOpIiiorum.
3330 2420 3417 2475 Ill.

1917 2485 2219 2559 Eiisebiuin_
2242 2489 2425 2559 inritat
2473 2485 3255 2559 Cmsareani,ejusquefratris
3305 2491 3419 2559 ﬁlio

1916 2559 2115 2611 scribit.
2157 2555 2241 2610 IV.
2272 2556 2530 2610 Invisitur
2561 2575 2591 2608 η
2622 2558 2680 2609 S.
2717 2555 2984 2618 Ejlltt‘wnt.
3024 2557 3082 2609 V.
3121 2555 3420 2613 Maximum

1917 2628 2084 2681 tribus
2132 2627 2322 2679 litteris
2379 2629 2723 2679 commendat.
2764 2624 2843 2678 Vl.
2900 2624 2977 2677 De
3019 2629 3247 2691 epistolis
3286 2629 3417 2684 15οο

1920 2701 2050 2754 155.
2083 2698 2189 2753 VII.
2223 2696 2511 2767 Respondet
2538 2695 2767 2748 Busiiiiis
2803 2694 3048 2747 Asc/iulio
3091 2695 3423 2752 Thessaloni-

1919 2771 2078 2833 rensi,
2107 2779 2155 2821 et
2188 2770 2393 2822 Sorano
2417 2769 2561 2828 duci,
2588 2782 2622 2837 αῖ
2643 2780 2743 2837 quo
2770 2767 2894 2837 petit
2936 2767 3181 2834 reliquias
3219 2780 3418 2837 marty-

1922 2856 2056 2893 rum.
2093 2838 2220 2891 \'||l.
2263 2838 2395 2891 Item
2427 2836 2678 2905 Evagrio.
2719 2834 2874 2887 Illius
2906 2837 3137 2905 animant
3176 2834 3420 2901 qiia'ruiit

1920 2908 2128 2960 Ariani.
2160 2908 2349 2961 Scribit
2387 2907 2447 2961 S.
2482 2904 2708 2959 Eusebio
2738 2913 2787 2956 et
2815 2905 3090 2957 Antiocho.
3126 2904 3195 2960 ΙΧ
3236 2906 3427 2960 Liben-

1920 2988 1997 3030 ter
2040 2979 2103 3030 de
2131 2980 2367 3045 dogmate
2418 2979 2688 3044 respondet
2722 2974 3028 3037 Euiiaterio.
3077 2974 3319 3042 Epistola
3355 2980 3422 3030 ad

1920 3046 2207 3102 Diodorum
2231 3049 2294 3099 de
2321 3048 2514 3115 nuptiis
2544 3062 2659 3097 cuni
2691 3060 2870 3097 sorore
2898 3046 3077 3097 uxoris
3105 3059 3349 3100 moriuie.

1920 3139 1960 3193 I.
1997 3138 2255 3205 Quamvis
2309 3136 2467 3207 longa
2502 3136 2773 3191 exstiterit
2814 3136 3078 3204 aegritudo
3107 3134 3311 3203 Basilii,
3363 3153 3427 3193 ac

1854 3232 2094 3300 reliquiae
2111 3230 2197 3284 diu
2229 3229 2543 3295 insederint,
2570 3236 2625 3283 et
2655 3241 2795 3296 saepe
2822 3226 3142 3295 augentibus
3188 3228 3428 3284 molestis

1854 3323 2107 3379 Ecclesia!
2134 3322 2467 3392 temporibus
2487 3318 2797 3389 morbus(li)
2822 3320 3153 3373 recruduerit
3170 3360 3184 3383 ,
3214 3320 3429 3375 videtur

1857 3425 2033 3470 tamen
2060 3415 2193 3470 satis
2214 3414 2409 3469 virium
2442 3411 2717 3477 habuisse,
2748 3420 2804 3463 ut
2833 3410 2971 3464 diem
3008 3411 3198 3465 festum
3223 3412 3282 3466 S.
3323 3413 3430 3466 Eii-

1854 3508 2059 3577 psycliii
2102 3508 2302 3571 obiret,
2360 3505 2519 3577 cujus
2574 3508 2833 3561 memoria
2895 3506 2979 3559 die
3015 3504 3045 3554 '7
3093 3502 3431 3572 Septembris

1852 3598 2213 3653 recolebatur.
2246 3597 2649 3660 Tillemontius,
2674 3597 2764 3666 qui
2792 3597 2842 3649 in
2864 3596 3006 3650 hunc
3027 3608 3226 3647 annum
3260 3591 3428 3646 multa

1854 3688 2100 3752 contulit,
2152 3702 2272 3757 qua:
2312 3686 2418 3740 alio
2452 3687 2679 3756 rejicere
2709 3688 2881 3741 coacti
2937 3699 3143 3747 sumus,
3176 3684 3432 3751 deceptus

1856 3775 2123 3831 nonnullis
2152 3775 2330 3831 verbis
2353 3776 2593 3845 epistola:
2634 3776 2701 3828 27
2732 3774 2987 3829 Basilium
3017 3785 3274 3826 autumno
3311 3773 3431 3827 exi-

1856 3869 2043 3923 stimat
2093 3869 2146 3922 in
2177 3868 2423 3922 morbum
2478 3867 2754 3924 incidisse.
2798 3866 2929 3931 Sed,
2966 3880 3087 3919 cum
3138 3864 3428 3918 Eusebium

1854 3969 2043 4015 aestate
2066 3960 2301 4015 invisere
2324 3960 2600 4014 statuisset
2629 3959 2713 4030 (i),
2750 3974 2849 4013 nec
2877 3958 2993 4025 ejus
3019 3956 3247 4011 consilio
3287 3956 3429 4010 aliud

1860 4052 2155 4122 quidquam
2203 4062 2400 4120 praeter
2449 4053 2696 4105 morbum
2748 4049 3051 4113 obstiterit;
3091 4046 3309 4102 morhus
3360 4048 3428 4100 ad

1857 4154 2103 4198 mstatein
2146 4142 2456 4197 necessario
2505 4143 2660 4195 debet
2708 4140 2918 4194 referri.
2978 4139 3243 4194 Praeterea
3285 4138 3430 4207 jam-

1857 4238 2055 4291 dudum
2099 4235 2396 4304 mgrotabat
2425 4231 2672 4296 Basilius,
2698 4248 2819 4286 cum
2850 4234 2914 4286 ad
2942 4246 3064 4285 eum
3106 4230 3255 4282 venit
3307 4228 3435 4283 Hie-

1858 4338 2118 4393 ronymus
2181 4323 2419 4393 (venisse
2443 4322 2585 4375 enim
2626 4322 2773 4375 illum
2808 4338 2929 4375 eum
2976 4318 3205 4388 Evagrio
3231 4318 3431 4385 proba-

1859 4414 2184 4469 bilissimuni
2232 4411 2438 4480 judicat
2488 4411 2915 4479 Tillemoniiius),
2940 4410 3029 4479 qui
3084 4419 3262 4462 tamen
3293 4422 3352 4463 se
3400 4424 3432 4463 e

1862 4507 2201 4577 Cappadocia
2236 4520 2511 4575 egressum
2547 4505 2900 4575 gravissimos
2954 4503 3006 4556 in
3056 4501 3240 4557 Cilicia
3271 4511 3435 4557 iustus

200 4588 316 4644 sebii
344 4593 572 4661 gemitus
601 4599 653 4643 et
682 4588 939 4658 querelae,
971 4587 1113 4656 quod
1144 4599 1262 4653 qua:
1288 4588 1355 4639 de
1407 4598 1540 4653 pace
1574 4583 1756 4637 Eccle-
1791 4609 1833 4665 ι)

1791 4609 1833 4665 ι)
1865 4597 2201 4667 persensisse
2239 4606 2485 4652 testatur.
2520 4594 2757 4661 Denique
2781 4593 2831 4646 in
2863 4592 3085 4661 epistola
3112 4591 3234 4654 H5,
3268 4606 3431 4659 quam

202 4683 383 4736 alarum
419 4682 762 4738 concilianda
789 4678 1241 4740 deliberaverant,
1283 4691 1345 4731 ea
1376 4677 1572 4731 infecta
1600 4692 1756 4745 pror-

202 4788 281 4829 sus
305 4786 355 4831 et
376 4776 530 4831 irrita
561 4776 829 4830 viderent.
869 4770 983 4827 Non
1013 4773 1156 4826 enim
1191 4770 1298 4824 alio
1330 4781 1539 4839 Spectat
1570 4771 1754 4827 Basilii

202 4866 337 4921 dolor
368 4868 420 4921 in
454 4867 685 4938 epistola
719 4864 844 4932 156,
872 4866 1015 4935 quod
1048 4878 1132 4917 res
1163 4862 1544 4918 ecclesiasticae
1567 4864 1755 4917 adver-

204 4959 343 5015 sariis
384 4961 697 5021 tradantur,
728 4959 857 5011 dum
904 4956 1017 5011 suis
1045 4956 1273 5026 quisque
1305 4954 1467 5011 rebus
1516 4955 1755 5025 episc0pi

206 5054 521 5109 consulentes
550 5050 703 5122 parvi
748 5050 988 5117 pendunt
1013 5064 1134 5120 qua:
1183 5048 1249 5101 ad
1281 5048 1586 5118 proximum
1620 5048 1750 5102 atti-

204 5154 333 5199 nent.
354 5145 585 5201 Eosdem
614 5142 846 5213 gemitus
869 5141 1199 5210 redintegrat
1240 5138 1291 5191 in
1320 5139 1479 5207 epist.
1508 5137 1628 5203 158,
1661 5138 1749 5193 ubi

205 5250 489 5305 germanam
517 5253 584 5293 ac
608 5238 875 5291 sinceram
920 5234 1233 5291 cbaritatem
1277 5232 1329 5284 in
1364 5231 1632 5300 episcapis
1660 5246 1747 5285 se-

206 5339 310 5382 cum
350 5329 729 5384 communione
756 5325 1058 5395 conjunctis
1102 5323 1392 5378 desiderat.
1428 5321 1551 5377 Ηιεε
1582 5322 1749 5377 Euse-

206 5414 281 5471 bio
306 5434 405 5474 non
431 5420 612 5473 minus
642 5416 931 5473 doluerunt
969 5432 985 5471 :
1028 5416 1172 5487 quod
1192 5430 1313 5471 cuni
1340 5414 1539 5471 Basilio
1574 5414 1745 5484 signi-

271 5603 338 5675 (a)
369 5603 462 5671 Ep.
497 5602 619 5657 122.

271 5674 334 5744 ib)
364 5675 457 5744 Ep.
493 5673 619 5744 120.

266 5678 334 5808 iii
364 5678 461 5815 Eii:
493 5678 622 5800 ἓξὲξ

270 5812 340 5882 (d)
364 5814 494 5869 Ibid.

269 5880 332 5955 te)
361 5885 453 5957 Ep.
490 5883 615 5948 138,
658 5898 711 5938 n.
752 5880 806 5934 Ξ.

1864 4699 1989 4761 post
2018 4688 2260 4743 morbum
2294 4689 2549 4757 scriptam
2606 4700 2725 4739 esse
2754 4684 3124 4753 probabimus,
3155 4690 3307 4752 rogat
3329 4682 3436 4735 Eu-

1864 4780 2071 4835 sebium
2100 4778 2348 4847 Basilius,
2386 4791 2444 4832 ut
2479 4777 2774 4831 Ecclesium
2800 4775 3187 4829 Cmsariensem
3216 4775 3429 4827 invisat.

1865 4872 2013 4925 Satis
2048 4887 2177 4942 ergo
2198 4881 2485 4941 supererat
2514 4869 2771 4934 temporis
2806 4876 2862 4919 ut
2891 4866 3105 4935 longum
3148 4865 3248 4919 iter
3271 4864 3435 4919 Euse-

1864 4964 1985 5018 bius
2008 4974 2134 5019 ante
2164 4963 2356 5017 hiemis
2383 4960 2722 5016 incommoda
2753 4960 3018 5014 coniicere
3054 4969 3257 5026 passel.

1928 5054 1990 5108 ll.
2028 5055 2104 5109 Eo
2130 5054 2462 5123 probabilius
2500 5062 2585 5107 est
2619 5067 2721 5107 non
2752 5050 2995 5106 defuisse
3036 5049 3296 5102 Basilium
3328 5048 3433 5102 diei

1856 5146 1996 5201 festo
2027 5146 2085 5200 S.
2143 5145 2457 5215 Eupsychii,
2517 5144 2659 5214 quod
2711 5157 2834 5197 cum
2881 5155 3029 5195 anno
3054 5139 3159 5194 375
3187 5154 3253 5193 ex
3282 5139 3433 5209 gravi

1860 5240 2050 5293 morbo
2073 5240 2277 5308 pariter
2303 5238 2727 5302 convalesceret,
2754 5248 3093 5304 nequaquam
3135 5235 3435 5302 praetermi-

1855 5330 1927 5384 sit
1948 5330 2287 5383 occasionem
2306 5330 2523 5384 honoris
2548 5332 2752 5384 sanctis
2770 5326 3100 5397 martyribus
3122 5324 3432 5386 exhibendi,

1854 5422 1950 5475 seil
1984 5434 2145 5474 curru
2182 5430 2305 5489 post
2338 5419 2543 5475 Pascha
2580 5428 2766 5475 vectus
2802 5428 2884 5474 est
2914 5419 2966 5472 in
2998 5417 3193 5483 locum,
3221 5415 3313 5471 ubi
3336 5423 3438 5467 es-

1935 5598 2005 5678 (D
2043 5599 2137 5678 FP.
2176 5598 2297 5678 15.6-

1937 5674 2013 5738 (g)
2046 5671 2141 5737 ep.
2179 5669 2300 5723 Nl.

1939 5739 2141 5819 (li)_Ep.
2162 5738 2267 5819 ib}
2281 5778 2296 5794 .

1936 5807 1996 5881 (si
2023 5807 2122 5879 Ep.
2156 5809 2277 5865 r57.
