4214 6482
754 452 878 495 (ζειν

2122 430 2651 487 PBOLEGOMENA.

758 568 838 612 tra
871 557 1054 611 urbem
1090 555 1424 610 colebantur.
1482 551 1827 607 Commodior
1865 551 1963 608 fuit
2013 550 2070 606 S.
2108 550 2316 623 Eupsy-
2345 556 2391 613 Α
2418 565 2516 620 pus
2554 565 2659 603 non
2688 546 2895 603 differat
2922 564 2934 601 :
2960 545 3170 600 etiamsi
3196 544 3339 599 enim
3376 545 3517 599 illam
3545 543 3831 615 aliquando
3861 559 3992 611 pes-

755 649 859 703 cbii
893 647 1226 711 solemnitas,
1259 662 1375 715 qua:
1408 646 1461 698 in
1500 646 1615 715 ipsa
1662 648 1793 699 urbe
1825 644 2142 699 Ctesariensi
2170 645 2315 699 cele-

757 736 1034 791 brahatur.

828 829 1151 885 Convocavit
1181 827 1244 880 ad
1279 826 1418 879 hunc
1447 825 1586 879 diem
1617 824 1813 879 festum
1849 842 2036 881 omnes
2065 828 2315 898 chorepi-

757 936 953 988 scopos
974 938 1121 981 suos.
1158 928 1211 972 ut
1247 933 1339 971 eos
1369 918 1792 971 numerariorum
1818 920 1992 984 alteri,
2012 935 2167 986 quem
2197 936 2319 973 ven-

759 1024 937 1067 turum
992 1012 1260 1079 sperabat,
1294 1024 1476 1063 coram
1530 1012 1953 1065 commendaret.
1984 1008 2086 1061 Sed
2128 1020 2319 1064 neuter

759 1100 929 1154 adfuit
954 1099 1310 1152 numerarius.
1367 1096 1650 1150 Tractator
1683 1102 1972 1167 prmsidum
2009 1100 2318 1166 diligentior

759 1184 882 1247 fuit,
915 1200 976 1236 ac
1006 1184 1201 1237 Basilio
1246 1185 1479 1252 roganti,
1516 1195 1571 1237 ut
1611 1201 1903 1256 pauperum
1938 1190 2147 1252 domos,
2197 1204 2317 1257 qua:

758 1278 811 1329 in
845 1276 993 1343 pagis
1028 1276 1144 1329 sine
1173 1286 1347 1338 erant,
1387 1278 1607 1331 tributis
1642 1282 1924 1342 eximeret,
1967 1282 2171 1348 prolixe
2201 1298 2317 1335 om-

759 1364 844 1417 nia
878 1366 1143 1431 pronlisit.
1172 1365 1336 1420 Paulo
1371 1377 1492 1436 post
1526 1369 1666 1421 hunc
1699 1371 1835 1422 diem
1881 1371 2073 1425 festum
2102 1374 2316 1441 scriptae

759 1468 866 1510 tres
893 1458 1151 1525 epistolae,
1190 1474 1381 1528 nempe
1423 1463 1487 1514 ad
1515 1472 1801 1529 utrumque
1835 1464 2220 1527 munerarium,
2264 1475 2319 1519 et

755 1547 823 1601 ad
870 1558 1210 1602 tractatorem
1244 1552 1549 1619 praesidum,
1609 1551 1674 1603 ad
1710 1566 1847 1619 quos
1878 1569 2038 1605 tnmm
2081 1555 2315 1621 aliquem

755 1657 821 1696 ex
842 1642 1241 1709 chorepiSCOpis
1279 1643 1458 1697 mittit.
1500 1642 1676 1711 Rogat
1718 1646 2105 1712 nmnerarium,
2158 1663 2317 1717 quem

756 1740 1188 1798 exspectaverat,
1217 1740 1271 1782 ut
1297 1734 1679 1801 chorepiscopo
1710 1734 1863 1787 fidem
1902 1735 2117 1801 habeat,
2144 1747 2201 1790 ut
2224 1738 2319 1791 ho-

757 1823 887 1875 tuini
915 1822 1234 1891 dignissimo
1258 1825 1339 1878 cui
1371 1833 1645 1890 credatur,
1679 1841 1741 1880 ac
1781 1843 2075 1895 pauperum
2102 1830 2315 1882 domum

2419 644 2486 698 sit
2513 641 2743 695 invisere
2771 682 2786 703 ,
2822 652 2876 694 at
2916 654 3019 692 non
3072 652 3252 692 secum
3286 634 3426 690 illam
3479 636 3799 701 invisorum,
3822 648 3989 705 quezn

2419 733 2637 788 morbus
2669 733 2887 800 urgebat
2920 730 2985 784 ab
3009 745 3310 784 terumnosa
3338 728 3441 781 vita
3472 727 3773 781 discedere.

2491 824 2745 890 Quamvis
2802 822 3031 878 Basilius
3085 824 3322 887 graviter
3372 830 3663 890 aegrotassc
3718 820 3987 882 videatur,

2419 933 2539 972 cum
2574 917 2685 969 haec
2726 916 3006 978 scriberet,
3058 929 3162 967 non
3218 924 3395 967 tamen
3441 911 3654 980 scripsit
3700 912 3752 963 in
3784 911 3993 978 gravis-

2418 1006 2554 1057 simo
2579 1003 2734 1072 hujus
2779 1005 2981 1057 aestatis
3015 1003 3222 1066 morbo,
3268 1004 3360 1055 sed
3390 1018 3511 1056 cum
3557 999 3772 1053 morbus
3801 1016 3989 1053 recru-

2420 1098 2680 1159 desceret,
2714 1094 2761 1146 id
2794 1096 2934 1162 quod
2966 1094 3066 1149 sibi
3103 1093 3443 1147 continenter
3487 1093 3729 1147 accidere
3755 1098 3989 1143 testatur

2421 1189 2472 1241 in
2502 1190 2656 1255 epist.
2688 1187 2808 1241 Ml.
2841 1184 2955 1240 Non
2988 1187 3127 1241 enim
3155 1185 3373 1254 exponit
3401 1199 3508 1251 quo
3543 1182 3727 1237 morbo
3759 1180 3988 1244 laboret,

2419 1284 2509 1337 sed
2544 1281 2616 1344 id,
2666 1290 2725 1334 ut
2781 1288 2963 1332 notum
2995 1292 3061 1331 ex
3119 1274 3485 1343 superioribus
3533 1274 3729 1328 litteris
3765 1280 3991 1343 przeter-

2420 1373 2602 1429 mittit.
2642 1367 2777 1426 tum:
2830 1370 2992 1424 etiam
3042 1368 3184 1423 nulla
3232 1366 3399 1421 utitur
3450 1366 3837 1429 excusatione,
3891 1380 3993 1419 cur

2422 1464 2706 1518 Eusebium
2761 1478 2863 1516 nou
2898 1460 3095 1513 invisat
3128 1477 3141 1512 :
3171 1459 3221 1514 id
3275 1460 3417 1513 enim
3462 1454 3668 1510 fecerat
3718 1458 3770 1510 in
3821 1459 3992 1511 tribus

2420 1557 2692 1624 epistolis:
2725 1554 2816 1609 sed
2853 1566 2973 1606 cum
3004 1551 3148 1605 nulla
3193 1566 3317 1620 spes
3356 1556 3658 1620 superesset
3692 1551 3850 1603 eundi
3891 1547 3994 1604 Sa-

2423 1657 2647 1709 mosata,
2680 1646 2963 1701 Eusebium
3018 1641 3209 1695 invitat
3261 1642 3583 1694 Cwsaream.
3622 1639 3884 1692 Prteterea
3936 1642 3989 1692 in

2420 1738 2647 1806 epistola
2701 1736 2979 1802 157,qu:e
3032 1736 3130 1784 sub
3194 1729 3403 1782 initium
3464 1729 3656 1783 hiemis
3701 1728 3800 1781 hoc
3848 1742 3991 1781 anno

2423 1833 2619 1901 scripta
2658 1838 2761 1892 est,
2802 1828 3067 1898 peramiee
3091 1824 3337 1894 queritur
3369 1822 3621 1889 Basilius,
3648 1825 3790 1893 quod
3823 1821 3993 1875 Eulae-

754 1914 820 1967 ad
854 1928 1019 1982 pagos
1074 1916 1171 1983 ipsi
1226 1918 1542 1971 commissos
1578 1921 1938 1985 pertinentem
1999 1921 2234 1975 invisere
2266 1932 2320 1975 et
2352 1909 2393 1966 Β
2422 1925 2539 1979 bius
2572 1924 2671 1978 sibi
2701 1939 2767 1975 ne
2807 1919 3005 1975 scribat
3029 1920 3276 1988 quidem;
3305 1932 3369 1972 ac
3399 1918 3599 1971 idcirco
3643 1919 3758 1986 ejus
3791 1920 3991 1972 absen-

757 2004 970 2057 tributis
998 2005 1245 2073 dignetur
1267 2007 1524 2060 eximere.
1576 2009 1777 2063 Scribit
1830 2010 1981 2065 alteri
2011 2013 2321 2068 nnmerario

755 2109 815 2149 se
847 2095 1076 2149 libenter
1129 2106 1411 2149 venturum
1444 2102 1509 2151 ad
1556 2114 1676 2153 eum
1732 2101 1919 2168 fuisse,
1969 2102 2069 2155 nisi
2108 2103 2323 2158 infirma

757 2186 1004 2240 valetudo
1031 2198 1083 2241 et
1135 2190 1343 2258 negotia
1387 2191 1713 2246 detinerent.
1762 2192 1898 2246 lluic
1930 2194 2137 2262 pariter
2166 2210 2317 2249 com-

757 2280 975 2331 mendat
1000 2276 1464 2349 chorepiseopum,
1493 2283 1842 2350 hortaturque
1874 2292 1930 2336 ut
1962 2299 2027 2339 co
2070 2286 2323 2340 consilia-

762 2371 864 2435 rio,
895 2380 952 2423 ut
988 2372 1200 2425 homine
1251 2374 1315 2425 ad
1352 2374 1636 2425 consilium
1695 2374 1927 2428 dandum
1962 2377 2171 2442 idoneo,
2200 2390 2320 2432 uta-

756 2471 864 2517 tur.
896 2461 1027 2516 Cum
1074 2471 1250 2515 autem
1307 2464 1644 2519 numerarius
1702 2465 1791 2520 ille
1844 2469 2319 2537 ptochotrophium

757 2556 1023 2625 quoddam
1047 2559 1287 2610 Amaseaz
1314 2557 1504 2626 opibus
1525 2559 1636 2612 suis
1660 2569 1983 2614 sustentaret
2001 2598 2018 2626 ,
2052 2575 2199 2629 spem
2240 2560 2322 2614 af-

759 2649 865 2702 fert
914 2648 1113 2704 Basilio
1172 2658 1315 2703 tanta
1353 2651 1561 2719 pietas,
1623 2666 1744 2704 eum
1791 2667 2083 2720 pauperum
2140 2654 2320 2708 domui

759 2739 1148 2808 chorepise0po
1206 2743 1505 2795 commissae
1568 2743 1959 2797 immunitatem
2015 2760 2045 2799 a
2112 2748 2325 2801 tributis

759 2844 1161 2885 concessurum.
1195 2829 1427 2899 Utrique
1460 2836 1767 2888 numerario
1802 2836 1929 2889 dicit
1966 2836 2076 2907 jam
2106 2839 2206 2891 sibi
2256 2841 2324 2895 ab

755 2936 944 2976 eorum
971 2922 1193 2991 collega,
1234 2938 1425 2993 nempe
1463 2932 1771 2991 tractatore,
1824 2928 2213 2983 humanitatem
2264 2932 2320 2985 in

758 3028 1017 3082 pauperes
1056 3016 1384 3084 promissam
1422 3014 1611 3070 fuisse.
1637 3016 1691 3069 In
1720 3018 1877 3070 tertia
1898 3019 2122 3088 epistola
2149 3021 2322 3091 ipsum

757 3111 1104 3159 tractatorem
1131 3114 1299 3175 rogat,
1347 3114 1404 3158 ut
1438 3105 1701 3175 promissa
1728 3106 1991 3177 perficiat.

2424 2019 2548 2073 tiam
2591 2014 2718 2068 nulli
2752 2013 2840 2065 alii
2875 2028 3051 2065 causa:
3105 2012 3372 2075 attribuit,
3414 2010 3515 2063 nisi
3543 2010 3685 2079 quod
3720 2011 3869 2078 piger
3919 2008 3995 2064 sit

2422 2110 2487 2162 ad
2519 2105 2974 2175 peregrinationes
2997 2104 3279 2158 ebaritatis
3311 2120 3470 2158 causa
3503 2102 3892 2172 suscipiendas.
3923 2110 3995 2155 At

2424 2199 2686 2268 ejusmodi
2741 2197 2976 2267 querelis
3024 2198 3170 2250 locus
3218 2211 3321 2247 non
3364 2196 3589 2261 exstitit,
3654 2195 3779 2248 dum
3845 2195 3994 2262 gravi

2423 2293 2512 2347 illo
2543 2292 2727 2345 morbo
2756 2299 3041 2360 aegrotaret
3072 2288 3319 2341 Basilius.
3348 2286 3503 2338 Tune
3532 2286 3674 2338 enim
3709 2286 3890 2353 plures
3924 2284 3996 2338 ab

2424 2386 2655 2440 Eusebio
2702 2384 2912 2438 litteras
2950 2382 3176 2451 accepit,
3219 2393 3317 2431 nec
3347 2391 3467 2431 eum
3505 2376 3768 2432 invitabat
3814 2375 3997 2428 Caesa-

2423 2480 2737 2535 ream.lnde
2785 2492 2911 2549 ergo
2949 2486 3081 2531 ortae
3127 2472 3307 2528 Basilii
3348 2470 3583 2539 querelae
3634 2469 3777 2537 quod
3821 2467 3997 2521 nullas

2424 2571 2493 2623 ab
2526 2585 2591 2624 eo
2632 2570 2837 2623 litteras
2878 2568 3177 2635 acciperet,
3210 2565 3461 2634 quamvis
3504 2578 3630 2617 eum
3686 2562 3995 2616 Caesaream

2426 2663 2702 2717 invitasset
2732 2676 2828 2730 per
2852 2660 3127 2729 epistolam
3161 2656 3284 2718 145,
3320 2670 3439 2723 qua:
3478 2654 3701 2723 proinde
3726 2661 3850 2723 post
3872 2667 3999 2721 gra-

2426 2770 2541 2810 vem
2565 2754 2765 2807 arstatis
2798 2750 3040 2804 morbum
3082 2752 3278 2815 scripta
3300 2758 3400 2801 est.

2498 2845 2631 2898 lluic
2680 2841 2919 2911 epistola:
2970 2839 3126 2892 aliam
3166 2836 3397 2891 Basilius
3430 2836 3670 2905 adjunxit
3700 2837 3764 2889 ad
3806 2835 4001 2887 Antio-

2423 2937 2609 3000 chum,
2637 2935 2726 3003 qui
2761 2949 2865 2988 non
2889 2932 3180 3001 scripserat
3202 2931 3438 3000 quidem,
3471 2929 3563 2983 sed
3593 2943 3750 2981 manu
3776 2942 3871 2980 sua
3908 2941 3999 2980 sa-

2426 3028 2590 3084 lutem
2622 3033 2945 3097 apposuerat
2974 3025 3025 3076 in
3052 3023 3227 3093 patrui
3252 3022 3319 3076 ad
3344 3020 3594 3075 Basiliam
3621 3018 3838 3073 litteris.
3878 3017 3997 3073 Uu-

2427 3120 2493 3175 de
2521 3120 2724 3191 gratias
2749 3118 2821 3172 illi
2846 3119 2955 3189 agit
2983 3114 3235 3180 Basilius,
3258 3126 3490 3181 eumque
3517 3110 3762 3164 hortatur
3784 3120 3841 3163 ut
3863 3118 4003 3163 stre-

830 3194 964 3252 Tres
995 3197 1098 3251 illa:
1147 3197 1387 3267 epistolae
1428 3198 1498 3251 ita
1529 3209 1581 3254 et
1630 3208 1869 3269 tempore
1896 3209 1949 3255 et
1978 3203 2136 3257 rebus
2182 3202 2323 3258 inter
2351 3248 2393 3305 Ο
2428 3229 2533 3268 "ue
2584 3210 2859 3267 incumbat
2914 3208 2980 3262 ad
3041 3206 3231 3261 animae
3284 3204 3547 3267 salutem,
3597 3210 3652 3255 et
3706 3198 4002 3255 Eusebium

757 3302 817 3343 se
845 3300 1167 3359 congruunt,
1199 3302 1256 3343 ut
1294 3306 1511 3358 prorsus
1556 3293 1729 3346 divelli
1764 3310 1864 3347 non
1899 3297 2122 3362 possint.
2154 3295 2325 3366 Hujus

757 3388 935 3433 autem
986 3381 1110 3432 anni
1149 3379 1251 3435 375
1296 3395 1399 3433 non
1448 3382 1547 3435 hoc
1585 3384 1755 3435 solum
1804 3383 2043 3438 referunt
2080 3386 2323 3455 signum,

756 3471 1026 3527 residuam
1061 3471 1242 3527 Basilii
1264 3488 1325 3526 ex
1352 3474 1500 3544 gravi
1542 3476 1725 3529 morbo
1748 3476 2112 3542 debilitatem;
2145 3479 2236 3533 sed
2264 3480 2327 3534 il-

758 3563 847 3618 Iud
896 3564 1059 3620 etiam
1101 3565 1343 3629 accedit,
1382 3566 1524 3634 quod
1585 3576 1693 3619 tres
1748 3565 2017 3634 officiales,
2073 3571 2139 3623 ad
2192 3586 2326 3638 quos

756 3664 975 3724 scripta:
1002 3663 1147 3719 sunt,
1174 3655 1291 3706 novi
1316 3655 1369 3706 in
1395 3654 1667 3721 provincia
1701 3653 1945 3706 videntur
1972 3654 2157 3710 fuisse.
2184 3654 2327 3710 Non-

759 3745 887 3797 dum
922 3744 1064 3798 enim
1102 3742 1264 3795 ullum
1292 3757 1355 3796 ex
1393 3743 1796 3814 chorepiscopis
1826 3757 2107 3812 noverant,
2143 3758 2323 3818 atque,

756 3840 819 3888 ut
850 3833 967 3887 fieri
997 3832 1135 3887 solet
1166 3834 1221 3887 in
1252 3833 1489 3887 exordiis
1519 3836 2037 3903 administrationis,
2079 3838 2329 3910 chorepi-

757 3928 926 3998 scopi,
960 3942 1120 3998 quem
1153 3929 1218 3982 ad
1246 3943 1340 3982 eos
1388 3929 1552 3984 tuittit
1607 3930 1835 3989 Basilius
1855 3975 1871 4003 ,
1901 3935 2127 3990 consilio
2156 3938 2324 4007 pluri-

758 4036 903 4074 mum
947 4022 1121 4092 juvari
1166 4034 1433 4093 poterant.
1480 4023 1632 4080 Unde
1659 4026 1851 4096 colligo
1890 4043 1983 4083 eos
2022 4032 2181 4085 simul
2206 4048 2324 4087 cum

758 4113 1039 4184 Antipatro
1072 4116 1321 4185 praeside,
1356 4132 1512 4185 quem
1552 4119 1710 4173 modo
1740 4120 2097 4187 gubernacula
2136 4138 2324 4192 capes-

759 4216 967 4259 sentem
998 4207 1248 4268 vidimus,
1285 4208 1335 4260 iu
1376 4205 1768 4276 Cappadociam
1812 4210 2043 4264 venisse.

829 4294 912 4350 lll.
946 4296 1019 4367 (a)
1063 4298 1291 4352 Rediens
1319 4312 1349 4352 e
1389 4298 1545 4369 Syria
1592 4298 1822 4354 Basilius
1872 4314 2014 4354 anno
2054 4301 2324 4371 praeterito

760 4384 1088 4440 latissimam
1119 4386 1374 4441 Ecclesia:
1420 4403 1530 4443 sua:
1578 4403 1727 4458 spem
1763 4390 1972 4444 videndi
2008 4390 2064 4445 S.
2108 4390 2323 4444 Eusebii

759 4476 1155 4532 Samosatensis
1205 4477 1481 4533 retulerat.
1520 4479 1569 4534 ls
1600 4481 1741 4535 enim
1793 4491 2077 4536 venturum
2117 4498 2174 4537 se
2201 4497 2323 4553 pro-

760 4568 981 4624 miserat
1005 4568 1333 4624 Ctesaream.
1370 4569 1483 4623 Non
1518 4581 1692 4624 tamen
1724 4572 1930 4626 videtur
1960 4588 2017 4627 se
2051 4574 2154 4628 hoc
2181 4587 2323 4628 anno
2354 4583 2398 4639 D

758 4673 1042 4718 venturum
1068 4663 1400 4732 promisisse.
1423 4661 1556 4717 Nam
1591 4666 1850 4719 hactenus
1880 4665 2105 4728 Basilius
2136 4666 2325 4722 Samo.

757 4756 893 4810 satis
939 4764 1286 4824 exspectatus
1330 4754 1523 4821 fuerat,
1577 4771 1681 4810 non
1733 4755 1999 4813 Eusebius
2040 4759 2321 4814 Caisareaa.

759 4845 922 4901 Multa
963 4848 1254 4901 obstabant
1292 4849 1576 4916 quominus
1605 4860 1735 4903 tunc
1776 4850 2037 4906 Eusebius
2062 4853 2325 4921 promissa

758 4940 1059 5023 perliceret,
1090 4940 1357 4995 defessum
1402 4956 1599 5010 corpus
1630 4950 1707 4995 tot
1755 4942 2042 4995 exantlatis
2090 4957 2187 5012 pro
2227 4942 2326 4997 Ec-

758 5033 916 5089 clesia
941 5033 1232 5099 laboribus,
1271 5035 1606 5103 negotiorum
1641 5034 1806 5088 moles
1838 5035 1888 5088 in
1928 5045 2028 5088 tam
2072 5045 2323 5088 accurata

756 5123 1007 5180 Ecclesiae
1045 5125 1405 5195 gubernandae
1448 5126 1675 5191 ratione,
1718 5125 2001 5178 innninens
2033 5138 2065 5177 e
2107 5125 2327 5194 propin—

762 5229 864 5285 quo
903 5215 1115 5279 Valens,
1151 5217 1249 5270 sub
1279 5231 1385 5285 quo
1437 5230 1657 5270 necesse
1709 5218 1846 5280 erat,
1878 5216 2018 5269 velut
2050 5231 2177 5272 aves
2228 5217 2327 5272 sub

763 5306 934 5375 aquila
973 5306 1321 5362 formidantes
1341 5345 1356 5371 ,
1394 5321 1497 5360 non
1531 5306 1686 5375 longe
1714 5321 1743 5360 e
1769 5322 1865 5361 suo
1890 5321 2157 5377 quemque
2189 5316 2330 5362 tecto

760 5396 1050 5452 discedere.
1085 5398 1188 5453 Sed
1239 5410 1412 5454 tamen
1460 5399 1691 5455 Basilius
1735 5412 1859 5453 cum
1906 5398 2178 5453 desiderio
2228 5413 2329 5452 suo

762 5492 1014 5558 atajorem
1044 5490 1095 5543 iu
1150 5493 1361 5546 modum
1405 5492 1599 5558 elatus,
1632 5501 1742 5545 tum
1794 5490 1955 5545 etiam
2006 5489 2115 5544 Deo
2158 5491 2327 5546 confi-

760 5580 910 5647 deus,
937 5579 1226 5636 Eusebium
1282 5597 1470 5648 rogare
1524 5598 1629 5638 non
1684 5581 1909 5647 dubitat,
1942 5581 2323 5650 utpiumvisi-

757 5672 930 5727 tande:
957 5671 1304 5731 Caesariensis
1336 5675 1590 5731 Ecclesiae
1630 5672 1861 5730 ofﬁcium
1902 5675 1956 5729 in
1997 5676 2140 5730 aliud
2181 5685 2319 5731 tem-

826 5782 899 5852 (a)
942 5782 1037 5852 sp.
1067 5783 1190 5838 us.

826 5850 899 5924 (lt)
948 5850 1049 5908 Vit.
1078 5852 1137 5910 S.
1172 5855 1431 5924 Euhram,
1458 5866 1584 5911 tom.
1612 5855 1698 5927 ιιι,
1731 5870 1851 5926 pag.
1881 5854 2005 5912 605.

2428 3311 2731 3367 comitetur,
2757 3304 2798 3356 si
2824 3304 2868 3356 is
2898 3316 3000 3354 non
3032 3306 3281 3368 gravetur
3318 3295 3616 3349 Caesaream
3648 3293 3853 3347 venire.

2499 3396 2586 3451 iV.
2614 3394 2866 3448 Sanctum
2891 3391 3134 3459 Ephrann
3167 3385 3442 3441 existimat
3478 3383 3851 3439 Tilletuontius
3890 3383 4001 3439 cir-

2426 3504 2486 3543 ca
2522 3489 2622 3541 hoc
2663 3495 2869 3552 tempus
2909 3482 3121 3535 venisse
3164 3478 3463 3534 Cresaream
3504 3477 3686 3533 Basilii
3729 3474 4000 3532 invisendi

2425 3593 2606 3635 causa.
2655 3575 2867 3629 lnduxit
2900 3588 3022 3628 eum
3080 3572 3133 3625 iu
3179 3572 3318 3626 hanc
3360 3569 3663 3639 opiniOnem
3694 3582 3799 3621 non
3850 3570 4000 3619 recta

2426 3670 2581 3736 hnjns
2612 3666 2711 3722 loci
2770 3663 3141 3733 interpretatio
3172 3678 3236 3717 ex
3279 3663 3434 3730 epist.
3496 3658 3619 3722 157,
3648 3656 3772 3709 οὐδὲ
3819 3656 3851 3725 ή
3891 3653 4001 3709 τῶν

2426 3760 2599 3816 ἄλλων
2628 3758 2873 3828 τοιαύτη,
2906 3758 3044 3812 unde
3068 3754 3335 3810 concludit
3363 3749 3646 3805 nonnullos
3667 3748 3741 3802 -S.
3777 3747 4000 3802 Eusebii

2428 3854 2737 3921 discipulos,
2778 3853 2829 3906 in
2872 3852 2953 3904 his
2999 3849 3057 3901 ὃ.
3111 3846 3381 3914 prraam,
3417 3842 3716 3896 Czesaream
3760 3840 3997 3894 venisse.

2429 3942 2765 4007 Verum,etsi
2797 3940 2952 3991 aliam
2986 3937 3036 3989 in
3064 3935 3387 3989 sententiam
3414 3933 3527 3987 htec
3549 3932 3706 3986 verba
3731 3930 4000 3999 accipien-

2427 4038 2492 4091 da
2525 4075 2539 4099 ,
2578 4048 2681 4087 non
2716 4040 2891 4083 tamen
2941 4026 3278 4080 discedemus
3307 4024 3374 4078 ab
3421 4024 3609 4079 ordine
3648 4021 4025 4086 'l‘illemontiit

2426 4124 2548 4193 quia
2580 4121 2705 4175 illud
2745 4117 2933 4172 saltem
2964 4116 3257 4171 verisimile
3294 4126 3399 4182 est,
3438 4114 3495 4168 S.
3530 4113 3779 4183 Ephrzem
3822 4111 4001 4167 Caesa-

2426 4229 2572 4270 ream
2622 4213 2835 4267 venisse
2874 4217 3158 4278 postquam
3200 4206 3394 4259 Valens
3423 4206 3524 4259 hac
3555 4206 3687 4257 urbe
3719 4202 3995 4257 discessit.

2425 4309 2501 4363 lta
2528 4306 2670 4361 enim
2705 4311 2955 4359 accurate
2993 4300 3059 4353 de
3110 4298 3295 4353 Basilii
3328 4298 3486 4353 rebus
3529 4296 3581 4350 in
3622 4293 4000 4364 persecutione

2424 4399 2592 4469 gestis
2643 4395 2898 4465 loquitur,
2936 4401 2993 4446 ut
3038 4405 3131 4446 eas
3177 4404 3273 4462 per
3313 4401 3373 4443 se
3409 4386 3524 4457 ipse
3571 4383 3818 4439 videatur
3852 4381 3997 4437 didi-

2424 4494 2585 4550 cisse.

2498 4582 2572 4654 (ὁ)
2601 4581 2797 4636 Narrat
2831 4575 3123 4649 Gregorius
3158 4572 3429 4644 Nyssenus
3464 4568 3523 4625 S.
3562 4566 3811 4637 Ephrazm
3852 4580 3882 4619 a
3920 4565 4002 4619 di-

2431 4678 2556 4732 vino
2581 4673 2785 4744 Spiritu
2816 4670 3035 4726 ductum
3068 4681 3187 4721 esse
3209 4665 3535 4725 Cresaream,
3559 4672 3792 4728 cumque
3826 4657 3897 4711 ibi
3922 4656 3999 4708 vi-

2430 4771 2598 4825 disset
2630 4764 2907 4830 Basiliam,
2939 4758 3121 4815 multis
3150 4758 3394 4811 laudibus
3419 4752 3818 4808 venerationem
3846 4762 3997 4803 suam

2432 4859 2660 4927 ctepisse
2689 4855 2899 4911 testari.
2935 4849 3157 4907 Videbat
3194 4846 3336 4903 enim
3370 4846 3559 4901 dextro
3591 4840 3771 4896 Basilii
3810 4839 4000 4893 hume-

2431 4968 2492 5006 ro
2535 4950 2855 5004 insidentem
2902 4941 3227 5001 columbam,
3257 4950 3376 5005 qna:
3430 4932 3594 4990 verba
3624 4929 4002 4985 illi-submini-

2429 5042 2657 5097 strabat.
2709 5037 2907 5092 Eadem
2955 5031 3202 5089 columba
3263 5025 3519 5081 Basiliam
3578 5021 3755 5077 docuit
3810 5020 4002 5073 adesse

2426 5131 2675 5203 Ephrmm
2718 5128 2932 5199 Syrum.
2979 5124 3112 5178 Cum
3162 5121 3264 5175 hac
3314 5118 3621 5173 narratione
3652 5113 3829 5166 minus
3869 5126 4000 5197 con-

2428 5198 2571 5292 gruit
2601 5220 2741 5289 quod
2766 5198 2908 5285 apud
2950 5210 3264 5266 Bollandum
3294 5208 3361 5279 (c)
3393 5209 3606 5274 legitur,
3637 5208 3882 5292 sanctum
3934 5198 4001 5251 il-

2429 5290 2535 5364 lum
2560 5310 2841 5363 diaconum
2860 5302 3054 5357 Basilio
3077 5300 3353 5370 cognitum
3381 5307 3535 5351 antea
3556 5294 3741 5347 fuisse.
3762 5290 3895 5345 Tuta
3914 5305 4000 5343 res

2427 5420 2454 5456 a
2489 5401 2546 5458 S.
2578 5400 2823 5469 prrzem
2871 5394 2950 5467 (a)
2983 5394 3062 5449 sic
3103 5401 3417 5455 enarratur,
3453 5387 3595 5443 nulla
3652 5400 3875 5455 prorsus
3908 5398 4000 5436 co-

2424 5496 2619 5550 lumba:
2668 5490 2806 5546 facta
2852 5489 3146 5543 mentione.
3197 5482 3296 5539 Ubi
3337 5499 3457 5553 ergo
3493 5481 3770 5540 Dominus,
3800 5475 3997 5547 inquit,

2421 5604 2543 5658 erga
2577 5601 2658 5639 me
2686 5580 3046 5637 misericordia
3079 5587 3363 5632 commotus
3403 5574 3529 5642 fuit,
3567 5572 3838 5625 occasione
3882 5579 3996 5622 orta

2420 5656 2670 5727 miserans
2713 5670 2765 5723 in
2796 5668 3024 5736 quadam
3067 5666 3289 5727 civitate,
3335 5663 3445 5716 illic
3498 5661 3677 5715 audivi
3713 5671 3886 5713 uocem
3916 5656 3997 5710 div

2502 5782 2575 5849 (c)
2617 5780 2639 5832 1
2667 5778 2851 5844 Febr.,
2879 5794 2946 5849 n._
2976 5775 3022 5830 6.

2501 5837 2579 5922 (Δ)
2620 5837 2855 5904 Monum.
2904 5846 3102 5901 Ecclcs.
3154 5842 3348 5909 (mea,
3384 5853 3511 5897 tom.
3554 5839 3634 5908 Ill,
3672 5856 3721 5901 p.
3747 5837 3836 5893 58.
