4214 6498
1538 451 1695 505 ms
1739 452 1792 507 s.
1835 430 2101 507 BASILII.

3318 466 3427 517 ειν

180 582 349 625 tentem
390 570 543 630 milii,
576 566 773 637 Surge,
801 567 1063 636 Ephrtcm,
1108 578 1155 621 et
1190 568 1399 621 comede
1445 586 1618 623 sensa.
1663 568 1733 621 Et
1762 574 1808 630 Α
1838 580 1914 621 cet
1969 570 2211 639 elegerint
2265 572 2398 624 mori
2436 588 2530 639 pro
2573 570 2805 637 Christo,
2842 584 3139 643 quantaque
3184 579 3408 645 periculi

180 665 467 730 respondens
488 662 598 712 dixi
631 662 688 711 in
728 659 895 711 multa
945 660 1205 712 anxietate
1240 650 1434 712 :‘Unde
1472 677 1584 731 ego,
1624 662 1735 714 Do-

180 754 313 813 mine,
338 752 599 803 comedam
626 751 651 801 ?
676 749 921 817 Dixitque
950 752 1017 801 ad
1042 767 1121 802 me
1146 765 1164 801 :
1190 749 1321 802 Ecce
1349 753 1401 803 in
1436 751 1587 804 domo
1621 769 1733 805 mea

182 842 354 909 regium
395 858 481 893 vas
512 842 872 907 suppeditabit
915 842 1009 892 tibi
1052 842 1244 894 cibum.
1282 839 1618 894 Vehementer
1638 859 1733 893 au-

176 944 257 983 tem
287 934 571 984 admiratus
613 948 770 997 super
815 933 989 994 dictis,
1028 947 1246 999 surgens
1281 934 1490 996 perveni
1518 935 1585 985 ad
1614 944 1733 985 tem-

173 1025 295 1089 plum
320 1023 591 1083 Altissimi,
620 1034 669 1075 et
724 1038 842 1074 cum
894 1024 1084 1075 sensim
1128 1028 1194 1075 ad
1240 1023 1379 1075 aula:
1422 1024 1729 1077 vestibulum

173 1116 515 1178 ascendissem,
547 1134 609 1169 ac
645 1134 755 1185 pra:
799 1116 1056 1169 desiderio
1090 1135 1182 1183 per
1216 1118 1386 1171 locum
1424 1130 1592 1187 portte
1636 1120 1732 1172 ad-

176 1209 426 1259 luerentem
450 1211 856 1276 prospexissent,
887 1208 987 1260 ridi
1014 1211 1065 1261 in
1094 1211 1288 1262 sanctis
1310 1220 1608 1261 sanctorum
1640 1227 1729 1263 vos

175 1300 414 1353 electionis
436 1317 617 1353 coram
641 1301 760 1353 ovili
788 1300 1038 1367 prteclare
1064 1314 1353 1365 extensum,
1372 1304 1537 1355 verbis
1566 1302 1727 1355 Deum

171 1391 443 1445 decentibus
474 1395 618 1445 varie
642 1402 911 1453 ornatum,
941 1394 1271 1462 omniumque
1297 1393 1473 1446 oculos
1498 1396 1549 1445 in
1578 1394 1725 1445 illum

168 1481 361 1547 deﬁxos.
398 1481 520 1535 Vidi
554 1482 800 1550 templum
835 1500 926 1552 per
951 1502 1066 1537 eum
1101 1486 1289 1548 spiritu
1332 1486 1610 1549 nutritum,
1636 1499 1727 1538 nec

169 1587 253 1623 non
286 1588 401 1641 erga
442 1571 631 1624 viduas
658 1584 704 1625 et
734 1575 995 1639 orphanos
1045 1574 1375 1639 potissimum
1424 1574 1725 1627 misericor-

166 1664 514 1730 diam.Aspeasi
547 1663 655 1716 illic
679 1668 818 1733 apud
848 1682 985 1729 eum,
1005 1665 1288 1733 lacrymas,
1312 1666 1508 1733 fluenta
1538 1666 1725 1734 ﬂuvios

166 1757 421 1819 imitantia,
453 1766 503 1808 et
549 1758 708 1810 rellus
736 1758 851 1811 vitta
882 1759 1081 1810 cunctis
1117 1760 1286 1811 instar
1312 1760 1432 1811 auri
1468 1763 1724 1825 radians;

164 1847 406 1915 ipsumque
455 1859 723 1916 pastorem
770 1852 947 1915 pennis
988 1850 1204 1916 spiritus
1236 1867 1331 1913 pro
1361 1853 1505 1905 nobis
1550 1870 1724 1919 preces

1838 662 2255 729 contempserint,
2289 672 2343 714 ut
2377 662 2546 729 ipsum
2590 665 2999 732 lucrifacerent;
3030 681 3139 720 tum
3163 679 3284 736 quot
3321 686 3410 721 nu~

1836 770 1977 806 mero
2010 754 2206 821 fuerint
2257 754 2387 822 facti
2424 756 2535 819 illi;
2581 757 2889 827 reliquaque
2920 760 2994 811 ad
3043 760 3287 827 pietatem
3327 778 3410 815 eo-

1835 861 1953 897 rum
2010 846 2325 911 pertinentia
2380 849 2567 903 edixit.
2605 847 2799 917 Tangit
2848 850 3026 903 obiter
3080 852 3412 906 Sozomenus

1834 934 1977 988 hunc
2003 934 2181 989 Basilii
2203 948 2255 990 et
2274 937 2330 990 S.
2348 938 2559 992 diaconi
2588 954 2958 1009 congressum,
2979 943 3136 1010 idque
3162 952 3285 996 ante
3304 945 3412 1011 epi-

1834 1037 2112 1093 scopatum
2154 1027 2335 1080 Basilii
2391 1031 2685 1099 contigisse
2716 1032 2925 1084 videtur
2953 1034 3412 1103 exisumasse(a).

1832 1119 1920 1171 Ait
1946 1120 2099 1181 enim
2138 1118 2360 1184 Basilio,
2389 1121 2480 1189 qui
2532 1132 2717 1189 postea
2755 1121 3017 1177 Caesarea:
3041 1121 3414 1192 Cappadocum

1832 1208 2141 1276 metropolis
2159 1210 2439 1279 episc0pus
2471 1210 2589 1275 fuit,
2604 1213 2941 1266 admiratiOui
2966 1212 3129 1267 fuisse
3149 1214 3416 1267 eruditio-

1832 1315 1952 1353 nem
1989 1298 2045 1354 S.
2081 1301 2349 1370 Ephra‘m.
2376 1304 2594 1357 Videtur
2616 1304 2680 1355 ad
2710 1304 2763 1357 S.
2789 1304 3033 1370 Ephrtem
3061 1304 3247 1359 referri
3272 1306 3413 1373 quod

1831 1391 2059 1447 Basilius
2089 1396 2139 1447 in
2180 1395 2315 1448 libro
2343 1395 2417 1449 De
2456 1394 2663 1465 Spiritu
2712 1408 2893 1449 sancto
2931 1398 3008 1467 (tr)
3046 1400 3326 1467 accepisse
3355 1412 3414 1452 se

1830 1493 2057 1539 testatur
2084 1501 2112 1538 a
2149 1488 2381 1556 quodam
2412 1488 2821 1557 Mesopotamio,
2848 1492 2964 1543 viro
3010 1498 3064 1543 et
3102 1490 3297 1559 linguae
3324 1504 3415 1559 pe-

1830 1577 1933 1630 rito
1962 1587 2016 1631 et
2049 1578 2315 1632 sententia
2354 1580 2688 1647 incorrupto.

1902 1666 1963 1724 ν.
1990 1667 2229 1723 Maximo
2255 1668 2605 1738 Cappadocia:
2644 1669 2881 1738 prinsidi,
2912 1670 2997 1723 cui
3027 1672 3290 1725 successit
3311 1673 3413 1726 hoc

1829 1777 1974 1815 anno
2006 1751 2315 1831 Antipater,
2367 1777 2475 1815 non
2512 1763 2684 1816 solum
2735 1761 2990 1832 abrogata
3026 1763 3286 1831 dignitas,
3317 1766 3410 1818 sed

1827 1852 1989 1905 etiam
2020 1854 2352 1921 gravissima:
2387 1852 2726 1906 calamitates
2754 1864 3204 1921 supervenerunt.
3233 1856 3410 1908 Accu-

162 1938 444 2002 evelientem,
482 1958 552 1993 ac
595 1942 931 1995 deducentem
981 1944 1153 1996 verba.
1196 1942 1313 1995 Vidi
1362 1944 1425 1996 ob
1463 1946 1572 2013 ipso
1620 1942 1721 1997 Ec-
1752 1924 1793 1978 Β
1824 1954 1972 1998 satus
2006 1944 2148 1996 enim
2192 1942 2287 2014 (c),
2338 1952 2395 1996 ut
2446 1945 2741 1997 verisimile
2791 1956 2909 2007 est,
2964 1946 3413 2012 repetundarum,

163 2030 347 2081 clesiam
372 2032 700 2095 decoratum,
723 2042 769 2083 et
796 2048 909 2084 eam
935 2050 1049 2102 quin
1070 2033 1260 2086 dilecta
1284 2045 1357 2087 est
1391 2044 1718 2089 exornatam.

164 2120 395 2191 Conspexi
436 2140 535 2191 per
571 2142 688 2178 eum
740 2124 898 2178 Pauli
953 2127 1271 2187 doctrinam,
1321 2124 1723 2195 Evangeliorum

162 2213 319 2281 legem,
352 2218 723 2285 mysteriorum
750 2217 1007 2270 timorem.
1041 2214 1163 2268 Illic
1196 2216 1420 2270 intuitus
1464 2234 1580 2271 sum
1616 2220 1723 2272 uti-

162 2308 244 2358 lem
273 2309 663 2377 salutaremque
712 2322 1016 2368 sermonem,
1052 2307 1121 2358 ad
1150 2308 1322 2374 ipsunt
1361 2324 1517 2377 usque
1537 2310 1720 2363 emtum

159 2399 359 2464 ﬁdeliter
407 2408 792 2466 assurgentem,
821 2414 924 2451 uno
962 2399 1139 2453 verbo.
1172 2408 1335 2452 totum
1362 2400 1509 2453 illum
1532 2410 1720 2454 coetum

159 2490 495 2553 splendoribus
532 2489 719 2555 gratia:
770 2489 1156 2544 collustratum.
1191 2488 1289 2543 His
1318 2507 1474 2557 porro
1522 2494 1720 2546 cunctis

159 2581 373 2649 religiose
414 2582 553 2634 adeo
591 2598 681 2648 per
714 2598 799 2634 vus
834 2583 1213 2651 regnielectum
1260 2584 1564 2653 vigentibus,
1604 2582 1721 2634 lau-

158 2672 287 2725 dibus
316 2672 575 2725 celebravi
626 2675 904 2739 sapientem
946 2677 1239 2743 bonumque
1295 2674 1597 2736 Dominum,
1625 2673 1717 2740 qui

158 2764 219 2816 sic
266 2766 430 2832 ipsum
499 2766 860 2835 gloriﬁcantes
910 2765 1193 2833 glori/ient.
1240 2763 1716 2822 Post.auditorium

159 2869 277 2918 vero,
304 2873 363 2909 ea:
402 2856 613 2924 Spiritu
646 2867 827 2906 sancto
877 2856 1061 2906 notitia
1104 2853 1210 2907 viro
1244 2857 1372 2909 data
1402 2863 1475 2907 est
1511 2855 1573 2906 de
1602 2871 1718 2919 me;

157 2958 196 2998 et
226 2964 480 3001 arcessens
522 2947 765 2998 vilitatem
794 2962 982 3010 meam,
1016 2962 1107 3014 per
1131 2948 1461 3015 interpretem
1491 2948 1718 3001 interro-

156 3039 271 3104 gavit
296 3035 616 3088 medicens:
650 3034 793 3088 Tunc
823 3052 873 3089 es
904 3035 1287 3104 Ephraem,qui
1324 3038 1578 3105 prtcclare
1606 3053 1717 3090 cer-

156 3129 289 3180 vicem
322 3127 618 3191 inclinasti,
657 3139 701 3180 et
749 3130 1008 3181 sustulisti
1034 3130 1221 3199 jugum
1250 3128 1503 3182 salutaris
1530 3128 1715 3181 verbi?

154 3218 211 3272 Et
243 3221 557 3289 respondens
600 3222 710 3273 dixi
740 3236 757 3272 :
792 3220 901 3289 Ego
928 3238 1042 3273 sum
1090 3220 1359 3287 Epitravn,
1411 3220 1499 3289 qui
1524 3219 1712 3271 caelesti

155 3326 288 3363 cursu
319 3314 571 3378 meipsum
602 3310 886 3378 frustratus
916 3310 1013 3375 fui.
1047 3308 1281 3377 Cumque
1319 3327 1399 3365 me
1428 3312 1710 3379 apprehen-

156 3404 290 3455 disset
323 3405 529 3455 divinus
570 3401 659 3452 ille
688 3401 781 3466 vir,
811 3412 1049 3452 sanctum
1078 3400 1315 3454 osculum
1356 3418 1512 3455 suum
1542 3403 1594 3455 in
1634 3417 1712 3455 me

157 3491 479 3557 conﬁrmavit,
530 3504 898 3557 apponensque
927 3506 1179 3556 mensam,
1218 3506 1282 3544 ex
1324 3492 1599 3545 esculentis
1626 3508 1713 3545 sa-

154 3584 316 3648 pientis
340 3594 639 3653 sancta'que
662 3592 706 3635 et
731 3582 902 3651 ﬁdelis
934 3584 1122 3638 anima:
1148 3585 1333 3654 ipsius,
1371 3602 1471 3639 non
1502 3586 1709 3656 quidem

156 3676 559 3743 corruptibilibus
589 3676 850 3729 conditam
879 3677 1113 3745 ferculis,
1147 3678 1237 3731 sed
1272 3678 1590 3741 incorruptis
1628 3692 1709 3730 re-

158 3764 321 3831 fertam
349 3766 645 3819 sententiis.
679 3764 879 3830 Quibus
914 3769 1071 3828 enim,
1115 3768 1334 3830 dicebat,
1365 3767 1509 3819 bonis
1533 3767 1705 3836 operi-

155 3858 234 3910 bus
253 3874 521 3925 possumus
556 3857 833 3910 Domiuum
863 3856 1110 3924 praeclare
1137 3858 1283 3910 nobis
1308 3858 1573 3925 placatum
1596 3859 1710 3913 red-

154 3952 274 4015 dere,
295 3969 392 4019 quo
419 3961 579 4019 pacto
625 3934 953 4026 peccatorum
1001 3966 1329 4005 coerceamus
1374 3951 1621 4017 insultus,
1662 3963 1707 4007 et

154 4047 387 4111 quomodo
420 4046 712 4114 affectuum
752 4044 1089 4100 occludamus
1133 4048 1396 4118 ingressus
1422 4049 1447 4101 2
1481 4065 1584 4118 qua
1625 4065 1712 4101 ra-

160 4139 340 4192 rutione
360 4138 708 4206 apostolicam
731 4153 1088 4204 comparemus
1117 4139 1377 4201 virtutem,
1404 4149 1451 4193 et
1482 4156 1708 4210 quonam

152 4243 280 4299 pacto
343 4235 711 4301 incorruptum
770 4245 1041 4284 exoremus
1095 4232 1378 4301 judicent?
1442 4232 1574 4287 Tum
1630 4233 1711 4287 la-

155 4336 390 4378 mentatus
418 4328 669 4388 elamavi,
701 4335 748 4378 et
799 4325 911 4378 dixi
942 4340 958 4377 :
992 4323 1091 4388 Tu,
1136 4335 1307 4392 pater,
1346 4328 1546 4380 custodi
1575 4328 1709 4380 mol-

154 4417 235 4468 lem
268 4436 325 4471 ac
353 4418 635 4478 desidem;
664 4426 718 4469 tu
752 4419 806 4471 in
856 4426 1050 4470 rectam
1099 4418 1334 4471 semitam
1372 4420 1539 4487 dirige
1569 4436 1648 4473 me
1685 4437 1707 4484 ;

153 4513 199 4556 tu
218 4507 473 4574 lapideum
510 4522 684 4562 meum
715 4524 802 4560 cor
829 4525 1134 4577 compunge.
1162 4510 1239 4561 Ad
1263 4521 1308 4562 te
1323 4515 1459 4562 enim
1488 4510 1703 4579 projecit

152 4614 217 4650 me
260 4602 539 4665 spirituum
594 4596 752 4663 Deus,
788 4609 844 4652 ut
898 4604 1127 4654 animum
1184 4618 1352 4654 meam
1407 4617 1576 4656 cures.
1626 4602 1703 4657 Tu

152 4691 318 4745 unione
350 4710 477 4748 ntere
502 4706 684 4746 navent
716 4692 861 4758 seda,
888 4694 954 4744 ad
990 4709 1179 4761 aquam
1225 4693 1485 4764 requietis.
1532 4694 1700 4764 Atque

152 4782 220 4836 ltic
243 4787 358 4838 mihi
384 4786 635 4853 prwclari
667 4787 901 4853 magistri
924 4788 1156 4840 studium
1198 4788 1574 4855 contemplare,
1602 4806 1699 4843 un-

152 4878 203 4928 de
237 4878 467 4931 virtutem
503 4894 675 4931 meum
706 4879 1112 4945 comprehendit,
1150 4878 1375 4945 formam
1416 4881 1700 4947 continuit,

152 4976 198 5017 ut
221 4967 285 5018 ita
320 4968 512 5029 dicam,
552 4968 750 5036 virgam
782 4970 1032 5035 corporis,
1062 4969 1379 5038 evellensque
1412 4970 1701 5024 irrationa-

151 5054 310 5109 bilium
361 5058 651 5127 affectuum
711 5075 907 5122 mores,
943 5060 1167 5112 detraxit
1221 5076 1485 5129 squamas,
1532 5062 1700 5115 tabent

150 5150 417 5215 oculorum,
447 5162 510 5204 ει
542 5148 850 5203 subtrahens
884 5150 1200 5203 viriditatem
1244 5151 1703 5205 immaturitatern-

148 5252 230 5307 que
249 5244 517 5306 sermonis,
554 5256 635 5293 me
657 5240 765 5291 zelo
796 5244 947 5309 cepit,
978 5260 1036 5295 ac
1060 5246 1297 5298 demersit
1331 5248 1384 5299 in
1417 5247 1701 5300 documen-

151 5340 301 5387 torum
362 5350 581 5389 suorum
639 5333 990 5389 immersoria.
1038 5333 1183 5388 Tunc
1237 5340 1469 5406 concepit
1526 5348 1701 5393 venter

151 5440 271 5477 metu
306 5430 662 5494 prudentiam,
688 5437 740 5478 ut
776 5437 976 5493 pareret
1015 5429 1368 5498 quadraginta
1414 5439 1699 5497 martyrum

150 5516 324 5571 laudes.
342 5516 561 5573 Omnem
585 5521 721 5572 enim
749 5518 1040 5574 tolerantia:
1072 5520 1303 5588 ipsorum
1334 5521 1544 5573 modum
1572 5521 1699 5574 meis

149 5608 365 5673 adjunzit
401 5610 620 5665 auribus
663 5610 896 5681 egregius
931 5612 1047 5678 vir;
1086 5612 1521 5683 quemadmodum
1548 5609 1696 5666 scili-

210 5815 274 5884 (ai
314 5816 422 5871 Lib.
452 5836 597 5884 nuc.
634 5818 716 5874 16.

208 5882 272 5953 (li)
303 5886 429 5958 Cap.
466 5882 559 5953 29,
591 5905 711 5960 pag.
748 5887 829 5942 65.

1823 2035 2073 2088 Omnibus
2104 2035 2258 2088 bonis
2294 2045 2401 2086 tum
2451 2035 2709 2102 paternis,
2758 2044 2868 2086 tum
2898 2034 3081 2087 labore
3116 2050 3213 2088 suo
3243 2036 3413 2103 partis

1825 2128 2055 2181 nudatus
2090 2137 2193 2194 est,
2229 2141 2292 2179 ac
2335 2126 2634 2180 inuunieris
2664 2124 2893 2180 aﬂlictus
2924 2127 3167 2193 corporis
3202 2128 3411 2179 incom-

1826 2221 2015 2283 modis,
2043 2221 2167 2273 dum
2202 2220 2469 2288 susdeque
2502 2230 2648 2273 errat
2679 2236 2693 2285 ;
2747 2220 2853 2272 into
2880 2234 2946 2271 ne
2985 2219 3157 2286 ipsum
3193 2220 3408 2287 quidem

1823 2311 1956 2364 civis
1981 2320 2176 2365 statum
2218 2311 2286 2363 ab
2322 2309 2537 2379 injuriis
2570 2311 2837 2378 integrum
2880 2310 3121 2364 retinuit.
3161 2308 3263 2364 Tot
3295 2325 3411 2363 ma-

1823 2402 1996 2456 lorum
2036 2404 2189 2473 origo
2242 2403 2433 2457 Vicarii
2479 2402 2792 2467 iracundia,
2832 2402 3063 2455 hominis
3096 2415 3323 2470 nequam
3355 2412 3409 2455 et

1821 2496 2077 2557 crudelis,
2108 2497 2189 2549 cui
2220 2495 2487 2548 Maximus
2522 2495 2573 2546 in
2609 2493 2868 2547 offensam
2919 2504 3163 2547 venerat.
3190 2494 3323 2547 Cum
3356 2496 3406 2547 in

1820 2588 1903 2641 his
1934 2602 2107 2640 rerum
2141 2588 2405 2656 angustiis
2443 2586 2706 2656 judicium
2758 2587 3091 2654 poposcisset
3126 2586 3193 2640 ab
3232 2588 3405 2655 impe-

1820 2692 2020 2746 ratore,
2051 2683 2394 2736 commendat
2421 2695 2544 2735 eum
2587 2679 2820 2734 Basilius
2850 2680 3092 2748 Aburgio
3126 2690 3179 2733 et
3213 2679 3403 2750 Traja-

1819 2789 1908 2837 no,
1943 2783 1999 2826 ut
2035 2789 2190 2828 suum
2224 2774 2272 2827 ei
2302 2785 2495 2827 contra
2542 2782 2779 2825 structas
2824 2771 3125 2825 calumnias
3171 2773 3407 2840 patroci-

1818 2867 1963 2921 nium
2010 2866 2339 2934 impendant.
2388 2864 2479 2917 Est
2524 2864 2686 2917 etiam
2731 2864 2833 2923 alia
2887 2864 3113 2931 epistula
3158 2878 3277 2931 qua:
3326 2866 3377 2918 in

1816 2960 2070 3015 scribitur
2135 2958 2308 3011 eidem
2384 2955 2640 3026 Trajano,
2698 2956 2790 3009 sed
2828 2970 3131 3025 perperam.
3164 2954 3214 3010 Is
3258 2955 3402 3009 enim

1815 3050 1880 3101 ad
1914 3063 2073 3117 quem
2111 3047 2310 3115 scripta
2338 3054 2442 3107 est,
2482 3029 2693 3098 viderat
2717 3044 2887 3099 oculis
2928 3044 3041 3099 suis
3068 3043 3407 3099 calamitates

1815 3136 2028 3190 Maximi
2057 3154 2071 3201 ;
2106 3140 2221 3201 sed,
2251 3152 2374 3191 cum
2399 3148 2582 3204 postea
2622 3133 2879 3203 majorem
2905 3135 2957 3188 in
2983 3138 3198 3189 modum
3231 3146 3405 3189 aucta

1815 3238 2029 3291 essent,
2060 3242 2291 3297 cumque
2340 3228 2585 3282 Vicarius
2632 3242 2754 3281 cum
2803 3227 3026 3281 cohorte
3076 3227 3402 3293 advenisset,

1816 3330 1874 3373 ut
1926 3318 2063 3372 mala
2105 3318 2369 3389 expleret,
2406 3327 2560 3386 rogat
2612 3319 2755 3372 hunc
2808 3318 2984 3371 virum
3041 3316 3297 3380 Basilius,
3345 3328 3403 3371 ut

1814 3428 2006 3481 magna
2040 3428 2137 3466 sua
2171 3428 2329 3465 manu
2359 3413 2610 3465 miserum
2658 3410 2934 3463 hominem
2977 3410 3252 3463 defendat.
3279 3409 3402 3464 Haec

1815 3513 1993 3557 autem
2023 3503 2257 3571 Trajano
2287 3518 2391 3556 non
2423 3502 2777 3567 conveniunt,
2801 3504 2886 3556 cui
2925 3499 3158 3557 Basilius
3179 3500 3401 3558 Maximi

1812 3610 2080 3666 sermones
2107 3597 2360 3665 exposuit
2388 3596 2439 3649 in
2472 3595 2752 3663 superiore
2791 3594 3041 3666 epistola,
3070 3610 3192 3651 cum
3223 3595 3399 3666 ipsum

1811 3686 2105 3755 Maximum
2137 3688 2187 3742 id
2220 3687 2397 3743 facere
2431 3688 2675 3755 puderet.

1883 3772 2068 3834 Trium
2121 3780 2331 3833 illarum
2387 3779 2739 3849 epistolarum
2774 3786 2987 3847 tempus
3038 3777 3091 3832 in
3147 3787 3396 3849 promptu

1810 3882 1912 3936 est,
1934 3887 2054 3926 cum
2092 3887 2262 3926 novus
2293 3886 2492 3939 praeses
2525 3871 2626 3926 hoc
2664 3886 2807 3925 anno
2836 3871 3395 3935 Cmsareammhsente

1811 3961 2028 4028 Basilio,
2062 3962 2283 4019 venerit.
2306 3962 2569 4018 Praeterea
2600 3961 2776 4016 Basilii
2798 3972 2985 4032 stupor
3012 3962 3064 4016 in
3098 3963 3195 4015 hac
3219 3959 3393 4016 Maxi-

1813 4057 1884 4111 mi
1922 4058 2250 4122 calamitate,
2290 4071 2448 4125 quem
2494 4056 2617 4109 talia
2653 4070 2866 4125 passum
2902 4070 3023 4109 esse
3062 4055 3226 4119 dicit,
3253 4070 3392 4122 qua-

1814 4150 1883 4204 lia
1936 4151 2169 4203 nondum
2222 4149 2388 4201 ullum
2443 4149 2738 4211 hominem,
2782 4156 3104 4216 argumento
3153 4157 3237 4201 est
3272 4149 3389 4203 tunc

1811 4242 2101 4311 contigisse
2154 4251 2281 4295 ante
2328 4240 2639 4295 horribilem
2689 4240 2830 4293 illam
2882 4238 3203 4307 tragmdiam
3257 4240 3387 4295 anni

1810 4335 1933 4401 574,
1957 4335 2008 4387 iu
2034 4346 2137 4401 qua
2160 4332 2375 4401 plurimi
2402 4332 2607 4386 nobiles
2634 4330 2732 4383 viri
2770 4329 2926 4401 longe
2952 4331 3200 4402 graviora
3224 4348 3389 4402 quam

1810 4424 2074 4478 Maximus
2117 4427 2257 4493 passi
2296 4431 2441 4478 sunt.

1883 4514 1966 4570 Vl.
2010 4515 2192 4569 Serius
2225 4515 2488 4569 collocare
2512 4527 2617 4567 non
2643 4527 2929 4582 possumus
2950 4512 3231 4583 epistolam
3262 4514 3385 4569 150.

1736 4607 2213 4686 DAmphilochius
2265 4606 2315 4658 in
2376 4604 2492 4659 loco
2544 4603 2901 4676 Cappadociae
2952 4606 3187 4662 Ozizalis
3242 4606 3393 4664 dicto

1806 4702 1977 4771 patris
1999 4706 2327 4754 senectutem
2356 4696 2590 4762 fovebat,
2608 4708 2661 4757 et
2683 4701 2934 4770 quamvis
2956 4699 3159 4754 Basilio
3185 4702 3386 4755 charus

1808 4793 1859 4846 in
1892 4790 2077 4859 primis
2108 4799 2249 4844 esset
2272 4791 2385 4861 ‘(d),
2414 4805 2535 4845 eum
2577 4800 2753 4843 tamen
2801 4787 3061 4859 fugiebat,
3088 4790 3169 4843 vel
3202 4792 3388 4858 potius

1807 4883 2217 4938 ordinationem.
2242 4881 2374 4939 Cum
2400 4892 2577 4935 autem
2609 4880 2900 4950 pepigisset
2924 4896 3043 4936 cum
3077 4881 3384 4945 Herarlida,

1804 4973 1895 5043 qui
1938 4974 2139 5044 pariter
2169 4976 2219 5028 iu
2254 4973 2371 5027 foro
2406 4980 2651 5025 versatus
2695 4969 2889 5037 fuerat,
2926 4982 2981 5025 ut
3014 4972 3173 5024 ambo
3208 4972 3259 5024 in
3292 4973 3415 5025 dev

1804 5076 2006 5121 sertum
2036 5066 2264 5135 aliquem
2285 5065 2460 5119 locum
2492 5066 2803 5117 set-ederent
2831 5080 2845 5127 ;
2880 5063 3022 5116 misit
3045 5062 3381 5119 Heraclidam

1805 5160 2126 5222 Cmsaream,
2162 5169 2219 5212 ut
2246 5158 2310 5213 de
2339 5158 2440 5212 hoc
2474 5155 2700 5211 consilio
2744 5156 2807 5209 ad
2840 5153 3095 5208 Basilium
3128 5154 3378 5211 referret.

1807 5251 2139 5323 Heraclidas,
2174 5252 2260 5305 ubi
2306 5264 2471 5321 prope
2501 5249 2800 5305 Caesaream
2828 5246 2993 5310 venit,
3023 5246 3073 5300 in
3104 5246 3213 5314 ipsa
3248 5248 3382 5303 urbe

1802 5342 1971 5397 noluit
1994 5342 2340 5405 COIIIIIIOI‘al‘i,
2382 5340 2472 5395 sed
2514 5339 2578 5392 ad
2607 5338 2908 5407 proximum
2958 5350 3248 5407 pauperum
3284 5337 3385 5389 ho-

1803 5434 2001 5503 Spitum
2071 5432 2311 5501 confugit
2351 5447 2360 5478 :
2393 5440 2447 5484 et
2472 5444 2592 5484 cum
2628 5442 2695 5483 eo
2732 5429 3052 5483 venissetex
3080 5440 3229 5482 more
3272 5426 3375 5481 Ba-

1802 5526 1975 5587 silius.
2013 5526 2194 5579 retulit
2225 5526 2292 5580 ad
2337 5536 2461 5578 eum
2496 5522 2562 5578 de
2606 5521 2674 5576 iis
2705 5535 2821 5592 qua:
2866 5518 3216 5578 mandaverat
3247 5520 3380 5575 Arn--

1802 5610 2125 5679 philochius.

1872 5815 1945 5955 ἐξ)
1988 5816 2081 5883 Ερ.
2108 5814 2231 5869 148.

1930 5890 1949 5955 )
1985 5884 2084 5955 Ep.
2114 5886 2231 5951 161,

1930 5884 1949 5956 )
1985 5884 2405 5956 Ep.16l,n.1.
