4214 6506
770 476 889 519 CXVI

2123 449 2650 507 PROLEGOMENA.

843 564 1083 633 Retinuit
1107 577 1249 631 hunc
1270 573 1521 645 juvenem
1567 572 1800 627 Basilius
1833 572 1885 626 iu
1918 586 2035 637 suo,
2069 581 2126 625 ut
2157 571 2348 625 verisi-
2377 577 2420 628 Α
2450 578 2557 623 tata
2591 568 2764 623 fuerat
2796 566 2975 621 Basilii
3012 565 3151 620 fama
3175 606 3191 633 ,
3249 565 3467 620 minime
3512 562 3714 619 moveri
3746 558 4022 635 signitica-

771 668 898 724 mite
930 676 1037 735 est,
1079 665 1427 721 monasterio.
1456 663 1646 721 Postea
1696 662 2099 734 Amphilochius
2132 663 2199 717 ad
2221 676 2343 716 eum

772 758 1012 824 scripsit,
1063 766 1123 812 ut
1158 765 1311 826 pacta
1369 756 1423 810 in
1473 754 1789 809 memoriam
1846 761 2147 817 revocaret,
2181 766 2347 821 seque

772 849 921 904 litem
952 848 1024 904 illi
1060 848 1417 917 impaeturum
1449 847 1682 901 minatus
1710 854 1813 902 est.
1837 844 1964 899 Inde
1989 843 2186 898 Basilio
2218 853 2343 897 nata

772 939 985 994 occasio
1031 938 1330 993 scribenda
1357 941 1422 993 ad
1467 937 1902 1007 Amphilochium
1936 936 2171 1006 egregia:
2222 932 2343 1003 epi-

774 1028 927 1083 stolae
973 1029 1075 1085 sub
1115 1027 1412 1084 Heraclida!
1453 1029 1691 1083 nomine.
1714 1028 1976 1083 Describit
2002 1027 2215 1098 juvenis
2246 1024 2349 1094 pri-

777 1137 893 1178 mos
914 1136 1042 1178 suos
1064 1123 1164 1178 sub
1193 1120 1376 1176 Basilii
1405 1120 1687 1191 disciplina
1722 1134 2037 1191 progressus
2066 1134 2081 1175 :
2124 1129 2345 1173 conten-

776 1212 855 1268 :lit
880 1227 939 1268 se
970 1212 1234 1283 promissa
1262 1212 1473 1267 vivendi
1519 1227 1639 1266 cum
1687 1211 2060 1280 Amphilochio
2090 1209 2347 1278 adimple«

775 1317 977 1370 turum,
1009 1306 1221 1361 etiamsi
1254 1320 1483 1374 corpore
1512 1305 1686 1369 absit;
1725 1304 1846 1372 quia
1880 1319 1983 1357 una
2020 1311 2103 1358 est
2128 1317 2347 1373 prorsus

777 1399 861 1453 via
894 1413 1013 1469 quae
1052 1401 1118 1453 ad
1150 1398 1435 1453 Dominum
1477 1398 1643 1452 ducit.
1680 1395 1942 1450 Nonnulla
1968 1396 2133 1450 refert
2157 1412 2221 1451 cx
2254 1410 2348 1451 ore

774 1488 957 1545 Basilii
990 1498 1208 1559 accepta
1233 1498 1498 1557 pracepta
1526 1504 1540 1539 :
1573 1488 1665 1542 sed
1687 1486 2117 1557 Amphilochium
2159 1489 2347 1541 horta-

776 1591 885 1649 tur,
919 1591 977 1636 ut
998 1580 1139 1635 illius
1179 1580 1430 1635 audiendi
1462 1582 1678 1635 brevem
1711 1596 1738 1633 a
1767 1590 1917 1651 patre
1946 1582 2214 1635 licentiam
2248 1580 2348 1633 itu-

774 1684 972 1748 petret.
1003 1676 1215 1745 Scripta
1260 1684 1343 1729 est
1390 1675 1503 1729 haec
1554 1672 1781 1743 epistola
1817 1684 1941 1727 ante
1979 1672 2347 1742 episcopatum

774 1769 1156 1839 Amphilochii,
1190 1768 1290 1823 hoc
1325 1776 1429 1833 est,
1453 1776 1580 1821 ante
1633 1780 1835 1820 annum
1866 1764 1971 1819 375
2009 1775 2297 1819 exeuntem
2328 1804 2343 1829 ,

774 1860 870 1916 sed
909 1867 1087 1914 tamen
1119 1875 1221 1913 non
1266 1858 1432 1913 multo
1462 1868 1604 1910 ante.
1647 1853 1765 1909 Jam
1809 1854 1953 1909 enim
1983 1865 2099 1909 erat
2130 1854 2347 1925 hOSpiti-

2454 669 2620 714 verat.
2646 658 2939 713 Betereuda
2977 659 3091 712 lucc
3122 658 3368 713 videntur
3400 658 3465 712 ad
3513 657 3775 712 Eustatltii
3808 658 3863 710 in
3919 656 4020 711 Ba‘

2453 748 2629 802 silium
2665 747 2982 802 calumnias.

2523 837 2633 893 νη.
2662 838 2801 892 Inter
2828 839 3097 904 molestias
3126 854 3243 908 qua:
3288 838 3482 893 Basilio
3516 840 3850 904 acciderunt,
3889 839 4017 893 dum

2452 945 2512 984 se
2561 931 2628 985 ab
2674 930 2938 1000 episcOpis
2987 933 3257 986 desertum
3308 931 3570 1000 queritur,
3620 940 4021 1001 peropportune

2455 1023 2703 1077 videntur
2744 1023 2919 1077 allata:
2962 1038 3083 1078 esse
3130 1022 3367 1077 Aseholii
3406 1021 3903 1078 Thessalonicensis
3930 1022 4023 1077 lit-

2455 1123 2599 1175 terte,
2624 1127 2690 1167 ex
2714 1114 2908 1182 quibus
2928 1114 3241 1168 charitatem
3266 1127 3369 1167 non
3396 1112 3447 1165 iu
3468 1114 3717 1167 omnibus
3740 1112 4023 1169 refrixisse

2451 1206 2721 1273 cognovit.
2764 1202 2820 1256 In
2866 1204 2951 1257 his
2998 1205 3139 1258 enim
3187 1204 3378 1258 litteris
3409 1204 3603 1257 licebat
3634 1202 3870 1258 Ascholii
3903 1205 4025 1257 ani-

2453 1313 2597 1351 mum
2642 1297 2837 1352 intueri
2876 1314 2890 1350 :
2924 1306 2981 1351 et
3026 1298 3273 1365 quamvis
3326 1298 3517 1349 breves
3565 1304 3747 1350 esseut
3791 1310 4021 1350 numero

2452 1387 2797 1459 syllabarum,
2821 1387 3035 1455 copiose
3056 1386 3406 1441 ostendebant
3424 1386 3551 1455 quid
3575 1386 4021 1443 sentiretAscho—

2454 1482 2554 1534 lius
2581 1490 2634 1534 et
2658 1490 2917 1551 quantum
2947 1480 3090 1533 beati
3130 1480 3410 1534 Athanasii
3449 1481 3723 1535 studiosus
3754 1492 3935 1534 esset:
3968 1482 4022 1537 id

2452 1573 2594 1641 quod
2624 1571 2848 1627 Basilius
2876 1571 3336 1627 evidentissimum
3376 1587 3520 1627 same
3551 1574 3813 1628 doctrinae
3848 1590 4013 1644 argu-

2455 1672 2690 1717 mentum
2738 1678 2857 1719 esse
2901 1664 3148 1719 ducebat.
3188 1662 3427 1717 Ascliolii
3460 1664 3665 1718 litteras
3703 1665 3881 1719 attulit
3910 1665 4022 1719 Eu-

2453 1758 2720 1827 phemius,
2770 1755 2853 1811 vel
2892 1757 3079 1811 saltem
3133 1755 3478 1825 perferendas
3526 1758 3756 1809 curavit.
3810 1756 3940 1808 Vaut
3972 1756 4021 1809 ei

2452 1864 2549 1918 pro
2594 1858 2814 1917 accepta
2865 1864 2929 1903 ex
2984 1848 3177 1903 litteris
3221 1847 3403 1902 laetitia
3453 1847 3655 1917 gratias
3705 1849 3817 1919 agit
3872 1846 4021 1902 Basi-

775 1951 876 2008 bus
917 1951 1246 2020 exeipieudis
1294 1949 1571 2011 idoneum,
1623 1947 1948 2002 immensum
2005 1948 2131 2002 illud
2179 1946 2345 2001 εαξη-
2375 1933 2422 1994 Β
2453 1942 2557 1996 lius
2589 1940 2680 2013 (c),
2718 1952 3084 2009 precztturque
3131 1953 3187 1994 ut
3217 1956 3341 1995 eum
3374 1940 3483 1995 cito
3521 1954 3641 1993 cum
3674 1942 4021 1997 ornatissima

774 2043 944 2108 cium,
976 2041 1118 2113 quod
1150 2040 1381 2097 Basilius
1428 2050 1746 2097 construere
1792 2047 2033 2110 ceperat
2066 2054 2205 2095 anno
2246 2039 2350 2094 572

775 2132 1014 2188 ineunte.

848 2221 1022 2293 Supra
1044 2220 1273 2277 vidimus
1297 2219 1350 2274 in
1380 2218 1605 2290 epistola
1627 2219 1729 2275 158
1752 2219 1978 2277 clericos
2002 2217 2349 2284 Sebastenos,

778 2312 872 2382 qui
901 2312 1040 2367 idem
1068 2325 1132 2365 ac
1163 2309 1393 2365 Basilius
1444 2311 1785 2377 sentiebant,
1818 2312 2032 2366 detecto
2083 2308 2349 2363 Eustathii

777 2418 958 2475 prava
978 2405 1247 2473 opinionis
1278 2403 1478 2469 ulcere,
1501 2403 1567 2457 ad
1616 2402 1797 2457 Basilii
1838 2401 2268 2457 communionem
2299 2409 2355 2456 et

776 2502 1156 2555 auctoritatem
1192 2496 1521 2568 confugisse.
1561 2495 1693 2551 Tam
1749 2496 1958 2566 insigne
1997 2495 2195 2552 factum
2229 2509 2351 2550 cum

779 2591 923 2645 fama
956 2589 1064 2645 late
1089 2598 1410 2660 spargeret,
1453 2587 1771 2643 Eustathius
1795 2588 2051 2651 medicus,
2084 2587 2264 2642 Basilii
2298 2588 2353 2642 in

776 2684 965 2754 primis
996 2682 1224 2745 amicus,
1251 2680 1487 2736 dolorem
1519 2695 1673 2736 suum
1708 2680 1761 2734 in
1802 2680 1903 2734 hac
1934 2694 2110 2735 rerum
2146 2688 2332 2750 pertur

778 2772 993 2827 batione
1014 2771 1064 2826 ei
1090 2770 1705 2839 significavit,adhibitis
1738 2784 1803 2824 ex
1829 2778 1946 2823 arte
1982 2769 2186 2824 medica
2217 2783 2353 2824 non-

778 2861 937 2917 nullis
968 2859 1442 2916 admonitionibus.
1495 2857 1806 2929 Bespondet
1846 2857 2083 2913 Basilius
2110 2857 2349 2915 inutilem

780 2967 901 3009 csse
928 2951 1189 3023 ejusmodi
1216 2950 1643 3006 admonitionem
1671 2964 1913 3021 operam,
1948 2966 2069 3005 cum
2116 2965 2215 3005 nec
2240 2951 2353 3020 ipse

781 3058 883 3099 nec
912 3044 1074 3098 amici
1100 3042 1299 3098 ferrum
1336 3043 1702 3103 adhibueriut.
1753 3043 1849 3098 scd
1885 3043 1999 3114 ipse
2040 3044 2351 3099 Eustathius

783 3134 838 3189 in
864 3134 1069 3190 ferrum
1119 3134 1310 3189 ruerit.
1339 3135 1518 3201 Quare
1551 3137 1692 3205 quod
1727 3136 1869 3190 illius
1901 3135 2083 3191 clerici
2118 3138 2352 3190 necessi-

783 3235 890 3281 tate
919 3225 1137 3282 adducti
1176 3224 1439 3293 fecerant,
1474 3225 1573 3281 sibi
1611 3224 1663 3279 id
1703 3226 1921 3295 quidem
1958 3225 2216 3293 voluptati
2245 3240 2349 3278 non

778 3332 923 3384 esse,
943 3317 1391 3390 quemadmodum
1429 3334 1527 3373 nec
1563 3317 1756 3373 medici
1786 3317 2016 3373 libenter
2046 3326 2225 3378 urunt,
2256 3332 2354 3373 nec

776 3419 1114 3468 mercatores
1152 3411 1380 3465 libenter
1432 3424 1639 3466 merces
1677 3411 1918 3481 ejiciunt,
1958 3412 2051 3467 sed
2105 3420 2279 3468 tamen
2326 3428 2355 3467 a

780 3512 839 3554 se
861 3499 1080 3554 minime
1103 3500 1414 3570 improbari,
1445 3501 1570 3570 quia
1601 3502 1847 3557 veritatis
1885 3516 2061 3567 amor,
2087 3518 2192 3571 qua
2221 3505 2355 3559 nihil

780 3592 1057 3663 antiquius
1089 3593 1309 3659 habent,
1334 3595 1413 3649 sic
1445 3593 1636 3663 agendi
1667 3594 2043 3648 necessitatem
2072 3597 2153 3650 eis
2182 3598 2354 3665 impo-

780 3694 987 3739 suerat.
1039 3683 1155 3740 Huc
1198 3686 1335 3741 redit
1366 3694 1477 3742 tota
1514 3687 1760 3742 obscuri?
1785 3696 1840 3743 et
1878 3686 2110 3744 diilicilis
2155 3690 2359 3761 episto-

781 3773 847 3829 ιιι
884 3778 1151 3831 sententia
1177 3817 1194 3841 ,
1226 3786 1285 3831 ut
1324 3793 1391 3833 ex
1441 3791 1566 3834 nota
1612 3781 1787 3836 eidem
1836 3783 2075 3853 apposita
2127 3783 2355 3854 perspici

781 3873 978 3934 potest.

856 3954 1009 4011 Circa
1042 3972 1184 4013 nunc
1216 3972 1416 4014 annum
1452 3960 1581 4016 vise
1619 3968 1746 4015 sunt
1786 3962 2107 4019 collocandae
2140 3966 2257 4019 dua:
2289 3965 2355 4020 ad

782 4046 1056 4104 Victorem
1108 4051 1352 4120 epistolae
1375 4050 1475 4123 (a).
1512 4053 1741 4109 Basilius
1770 4054 2004 4109 amicitia
2034 4056 2355 4126 eonjunctus

782 4152 1051 4198 eratcum
1086 4143 1479 4213 potentissimis
1525 4145 1681 4210 viris,
1725 4146 1776 4200 in
1814 4146 1896 4201 his
1932 4161 2054 4200 cum
2099 4146 2350 4203 Victore:

785 4235 870 4290 cui
901 4238 1145 4304 querenti
1178 4238 1318 4306 quod
1339 4238 1407 4291 ad
1433 4251 1493 4293 se
1538 4252 1644 4292 non
1682 4239 1973 4305 scriberet,
2005 4239 2263 4294 metuisse
2297 4254 2356 4296 se

784 4326 1093 4396 respondet,
1124 4341 1193 4381 ne
1237 4336 1391 4383 tanto
1424 4329 1541 4383 viro
1576 4329 1877 4384 molestiam
1918 4331 2200 4387 exhiberet
2222 4348 2236 4399 ;
2261 4332 2355 4388 sed

784 4432 927 4473 nunc
971 4417 1306 4474 confidenter
1340 4420 1580 4477 scribere
1626 4430 1681 4476 et
1725 4420 1977 4490 deinceps
2009 4424 2350 4493 scripturum.

782 4509 1051 4566 Caeterum
1107 4509 1310 4580 gratias
1332 4511 1446 4578 agit
1471 4513 1612 4580 quod
1634 4526 1763 4568 suas
1784 4526 1882 4583 pro
1904 4512 2141 4569 Ecclesia
2170 4529 2353 4583 preces

2451 2034 2618 2104 ipsius
2663 2032 2890 2101 conjuge
2943 2033 3167 2100 recipiat
3201 2032 3385 2100 tquod
3435 2042 3751 2101 argumento
3784 2042 3869 2086 est
3899 2048 4021 2085 eum

2450 2129 2534 2181 vel
2565 2126 2647 2182 bis
2670 2126 2772 2181 iter
2796 2127 2848 2179 in
2882 2124 3161 2195 Scythiam
3190 2134 3281 2179 aut
3301 2124 3670 2181 Macedoniam
3695 2126 4023 2192 suscepisse,

2452 2231 2517 2273 ac
2547 2225 2657 2271 tttm
2686 2217 2924 2272 Ascholii
2958 2217 3222 2286 epistolae,
3278 2228 3386 2272 tum
3440 2219 3623 2274 Basilii
3660 2218 4030 2287 responsionis

2451 2308 2688 2380 bajulutn
2724 2309 2889 2365 fuisse
2916 2329 2931 2364 :
2958 2312 3039 2366 vel
3068 2311 3283 2372 saltem.
3316 2312 3440 2366 dum
3472 2311 3558 2366 his
3593 2312 3644 2365 in
3674 2311 3809 2367 locis
3839 2325 4029 2363 mora-

2452 2412 2562 2467 tur,
2588 2416 2807 2471 operam
2838 2402 3053 2456 dedisse
3084 2412 3142 2455 ιιι
3162 2402 3398 2457 Ascholii
3429 2402 3654 2472 epistola
3684 2405 3749 2455 ad
3762 2398 4029 2454 Basiliam

2451 2493 2776 2563 perveniret.

2522 2584 2665 2639 Satis
2706 2594 2829 2654 apte
2863 2583 3192 2640 conveniunt
3224 2584 3348 2638 huic
3378 2600 3520 2640 anno
3549 2588 3778 2655 gemitus
3812 2584 4027 2649 Basilii,

2452 2679 2595 2749 quod
2630 2678 2872 2732 charitas
2919 2676 3174 2744 majorem
3221 2675 3276 2729 itt
3323 2675 3536 2729 modum
3573 2677 3714 2731 inter
3741 2678 4033 2746 episcopos

2455 2770 2786 2835 refrixisset;
2844 2770 2936 2825 sed
2977 2771 3079 2825 hoc
3132 2769 3185 2823 in
3246 2767 3436 2837 primis
3479 2772 3647 2820 ducor
3678 2778 4029 2837 argumento,

2452 2862 2595 2930 quod
2620 2860 2950 2915 Athanasius
2982 2860 3326 2915 beatissimus
3355 2867 3595 2914 vocetur.
3623 2857 3737 2912 Non
3777 2874 3863 2913 tne
3898 2859 4031 2914 latet

2454 2954 2505 3008 id
2539 2954 2807 3007 interdum
2843 2954 2980 3022 apud
3016 2957 3263 3022 antiquos
3290 2954 3585 3018 scriptores
3607 2948 3807 3005 deferri
3841 2952 4031 3006 viven-

2455 3045 2628 3111 tibus;
2668 3046 2811 3100 velut
2846 3060 2969 3101 cum
3022 3045 3307 3116 Dionysius
3338 3043 3588 3100 Corinthi
3632 3043 3925 3114 episc0pus
3951 3046 4031 3115 (ά)

2453 3140 2505 3194 iu
2540 3141 2765 3208 epistola
2810 3141 2877 3193 ad
2918 3139 3188 3193 ltomauos
3214 3136 3463 3194 Sotcrem
3497 3152 3682 3193 eorum
3710 3138 4029 3205 episcopum

2458 3242 2613 3285 vocat
2651 3230 2885 3283 beatum.
2912 3234 2978 3282 At
3016 3228 3246 3285 Basilius
3281 3232 3384 3286 bac
3415 3245 3546 3286 voce
3594 3238 3839 3285 mortuos
3879 3230 4029 3283 desi-

2460 3339 2627 3393 gnare
2670 3323 2826 3387 solet,
2861 3324 3011 3376 vivos
3063 3336 3242 3376 autem
3294 3338 3558 3393 nusquam
3592 3322 3857 3393 designat.
3895 3319 4033 3375 Hine

2460 3416 2512 3469 iu
2545 3414 2787 3484 epistolis
2829 3412 2935 3467 Ξυιι
2982 3424 3035 3468 et
3067 3412 3175 3468 258
3225 3414 3594 3468 beatissimum
3630 3415 3831 3483 pariter
3871 3424 4034 3469 vocat

2455 3507 2830 3562 Athanasium.
2859 3507 2971 3561 Huc
2992 3505 3203 3561 accedit
3222 3503 3365 3574 quod
3395 3504 3707 3573 episc0pum
3742 3506 3897 3559 illum
3924 3522 4031 3560 non

2458 3597 2707 3667 appellat,
2740 3599 2883 3667 quod
2931 3598 3147 3667 quidem
3201 3610 3308 3650 non
3350 3593 3574 3656 omittit,
3616 3608 3739 3647 cum
3792 3595 4035 3664 loquitur

2457 3688 2525 3742 de
2550 3690 2873 3744 viventibus.
2895 3690 3074 3756 Quare
3100 3704 3220 3742 cum
3247 3698 3468 3743 sanctus
3480 3685 3811 3740 Athanasius
3832 3688 4031 3742 caelum

2459 3782 2670 3849 petierit
2699 3782 2801 3837 hoc
2828 3797 2970 3839 anno
2999 3781 3127 3847 575,
3159 3797 3343 3838 mense
3365 3780 3627 3845 Maio,vix
3657 3778 3821 3834 citius
3844 3796 4033 3835 mense

2456 3876 2674 3932 Octobri
2707 3874 2948 3944 ejusdem
3000 3876 3125 3929 anui
3161 3875 3301 3931 hanc
3326 3874 3510 3930 Basilii
3545 3873 3826 3942 epistolam
3858 3874 4032 3930 collo-

2456 3984 2581 4024 care
2608 3971 2892 4039 possimus.
2924 3969 3185 4036 Tempore
3211 3968 3353 4020 enim
3386 3982 3519 4037 opus
3544 3965 3666 4033 fuit,
3707 3976 3767 4021 ut
3796 3976 3852 4022 et
3882 3981 4031 4022 mor-

2458 4058 2527 4113 tis
2572 4057 2850 4113 Athanasii
2902 4059 3122 4111 nuntius
3156 4057 3210 4109 in
3245 4056 3633 4123 Macedoniam,
3684 4070 3741 4114 et
3786 4061 4030 4115 Ascholii

2456 4150 2646 4205 littera:
2668 4149 2722 4203 in
2743 4148 3135 4219 Cappadociam
3160 4146 3448 4213 ferrentur,
3473 4159 3524 4203 et
3549 4148 3749 4205 Basilio
3771 4166 4028 4220 prompta

2454 4249 2600 4296 esset
2626 4255 2689 4295 ac
2718 4250 2906 4310 parata
2951 4238 3222 4294 scribendi
3253 4238 3491 4295 occasio.
3529 4238 3660 4292 Illud
3692 4241 4027 4295 verisimitli-

2454 4348 2600 4389 mum
2638 4333 2850 4389 videtur
2900 4332 3232 4398 Aseholium,
3283 4347 3405 4388 cum
3439 4332 3505 4387 de
3535 4331 3705 4387 sancti
3739 4331 4025 4389 Athanasii

2455 4432 2627 4479 morte
2667 4422 2965 4488 didicisset,
3009 4432 3296 4493 antequam
3344 4425 3608 4480 scriberet
3640 4424 3694 4479 in
3736 4425 4024 4499 Cappadu.

2455 4518 2618 4583 ciam,
2650 4526 2706 4571 ut
2736 4516 2788 4572 iu
2820 4518 3026 4572 recenti
3063 4524 3278 4580 eventu,
3312 4516 3637 4571 desiderium
3687 4516 4027 4586 signiﬁcasse

783 4599 1158 4661 anteverterit.
1189 4598 1490 4670 feceritque
1516 4600 1695 4653 omnia
1725 4615 2059 4671 quaecunque
2092 4599 2209 4671 ipse
2246 4598 2352 4654 Ba-
2381 4614 2429 4675 ο
2459 4609 2592 4664 tanti
2643 4609 2767 4674 viri,
2815 4625 2878 4663 ac
2912 4620 3125 4663 summa
3170 4605 3313 4663 illius
3351 4607 3418 4663 de
3465 4608 3718 4663 omnibus
3764 4608 4026 4669 Ecclesiis

785 4691 938 4745 silius
970 4692 1240 4759 petiisset.
1267 4690 1479 4761 Scripta
1506 4704 1635 4761 ergo
1661 4689 1775 4744 haec
1818 4691 2041 4759 epistola
2078 4698 2199 4757 post
2221 4689 2352 4746 illud

790 4789 1023 4851 tempus,
1048 4798 1157 4853 quo
1183 4782 1417 4838 Basilius
1449 4782 1757 4855 requirebat
1800 4783 1851 4836 in
1894 4783 2354 4853 praestantissimis

784 4860 892 4933 illis
922 4875 1056 4931 viris
1082 4878 1317 4932 studium
1353 4879 1604 4934 Ecclesia:
1626 4878 1897 4948 juvandze.
1918 4876 2025 4932 Nec
2054 4878 2193 4933 male
2229 4876 2353 4933 huic

782 4989 928 5031 anno
952 4972 1227 5036 convenit,
1260 4986 1368 5043 quo
1399 4973 1721 5027 Arianorum
1741 4971 1821 5039 (li)
1850 4979 2074 5024 conatus
2115 4971 2166 5025 in
2190 4984 2347 5027 ever-

796 5066 955 5122 tenda
989 5068 1041 5121 in
1069 5065 1264 5121 exsilio
1292 5063 1474 5119 Basilii
1510 5065 1748 5121 Ecclesia
1790 5063 2105 5119 Cvsarieusi
2139 5063 2192 5118 in
2220 5079 2351 5119 ven—

788 5170 898 5213 tum
950 5156 1104 5214 effusi
1154 5168 1299 5214 sunt.
1333 5157 1636 5214 Verisimile
1663 5167 1718 5213 et
1770 5155 2004 5212 Victoris
2042 5170 2260 5227 operam
2295 5156 2350 5212 in

784 5266 845 5305 re
880 5253 1012 5307 tanti
1038 5253 1293 5307 momenti
1324 5266 1428 5305 non
1461 5247 1719 5316 defuisse,
1745 5250 1970 5319 ejusque
1993 5246 2216 5303 consilio
2254 5262 2351 5319 po-

784 5341 893 5394 tius
930 5357 1090 5412 quam
1138 5356 1232 5396 sua
1287 5352 1478 5411 sponte
1517 5339 1793 5395 Valentem
1824 5340 1891 5393 ad
1936 5339 2349 5396 rescindendum

784 5435 931 5502 quod
969 5436 1035 5489 de
1083 5435 1280 5489 Basilio
1319 5437 1674 5493 decreverat,
1719 5432 2004 5487 adductum
2060 5430 2243 5488 fuisse.
2292 5432 2351 5487 In

786 5524 953 5579 altera
992 5525 1220 5595 epistola
1263 5527 1468 5595 gratias
1509 5526 1621 5597 agit
1646 5523 1870 5590 Victori,
1905 5525 1995 5593 qui
2031 5525 2179 5594 prior
2219 5527 2355 5581 scri-

786 5629 967 5686 pserat
997 5615 1420 5689 perhonorifice,
1442 5631 1607 5683 seque
1630 5615 1934 5683 calumniis,
1966 5618 2160 5688 quibus
2183 5627 2355 5674 atten-

855 5773 933 5908 ii}
972 5774 1283 5908 235.1538"
1315 5773 1440 5829 ¹⁵⁵·

860 5850 931 5909 (b)
972 5850 1138 5911 Epist.
1172 5850 1259 5897 68.

860 5910 931 5979 (ε)
956 5911 1126 5982 Epist.
1158 5913 1259 5967 120
1285 5920 1341 5967 et
1370 5910 1489 5968 ηρ.

2456 4700 2645 4756 merita
2674 4700 3011 4771 pradicasse.

2525 4791 2776 4861 Epistolas
2805 4792 2871 4844 ad
2903 4789 3214 4847 Aseholium
3248 4792 3499 4862 adjuncta
3535 4790 3635 4846 fuit
3660 4792 3890 4863 epistola
3932 4812 4019 4852 se-

2454 4891 2624 4947 quens
2662 4878 2766 4949 (ε),
2813 4893 2973 4948 quam
3026 4880 3239 4948 quidem
3285 4880 3387 4936 etsi
3439 4880 3795 4951 inscriptione
3847 4900 4020 4949 caret,

2454 4968 2614 5027 Junio
2650 4970 2858 5027 Sorano
2888 4971 3145 5041 scriptam
3176 4986 3297 5028 esse
3322 4972 3465 5027 inter
3484 4975 3724 5031 eruditos
3745 4980 4020 5033 convenit.

2456 5062 2506 5121 ls
2537 5063 2682 5120 enim
2711 5062 2780 5118 ad
2807 5078 2963 5132 quem
2992 5064 3112 5118 data
3137 5072 3241 5125 est,
3274 5064 3329 5117 in
3350 5062 3571 5135 Scythia
3600 5083 3723 5124 cum
3760 5070 4025 5140 dignitate

2457 5151 2676 5206 militari
2718 5150 3037 5206 versabatur
3074 5172 3087 5209 :
3118 5151 3335 5206 domum
3388 5152 3621 5211 habebat
3663 5157 3931 5216 Ctesarea:
3972 5177 4025 5217 et

2456 5257 2696 5299 sororem
2720 5257 2785 5297 ac
2810 5253 3090 5313 cognatos,
3114 5244 3431 5315 quibuscum
3452 5246 3680 5305 Basilius
3708 5266 3815 5306 non
3846 5254 4023 5309 solum

2456 5339 2713 5403 amicitia,
2768 5339 2863 5395 sed
2912 5340 3101 5403 etiam,
3141 5350 3201 5394 ut
3249 5342 3545 5398 verisimile
3597 5355 3701 5411 est,
3756 5354 4025 5422 sanguine

2459 5432 2927 5499 coniunctissimus
2966 5432 3085 5487 fuit.
3132 5432 3271 5488 Petit
3304 5435 3372 5491 ab
3399 5436 3587 5493 eodem
3631 5438 3869 5500 Basilius
3901 5449 4025 5503 reli-

2460 5526 2614 5593 quias
2658 5532 2978 5594 martyrum.
3024 5521 3249 5577 Miriflee
3289 5524 3403 5579 hac
3428 5528 3694 5594 quadrant
3726 5530 3889 5589 Junio
3922 5535 4025 5591 So-

2464 5631 2593 5672 rano
2614 5615 2738 5671 duci
2764 5616 2950 5671 limitis
2983 5616 3243 5687 Scythici,
3275 5617 3364 5685 qui
3409 5620 3697 5688 gratiﬁcari
3728 5625 3905 5682 colens
3930 5645 4021 5696 pa-

2538 5780 2617 5851 (ά)
2655 5781 2822 5852 Epist.
2853 5782 2975 5840 ist.

2541 5853 2611 5922 (ο)
2648 5852 2842 5908 Euseb.
2876 5852 3016 5907 Hist.
3048 5852 3139 5908 lib.
3173 5871 3243 5921 tv,
3270 5870 3319 5909 c.
3349 5854 3437 5908 ‘33.
