4214 6504
1532 460 1690 515 νιτΑ
1732 458 1791 513 S.
1826 456 2092 514 BASILII.

3262 468 3406 514 CXVII

203 580 299 634 tria
330 592 451 644 sua,
483 584 541 631 ut
567 578 797 647 legimus
837 575 891 630 in
920 571 1143 647 epistola
1190 571 1445 627 Ecclesia
1480 572 1740 635 Gothicae,
1772 576 1819 632 Α
1914 570 2204 640 Perperam
2238 571 2349 624 haec
2369 568 2597 639 epistola
2628 569 2679 623 in
2706 567 2954 623 omnibus
2968 566 3245 624 codicibus
3277 585 3404 628 mss.

202 685 370 739 corpus
400 668 455 724 S.
500 669 660 724 Saba
696 668 949 739 martyris
978 667 1125 722 misit
1152 666 1205 719 in
1236 664 1653 735 Cappadociam.
1689 664 1739 720 Is

201 760 404 816 Ascholii
454 760 653 816 litteris
711 776 839 815 suas
889 758 1251 828 adiunxerat,
1298 767 1356 813 et
1407 757 1739 827 querebatur

201 853 319 920 quod
350 852 411 905 ad
444 866 502 906 se
532 851 767 906 Basilius
800 864 903 905 non
949 849 1232 915 scriberet,
1273 863 1438 919 seque
1474 847 1736 905 oblivioni

200 942 428 1007 traderet,
461 952 627 1013 atque
652 943 815 999 etiam
853 942 994 1011 quod
1025 942 1092 996 ab
1118 955 1183 996 eo
1216 940 1406 995 aut.ab
1426 940 1542 1008 ejus
1571 941 1738 995 chor-

199 1035 420 1102 episcopo
466 1034 649 1089 minus
703 1049 852 1103 aequa
905 1034 956 1087 in
995 1033 1227 1100 aliquem
1274 1047 1340 1087 ex
1394 1032 1583 1086 amicis
1626 1031 1740 1085 suis

200 1122 285 1177 lata
332 1134 470 1180 esset
519 1126 809 1181 sententia.
854 1123 1151 1180 Nuntiabat
1198 1124 1627 1193 persecutionem
1680 1123 1735 1177 in

198 1211 390 1268 Gotthia
421 1226 692 1287 martyres
737 1214 939 1279 facere,
986 1229 1151 1283 seque
1177 1212 1609 1283 persecutionem
1642 1228 1739 1283 pa.

200 1305 428 1359 tientibus
454 1321 611 1376 opem
649 1321 745 1375 pro
779 1307 982 1362 viribus
1028 1306 1189 1361 ferre.
1231 1305 1325 1360 llis
1357 1305 1611 1359 omnibus
1652 1321 1738 1359 re-

199 1396 403 1461 spondet
446 1396 679 1453 Basilius
712 1398 764 1452 in
796 1398 1025 1469 epistola
1053 1397 1174 1463 155,
1203 1399 1269 1452 de
1297 1412 1404 1469 qua
1433 1396 1571 1452 alius
1600 1397 1743 1451 redi-

200 1488 267 1543 bit
286 1490 465 1558 agendi
498 1490 671 1545 locus.

259 1577 379 1631 \‘lli.
409 1578 707 1647 Incipiente
733 1580 817 1636 vel
839 1580 1305 1652 appropinquante
1332 1581 1509 1637 hieme
1535 1581 1746 1650 accepit

202 1670 402 1725 Basilius
447 1669 660 1726 litteras
710 1675 778 1727 ab
828 1672 1056 1739 Evagrio
1109 1674 1445 1745 presbytero,
1480 1674 1573 1743 qui
1618 1688 1742 1728 eum

200 1763 414 1832 rogabat,
446 1772 503 1818 ut
531 1764 885 1834 pacificandze
907 1765 1164 1823 Ecclesia
1192 1766 1542 1820 Antiochena:
1568 1766 1745 1819 consi-

199 1854 308 1907 lium
337 1853 653 1924 susciperet,
691 1870 755 1910 ac
785 1857 990 1925 legatos
1019 1856 1073 1911 in
1102 1855 1449 1913 Occidentem
1482 1854 1740 1909 mitteret.

1840 672 1896 718 et
1939 663 2098 718 editis
2146 662 2464 719 inscribitur
2507 662 2797 717 Antiocho.
2834 660 2968 716 Nam
3005 661 3108 732 ipsi
3142 663 3410 722 Antiocho

1845 756 2043 825 scripta
2074 770 2305 827 sequens
2329 754 2555 825 epistola
2584 752 2652 823 (c)
2685 754 2737 807 in
2772 754 3022 809 eamdem
3052 756 3408 816 sententiam.

1841 844 2089 901 Dolorem
2121 845 2263 899 enim
2305 859 2463 899 suum
2511 845 2713 914 pariter
2743 843 3039 914 signiﬁcat,
3085 845 3226 913 quod
3266 845 3411 903 illius

1841 936 2052 992 videndi
2078 936 2427 999 desiderium,
2448 950 2555 1006 quo
2579 935 2775 991 dudum
2800 933 3082 1006 ﬂagrabat,
3108 939 3173 991 ad
3203 938 3408 992 exitum

1840 1042 1947 1081 non
1994 1025 2325 1095 perduxerit.
2363 1024 2485 1081 llaec
2534 1040 2665 1096 ergo
2715 1026 2988 1081 scribebat
3037 1027 3228 1081 eodem
3276 1038 3412 1083 tem-

1840 1132 1969 1189 pore
1995 1133 2057 1173 ac
2087 1118 2367 1188 epistolam
2396 1118 2825 1188 praecedentem;
2859 1132 2921 1171 ac
2945 1118 3170 1188 proinde
3199 1129 3410 1175 utram-

1840 1225 1945 1280 que
1980 1210 2070 1265 uni
2107 1219 2163 1265 et
2204 1210 2379 1265 eidem
2435 1224 2540 1264 non
2584 1210 2820 1275 scripsit.
2875 1204 3143 1264 Praeterea
3179 1212 3412 1281 pigritia:

1841 1300 2151 1357 criminatio
2189 1301 2389 1370 Optime
2447 1299 2659 1371 quidem
2710 1300 2761 1354 in
2802 1300 3090 1358 Eusebium
3131 1304 3407 1365 convenit.

1842 1406 2000 1460 quem
2030 1390 2263 1447 Basilius
2286 1390 2367 1463 (ά)
2413 1391 2573 1446 etiam
2621 1400 2782 1461 atque
2824 1394 2987 1448 etiam
3028 1406 3312 1465 rogaverat
3354 1407 3413 1452 ut

1842 1485 2147 1541 Caesaream
2194 1485 2421 1548 veniret,
2469 1493 2525 1538 at
2577 1498 2913 1553 nequaquam
2971 1486 3026 1540 in
3062 1488 3411 1553 Antiochum,

1845 1593 2004 1647 quem
2054 1591 2219 1642 penes
2268 1577 2432 1632 situm
2470 1590 2575 1630 non
2622 1585 2740 1631 erat
2781 1575 3079 1633 Caesaream
3119 1581 3411 1650 proficisci,

1845 1671 1946 1725 nisi
1974 1680 2199 1740 patruus
2223 1684 2346 1726 eum
2379 1669 2615 1725 mitteret
2638 1682 2728 1725 aut
2760 1686 2943 1726 secum
2980 1671 3219 1728 duceret.
3256 1672 3415 1729 Deni-

1844 1778 1951 1831 que
1980 1763 2080 1817 soli
2107 1764 2335 1831 quadrat
2364 1762 2619 1829 Eusebio,
2645 1764 2784 1831 quod
2801 1764 2882 1816 'ait
2906 1764 3160 1832 Basilius,
3186 1779 3252 1819 ne
3281 1780 3417 1834 prte-

1850 1855 2023 1907 teritis
2065 1854 2281 1924 quidem
2323 1854 2481 1908 annis
2524 1857 2686 1909 talem
2732 1855 2898 1910 fuisse
2947 1871 3322 1925 congressum,
3358 1865 3417 1908 ut

197 1946 329 2012 Quod
362 1922 569 2017 spec-tat
600 1949 668 2001 ad
692 1922 987 2004 Ecclesiam
1020 1950 1436 2011 Antiochenam,
1473 1962 1742 2002 summum
1777 1922 1818 1977 Β
1847 1922 2152 2000 satietatem
2199 1944 2434 2000 afferret.
2479 1944 2610 1999 Nam
2640 1945 2867 2001 Basilius
2903 1922 3190 2002 Eusebium
3234 1948 3417 2003 invisit

198 2053 288 2105 pra:
316 2053 367 2093 se
396 2038 499 2094 fert
528 2056 774 2095 amorem
821 2042 967 2111 pacis
996 2040 1224 2095 Basilius
1258 2039 1357 2110 (a),
1398 2053 1563 2111 seque
1602 2040 1743 2094 nulla

195 2143 391 2196 prorsus
425 2131 478 2185 in
510 2146 844 2201 quemquam
895 2130 1271 2186 criminatione
1308 2140 1745 2201 praeoccupatum

196 2222 468 2289 profitetur.
506 2222 617 2278 Sed
653 2231 832 2275 tamen
862 2221 1123 2289 declarat,
1157 2223 1370 2278 etiamsi
1413 2225 1606 2292 gratiae
1644 2223 1746 2276 rivi

194 2313 237 2367 in
262 2328 314 2369 se
342 2312 643 2378 alﬂuerent,
692 2327 760 2365 ne
799 2321 911 2366 tum
960 2314 1178 2383 quidem
1224 2315 1514 2369 adductum
1564 2314 1651 2378 iri,
1686 2323 1743 2366 ut

195 2406 280 2457 hoc
323 2403 597 2473 negotium
649 2401 799 2458 solus
832 2404 1115 2474 suscipiat,
1152 2420 1274 2459 cum
1308 2405 1606 2475 praesertim
1635 2405 1749 2473 epi-

193 2506 389 2563 scopum
419 2494 625 2550 habeat
673 2496 789 2552 haec
817 2495 1056 2550 Ecclesia
1086 2495 1379 2562 Meletium,
1416 2496 1512 2562 qui
1550 2510 1648 2549 nec
1680 2494 1747 2549 ad

190 2586 437 2640 sevenire
488 2595 691 2656 potest,
744 2603 843 2643 nec
899 2587 1013 2657 ipse
1066 2588 1131 2641 ad
1181 2602 1326 2650 eum,
1378 2598 1490 2641 tum
1530 2596 1751 2657 propter

192 2674 366 2733 hiemis
420 2678 728 2743 molestias,
788 2690 899 2734 tum
954 2690 1172 2751 propter
1218 2680 1489 2735 Armenia:
1544 2691 1753 2734 montes

193 2767 323 2822 brevi
350 2770 649 2841 impervios
682 2770 893 2828 futuros
929 2772 1090 2827 etiam
1124 2781 1269 2827 recte
1300 2772 1622 2837 valentibus,
1656 2787 1750 2826 ne-

191 2859 298 2911 dum
320 2859 416 2914 sibi
444 2860 607 2932 longa
636 2862 953 2931 aegritudine
980 2860 1248 2916 confecto.
1277 2861 1381 2916 Sed
1414 2873 1587 2916 tamen
1618 2862 1753 2915 scri-

192 2958 385 3015 pturum
411 2966 471 3006 se
505 2953 577 3006 ad
615 2966 738 3007 eum
770 2953 1075 3021 profitetur,
1108 2951 1358 3021 quamvis
1391 2966 1496 3003 non
1526 2950 1749 3004 multum

191 3051 350 3107 speret
398 3058 464 3098 ex
514 3044 625 3097 hoc
672 3042 909 3095 inanimo
964 3056 1232 3099 sermone.
1284 3040 1536 3096 Dolorem
1596 3057 1752 3095 suum

190 3132 343 3185 obiter
368 3133 668 3201 signiﬁcat,
701 3132 845 3201 quod
878 3147 909 3187 a
963 3132 1237 3188 Dorotheo
1270 3133 1500 3189 diacono
1533 3133 1755 3188 didicis-

1848 2052 1989 2091 auuo
2012 2036 2115 2092 569
2135 2048 2187 2091 et
2213 2037 2334 2091 373.
2366 2036 2554 2091 Utrum
2582 2048 2758 2093 autem
2794 2054 2935 2095 anno
2962 2039 3064 2095 569
3096 2041 3415 2098 Antiochum

1851 2131 2151 2187 Samosatis
2198 2129 2410 2194 viderit,
2453 2130 2503 2183 id
2550 2132 2709 2198 plane
2742 2132 3026 2187 incertum.
3067 2131 3419 2190 Restituenda

1849 2239 1977 2293 ergo
2001 2226 2115 2279 haec
2139 2222 2363 2291 epistola
2392 2221 2642 2289 Eusebio,
2669 2232 2723 2276 et
2750 2238 2980 2291 sequens
3010 2224 3270 2279 Antiocho
3300 2240 3417 2279 ser-

1852 2317 2041 2373 vanda.
2082 2315 2134 2369 in
2179 2328 2284 2382 qua
2326 2314 2555 2370 Basilius
2590 2314 2640 2370 ei
2682 2315 3028 2371 commendat
3073 2315 3295 2372 fratrem
3329 2334 3420 2372 ca-

1853 2404 2005 2458 melis
2034 2404 2401 2474 praepositum.

1922 2492 2010 2549 Ix.
2043 2494 2334 2548 Consultus
2377 2494 2606 2549 Basilius
2637 2494 2706 2549 ab
2735 2494 3019 2565 Eupalerio
3046 2495 3272 2566 ejusque
3310 2496 3420 2551 illia

1852 2585 1917 2641 de
1951 2586 2109 2641 rebus
2135 2585 2469 2657 dogmaticis,
2486 2600 2693 2655 magna:
2719 2588 2977 2657 voluptati
3004 2585 3210 2641 litteras
3230 2600 3420 2642 eorum

1853 2681 1953 2736 sibi
1984 2679 2148 2733 fuisse
2179 2678 2477 2750 significat;
2509 2678 2740 2733 libenter
2783 2679 2925 2732 enim
2953 2693 3012 2733 se
3052 2675 3138 2735 his
3165 2681 3232 2735 de
3262 2680 3423 2735 rebus

1854 2774 2193 2843 interrogari.
2230 2773 2539 2841 Respondet
2588 2787 2647 2827 se
2691 2770 2961 2826 Nicmnam
2990 2771 3148 2826 [idem
3172 2772 3423 2828 omnibus

1853 2865 1971 2919 aliis
2002 2875 2183 2935 postea
2216 2863 2537 2933 excogitatis
2566 2861 2843 2932 praefat-ie.
2874 2862 2981 2919 Sed
3006 2874 3225 2934 propter
3245 2864 3420 2921 haere-

1855 2958 1978 3018 sim,
2004 2970 2123 3027 quae
2158 2971 2330 3025 nuper
2363 2956 2657 3021 prodierat,
2696 2954 2817 3009 fidei
2855 2954 3086 3010 Niczente
3118 2954 3423 3011 addendam

1854 3060 1973 3099 esse
1994 3054 2174 3099 censet
2195 3044 2640 3115 glorificatiOnem
2664 3043 2898 3113 Spiritus
2920 3044 3093 3099 sancti
3118 3059 3239 3099 cum
3264 3044 3424 3101 Patre

1854 3148 1909 3191 et
1938 3137 2101 3193 Filio.
2142 3137 2355 3207 Scripta
2400 3151 2528 3207 ergo
2562 3137 2676 3191 haec
2709 3137 2933 3206 epistola
2965 3147 3246 3207 postquam
3269 3137 3427 3193 Basi-

189 3230 277 3285 set,
308 3222 602 3292 Evagrium
636 3222 779 3277 illius
806 3233 1107 3281 conventus
1143 3226 1460 3294 participem
1497 3240 1618 3281 esse
1650 3242 1749 3282 no-
1781 3258 1823 3315 ο
1857 3228 1959 3283 lius
1991 3227 2232 3282 formulae
2260 3227 2488 3282 Nicmnae
2516 3226 2959 3297 glorificationem
2986 3228 3218 3297 Spiritus
3250 3230 3426 3285 sancti

188 3314 364 3379 luisse;
398 3324 602 3369 contra
638 3330 799 3384 quam
839 3316 940 3371 sibi
970 3316 1231 3373 Caesareas
1264 3320 1608 3388 promiserat.

249 3404 318 3460 De
342 3406 630 3461 mittendis
678 3408 732 3460 in
781 3406 1130 3464 Occidentem
1161 3409 1357 3479 legatis
1389 3409 1529 3464 idem
1566 3411 1752 3479 sentit,

189 3498 311 3564 quod
334 3497 447 3565 jam
481 3500 546 3555 in
576 3500 822 3569 pluribus
848 3500 1092 3571 epistolis
1121 3502 1223 3557 hoc
1250 3517 1391 3557 anno
1426 3503 1749 3558 declaravit.

191 3586 340 3658 Negat
364 3606 422 3645 se
447 3606 783 3662 quemquam
813 3592 1011 3647 habere
1033 3608 1192 3661 quem
1224 3593 1434 3661 mittat;
1474 3610 1577 3647 non
1608 3594 1751 3647 enim

189 3681 231 3737 ei
278 3698 497 3753 operam
558 3684 828 3737 navabant
875 3686 1116 3752 episcOpi
1163 3700 1178 3737 :
1222 3685 1514 3739 mittendos
1574 3693 1752 3740 autem

190 3774 451 3841 episcopos
505 3772 766 3825 censebat
800 3770 1082 3842 Evagrius,
1132 3773 1291 3843 idque
1322 3773 1754 3829 Occidentalium

191 3863 353 3915 verbis
408 3863 785 3918 nuntiaverat.
834 3862 1106 3921 Pra'terea
1164 3866 1501 3922 subobscure
1553 3868 1759 3924 indicat

191 3951 404 4008 Basilius
434 3970 632 4025 parum
664 3956 768 4010 sibi
803 3956 1117 4013 satisfacere
1143 3956 1541 4026 Occidentales,
1568 3976 1667 4016 nec
1699 3977 1759 4018 se

190 4048 305 4115 quid
358 4048 439 4103 eis
489 4050 839 4104 scribendqu
869 4052 965 4116 sit,
999 4061 1091 4106 aut
1125 4052 1255 4122 quid
1286 4067 1353 4108 ex
1385 4052 1646 4123 ejusmodi
1674 4053 1761 4107 lit-

194 4142 310 4196 teris
357 4142 697 4213 sperandum
746 4143 951 4199 videre.
998 4145 1266 4201 Caeterum
1323 4145 1377 4200 in
1424 4148 1526 4201 hoc
1578 4161 1757 4201 rerum

190 4240 315 4286 statu
360 4241 640 4304 precatur,
697 4243 756 4287 ut
789 4234 927 4289 inter
960 4245 1168 4303 septem
1208 4236 1353 4292 mille
1387 4237 1532 4293 viros
1566 4253 1760 4293 nume-

193 4334 349 4391 retur,
380 4327 474 4396 qui
516 4339 652 4396 genu
686 4336 812 4380 ante
842 4327 968 4381 Baal
998 4341 1103 4382 non
1137 4328 1490 4384 incurvavere
1516 4347 1530 4383 :
1553 4340 1606 4385 et
1638 4346 1759 4386 cum

192 4414 417 4471 animam
446 4431 605 4471 suam
642 4415 709 4469 ab
744 4416 1017 4474 haereticis
1051 4418 1221 4487 quaeri
1272 4418 1458 4483 sciret,
1490 4422 1555 4475 de
1581 4422 1762 4476 studio

192 4503 438 4563 Ecciesiis
469 4507 654 4562 debito
679 4507 809 4562 nihil
835 4524 895 4563 se
931 4512 1281 4565 remissurum
1308 4510 1593 4581 promittit.

1856 3335 1979 3374 cum
2018 3318 2176 3374 Patre
2202 3329 2256 3374 et
2283 3317 2421 3375 Filio
2446 3318 2746 3374 addendam
2768 3321 2996 3374 censuit.
3026 3320 3077 3373 Id
3105 3330 3281 3375 autem
3312 3331 3425 3376 tum

1856 3412 2070 3467 demum
2103 3412 2315 3467 videtur
2352 3412 2652 3477 censuisse,
2696 3427 2822 3468 cum
2864 3413 3228 3476 Enstathium,
3262 3414 3425 3470 veluti

1855 3505 2139 3571 quemdam
2174 3502 2449 3569 Proteum,
2477 3503 2850 3573 constringere
2884 3505 3072 3559 voluit.
3097 3504 3273 3572 Quare
3307 3514 3429 3575 post

1857 3591 1985 3645 illud
2010 3594 2226 3661 quidem
2259 3602 2467 3665 tempus
2490 3595 2690 3660 scripta
2720 3597 2833 3650 haec
2860 3596 3107 3664 epistola,
3129 3597 3221 3652 sed
3245 3604 3429 3655 tamen

1857 3692 2146 3754 antequam
2194 3684 2460 3739 Eustathii
2510 3694 2565 3739 et
2608 3684 2837 3740 aliorum
2883 3686 3224 3742 inimicorum
3276 3704 3428 3745 novas

1858 3775 2163 3830 molitiones
2198 3776 2453 3830 Basilium
2501 3776 2555 3831 in
2586 3777 2741 3832 triste
2765 3779 3033 3846 quoddam
3069 3779 3337 3834 silentium
3369 3792 3426 3836 et

1859 3869 2185 3938 suspiciosus
2208 3870 2484 3924 cautiones
2510 3869 2901 3938 conjecissent;
2937 3871 3007 3924 ita
3039 3882 3095 3925 ut
3123 3888 3227 3927 non
3256 3872 3431 3928 liben~

1863 3967 1944 4013 ter
1991 3961 2055 4013 de
2104 3962 2260 4016 rebus
2292 3961 2611 4031 dogmaticis
2640 3965 3014 4033 responderet,
3045 3976 3101 4019 ut
3129 3966 3429 4024 videbimus

1862 4066 2005 4104 anno
2036 4053 2302 4121 sequenti.

1930 4140 2162 4197 Basilius
2192 4142 2346 4198 initio
2388 4145 2731 4216 episcOpatus
2772 4146 2937 4201 multa
2981 4147 3047 4201 ad
3089 4148 3428 4218 disciplinam

1862 4233 2248 4288 emendandam
2294 4234 2632 4303 decreverat,
2682 4238 2735 4291 in
2782 4237 2867 4293 bis
2902 4248 2961 4293 ut
3006 4253 3073 4292 ne
3123 4239 3210 4293 cui
3244 4241 3433 4295 liceret

1864 4324 2047 4377 uxoris
2098 4332 2320 4378 mortuae
2356 4337 2597 4379 sororem
2650 4325 2701 4378 in
2755 4325 3160 4379 matrimonium
3210 4326 3430 4381 ducere.

1866 4412 1971 4467 Sed
2002 4414 2206 4481 aliquot
2234 4415 2393 4468 annis
2419 4414 2618 4483 elapsis
2648 4414 2899 4480 prodiere
2930 4414 3028 4469 sub
3060 4415 3280 4469 nomine
3309 4415 3431 4468 Dio-

1866 4506 1982 4558 dori
2026 4505 2320 4576 presbyteri
2375 4504 2566 4558 litterae
2615 4504 2680 4558 ad
2736 4504 3103 4560 defensionem
3169 4505 3429 4572 ejusmodi

253 4595 367 4651 lam
419 4602 671 4656 luserant
708 4615 927 4670 operam
964 4604 1147 4658 Ariani
1196 4604 1353 4659 initio
1398 4603 1559 4670 hujus
1608 4602 1757 4667 anni,
1792 4602 1836 4657 ι)
1868 4598 2329 4650 matrimoniorum
2364 4597 2695 4665 compositae,
2745 4612 2881 4667 quas
2914 4599 3131 4667 quidam
3174 4599 3429 4662 ostendit,

192 4688 307 4739 dum
356 4690 589 4745 insidias
634 4691 833 4747 Basilio
868 4702 1107 4749 struunt.
1140 4693 1245 4748 Sed
1282 4708 1625 4765 nequaquam
1665 4694 1758 4748 de-

196 4778 309 4833 fessi
356 4780 504 4835 idem
556 4798 747 4838 rursus
799 4783 1036 4854 aggressi
1067 4797 1213 4851 sunt,
1247 4784 1474 4855 ejusque
1519 4786 1753 4839 animam

192 4870 502 4938 quaerebant
536 4882 647 4927 tum
674 4890 793 4929 cum
838 4876 1066 4946 Evagrio
1091 4877 1375 4933 scriberet.
1406 4874 1541 4930 Mala
1565 4890 1755 4931 eorum

193 4962 411 5015 consilia
445 4960 649 5015 indicat
678 4963 730 5017 in
762 4965 983 5035 epistola
1010 4966 1254 5033 sequenti
1279 4965 1354 5036 (ὁ)
1374 5008 1389 5032 ,
1428 4966 1480 5020 in
1514 4980 1620 5035 qua
1651 4964 1760 5019 Eu-

193 5050 396 5105 sebium
440 5060 615 5121 rogat,
650 5062 709 5105 ut
754 5070 851 5123 pro
886 5070 944 5111 se
972 5054 1142 5108 Deum
1175 5068 1446 5125 precetur,
1484 5066 1541 5111 ut
1570 5070 1761 5124 quem-

196 5144 479 5201 admodum
514 5160 543 5199 a
576 5149 861 5215 prmleritis
910 5149 1320 5213 tentalionibus,
1373 5152 1448 5204 ita
1484 5148 1652 5207 etiam
1693 5151 1761 5204 ab

196 5229 601 5289 imminentibus
639 5232 914 5290 liberetur.
951 5238 1004 5292 Ia
1048 5240 1233 5294 eadem
1267 5239 1487 5309 epistola
1518 5239 1757 5294 dolorem

198 5337 345 5376 suum
392 5325 685 5397 signiﬁcat,
727 5328 869 5395 quod
914 5330 1203 5386 Eusebium
1256 5332 1532 5399 praeterita
1575 5340 1764 5385 testate

197 5428 297 5468 non
343 5416 957 5489 viderit:queriturque
998 5424 1137 5493 quod
1185 5421 1453 5476 Eusebius
1501 5423 1568 5476 ad
1600 5436 1659 5476 se
1700 5437 1765 5476 ne

1865 4688 1957 4741 sed
1992 4703 2175 4742 rursus
2207 4687 2448 4749 abstulit,
2476 4696 2531 4743 et
2557 4698 2744 4743 contra
2774 4688 3028 4742 Basiliam
3061 4688 3225 4745 veluti
3258 4691 3432 4758 quod-

1865 4778 1987 4833 dam
2018 4788 2272 4849 tropteum
2299 4779 2648 4842 circumtulit,
2680 4779 2945 4835 licentiam
2986 4781 3233 4835 dictitans
3262 4797 3316 4834 se
3336 4780 3434 4833 Ita-

1868 4869 1984 4925 berc
2005 4874 2197 4939 scripto
2236 4874 2566 4925 mandatam.
2614 4870 2823 4939 Quibus
2846 4887 2912 4928 ex
2946 4874 3128 4928 verbis
3162 4872 3436 4944 colligitur

1868 4980 1988 5019 eum
2040 4963 2373 5019 commisisse
2408 4966 2549 5033 quod
2595 4965 2943 5035 prohibuerat
2984 4964 3232 5020 Basilius.
3256 4965 3311 5021 Si
3338 4968 3437 5021 has

1870 5056 2079 5110 litteras
2110 5056 2390 5111 habuisset
2434 5058 2689 5121 Basilius,
2727 5058 2955 5112 libenter
2985 5057 3220 5114 Diodoro
3252 5059 3436 5114 misis-

1869 5157 1985 5203 set:
2032 5148 2125 5203 sed
2156 5164 2279 5203 cum
2327 5149 2544 5202 minime
2586 5149 2874 5213 dubitaret,
2914 5150 3042 5217 quin
3078 5150 3192 5218 ejus
3233 5149 3434 5203 nomini

1868 5255 1963 5310 per
1990 5238 2229 5295 fraudem
2262 5240 2451 5295 aliictze
2487 5243 2730 5307 fuissent,
2758 5242 2902 5311 prior
2930 5243 3043 5314 ipse
3073 5243 3187 5297 illas
3216 5242 3434 5306 refellit,

1870 5339 1928 5383 ut
1965 5330 2167 5400 duplici
2194 5348 2352 5384 manu
2386 5342 2793 5402 oppugnentur;
2826 5334 2965 5387 idem
2991 5333 3133 5387 enim
3167 5330 3435 5387 facturum

1866 5417 2156 5473 Diodorum
2204 5422 2481 5489 sperabat.
2537 5421 2823 5476 Decretum
2872 5438 3026 5475 suum
3083 5422 3321 5476 defendit
3369 5438 3436 5475 ex

199 5508 394 5562 scribat
421 5509 678 5577 quidem;
728 5513 869 5569 unde
897 5512 1015 5582 ejus
1047 5515 1287 5569 absentia
1322 5528 1427 5567 non
1469 5512 1559 5565 alii
1590 5528 1768 5569 causa:
1863 5512 2251 5567 consuetudine
2303 5512 2557 5569 Ecclesiae
2610 5512 2959 5569 Caesariensis
2994 5532 3008 5569 :
3041 5513 3276 5580 explicat
3333 5527 3435 5565 cur

203 5596 504 5667 tribuenda,
552 5601 655 5654 nisi
703 5602 844 5671 quod
894 5603 1041 5672 piger
1082 5604 1151 5658 sit
1188 5604 1254 5657 ad
1297 5600 1765 5673 peregrinationes

200 5686 477 5745 charitatis
510 5705 674 5745 causa
709 5694 1097 5763 suscipiendas.

268 5800 342 5869 (α)
379 5801 551 5868 Epist.
586 5802 708 5857 156.

270 5875 340 5941 (εν)
377 5872 546 5942 Epist.
580 5874 705 5927 157.

520 5965 789 6025 ΡΑτιιοι.
839 5966 950 6024 Gtt.
1002 5968 1238 6028 XXIX.

1864 5601 2073 5672 Moyses
2098 5619 2159 5657 ea
2194 5604 2258 5658 de
2284 5620 2342 5659 re
2370 5604 2599 5669 siluerit,
2618 5608 2699 5661 vel
2728 5608 2904 5678 potius
2933 5622 3037 5661 non
3070 5605 3281 5660 siluisse
3304 5616 3438 5655 con-

1868 5695 2066 5747 tendit:
2089 5698 2393 5750 naturalem
2428 5700 2799 5769 cognationem
2836 5700 2919 5755 Itis
2948 5697 3146 5767 nuptiis
3172 5692 3439 5753 confundi

1953 5804 2018 5871 (c)
2061 5805 2224 5872 Epist.
2260 5809 2379 5862 158.

1945 5873 2020 5943 (ά)
2062 5875 2227 5945 Epist.
2270 5878 2383 5931 μδ.

3081 5970 3118 6026 It
