4214 6536
743 470 905 512 CXVIII

2110 452 2636 511 PROLEGOMENA.

746 581 1098 637 demonstrat.
1127 575 1377 635 Clausula
1424 574 1666 647 epistolae
1705 576 1900 646 probat
1948 575 2055 629 hoc
2102 574 2313 628 facinus
2344 578 2391 635 Α
2418 579 2563 645 gravi
2595 590 2759 631 causa
2802 577 2927 648 poni
2972 592 3077 632 non
3109 578 3292 634 debet.
3339 579 3543 636 Deinde
3574 593 3701 635 vero
3730 578 3989 635 Basilium

750 674 803 726 in
834 669 1163 741 Cappadocia
1194 668 1538 724 commissum
1566 684 1671 723 non
1720 667 1887 723 fuisse
1916 686 1929 721 :
1959 665 2157 720 Precor
2213 684 2314 719 au-

749 772 870 822 tem,
903 760 1093 830 inquit,
1128 768 1182 812 ut
1222 758 1299 812 vel
1332 768 1509 812 nostra
1540 759 1833 812 admonitio
1866 757 2046 811 vitium
2080 766 2315 824 superet,

748 852 825 906 vel
870 869 975 906 non
1014 860 1189 919 serpat
1231 851 1285 904 in
1332 861 1565 904 nostram
1595 852 1853 920 regionem
1895 854 1992 903 hoc
2023 850 2313 916 piaculum,

746 945 836 997 sed
863 945 915 996 in
941 945 1124 1012 quibus
1170 943 1461 996 admissum
1500 953 1574 995 est
1604 942 1753 1007 locis,
1785 944 1839 995 in
1873 942 1953 994 his
1984 952 2314 1009 permaneat.

746 1034 1022 1088 Laudatur
1064 1035 1176 1089 hmo
1217 1035 1441 1103 epistola
1489 1034 1540 1088 itt
1575 1048 1781 1089 canone
1823 1034 1916 1099 25,
1947 1050 2037 1104 ep.
2086 1033 2209 1097 199,
2251 1047 2317 1087 ac

746 1126 970 1195 proinde
997 1127 1195 1195 scripta
1222 1136 1305 1181 est
1331 1136 1457 1180 ante
1487 1142 1684 1179 annum
1716 1126 1842 1182 575.
1870 1125 2093 1196 Aliquot
2142 1139 2317 1179 annos

745 1216 1016 1273 efﬂuxisse
1044 1219 1112 1273 ab
1141 1218 1291 1274 initio
1316 1221 1660 1287 episcopatus
1687 1220 1886 1274 indicat
1906 1218 2156 1281 Basilius,
2189 1233 2312 1270 cum

746 1310 824 1363 ait
852 1310 928 1381 (a)
955 1325 1013 1365 se
1054 1310 1118 1363 ab
1156 1310 1311 1364 initio
1343 1310 1444 1364 has
1473 1312 1687 1381 nuptias
1734 1311 2094 1381 prohibuisse.
2137 1310 2315 1374 Quare

744 1401 1019 1471 probabile
1071 1412 1155 1457 est
1212 1416 1337 1456 eum
1388 1402 1671 1472 scripsisse
1735 1404 1968 1458 Diodoro
2016 1415 2158 1456 anno
2209 1402 2313 1457 575

744 1503 836 1548 aut
867 1494 989 1551 574.

1308 1588 1534 1647 CAPUT
1581 1588 1754 1645 XXX.

741 1680 781 1734 Ι.
812 1680 1047 1736 Basilius
1079 1698 1219 1735 anno
1256 1682 1359 1737 574
1382 1683 1591 1736 ineunte
1623 1684 1836 1743 interest
1858 1681 2029 1750 funeri
2066 1679 2306 1748 Gregorii

809 1754 997 1821 patris.
1045 1751 1238 1806 Seribit
1286 1753 1649 1821 Amphilochia
1696 1767 1868 1805 recens
1926 1752 2187 1806 ordinato.
2241 1750 2305 1804 ll.

808 1820 975 1891 ﬁger
1005 1823 1184 1876 scribit
1215 1826 1282 1877 ad
1303 1822 1365 1881 S.
1394 1822 1762 1883 Eusebium,et
1778 1836 1867 1888 per
1884 1820 2303 1891 Amphilochium

808 1889 1158 1946 addovinum
1184 1894 1437 1947 comitem.
1472 1891 1549 1946 0b
1604 1894 1817 1945 missum
1846 1889 2031 1957 corpus
2063 1889 2122 1945 S.
2148 1891 2305 1948 Sabre

810 1963 1008 2033 gIatias
1038 1963 1148 2033 agit
1189 1962 1430 2016 Ascholio
1466 1974 1531 2033 et,
1559 1960 1784 2033 Sorano.
1808 1960 1898 2033 lli.
1931 1961 2191 2015 Exsilium
2240 1958 2301 2013 S.

812 2031 1050 2102 Eusebii,
1074 2031 1142 2085 ad
1173 2049 1321 2102 quem
1348 2032 1581 2099 epistolis
1612 2031 1733 2095 166,
1762 2031 1886 2096 167,
1916 2047 2030 2102 qua:
2054 2047 2155 2085 non
2181 2039 2301 2083 sunt

808 2100 1021 2157 Basilii.
1054 2102 1141 2193 ιγ.
1170 2101 1515 2193 De‘Glgce'rio
1545 2103 1765 2193 dia-colito
2045 2102 2302 2193 v‘i'rlgiigtm

807 2189 959 2255 grege
987 2173 1292 2254 aufugerat.
1324 2168 1387 2226 ιτ.
1424 2173 1496 2254 De
1520 2172 1756 2254 epistolis
1778 2168 2031 2225 {72475.
2060 2168 2148 2223 Ἦ.
2180 2168 2304 2223 Fu-

808 2242 1264 2320 roi’_tn_Bastltum
1306 2243 1670 2320 Itwrettcorum
1702 2244 1799 2320 die.
1830 2243 1963 2320 [esto
2090 2238 2298 2320 ξυμμ-

806 2313 934 2367 chii.
963 2312 1096 2366 Inde
1130 2322 1254 2365 nata
1302 2313 1507 2367 occasio
1536 2312 1799 2365 scribendi
1838 2311 1960 2364 libri
1999 2311 2062 2365 de
2101 2311 2303 2377 Spiritu

804 2394 1011 2440 sancto.
1045 2381 1153 2438 VII.
1187 2382 1438 2446 Epistolas
1467 2384 1535 2435 ad
1586 2381 2006 2450 conjurationem
2044 2382 2169 2435 anni
2200 2380 2303 2436 574

804 2463 1112 2521 spectantes.
1143 2452 1274 2521 Vlll.
1306 2451 1593 2505 Nonnullae
1622 2451 1743 2505 alia!
1785 2452 1853 2505 ad
1883 2450 2301 2519 Samosatenses,

809 2520 878 2575 ad
906 2524 1169 2591 episcopos
1197 2520 1424 2577 Eusebio
1452 2524 1649 2576 amicos
1680 2532 1727 2577 et
1758 2523 1829 2576 ad
1839 2522 2196 2591 Antipatrum.

808 2614 853 2669 l.
879 2614 1101 2670 Ineunte
1128 2628 1271 2669 anno
1305 2614 1408 2670 574
1436 2613 1767 2669 Nazianzum
1800 2627 1859 2669 se
1897 2612 2125 2667 contulit
2149 2611 2303 2666 Basi-

733 2706 859 2774 lius,
892 2716 950 2760 ut
995 2705 1257 2775 Gregorio
1301 2707 1442 2777 patri
1499 2714 1711 2760 mortuo
1748 2705 1895 2774 justa
1942 2704 2301 2775 persolveret,

731 2798 956 2869 ejusque
998 2796 1258 2853 familiam
1310 2797 1364 2852 in
1415 2798 1519 2853 hoc
1566 2797 1712 2852 luctu
1758 2797 2048 2854 solaretur.
2085 2796 2302 2851 Patrem

731 2888 977 2943 oratione
1004 2888 1217 2945 funebri
1260 2888 1498 2945 laudavit
1540 2887 1836 2959 Gregorius
1867 2889 2118 2944 audiente
2152 2889 2307 2944 Basi-

731 2980 824 3048 lio,
857 2980 1009 3051 cujus
1041 2997 1070 3035 a
1100 2980 1353 3036 laudibus
1384 2981 1599 3035 initium
1632 2980 1845 3034 dicendi
1879 2980 2032 3043 facit.
2068 2995 2303 3050 eumque

731 3074 982 3128 hortatur
1021 3073 1099 3144 (b)
1150 3081 1210 3126 ut
1253 3087 1411 3126 suum
1455 3084 1669 3139 quoque
1716 3069 1987 3139 eloquium
2024 3071 2306 3139 deprontat

731 3164 787 3219 in
814 3163 1081 3218 laudando
1111 3170 1285 3233 patre,
1323 3162 1409 3216 cui
1446 3160 1631 3215 multis
1658 3160 1969 3215 nominibus
2006 3160 2305 3215 obstrictus

729 3264 869 3321 erat,
917 3264 1101 3325 utpote
1146 3254 1291 3310 illius
1354 3267 1517 3323 opera
1566 3252 1619 3307 in
1668 3252 1851 3308 sedem
1909 3251 2302 3307 Caesariensem
2332 3278 2374 3335 ο
2410 3294 2537 3339 εωιο

728 3354 946 3401 evectus
971 3355 1025 3401 et
1051 3346 1119 3400 ab
1148 3360 1214 3401 eo
1252 3344 1558 3400 ordinatus.
1588 3343 1789 3400 Probat
1818 3343 2196 3400 Tillemontius
2226 3342 2295 3414 (ε)

729 3439 785 3493 id
815 3439 1107 3509 contigisse
1142 3437 1303 3492 initio
1336 3439 1482 3492 veris
1514 3452 1581 3491 ex
1610 3437 1837 3506 epistola
1866 3438 1958 3504 27,
1992 3439 2041 3491 in
2068 3454 2172 3509 qua
2198 3437 2303 3491 Ba-

729 3530 882 3586 silius
905 3530 1091 3600 pedem
1115 3544 1174 3585 se
1195 3529 1356 3585 domo
1378 3543 1481 3583 non
1509 3529 1773 3584 extulisse
1800 3530 1899 3583 hac
1920 3529 2101 3585 hieme
2135 3538 2304 3585 testa-

730 3631 837 3678 tur.
873 3622 1029 3677 Aliud
1063 3632 1440 3692 argumentum
1488 3622 1622 3693 petit
1668 3635 1735 3675 ex
1786 3620 2131 3675 ordinatione
2170 3620 2303 3674 Am-

729 3712 1007 3782 philochii,
1031 3727 1151 3781 qua:
1190 3713 1241 3766 in
1274 3711 1413 3766 idem
1451 3724 1660 3781 tempus
1691 3711 1901 3777 incidit,
1947 3724 2011 3765 ac
2049 3710 2301 3780 Gregorii

728 3804 1018 3873 exsequiae,
1044 3802 1236 3874 quibus
1281 3801 1528 3859 interfuit
1572 3802 1829 3859 Basilius.
1853 3801 2296 3873 Amphilochium

729 3906 907 3952 autem
939 3897 1092 3953 initio
1126 3897 1271 3953 veris
1302 3898 1607 3953 ordinatum
1639 3896 1810 3953 fuisse
1842 3898 2170 3968 suspicatur,
2200 3895 2303 3950 hac

727 3990 888 4044 nixus
931 3991 1265 4059 conjectura,
1313 3991 1455 4060 quod
1518 4004 1624 4044 non
1672 3990 1923 4061 proxime
1976 3989 2305 4045 successerit

727 4077 988 4133 Faustino
1013 4080 1285 4149 praeterita
1313 4088 1500 4134 aestate
1531 4089 1762 4145 mortuo,
1799 4083 1891 4136 sed
1920 4081 2062 4136 inter
2087 4091 2300 4135 utrum—

728 4182 837 4237 que
869 4168 1157 4224 bzereticus
1193 4168 1413 4239 quidam
1444 4168 1757 4238 interjectus
1790 4168 1971 4223 fuerit.
2006 4168 2291 4239 Gonjectu-

727 4273 844 4315 ram
872 4260 1013 4315 eruit
1041 4274 1108 4315 ex
1137 4260 1219 4314 his
1250 4260 1430 4316 verbis
1459 4258 1642 4314 Basilii
1668 4258 1735 4313 ad
1760 4258 2189 4327 Amphilochium
2217 4257 2297 4329 (ά)

728 4362 919 4403 recens
954 4350 1258 4404 ordinatum
1305 4348 1563 4404 :Inimici
1608 4358 1848 4419 pereunt,
1894 4356 1953 4401 ut
1992 4363 2083 4401 res;
2126 4346 2296 4403 Israel

726 4439 842 4507 ﬁat.
876 4436 1001 4494 Plus
1046 4438 1390 4494 tribuendum
1426 4448 1580 4510 putat
1628 4440 1711 4496 his
1744 4437 2096 4512 conjecturis,
2134 4452 2293 4506 quam

726 4527 944 4583 Menaeis
965 4526 1167 4583 Graecae
1198 4527 1472 4593 Ecclesiae,
1500 4542 1621 4597 quae
1650 4528 1890 4583 natalitia
1924 4524 2174 4597 Gregorii
2202 4541 2293 4581 ce—

725 4619 901 4675 lebrat
931 4618 1186 4675 Kalendis
1212 4617 1483 4675 Januarii.

799 4710 1061 4780 Equidem
1102 4710 1396 4765 doctissimi
1426 4709 1526 4764 viri
1560 4708 1891 4777 argumentis
1919 4711 1993 4765 uti
2029 4723 2134 4763 non
2162 4722 2291 4776 pos-

726 4820 866 4861 sum.
902 4804 1035 4859 Nam
1064 4802 1287 4872 epistola
1312 4803 1403 4866 27.
1447 4818 1513 4856 ex
1542 4817 1647 4871 qua
1676 4802 1875 4872 colligit
1908 4803 2164 4857 Basilium
2191 4802 2293 4859 hac

729 4898 906 4951 hieme
931 4898 1119 4966 pedem
1150 4895 1308 4949 domo
1332 4909 1434 4949 non
1465 4895 1746 4958 extulisse,
1770 4903 1894 4949 ante
1918 4895 2291 4965 episcopatum

728 4991 950 5059 scripta,
980 4998 1039 5043 ut
1083 5002 1245 5058 supra
1286 4988 1733 5043 demonstratum.
1769 4984 2083 5054 lnterjectus
2112 4992 2292 5039 autem

728 5081 1046 5137 Faustinum
1082 5080 1224 5135 inter
1262 5091 1316 5135 et
1362 5079 1795 5148 Amphilochium
1848 5078 2132 5133 hmreticus
2169 5091 2296 5132 eva-

731 5174 903 5228 nescit
931 5174 985 5228 in
1014 5173 1117 5227 hac
1142 5187 1275 5226 nova
1311 5174 1568 5227 editione.
1598 5170 1848 5241 Legimus
1875 5171 2019 5225 enim
2055 5184 2174 5224 cum
2203 5182 2296 5224 co-

729 5266 938 5320 dicibus
966 5280 1095 5319 mss.
1116 5281 1129 5319 :
1149 5263 1321 5321 Asinae
1339 5274 1574 5333 pereunt,
1606 5274 1661 5316 ut
1692 5278 1784 5317 rex
1814 5260 1985 5317 Israel
2012 5261 2129 5331 ﬁat.
2163 5260 2291 5313 Ant-

728 5355 988 5427 philochii
1018 5356 1285 5411 ordinatio
1311 5358 1376 5409 ad
1400 5356 1610 5410 initium
1636 5356 1777 5409 veris
1799 5353 1925 5407 anni
1957 5352 2062 5406 574
2089 5348 2290 5405 dillerri

731 5462 836 5502 non
888 5457 1081 5518 potest.
1119 5446 1251 5500 Tam
1303 5444 1517 5515 longum
1568 5443 1710 5498 enim
1760 5440 2097 5497 intervallum
2151 5438 2294 5493 inter

729 5549 957 5594 mortem
989 5537 1256 5604 Faustini,
1282 5538 1741 5593 etordinatlonem
1767 5534 2147 5607 Amphilochii,
2179 5535 2297 5589 sine

799 5699 877 5767 (a)
914 5695 981 5767 Ν.
1013 5699 1063 5753 t.

800 5769 872 5837 (b)
909 5766 1040 5820 Naz.
1071 5783 1151 5837 or.
1193 5767 1280 5821 l9.

802 5839 869 5909 (ς)
910 5837 1027 5909 [ξομ
1054 5836 1217 5909 20in
1240 5836 1379 5890 Naz.

804 5903 877 5970 (il)
918 5903 1090 5971 Epist.
1134 5907 1251 5959 itit.

2424 668 2605 723 invisit
2625 671 2811 724 statim
2841 678 2961 738 post
2985 669 3189 725 Pascha
3214 670 3661 739 Amphilochius;
3690 673 3833 741 quod
3865 674 3988 742 qni-

2421 762 2540 814 dem
2569 776 2673 815 non
2704 761 2916 815 videtur
2939 760 3135 816 fecisse
3166 764 3350 817 statim
3396 770 3519 833 post
3564 764 3987 829 ordinationem,

2420 868 2581 922 quam
2610 852 2847 908 diﬂiciles
2879 862 2935 907 et
2968 854 3293 908 necessariae
3319 855 3705 924 occupationes
3729 855 3987 925 subsequi

2420 944 2737 997 debuerunt.
2775 943 3111 998 Prohabilius
3145 959 3276 1013 ergo
3306 954 3392 1000 est
3427 945 3562 1001 duos
3596 945 3714 1001 illos
3739 955 3989 1013 eventus,

2420 1036 2507 1104 qui
2546 1037 2736 1090 eodem
2766 1046 3006 1106 tempore
3035 1039 3402 1107 contigerunt,
3432 1040 3827 1094 ordinationem
3861 1042 3992 1093 Am-

2420 1127 2671 1195 philochii
2704 1137 2760 1181 et
2788 1138 3013 1183 mortem
3040 1128 3309 1200 Gregorii,
3342 1130 3427 1184 vel
3451 1145 3592 1185 anno
3616 1131 3720 1185 575
3750 1142 3987 1187 exeunte

2418 1221 2726 1288 contigisse,
2775 1236 2882 1274 non
2934 1225 3103 1273 multo
3152 1232 3274 1290 post
3326 1221 3515 1277 Basilii
3573 1222 3640 1276 ad
3694 1223 3985 1293 Evagrium

2417 1312 2721 1377 epistolam,
2774 1314 2825 1364 in
2879 1326 2981 1376 qua
3021 1311 3178 1381 longa
3212 1328 3270 1367 se
3306 1310 3631 1381 aegritudine
3676 1313 3868 1367 confici
3910 1314 3989 1367 ait

2417 1401 2670 1466 Basilius,
2718 1403 2903 1457 itidem
2954 1416 3011 1457 ut
3059 1405 3108 1457 in
3165 1406 3388 1473 epistola
3443 1407 3507 1458 ad
3547 1404 3984 1472 Amphilochium

2418 1509 2605 1548 recens
2637 1495 2943 1550 ordinatum
2970 1513 2985 1563 ;
3018 1496 3099 1549 vel
3134 1496 3290 1551 initio
3322 1497 3446 1549 anni
3475 1497 3610 1562 57b,
3652 1498 3697 1551 si
3731 1497 3855 1566 quis
3879 1496 3986 1551 ble-

2420 1584 2550 1637 uteis
2573 1582 2882 1641 Graecorum
2927 1587 3195 1641 inhaerere
3219 1587 3391 1640 malit.

2486 1718 2747 1773 Basilium
2788 1718 2854 1789 (e)
2886 1728 3167 1789 rogaverat
3202 1729 3413 1773 mortuo
3454 1717 3719 1775 Faustino
3747 1718 3986 1774 Ecclesia

2414 1809 2731 1875 lconiensis,
2762 1821 2817 1864 ut
2844 1811 2943 1864 sibi
2973 1811 3283 1879 episcopum
3312 1812 3491 1865 daret.
3536 1811 3846 1867 Verisimile
3880 1828 3985 1865 non

2338 1938 2381 1994 Β
2414 1911 2499 1956 est
2528 1890 2787 1956 Basiliutn
2816 1900 2917 1955 hoc
2960 1898 3193 1954 ollicium
3238 1901 3548 1956 exhibuisse
3578 1901 3984 1969 lconiensibus;

2409 1996 2605 2066 quippe
2631 2010 2753 2049 cum
2781 1992 3165 2065 Amphilochio
3188 2006 3374 2046 recens
3398 1994 3645 2049 ordinato
3670 1994 3982 2064 gratulandi

2408 2086 2490 2139 vel
2520 2086 2699 2154 potius
2724 2084 3034 2139 consolandi
3060 2092 3114 2137 et
3137 2081 3461 2137 adhortandi
3488 2098 3648 2137 causa
3674 2086 3979 2154 scripserit.

2410 2176 2607 2232 Statim
2656 2177 2799 2230 enim
2852 2185 3015 2245 atque
3064 2175 3347 2229 ordinatus
3398 2173 3501 2228 fuit
3544 2175 3984 2243 Amphilochius,

2408 2284 2545 2325 onus
2582 2268 2681 2323 sibi
2712 2268 3023 2335 impositum
3070 2268 3123 2322 in
3159 2267 3354 2323 litteris
3385 2269 3451 2323 ad
3494 2268 3747 2322 Basilium
3779 2267 3985 2335 missis,

2408 2373 2467 2416 ut
2490 2361 2664 2431 majus
2686 2360 2892 2414 viribus
2913 2360 3045 2423 suis,
3072 2358 3206 2413 luxit
3226 2377 3241 2413 :
3265 2375 3529 2429 suumque
3554 2361 3795 2416 dolorem
3820 2369 3989 2416 testa-

2406 2456 2566 2510 batur
2599 2454 2768 2523 quod,
2803 2468 2925 2508 cum
2959 2453 3218 2507 hactenus
3243 2454 3501 2509 Basilium
3534 2454 3779 2525 fugisset,
3808 2468 3876 2509 ne
3914 2454 3989 2510 ab

2407 2561 2471 2601 eo
2498 2546 2861 2611 ordinaretur,
2891 2545 2944 2599 in
2974 2541 3230 2598 Pisidiam
3264 2546 3487 2600 veniens
3512 2547 3581 2600 ibi
3609 2547 3981 2616 episcopatum

2408 2638 2654 2707 accipere
2679 2647 2901 2693 coactus
2928 2647 3090 2693 esset.
3131 2636 3202 2690 At
3246 2634 3477 2690 Basilius
3527 2636 3793 2705 ejusmodi
3824 2639 3980 2693 ordio

2409 2730 2682 2784 nationem
2714 2729 2973 2783 miraculo
3020 2743 3207 2783 carere
3257 2737 3453 2798 negat;
3496 2727 3721 2795 ideoque
3752 2729 3985 2799 Amphi-

2407 2822 2641 2877 lochium
2683 2823 2836 2892 jubet
2869 2838 2971 2877 non
3019 2822 3325 2893 impositum
3358 2836 3495 2876 onus
3527 2819 3834 2886 lamentari,
3881 2824 3983 2878 sed

2407 2915 2589 2971 divino
2626 2914 2826 2968 auxilio
2850 2915 3210 2969 confidentem
3243 2914 3472 2969 viriliter
3494 2927 3674 2982 agere,
3707 2922 3762 2966 ct
3790 2926 3981 2967 navem

2407 3022 2586 3078 prava:
2622 3008 2881 3063 doctrinae
2917 3006 3167 3063 ﬂuctibus
3212 3006 3629 3062 itnmersabiletn
3680 3005 3982 3060 custodire.

2409 3100 2583 3169 Rogat
2610 3101 2735 3153 utsi
2765 3114 2822 3155 se
2870 3101 3025 3171 longa
3076 3100 3395 3171 aegritudine
3423 3100 3488 3155 ad
3532 3099 3734 3154 exitum
3783 3113 3983 3169 propc-

2411 3201 2618 3247 rantem
2645 3191 2880 3244 invisere
2899 3192 3046 3257 velit,
3070 3206 3168 3246 nec
3195 3204 3406 3262 tempus
3432 3207 3529 3247 nec
3550 3193 3761 3261 signum
3788 3206 3986 3261 exspe-

2566 3282 2747 3338 Monet
2774 3292 2831 3336 ut
2858 3282 3146 3351 diligenter
3194 3292 3382 3336 caveat
3410 3299 3476 3338 ne
3508 3300 3566 3339 se
3598 3286 3780 3353 pravis
3809 3284 3983 3340 mori-

2411 3380 2507 3432 bus
2559 3378 2730 3444 abripi
2775 3377 2952 3443 sinat;
2996 3374 3087 3429 sed
3130 3373 3352 3428 missum
3408 3392 3468 3430 se
3496 3392 3616 3432 esse
3646 3379 3981 3445 meminerit,

2407 3484 2511 3523 non
2566 3478 2624 3521 ut
2664 3470 2798 3524 alios
2828 3477 3113 3537 sequatur,
3144 3467 3237 3523 sed
3268 3475 3327 3521 ut
3358 3468 3472 3538 ipsc
3500 3482 3702 3538 prateat
3744 3473 3832 3529 his
3884 3473 3979 3545 qui

2404 3560 2698 3615 salvantur.

2474 3674 2537 3728 ll.
2578 3673 2691 3728 lloc
2734 3687 2874 3727 anno
2901 3680 3023 3742 post
3082 3670 3222 3726 diem
3271 3670 3491 3727 Pascha:
3536 3669 3769 3727 Basilius
3800 3674 3871 3743 (Ῑ)
3926 3674 3980 3729 in

2405 3778 2622 3835 gravem
2654 3765 2901 3820 morbum
2934 3762 3140 3832 incidit,
3165 3762 3424 3830 febribus,
3457 3767 3661 3821 ventris
3690 3768 3983 3822 resolutioa

2407 3856 2566 3910 nibus
2584 3867 2638 3910 et
2657 3857 2924 3910 viscerum
2994 3857 3444 3913 commotionibus
3473 3858 3725 3929 agitatus.
3779 3859 3839 3915 In
3878 3860 3983 3915 hac

2405 3954 2547 3999 statu
2583 3954 2873 4009 erat,cum
2930 3961 3029 4015 per
3087 3947 3385 4001 Barachum
3449 3950 3667 4019 scripsit
3717 3950 3978 4017 Eusebio,

2405 4037 2490 4090 cui
2520 4036 2772 4092 morbum
2802 4050 3050 4104 excusat,
3079 4038 3221 4108 quod
3250 4054 3359 4092 non
3404 4039 3470 4093 ad
3505 4056 3627 4095 eum
3662 4044 3980 4111 proficiscao

2408 4136 2513 4180 tur.
2542 4126 2806 4181 Caeterum
2846 4142 2905 4182 se
2933 4128 3076 4183 vires
3110 4129 3176 4183 ad
3209 4126 3313 4182 hoc
3367 4127 3471 4182 iter
3528 4143 3977 4201 recuperaturum

2402 4227 2601 4288 sperat,
2626 4220 2669 4273 si
2701 4235 2798 4289 pro
2844 4234 2902 4275 se
2940 4219 3210 4277 Eusebius
3256 4233 3530 4292 precetur.
3561 4222 3790 4279 Tantum
3831 4228 3979 4283 enim

2404 4312 2551 4367 illius
2582 4315 2838 4383 precibus
2874 4316 3204 4380 conﬁdebat,
3230 4324 3289 4370 ut
3315 4331 3373 4373 se
3426 4318 3592 4373 etiam
3623 4318 3880 4388 juvenem
3914 4337 3979 4376 ex

2403 4423 2550 4473 sene,
2576 4424 2682 4463 non
2719 4410 2877 4463 modo
2904 4420 3152 4479 vegetum
3179 4424 3247 4463 ex
3276 4409 3491 4466 inﬁrmo
3540 4421 3596 4466 et
3645 4426 3869 4483 prorsus
3897 4422 3982 4469 at-

2405 4506 2648 4561 tenuato,
2687 4496 2801 4552 ﬁeri
2841 4514 3001 4567 posse
3030 4499 3299 4555 crederet.

2329 4647 2373 4703 ι)
2473 4610 2649 4667 Testis
2697 4612 2796 4667 fuit
2852 4613 3010 4680 hujus
3062 4612 3235 4667 morbi
3296 4615 3706 4687 Amphilochius
3734 4615 3829 4689 (g),
3883 4620 3974 4689 qui

2407 4703 2681 4769 Basilium,
2719 4712 2778 4758 ut
2844 4715 3060 4775 rogatus
3094 4703 3291 4772 fuerat,
3334 4707 3539 4772 invisit,
3572 4722 3636 4761 ac
3688 4710 3780 4763 diu
3824 4725 3977 4766 com-

2405 4805 2644 4852 moratus
2668 4806 2750 4851 est
2771 4796 3052 4861 Caesareae,
3086 4814 3190 4853 non
3234 4799 3405 4854 solum
3431 4808 3787 4870 aegrotantem
3817 4804 3975 4859 Basi-

2407 4891 2537 4945 lium
2567 4888 2806 4945 olliciosa
2847 4891 3133 4947 sedulitate
3175 4892 3362 4949 fovens
3382 4932 3397 4957 ,
3427 4896 3523 4949 sed
3555 4895 3718 4949 etiam
3775 4896 3977 4967 populo

2404 4981 2569 5036 divini
2622 4982 2769 5035 verbi
2805 4982 3001 5051 pabula
3057 4984 3395 5039 ministrans.
3442 4983 3595 5042 Unde
3650 4986 3888 5041 Basilius
3924 4987 3975 5041 in

2403 5073 2627 5144 epistola
2677 5072 2752 5144 (h)
2784 5074 2888 5130 hoc
2917 5090 3061 5129 anno
3119 5085 3244 5130 ante
3298 5091 3534 5133 mensem
3599 5078 3977 5148 Septembrem

2402 5167 2600 5236 scripta
2650 5168 2728 5220 sic
2770 5180 2894 5222 eum
2951 5166 3247 5237 alloquitur
3289 5184 3305 5223 :
3368 5167 3509 5222 Nam
3556 5185 3864 5239 persuasum
3908 5175 3978 5226 sit

2403 5259 2521 5323 tibi,
2553 5258 2746 5327 inqttit,
2775 5257 3025 5327 populum
3050 5269 3310 5328 nostrum,
3341 5277 3459 5314 cum
3499 5261 3690 5313 multos
3730 5274 3976 5329 expertus

2401 5352 2491 5415 sit,
2523 5349 2718 5402 nullius
2746 5350 3081 5419 prtesentiam
3109 5350 3186 5403 ita
3216 5351 3535 5418 desiderare,
3556 5361 3613 5405 ut
3651 5361 3797 5405 tuam
3823 5369 3843 5407 :
3868 5367 3981 5405 tan-

2406 5448 2515 5493 tum
2537 5441 2585 5495 ei
2630 5442 2826 5495 amoris
2856 5441 3097 5495 aculeum
3157 5444 3296 5499 brevi
3348 5443 3440 5496 illo
3474 5458 3757 5513 congressu
3808 5444 3981 5496 immi-

2405 5534 2544 5588 sisti.
2574 5532 2799 5589 Videtur
2830 5534 3239 5606 Amphilochius
3269 5535 3470 5592 Basilio
3516 5536 3761 5594 attulisse
3796 5534 3977 5593 Jovinl

2497 5701 2543 5759 e)
2585 5692 2750 5761 Epist.
2782 5691 2903 5747 I58.

2474 5696 2539 5831 in
2573 5761 2671 5829 Ep.
2716 5761 2838 5831 ωε.

2477 5761 2539 5831 (Ι)
2573 5761 2671 5829 Ep.
2716 5761 2838 5817 162.

2477 5834 2552 5898 (g)
2579 5832 2678 5896 Ep.
2706 5830 2828 5883 165.

2486 5900 2562 5965 (It)
2587 5898 2682 5965 Ep.
2714 5898 2835 5952 176.
