4214 6486
1554 467 1713 523 VITA
1754 469 1811 523 S.
1854 464 2120 524 BASlLll.

3310 489 3433 532 ειιι

226 589 400 648 amitis
427 590 673 653 litteras,
728 597 787 642 et
814 586 984 641 eidem
1040 580 1221 638 Basilii
1266 594 1583 651 responsum
1622 585 1772 641 ret'u-
1798 590 1851 649 Α
1880 582 2167 637 Fructibus
2218 586 2577 652 spiritua'libus
2633 586 2898 641 nationem
2941 596 3173 641 exierant
3221 590 3439 657 replevi-

205 690 337 744 lisse.

262 777 477 835 Junium
505 776 782 831 Soranum
816 770 1002 827 limitis
1025 770 1263 843 Scythici
1294 768 1485 823 ducem
1546 786 1769 841 rogave-

207 884 279 926 rat
309 868 567 932 Basilius.
606 876 669 921 ut
721 878 887 932 supra
940 864 1191 925 vidimus,
1226 869 1285 913 ut
1320 870 1617 929 martyrum
1647 860 1767 915 reli-

204 963 337 1033 quiis
362 964 596 1032 patriam
653 958 886 1021 ditarct;
939 951 1375 1025 quandoquidem
1425 949 1531 1006 illic
1583 966 1770 1021 perse-

206 1054 367 1121 cutio,
400 1056 519 1123 ipso
552 1057 905 1103 asseverante
935 1046 1163 1104 Sorano,
1207 1052 1471 1112 martyres
1515 1040 1769 1096 faciebat.

204 1146 313 1201 Non
343 1144 529 1216 segnis
563 1140 807 1195 Soranus
839 1140 889 1193 in
925 1135 1193 1191 mandatis
1224 1132 1407 1188 Basilii
1444 1132 1771 1189 exhaurien-

205 1235 281 1291 dis
305 1246 506 1301 corpus
534 1228 593 1283 S.
639 1228 817 1293 Salue,
848 1228 938 1298 qui
971 1240 1113 1279 anno
1159 1222 1266 1277 372
1313 1224 1399 1278 die
1461 1224 1529 1277 12
1574 1220 1773 1291 Aprilis

205 1340 391 1400 passus
421 1322 621 1389 fuerat,
648 1322 702 1376 in
732 1316 1125 1389 Cappadociam
1162 1331 1257 1385 per
1272 1318 1416 1370 viros
1446 1316 1549 1367 tide
1577 1312 1771 1382 dignos

206 1420 382 1480 misil.
436 1432 561 1471 cum
601 1428 868 1470 consensu
928 1410 1249 1481 presbyterii
1305 1409 1445 1462 illius
1493 1404 1769 1465 Ecclesiae,

201 1525 314 1582 qua
355 1511 457 1565 has
501 1509 762 1578 reliquias
834 1503 1161 1573 possidebat.
1224 1499 1579 1573 Optatissimo
1630 1496 1772 1551 dono

201 1601 464 1670 adjuncta:
524 1608 682 1656 erant
736 1595 923 1649 littera:
981 1594 1233 1648 Ecclesia:
1294 1589 1595 1650 Gotthicaz,
1659 1595 1770 1642 tum

200 1694 360 1749 etiam
414 1694 537 1747 alia;
582 1691 720 1754 duae,
752 1687 989 1743 Ascholii
1042 1696 1095 1739 et
1126 1685 1344 1739 Sorani.
1376 1680 1599 1735 Etiamsi
1627 1682 1767 1735 enim

202 1786 486 1843 Ascbolius
515 1781 797 1851 epistolam
823 1780 1076 1835 Ecclesiae
1098 1777 1386 1838 Gottbicaa,
1419 1784 1478 1829 ut
1497 1775 1772 1828 existimat

202 1875 599 1939 Tillemontius,
657 1875 941 1943 scripsisse
987 1872 1235 1934 dicatur;
1281 1878 1427 1922 certe
1461 1867 1620 1921 aliam
1672 1883 1770 1921 suo

201 1976 413 2027 nomine
438 1937 640 2037 adjecit
678 1937 785 2035 (ιι).⁷
819 1964 950 2016 Nam
982 1960 1267 2015 Ascholius
1304 1962 1356 2014 in
1411 1961 1521 2014 suis
1568 1961 1631 2013 ad
1664 1959 1768 2011 Ba-
1802 1937 1842 1991 Β

200 2064 373 2118 silium
412 2062 611 2115 litteris
638 2057 891 2112 laudabat
920 2065 1165 2109 sanctum
1202 2055 1479 2125 Eutychen
1529 2063 1583 2107 et
1625 2051 1769 2120 Cap—

199 2154 497 2224 padociam,
536 2164 600 2205 ex
624 2162 727 2217 qua
748 2147 951 2201 semina
982 2147 1195 2217 pietatis
1217 2148 1353 2215 apud
1386 2142 1617 2198 Gotthos
1647 2157 1770 2210 per-

198 2252 483 2299 venerant.
521 2243 591 2295 At
620 2239 755 2294 nihil
797 2238 1061 2307 ejusmodi
1120 2240 1318 2305 legitur
1361 2236 1412 2288 in
1443 2234 1637 2287 litteris
1670 2235 1772 2288 Ec-

199 2340 370 2395 clesiae
400 2337 693 2393 Gottbicte.
751 2334 1057 2403 Quinetiam
1090 2351 1195 2388 non
1251 2332 1521 2387 immerito
1562 2331 1772 2386 dubite-

200 2444 305 2497 tur,
358 2449 432 2487 an
482 2432 793 2487 litterarum
848 2427 1103 2482 Ecclesia:
1156 2423 1424 2480 Gotthica:
1478 2436 1666 2480 auctor
1703 2425 1773 2480 sit

198 2535 415 2579 sanctus
448 2520 762 2577 Ascholius.
792 2516 927 2570 Nam
978 2532 1099 2570 cum
1130 2515 1212 2570 lliB
1238 2515 1432 2570 littera:
1462 2525 1769 2571 accuratam

196 2613 425 2668 habeant
478 2610 725 2680 martyrii
782 2607 956 2662 sancti
999 2605 1158 2661 Saba!
1215 2607 1677 2676 descriptionem;
1724 2608 1769 2661 si

198 2720 286 2759 eas
314 2702 633 2771 scripsisset
687 2709 911 2754 sanctus
954 2698 1279 2762 Aschelius,
1315 2713 1421 2752 non
1481 2696 1637 2752 video
1676 2713 1773 2752 cur

199 2795 390 2851 iterum
428 2795 483 2849 in
514 2792 642 2848 aliis
671 2794 735 2847 ad
762 2799 1007 2847 sanctum
1042 2788 1300 2844 Basilium
1331 2787 1526 2843 litteris
1574 2789 1769 2843 iterum

199 2888 332 2944 idem
371 2887 698 2959 martyrium
746 2884 1125 2954 descripsisset
1157 2899 1171 2935 :
1231 2883 1373 2953 quod
1411 2892 1587 2936 tamen
1616 2880 1771 2935 Basi-

198 2984 298 3038 lius
346 2986 417 3039 ab
469 2998 536 3037 eo
580 2990 814 3035 testatur
863 2978 1192 3046 descriptum
1236 2975 1399 3030 fuisse
1438 2976 1489 3028 in
1534 2974 1619 3028 illa
1657 2974 1773 3041 epi-

202 3075 361 3135 stola,
393 3087 514 3142 quae
548 3079 793 3125 sanctum
824 3069 1101 3139 Eutychen
1136 3080 1189 3123 et
1217 3067 1609 3138 Cappadociam
1655 3068 1772 3121 lau-

199 3166 376 3221 dabat.

266 3254 403 3311 Cum
437 3255 615 3308 sancti
650 3251 888 3309 Ascholii
920 3250 1115 3306 litterae
1162 3247 1401 3318 Spiritus
1426 3248 1599 3304 sancti
1646 3264 1770 3319 gra-
1797 3278 1838 3335 ο

200 3351 272 3405 tia
292 3359 594 3412 scaterent,
632 3347 781 3401 visus
815 3356 900 3401 est
938 3344 1041 3399 sibi
1078 3342 1328 3406 Basilius,
1384 3344 1508 3396 dum
1552 3357 1647 3397 eas
1693 3342 1769 3397 le-

199 3450 371 3507 geret,
399 3439 597 3510 priscis
656 3438 991 3505 temporibus
1049 3433 1280 3498 versari,
1336 3448 1456 3487 cum
1508 3432 1769 3490 Ecclesia:

195 3545 407 3595 omnes,
432 3529 582 3584 velut
632 3530 799 3582 nmlta
827 3531 1066 3582 membra
1116 3527 1167 3579 in
1203 3539 1311 3599 unp
1338 3540 1585 3594 corpore,
1622 3526 1770 3581 miri-

199 3620 293 3675 lice
324 3620 734 3685 consentirent;
785 3634 908 3674 cum
966 3618 1239 3674 manifesti
1295 3628 1497 3683 essent,
1558 3626 1614 3674 et
1676 3619 1766 3685 qui

196 3710 679 3780 persequebantur,
710 3719 763 3763 et
790 3708 879 3777 qui
916 3710 1347 3779 persecutionem
1400 3707 1765 3778 patiebantur.

195 3802 374 3858 Rediit
441 3802 658 3856 animus
702 3798 887 3855 Basilii
928 3801 993 3856 ad
1033 3803 1266 3870 priscam
1301 3801 1446 3854 illam
1478 3801 1770 3854 beatitudi-

193 3910 337 3962 nem,
374 3895 463 3949 ubi
519 3893 711 3947 litterze
756 3908 820 3947 ex
852 3902 1058 3946 remota
1108 3893 1330 3961 regione
1364 3900 1659 3955 venerunt,
1697 3888 1772 3943 di-

194 3982 444 4041 lectionis
493 3982 895 4052 pulchritudine
947 3978 1383 4047 eﬂlorescentes;
1447 3996 1511 4036 ac
1566 3990 1772 4050 martyr

196 4076 410 4133 advenit
450 4092 480 4129 a
510 4075 755 4131 barbaris
802 4074 941 4130 ultra
998 4074 1195 4131 Istrum
1250 4075 1638 4142 habitantibus,
1673 4086 1772 4145 per

195 4185 252 4224 se
304 4171 421 4237 ipse
483 4167 784 4238 pradicans
833 4166 957 4223 lidei
1028 4167 1137 4222 illic
1193 4167 1426 4237 vigentis
1483 4168 1768 4238 integrita-

196 4274 321 4321 tem.

262 4358 507 4429 Epistola
574 4370 808 4427 sequens
853 4352 957 4424 (ὁ),
1008 4367 1129 4423 qua
1181 4352 1353 4408 eidem
1403 4351 1657 4407 Ascbolio
1714 4353 1769 4406 in

202 4450 455 4504 omnibus
511 4447 792 4503 codicibus
822 4459 953 4500 mss.
1010 4455 1065 4499 et
1115 4444 1274 4499 editis
1330 4443 1667 4507 inscribitur,
1716 4444 1769 4497 in

194 4558 421 4614 magnas
476 4540 819 4596 dillicultates
862 4538 1261 4594 Tillemontium
1328 4537 1571 4606 coniicit.
1635 4535 1768 4590 Nam

1873 674 2010 728 sti...
2040 674 2109 727 Et
2154 690 2272 728 cum
2311 692 2405 743 pro
2451 678 2556 743 ﬁde
2603 679 2893 732 certamina
2940 678 3244 737 sustineres.
3274 680 3437 734 Deum

1872 764 2199 834 gloriﬁcabat
2228 767 2401 835 patria
2436 778 2636 832 nostra,
2672 770 2860 823 bonam
2899 781 3110 835 patrum
3162 770 3438 825 haeredita-

1874 862 1974 905 tem
2003 855 2056 907 in
2088 866 2137 908 te
2166 855 2387 909 audiens
2416 856 2687 910 custodiri.
2721 860 2781 913 2°
2805 858 3117 914 Ccrtissime
3149 861 3436 930 Cappadox

1874 960 1992 1001 erat
2021 945 2213 1003 Junius
2262 949 2525 1003 Soranus.
2557 947 2625 999 At
2660 948 2797 1002 idem
2853 952 2919 1006 de
2964 949 3022 1003 S.
3050 949 3303 1005 Ascholio
3330 953 3434 1006 dici

1874 1054 1979 1093 non
2047 1049 2240 1109 potest,
2294 1052 2456 1108 quem
2504 1053 2779 1106 nunquam
2835 1043 3048 1098 viderat
3090 1040 3341 1106 Basilius,
3382 1053 3437 1095 ut

1876 1139 2023 1197 patet
2051 1146 2113 1184 es
2143 1131 2295 1186 initio
2326 1130 2568 1200 epistola:
2615 1127 2736 1183 154.
2764 1129 2818 1183 ln
2861 1133 3090 1187 secunda
3113 1135 3338 1204 epistola
3371 1135 3438 1187 ad

1875 1236 1995 1274 eum
2033 1223 2259 1292 scripta,
2287 1239 2407 1293 quae
2436 1232 2517 1278 est
2570 1221 2696 1289 164,
2722 1222 2926 1289 gratias
2971 1226 3018 1277 ei
3054 1228 3161 1295 agit
3206 1225 3439 1280 Basilius

1873 1314 2015 1381 quod
2068 1314 2459 1383 Cappadociam
2520 1314 2840 1369 laudaverit.
2875 1314 3093 1369 Etiamsi
3132 1318 3435 1389 Cappadoci

1875 1407 2161 1460 conveniat
2188 1406 2408 1463 laudare
2439 1406 2862 1478 Cappadociam,
2890 1406 3080 1461 saltem
3124 1424 3287 1463 causa
3330 1428 3446 1483 non.

1875 1506 1994 1552 erat
2024 1513 2123 1551 cur
2148 1498 2197 1552 ei
2223 1500 2406 1567 gratia:
2446 1510 2753 1568 agerentur.
2797 1496 3063 1553 Prmterea
3112 1512 3233 1567 qum
3276 1502 3343 1554 de
3375 1502 3436 1557 Β.

1874 1586 2130 1642 Ascbolio
2156 1598 2340 1641 narrat
2386 1588 2727 1652 Ambrosius,
2755 1604 2877 1643 eum
2925 1588 2978 1642 in
3013 1588 3214 1641 Achaia
3244 1598 3338 1642 aut
3362 1593 3433 1643 vi-

1874 1680 2012 1734 cinis
2035 1678 2340 1747 regionibus
2371 1689 2554 1732 natum
2581 1694 2698 1733 esse
2727 1682 2975 1749 probant.
3028 1678 3129 1733 Ille
3159 1696 3215 1734 se
3255 1696 3441 1733 mona-

1874 1774 2042 1828 steriis
2072 1787 2203 1840 puer
2229 1773 2390 1838 dedit,
2424 1773 2597 1840 inquit
2638 1772 2696 1826 S.
2723 1773 3042 1828 Ambrosius
3071 1772 3165 1845 (c),
3205 1782 3252 1826 et
3297 1774 3437 1827 intra

1874 1868 2127 1920 Achaiam
2163 1874 2389 1935 angusto
2424 1866 2634 1919 clausus
2662 1866 2874 1935 tugurio
2895 1868 3065 1934 gratia
3094 1878 3265 1921 tamen
3296 1867 3437 1920 mul—

1874 1969 2047 2010 tarum
2101 1968 2364 2011 terrarum
2400 1957 2699 2026 peragravit
2756 1958 3003 2012 divortia.
3063 1959 3121 2011 5ο
3166 1958 3281 2014 Non
3319 1961 3432 2029 ipse

1873 2048 2160 2103 Ascholius
2196 2064 2391 2117 corpus
2436 2050 2604 2103 sancti
2660 2046 2816 2102 Sabae
2879 2048 3027 2103 misit
3070 2049 3123 2103 in
3163 2048 3439 2119 Cappado-

1875 2136 2038 2202 ciam,
2076 2137 2169 2190 sed
2205 2138 2255 2190 id
2307 2138 2499 2193 Sorani
2533 2137 2680 2193 curis
2707 2137 2961 2192 tribuitur
2990 2138 3043 2192 in
3072 2139 3295 2209 epistola
3334 2138 3438 2195 Ec-

1876 2226 2054 2281 clesiae
2094 2225 2379 2281 Gotthicre.
2427 2228 2614 2284 Melius
2643 2234 2773 2302 ergo
2831 2229 2881 2284 ei
2923 2232 3169 2299 congruit
3207 2233 3432 2301 epistola

1875 2321 1996 2381 165,
2035 2331 2216 2389 utpote
2248 2323 2313 2374 ad
2342 2336 2462 2375 eum
2497 2323 2719 2391 scripta,
2756 2325 2846 2394 qui
2886 2327 3117 2396 patriam
3148 2326 3250 2379 hoc
3296 2331 3436 2382 dono

1872 2423 2185 2466 ornaverat.
2216 2415 2271 2467 4°
2310 2412 2465 2469 Tunc
2488 2415 2719 2485 primum
2765 2434 2860 2488 per
2891 2419 3098 2474 litteras
3124 2420 3436 2476 Ascholium

1874 2516 2097 2561 noverat
2128 2505 2377 2573 Basilius,
2403 2523 2527 2562 cum
2568 2509 2789 2579 scripsit
2821 2513 3101 2580 epistolam
3129 2514 3218 2567 54.
3254 2513 3324 2568 At
3370 2516 3439 2579 is,

1873 2602 1939 2652 ad
1980 2614 2139 2668 quem
2174 2601 2373 2669 scripta
2400 2611 2482 2655 est
2518 2601 2745 2669 epistola
2768 2602 2891 2670 165,
2928 2605 3125 2658 dudum
3153 2621 3278 2661 cum
3336 2606 3441 2660 Ba-

1873 2692 1993 2745 silio
2049 2693 2284 2747 amicitia
2312 2701 2365 2748 et
2412 2693 2812 2750 necessitudine
2860 2697 3178 2766 coniunctus
3217 2708 3355 2764 erat,
3382 2709 3441 2753 ut

1875 2794 2019 2850 patet
2045 2799 2107 2838 ex
2148 2787 2229 2840 his
2259 2786 2441 2841 verbis
2474 2802 2488 2838 :
2538 2784 2720 2841 Votum
2760 2789 2905 2843 nobis
2958 2793 3230 2861 antiquum
3272 2793 3440 2846 adul-

1872 2876 2024 2939 plevit
2055 2875 2194 2929 Deus
2220 2888 2458 2943 sanctus,
2508 2894 2627 2932 cum
2669 2879 2822 2932 nobis
2875 2882 3122 2948 dignatus
3148 2891 3224 2935 est
3251 2898 3437 2940 conre-

1872 2970 2014 3033 dere,
2047 2977 2101 3021 ut
2131 2984 2265 3022 certe
2296 2969 2503 3037 pietatis
2534 2980 2638 3025 tua:
2674 2970 2875 3025 litteras
2919 2972 3286 3038 acciperemus.
3323 2970 3439 3028 Hoc

1870 3060 2010 3113 enim
2038 3060 2333 3113 maximum
2366 3070 2440 3113 est
2472 3069 2521 3113 et
2537 3063 2763 3116 maxime
2794 3065 3163 3133 exaptandum,
3194 3067 3366 3122 videre
3392 3078 3443 3122 te

1872 3163 1920 3204 et
1945 3152 2111 3206 videri
2132 3162 2260 3218 ate,
2303 3168 2366 3205 ac
2406 3149 2634 3220 Spiritus
2658 3156 2831 3222 donis,
2865 3172 2983 3225 quae
3006 3161 3057 3214 t'u
3093 3168 3142 3212 te
3178 3169 3318 3221 sunt,
3350 3175 3444 3227 per

1876 3244 2216 3310 nosmetipsos
2239 3244 2461 3311 perfrui.
2487 3244 2592 3300 Sed
2617 3246 2740 3315 quia
2768 3247 2823 3299 id
2870 3258 2917 3301 et
2946 3247 3045 3302 loci
3073 3250 3322 3304 distantia
3342 3268 3441 3305 au-

1874 3334 1994 3399 fert,
2028 3342 2077 3386 et
2104 3333 2309 3402 negotia
2334 3334 2524 3403 quibus
2557 3336 2807 3404 privatim
2847 3346 3062 3408 uterque
3091 3350 3324 3393 nostrum
3350 3341 3440 3394 de—

1873 3428 2132 3479 tinentur:
2158 3426 2212 3478 in
2244 3426 2488 3480 secundis
2539 3428 2670 3482 uotis
2697 3428 2881 3495 fuerit,
2908 3437 2963 3481 ut
2992 3429 3170 3481 animo
3199 3429 3441 3497 frequen-

1873 3519 2008 3572 tibus
2057 3529 2162 3573 tua
2210 3516 2263 3572 in
2302 3517 2512 3572 Christo
2562 3519 2836 3572 charitatis
2880 3518 3066 3575 litteris
3114 3521 3309 3575 alatur.
3343 3520 3442 3577 His

1873 3612 2111 3678 profecto
2136 3612 2315 3667 verbis
2342 3610 2678 3680 signiﬁcatur
2705 3611 2925 3679 antiqua
2955 3612 3297 3667 necessitudo
3315 3627 3439 3667 cum

1874 3703 2089 3757 homine
2122 3704 2391 3758 diversum
2419 3717 2448 3755 a
2469 3701 2670 3757 Basilio
2691 3702 2902 3756 vivendi
2929 3717 3096 3773 genus
3119 3704 3404 3774 profitente
3420 3744 3439 3770 ,

1872 3804 1927 3845 et
1961 3791 2161 3862 idcirco
2188 3794 2241 3859 in
2274 3795 2475 3850 exteris
2497 3794 2807 3863 regionibus
2835 3806 3228 3851 commorante.

1945 3879 2058 3937 Hoc
2099 3882 2267 3937 semel
2296 3882 2472 3953 posito
2495 3883 2777 3954 epistolam
2804 3883 2904 3939 165
2932 3886 2997 3939 ad
3025 3883 3242 3940 Junium
3274 3886 3441 3941 Sora-

1877 3990 2003 4028 num
2050 3974 2307 4043 scriptam
2356 3991 2501 4041 esse,
2540 3994 2641 4033 non
2682 3979 2792 4046 jam
2836 3980 2942 4033 duo
2982 3988 3276 4049 martyrum
3311 3995 3436 4036 cor-

1877 4079 2003 4135 pora
2046 4065 2210 4119 variis
2256 4067 2585 4136 temporibus
2626 4068 2788 4123 missa
2831 4068 2884 4122 in
2911 4067 3301 4139 Cappadociam
3331 4070 3437 4127 dici

1873 4162 2117 4224 possunt.
2152 4151 2286 4209 Nam
2317 4172 2510 4226 corpus
2548 4156 2607 4213 S.
2640 4158 2797 4213 Saba;
2829 4160 3049 4214 missum
3082 4177 3110 4215 a
3138 4159 3300 4216 Junio
3340 4163 3442 4218 So-

1873 4262 2004 4300 rano
2033 4256 2258 4302 testatur
2314 4248 2539 4317 epistola
2593 4249 2847 4306 Ecclesia.-
2876 4250 3171 4319 Gottbicte;
3198 4252 3439 4321 ejusdem

1875 4351 2191 4409 martyrium
2234 4340 2575 4395 describebat
2603 4352 2821 4398 sanctus
2845 4342 3149 4409 Ascholius,
3174 4344 3439 4413 siquidem

1873 4445 1998 4483 eum
2029 4446 2123 4499 per
2154 4432 2331 4499 ignem
2358 4441 2412 4485 et
2452 4448 2644 4501 aquam
2692 4446 3123 4487 consummatum
3174 4435 3337 4491 fuisse
3368 4438 3443 4491 di-

1876 4521 2053 4583 cebat,
2086 4530 2142 4575 ut
2180 4522 2232 4574 in
2288 4520 2402 4591 ipsa
2465 4522 2717 4576 Ecclesia:
2753 4523 3024 4579 Gotthica:
3048 4526 3273 4595 cpiswia
3308 4527 3451 4598 legi-.

193 4654 311 4693 cum
348 4639 416 4699 is,
445 4636 533 4691 cui
559 4634 761 4703 scripta
785 4643 887 4699 est,
913 4632 1203 4703 Cappadox
1236 4632 1417 4697 fuerit,
1448 4630 1763 4687 Ascholium
1796 4622 1841 4677 Ι)
1873 4629 2006 4668 “‘03-

196 4732 245 4783 in
281 4726 627 4801 Cappadocia
664 4737 850 4781 natum
881 4740 1003 4782 esse
1048 4726 1362 4790 existimat;
1397 4736 1603 4780 etcum
1641 4739 1767 4794 gra-

192 4824 281 4879 tia
314 4831 579 4893 agantur,
628 4819 810 4874 itidem
850 4828 912 4874 ut
945 4820 998 4873 in
1054 4818 1399 4887 praecedenti,
1425 4820 1495 4873 ob
1541 4818 1763 4873 missum

191 4913 449 4983 martyris
509 4923 734 4980 corpus,
784 4907 909 4963 inde
966 4902 1168 4976 colligit
1219 4906 1301 4959 vir
1364 4906 1608 4961 eruditus
1660 4906 1765 4960 duo

190 5015 492 5076 martyrum
521 5014 748 5071 corpora
774 4998 941 5053 variis
966 4997 1299 5068 temporlbus
1334 5012 1364 5050 a
1414 4996 1473 5051 S.
1512 4996 1763 5051 Ascholio

193 5095 247 5150 in
281 5091 683 5163 Cappadociam
712 5089 880 5144 missa
914 5102 1054 5143 esse.
1104 5087 1209 5143 Sed
1242 5087 1563 5142 certissimis
1596 5102 1762 5157 argu-

196 5184 389 5241 mentis
438 5179 657 5252 probari
701 5188 880 5248 potest
921 5179 1062 5234 hanc
1098 5178 1383 5249 epistolam
1417 5194 1523 5234 non
1554 5179 1764 5234 Asche-

195 5276 265 5331 lio
320 5274 582 5341 scriptam
646 5271 833 5334 tuisse,
880 5269 972 5325 sed
1023 5268 1185 5324 Junin
1238 5269 1472 5335 Sorano,
1508 5270 1573 5325 ad
1602 5285 1763 5340 quem

201 5365 478 5437 epistolam
511 5361 615 5417 155
640 5364 929 5432 scripserat
964 5358 1223 5414 Basilius.

269 5459 400 5513 Nam
435 5456 492 5511 1ο
522 5454 751 5509 Basilius
780 5454 832 5507 in
860 5456 1022 5523 epist.
1046 5448 1149 5507 155
1205 5451 1470 5506 Soranum
1513 5461 1763 5506 numerat

203 5550 336 5608 inter
367 5564 486 5610 eos,
518 5547 611 5618 qui
648 5545 709 5599 ob
736 5544 941 5599 Domini
984 5560 1173 5599 nomen
1213 5543 1369 5614 libere
1398 5542 1685 5614 loquuntur
1709 5553 1759 5598 et

198 5641 448 5713 spiritales
474 5636 683 5706 fructus
712 5634 890 5689 edunt.
914 5633 1006 5691 Sic
1031 5633 1194 5690 etiam
1229 5632 1281 5689 in
1324 5631 1425 5688 bac
1443 5634 1599 5704 epist.
1630 5632 1759 5699 165,

261 5824 335 5894 (ξύ
368 5825 468 5894 Ερ-
502 5819 633 5894 ιρι.

260 5892 331 5967 (ο)
358 5892 456 5967 sp.
491 5892 614 5949 l65.

1942 4703 2092 4760 lianc
2126 4715 2303 4760 autem
2341 4705 2582 4763 laetitiam
2613 4716 2802 4763 sancto
2825 4706 3026 4763 Basilio
3060 4711 3440 4769 existimamus

1868 4798 2115 4852 evenisse
2148 4799 2248 4853 hoc
2272 4813 2415 4854 anno
2440 4799 2545 4855 574
2571 4839 2586 4864 ,
2618 4800 2741 4869 quia
2789 4816 2912 4855 cum
2960 4800 3193 4858 Basilius
3235 4816 3439 4877 marty-

1868 4904 1985 4943 rqu
2019 4889 2272 4960 reliquias
2300 4906 2406 4945 non
2436 4892 2650 4961 petierit
2678 4908 2705 4945 a
2737 4891 2896 4949 Junio
2925 4894 3153 4963 Sorano,
3179 4899 3437 4955 nisianno

1874 4979 1981 5035 575
2040 4978 2264 5034 multum
2320 4991 2601 5050 provecto,
2650 4978 2866 5049 aliquod
2913 4983 3249 5038 intervallum
3311 4988 3434 5054 poni

1873 5076 2033 5129 debet
2057 5073 2198 5126 inter
2220 5072 2360 5127 illius
2389 5073 2598 5128 litteras
2626 5085 2680 5129 et
2718 5074 3065 5144 reliquiarum
3121 5077 3431 5133 adventum.

1868 5165 2125 5221 Testatur
2154 5166 2369 5236 quidem
2399 5166 2636 5222 Ecclesia
2662 5166 2909 5224 Gotthiea
2959 5179 3204 5224 sanctum
3237 5171 3437 5227 Sabam

1868 5257 2044 5326 pridie
2094 5255 2218 5310 ldus
2272 5255 2473 5326 Aprilis
2530 5272 2748 5328 passum
2788 5274 2909 5314 esse
2962 5276 3103 5317 anno
3165 5262 3292 5327 373,
3342 5265 3438 5319 sed

1867 5348 1985 5417 ejus
2018 5362 2215 5418 corpus
2238 5347 2418 5403 statim
2443 5364 2471 5402 a
2494 5346 2654 5405 Junio
2682 5349 2893 5407 Sorano
2922 5353 3145 5409 missum
3185 5369 3309 5411 esse
3329 5372 3438 5414 non

1868 5441 2021 5495 dicit.

1944 5538 2029 5593 lll.
2062 5536 2180 5593 iam
2216 5539 2282 5593 ab
2317 5554 2456 5595 anno
2502 5541 2775 5610 prazterito
2838 5541 3121 5598 Samosata
3167 5544 3436 5615 cogitabat

1869 5631 2122 5699 Basilius,
2159 5632 2252 5687 sed
2283 5632 2408 5689 huic
2457 5633 2681 5690 consilio
2710 5634 2923 5692 obstitit
2966 5636 3212 5693 exsilium
3260 5641 3437 5697 sancti

1942 5816 2015 5887 (e)
2047 5816 2141 5888 sp.
2175 5817 2342 5883 15,η.
2377 5816 2463 5875 is.
