4214 6486
753 471 852 515 CIX

2098 450 2625 511 PROLEGOMENA.

764 582 977 639 Eusebii
1009 576 1423 641 Samosatensis,
1450 576 1538 645 qni
1567 576 1777 630 tandem
1816 574 1916 626 hoc
1969 588 2111 629 anno
2140 588 2320 629 conse-
2348 578 2392 630 Α
2425 571 2715 622 vehemens
2750 562 2965 618 Eusebii
3020 576 3169 614 amor
3220 565 3273 612 et
3302 557 3609 621 admiratio,
3638 552 3791 623 cujus
3836 548 3986 599 Ιίιιιι-

759 686 919 733 cutus
945 685 1047 738 est,
1088 671 1226 742 quod
1254 671 1567 739 jamdudum
1615 672 1715 724 sub
1774 668 1936 735 impio
1983 665 2317 736 imperatore

759 768 969 822 invicta
993 765 1134 818 illius
1157 763 1468 817 constantia:
1493 771 1545 814 et
1570 760 1796 815 summis
1830 759 1897 812 de
1929 759 2167 815 Ecclesia
2204 771 2315 809 me-

759 860 878 914 ritis
938 855 1170 911 debitum
1226 855 1526 910 videbatur.
1576 853 1627 906 Id
1658 864 1833 907 autem
1888 852 2176 921 contigisse
2220 849 2321 901 hoc

764 954 922 1013 an’no,
956 958 1029 1011 et;
1060 946 1273 1017 quidem
1336 949 1480 1002 circa
1511 957 1774 1006 aestatem,
1831 958 1952 995 cum
1985 959 2051 998 ex
2096 940 2319 1011 epistola

768 1043 871 1096 162
906 1048 1024 1109 post
1057 1038 1261 1093 Pascha
1288 1040 1484 1105 scripta
1518 1036 1854 1107 perSpicitur,
1876 1034 1926 1087 in
1954 1050 2056 1103 qua
2098 1032 2322 1086 Basilius

760 1148 909 1203 spem
974 1131 1234 1184 invisendi
1304 1130 1519 1186 Eusebii
1585 1130 1759 1181 adhuc
1835 1128 2134 1191 retinebat;
2210 1134 2320 1177 tum

760 1229 922 1282 etiam
953 1244 1018 1283 ex
1049 1226 1207 1295 epist.
1239 1222 1361 1284 198,
1395 1237 1537 1276 auito
1567 1220 1691 1282 375,
1732 1228 1847 1287 post
1880 1217 2086 1271 Pascha
2134 1215 2322 1269 simili-

764 1331 843 1401 ter
870 1320 1090 1388 scripta,
1126 1319 1176 1372 in
1206 1332 1310 1387 qua
1343 1315 1575 1369 Basilius
1608 1313 1726 1380 plus
1753 1318 1980 1378 quntuor
2009 1309 2214 1360 litteras
2258 1307 2321 1356 ad

764 1398 1047 1463 Eusebium
1081 1408 1411 1463 exsulantem
1454 1403 1661 1456 misisse
1694 1418 1750 1456 se
1796 1410 2045 1463 testatur,
2077 1398 2323 1469 quamvis

764 1518 821 1557 se
852 1503 1077 1554 fateatur
1106 1518 1208 1553 non
1244 1512 1379 1565 saepe
1419 1494 1721 1563 scripsisse.

836 1592 967 1646 Dum
1013 1594 1062 1645 in
1105 1590 1382 1645 Thraciam
1421 1586 1479 1640 S.
1531 1595 1736 1655 martyr
1786 1593 1926 1636 recta
1982 1582 2152 1636 tendit
2181 1581 2328 1650 (illuc

764 1686 908 1738 cnim
971 1684 1235 1751 relegatus
1277 1688 1360 1734 est
1415 1695 1443 1731 a
1493 1675 1762 1746 Valente),
1788 1690 1883 1746 per
1934 1672 2325 1744 Cappadociam

765 1777 1000 1838 transiit,
1028 1775 1250 1841 ejusque
1280 1772 1566 1841 complexu
1595 1771 1798 1840 potitus
1837 1768 2047 1820 videtur
2073 1764 2323 1819 Basilius.

762 1868 897 1923 Nam
927 1870 978 1921 in
1005 1866 1229 1936 epistola
1270 1864 1371 1917 I68
1401 1864 1467 1915 ad
1519 1862 1836 1915 Antiochum
1871 1870 1925 1914 et
1965 1859 2097 1912 alios
2157 1856 2326 1910 sancti

2424 676 2493 711 rae
2513 674 2615 712 non
2647 658 2817 711 solum
2844 669 2939 710 sua
2995 661 3184 721 sponte
3236 650 3389 704 utiles
3419 663 3540 701 esse
3593 650 3865 702 dicuntur,
3893 646 3987 693 sed

2420 753 2583 805 etiam
2615 748 2896 818 accipienti
2940 745 3078 814 apud
3108 745 3240 797 alios
3272 741 3512 797 homines
3543 735 3984 807 perhonorifica;

2420 842 2615 912 quippe
2643 858 2763 895 cum
2800 842 2851 894 in
2883 838 3065 906 aliquo
3098 837 3235 903 apud
3286 842 3494 888 tantum
3543 830 3714 881 virum
3761 839 3989 882 numero

2422 948 2544 988 esse
2600 931 3055 1002 perhonorificum
3130 929 3220 980 sit.
3280 926 3403 980 Ilmc
3448 920 3671 992 epistola
3725 921 3992 988 reperitur

2421 1026 2581 1081 etiam
2630 1026 2768 1091 apud
2805 1020 3147 1093 Gregorium,
3180 1028 3372 1084 estque
3428 1017 3566 1070 inter
3613 1010 3756 1065 illius
3786 1013 3991 1079 episto-

2425 1117 2503 1172 las
2533 1115 2901 1171 ducentesima
2927 1123 3142 1183 quarta.

2497 1208 2586 1263 IV.
2616 1206 2773 1262 Circa
2835 1206 2935 1259 hoc
2980 1215 3191 1272 tempus
3246 1198 3456 1252 videtur
3515 1192 3829 1252 collocanda
3859 1192 3993 1263 Gly-

2425 1302 2555 1357 cerii
2588 1296 2830 1354 historia.
2856 1293 2904 1348 ls
2931 1294 3284 1348 monasticam
3312 1290 3474 1341 vitam
3499 1286 3570 1357 (ε)
3613 1283 3989 1355 profitebatur,

2426 1400 2479 1445 et
2507 1388 2769 1445 Venensis
2802 1383 3057 1437 Ecclesia:
3091 1384 3350 1436 diaconus
3388 1393 3416 1431 a
3468 1375 3523 1430 S.
3546 1374 3744 1429 Basilio
3772 1373 3992 1426 ordina-

2429 1493 2533 1548 tus,
2564 1491 2621 1535 ut
2676 1477 2993 1549 presbytero
3057 1474 3411 1534 ministraret,
3442 1480 3496 1523 et
3548 1481 3682 1533 opus
3738 1461 3994 1518 Ecclesiae

2429 1587 2643 1631 curaret
2673 1574 2798 1643 (non
2834 1569 2964 1621 laeve
3004 1566 3146 1620 enim
3200 1565 3449 1618 manibus
3488 1554 3855 1629 operabatur),
3887 1568 3991 1605 non

2431 1667 2587 1721 modo
2608 1679 2760 1733 Opus,
2793 1659 2935 1729 quod
2983 1658 3031 1709 ei
3064 1656 3412 1709 commissum
3452 1661 3588 1713 erat,
3625 1647 3838 1716 penitus
3898 1660 3994 1696 ne-

2432 1758 2615 1827 glexit,
2643 1756 2735 1809 sed
2777 1752 2937 1804 etiam
2971 1746 3174 1801 coactis
3218 1747 3423 1814 privata
3461 1740 3787 1795 auctoritate
3830 1735 3992 1788 mise-

2435 1851 2509 1903 ris
2536 1844 2856 1914 virginibus,
2883 1838 3079 1909 partim
3112 1850 3207 1889 sua
3250 1842 3441 1901 sponte
3464 1832 3530 1884 ad
3563 1846 3682 1882 eum
3706 1840 3993 1882 accurren-

764 1960 1094 2016 confessoris
1120 1959 1344 2012 comites
1368 1955 1596 2023 scripta,
1628 1954 1768 2022 quod
1805 1953 1868 2005 de
1908 1965 2092 2004 eorum
2146 1950 2326 2002 cordi-
2358 1927 2399 1985 Β
2432 1942 2594 2002 tibus,
2636 1935 2831 2005 partim
2860 1930 3045 1987 invitis
3068 1937 3122 1982 et
3152 1922 3603 1997 repugnantibus,
3637 1922 3800 1989 coepit
3830 1918 3998 1985 impe-

768 2057 868 2109 hns
895 2066 1213 2121 persuasum
1246 2048 1475 2102 habebat
1506 2045 1749 2107 Basilius,
1790 2045 1839 2098 id
1869 2058 1928 2097 se
1964 2043 2105 2096 facto
2130 2043 2328 2112 paulis-

766 2168 859 2221 per
882 2163 1066 2203 eorum
1089 2144 1324 2215 periculo
1350 2143 1690 2212 perspexisse
1728 2138 1984 2192 declarat.

835 2240 1094 2309 Gregorio
1132 2234 1473 2289 Nazianzeno
1516 2235 1702 2286 eadem
1728 2230 1959 2285 felicitas
1992 2245 2095 2283 non
2115 2228 2325 2295 obtigit.

768 2333 840 2387 Ita
875 2333 1015 2386 enim
1056 2328 1369 2398 aegrotabat,
1405 2334 1461 2378 ut
1498 2340 1562 2378 ex
1607 2323 1812 2378 aedibus
1855 2324 2164 2393 prospicere
2222 2334 2326 2371 non

768 2432 977 2495 posset;
1020 2436 1117 2475 nec
1145 2431 1321 2473 tamen
1381 2418 1620 2483 morbus,
1669 2416 1771 2470 etsi
1807 2415 2189 2485 gravissimus,
2222 2420 2326 2463 tant

770 2518 1025 2573 molestus
1080 2514 1150 2568 illi
1181 2521 1321 2576 erat,
1358 2525 1517 2582 quam
1576 2509 1716 2579 quod
1764 2506 1993 2560 Eusebio
2037 2502 2327 2555 carendmn

769 2617 931 2665 esset.
962 2608 1252 2674 Postquam
1277 2604 1539 2657 Eusebius
1582 2602 1645 2655 ad
1692 2600 1863 2654 locum
1919 2596 2096 2650 exsilii
2144 2609 2331 2665 pervc—

772 2698 1111 2767 nil,scripsit
1146 2699 1215 2748 ad
1257 2711 1379 2749 eum
1428 2694 1721 2763 Gregorius
1751 2690 1826 2760 (ο)
1869 2704 1932 2742 ac
1988 2688 2228 2755 rogavit,
2276 2694 2334 2737 ut

770 2789 913 2860 quod
937 2804 1002 2843 ex
1025 2787 1141 2856 ejus
1166 2800 1457 2856 congressu
1482 2785 1548 2837 ad
1586 2784 1779 2836 anima:
1808 2779 2038 2835 salutem
2074 2777 2330 2845 consequi

772 2897 875 2936 non
901 2888 1167 2950 potuerat,
1196 2861 1248 2934 id
1276 2876 1373 2931 sibi
1406 2874 1655 2943 precibus
1695 2870 1833 2939 apud
1876 2869 2042 2923 Deum
2072 2869 2331 2921 concilia-

774 2982 889 3027 ret:
919 2971 1253 3042 nequeenim
1290 2965 1389 3020 viri
1422 2974 1500 3018 tot
1522 2958 1985 3032 persecutionibus
2017 2972 2113 3026 pro
2153 2956 2334 3009 Evan-

774 3066 910 3137 gelio
945 3064 1152 3134 probati
1200 3061 1378 3114 minus
1417 3057 1668 3128 prodesse
1709 3053 1846 3122 apud
1906 3050 2070 3103 Deum
2123 3061 2332 3117 preces,

774 3171 933 3225 quam
995 3152 1223 3221 alicujus
1279 3166 1345 3206 ex
1421 3147 1623 3203 sanctis
1691 3141 2018 3215 martyribus
2100 3138 2337 3209 patroci-

772 3254 939 3308 nium.

850 3338 1147 3408 Rescripsit
1180 3335 1443 3391 Eusebius
1470 3333 1763 3398 Gregorio,
1801 3344 2030 3396 eumque
2068 3328 2131 3380 de
2177 3326 2335 3379 rebus

773 3435 885 3488 suis
932 3431 1219 3486 certiorem
1246 3424 1390 3479 fecit.
1430 3420 1609 3488 Quare
1656 3433 1780 3472 cum
1820 3417 2128 3483 Eupraxius
2179 3411 2335 3479 paulo

780 3532 897 3592 post
929 3536 1021 3591 per
1060 3514 1452 3588 Cappadociam
1500 3510 1769 3565 transiens
1789 3507 1854 3560 ad
1882 3504 2174 3559 Eusebium
2214 3516 2334 3556 sese

773 3616 1067 3679 conferret,
1093 3621 1203 3664 tum
1236 3615 1295 3662 ut
1318 3606 1457 3660 illius
1496 3601 1706 3657 videndi
1737 3597 2061 3652 desiderium
2086 3592 2330 3653 satiaret,

779 3721 889 3763 tum
925 3718 983 3760 ut
1009 3703 1182 3759 debita
1215 3700 1339 3754 huic
1374 3694 1597 3765 tempori
1623 3691 1799 3748 officia
1837 3679 2149 3750 exhiberet;
2201 3683 2334 3737 Gre-

776 3802 957 3873 gorius
986 3799 1123 3852 hanc
1168 3790 1437 3849 scribendi
1464 3798 1520 3843 et
1548 3786 1842 3857 gratiarum
1877 3779 2204 3850 agendarum
2245 3790 2335 3831 oc-

776 3893 1049 3949 casinnem
1094 3901 1197 3940 non
1231 3880 1591 3953 praetermisit.
1621 3876 1743 3932 Haec
1765 3874 1908 3929 enim
1929 3868 2151 3940 cpistola
2173 3906 2186 3932 ,
2220 3881 2338 3935 quae

775 3994 859 4037 est
887 3981 1027 4033 inter
1072 3975 1377 4030 Basilianas
1410 3969 1535 4035 I66,
1564 3972 1701 4038 apud
1725 3964 2042 4032 Gregorium
2076 3975 2205 4015 vero
2236 3959 2335 4012 tri-

775 4074 998 4134 cesima,
1051 4067 1266 4121 videtur
1320 4062 1672 4130 atljudicanda
1736 4055 2014 4125 Gregorio.
2092 4050 2336 4118 Gregorii

779 4165 973 4235 stylum
1007 4159 1178 4228 magis
1220 4154 1461 4210 redolent
1502 4155 1615 4206 haec
1650 4148 1914 4202 orationis
1949 4152 2268 4197 ornamenta
2320 4158 2333 4193 :

778 4257 852 4308 Ac
879 4252 1107 4322 patrium
1140 4247 1345 4317 quidem
1372 4242 1541 4297 solum
1566 4240 1753 4293 habent
1784 4236 1905 4297 alii,
1949 4250 2040 4286 nos
2090 4248 2209 4285 vero
2256 4248 2338 4283 su-

778 4360 991 4411 pernam
1041 4342 1297 4395 civitatem
1335 4353 1351 4389 :
1404 4335 1498 4389 alii
1542 4342 1774 4387 nostrum
1818 4327 2042 4396 fortasse
2067 4324 2329 4386 thronum,

780 4456 872 4492 nos
898 4436 1184 4489 Christum.
1228 4430 1271 4484 Ο
1310 4428 1565 4495 praeclara
1615 4420 1927 4492 negotiatio!
1976 4418 2155 4485 qualia
2214 4431 2337 4469 con-

779 4528 1099 4593 tempsimus,
1128 4521 1307 4591 qualia
1346 4519 1538 4572 luctati
1557 4531 1734 4570 sumus
1753 4513 1773 4565 .'
1798 4510 1911 4566 Iluc
1955 4509 2163 4563 accedit
2193 4506 2336 4574 quod

781 4624 893 4677 haec
930 4615 1149 4688 eplstola
1180 4616 1230 4667 in
1269 4610 1521 4667 omnibus
1549 4608 1745 4661 nostris
1768 4602 2041 4659 codicibus
2076 4613 2202 4652 mss.
2232 4597 2330 4651 de-

779 4714 1049 4768 sideratur
1076 4714 1299 4775 excepto
1327 4700 1676 4757 Coisliniano.

850 4801 1133 4857 Tribuitur
1166 4796 1328 4851 etiam
1361 4790 1619 4860 Gregorio
1668 4799 1898 4856 sequens
1930 4783 1995 4836 ad
2051 4780 2334 4834 Eusebium

789 4891 1015 4964 epistola
1044 4890 1140 4959 (b),
1165 4900 1283 4955 qua:
1310 4883 1510 4954 pariter
1544 4884 1595 4933 In
1645 4877 1759 4931 solo
1790 4873 1984 4943 legitur
2014 4868 2341 4924 Coisliniano

781 4961 986 5040 codice.
1028 4979 1314 5035 Existimat
1346 4984 1524 5028 tamen
1574 4965 1953 5023 Tillemontius
1998 4961 2195 5016 Basilio
2228 4974 2340 5013 tne-

782 5077 883 5130 lius
910 5070 1201 5129 convenire
1230 5066 1655 5125 excusationem,
1688 5073 1793 5129 qua
1816 5056 1982 5109 utitur
2012 5062 2203 5106 auctor
2224 5049 2340 5118 epi-

784 5170 957 5234 stola},
988 5181 1084 5221 cur
1108 5163 1174 5217 ad
1199 5158 1486 5215 Eusebium
1522 5171 1626 5209 non
1652 5151 2049 5223 proficiscatur,
2088 5154 2147 5198 ut
2182 5145 2249 5198 ab
2280 5157 2344 5197 eo

784 5231 1053 5331 patientia
1086 5255 1139 5307 in
1179 5247 1437 5305 aerumnis
1465 5242 1768 5309 exemplum
1822 5236 2016 5306 capiat.
2046 5234 2136 5285 Ait
2199 5231 2343 5284 enim

784 5322 843 5408 se
871 5346 1131 5404 molestiis
1162 5351 1217 5395 et
1248 5338 1475 5407 negotiis
1508 5331 1756 5389 detineri.
1789 5327 1896 5383 Sed
1937 5340 2047 5380 sua:
2081 5322 2346 5391 Gregorio

785 5442 1043 5497 molestia:
1092 5450 1188 5489 cur
1242 5430 1509 5484 defuerint
1566 5438 1670 5477 non
1719 5422 1891 5474 video.
1936 5416 2093 5471 Certe
2137 5414 2345 5481 negotia

784 5538 975 5589 deesse
1009 5544 1111 5582 non
1154 5530 1405 5595 poterant
1454 5515 1745 5572 Ecclesium
1782 5510 2176 5565 Nazianzenam
2228 5513 2348 5573 post

789 5633 1015 5678 mortem
1052 5617 1223 5689 patris
1246 5609 1582 5686 gubernanti.
1616 5605 1842 5674 Utrique
1870 5604 2073 5673 optime
2100 5596 2347 5666 congruit

864 5804 937 5871 (α)
962 5797 1059 5866 Ep.
1083 5796 1172 5871 (9.8Σ

856 5868 927 5943 (ο)
956 5870 1053 5938 Εμ.
1083 5868 1180 5921 167

2431 2034 2567 2087 rium
2588 2025 2765 2097 gregis
2812 2024 2913 2078 sibi
2946 2031 3199 2089 arrogare
3219 2055 3235 2081 ,
3262 2031 3327 2070 ac
3356 2013 3675 2085 patriarcha:
3716 2024 3913 2065 nomen
3941 2017 3996 2061 et

2429 2123 2671 2180 habitum
2723 2118 2825 2173 sibi
2888 2126 3122 2175 sumere,
3158 2109 3278 2163 inde
3312 2108 3457 2161 velut
3508 2120 3573 2161 ex
3604 2106 3836 2174 quadam
3881 2110 3998 2154 arte

2429 2217 2630 2271 victum
2657 2212 2759 2267 sibi
2794 2219 3157 2277 comparans:
3195 2213 3489 2270 parumque
3516 2195 3704 2258 abfuit,
3745 2195 3873 2263 quin
3916 2201 3997 2244 to-

2432 2317 2538 2360 tam
2581 2302 2873 2358 Ecclesiam
2901 2294 3119 2353 sedibus
3150 2290 3263 2345 Suis
3285 2295 3672 2342 commoveret.
3712 2281 3846 2335 Nam
3899 2295 4000 2333 nec

2432 2400 2807 2469 presbyterum
2837 2405 3017 2453 suum,
3058 2400 3157 2441 nec
3195 2381 3661 2449 chorepiscopnm,
3704 2388 3803 2427 nec
3848 2372 3998 2424 Basi-

2433 2491 2563 2545 lium
2607 2488 2975 2545 rererebatur,
3019 2475 3399 2548 perpetuisque
3442 2469 3628 2520 urbem
3680 2460 3999 2517 tumultibus

2429 2598 2497 2637 ac
2522 2580 2829 2635 universum
2861 2574 3062 2628 clerum
3089 2562 3466 2639 permiscebat.
3492 2558 3729 2613 Tandem
3768 2569 3796 2607 a
3851 2552 4001 2606 Bast-

2432 2675 2505 2730 lio
2531 2684 2585 2728 et
2624 2669 3012 2737 chorepiscopo
3062 2662 3254 2717 leviter
3305 2654 3487 2710 verbis
3539 2650 3878 2720 objurgatus,
3930 2660 4001 2699 ne

2433 2774 2769 2832 contemptor
2792 2759 3042 2814 evaderet
3063 2754 3207 2824 (nam
3223 2751 3449 2818 juvenes
3481 2746 3643 2801 etiam
3668 2743 3733 2797 ad
3753 2741 3999 2795 eamdem

2435 2852 2827 2914 contumaciam
2853 2847 3182 2909 exercebat),
3211 2841 3418 2894 facinus
3444 2837 3730 2891 admodum
3746 2832 3917 2885 audax
3946 2838 4003 2882 et

2444 2948 2795 3001 inhumanum
2855 2936 3177 3004 excogitat:
3256 2928 3532 2996 virgines,
3589 2932 3855 2992 quotquot
3906 2935 4001 2988 po-

2435 3038 2556 3099 tuit,
2591 3050 2683 3105 per
2714 3027 3049 3096 sacrilegium
3074 3020 3367 3092 praedatus,
3395 3024 3552 3070 nocte
3577 3014 3886 3071 observata,
3920 3009 4004 3060 fu-

2437 3144 2557 3201 gam
2588 3100 2839 3193 capessit.
2868 3117 2965 3171 Bei
3002 3113 3301 3169 molestiam
3337 3117 3391 3163 et
3420 3104 3675 3159 facinoris
3706 3100 4001 3170 nequitiam

2402 3296 2407 3300 _
2439 3192 2650 3288 iempus
2688 3212 2935 3283 augebat.
2962 3207 3114 3260 Tunc
3147 3202 3289 3257 enim
3324 3199 3403 3268 (ά)
3428 3197 3497 3249 ibi
3534 3192 3824 3246 habebatur
3876 3207 4005 3243 con-

2438 3321 2634 3373 ventus,
2667 3317 2819 3374 atque
2866 3302 3043 3370 ingens
3106 3295 3453 3359 undecunque
3474 3330 3489 3353 ,
3523 3296 3577 3340 ut
3623 3301 3719 3354 par
3751 3293 3856 3345 est,
3888 3299 4006 3336 con.

2434 3404 2623 3473 [luebat
2658 3396 2955 3452 multitudo.
2996 3390 3096 3445 Ille
3128 3401 3301 3443 autem
3333 3384 3560 3439 vicissim
3603 3382 3819 3435 chorum
3847 3394 4001 3433 suum

2435 3490 2749 3554 introduxit,
2797 3488 3014 3557 juvenes
3059 3492 3375 3551 sequentem,
3398 3494 3459 3529 ac
3505 3473 3902 3542 tripudiantem,
3942 3484 4004 3520 ac

2434 3583 2718 3658 plurimum
2746 3579 2952 3648 quidem
2978 3574 3208 3629 tristitia:
3238 3572 3338 3640 piis
3361 3568 3685 3637 a/ferentem,
3716 3563 4003 3632 plurimum

2435 3685 2608 3726 autem
2640 3653 2780 3723 risus
2808 3668 3015 3720 lascivis
3044 3676 3091 3718 et
3134 3666 3314 3732 lingua
3340 3658 3666 3728 procacibus.
3712 3655 3894 3723 Neque
3923 3653 4004 3703 his

2436 3770 2706 3816 contentus
2742 3758 2864 3826 fuit,
2890 3757 2987 3808 etsi
3015 3766 3121 3806 tant
3168 3752 3433 3803 atrocibus
3475 3757 3520 3800 et
3570 3744 3849 3798 horrendis
3874 3758 3892 3804 ;
3916 3742 4005 3793 sed

2436 3856 2594 3910 etiam
2640 3859 2876 3919 parentes
2936 3846 3214 3915 virginum,
3277 3841 3555 3893 orbitatem
3605 3852 3706 3889 non
3757 3837 4007 3903 terentes,

2440 3959 2591 4014 atque
2634 3945 2923 4011 dispersam
2974 3940 3179 3990 turbam
3214 3935 3457 3987 reducere
3510 3928 3812 3998 cupientes,
3845 3935 3895 3980 et
3938 3929 4005 3977 ad

2439 4040 2673 4108 ﬁliarum
2696 4049 2915 4089 suarum
2942 4032 3092 4098 pedes
3126 4042 3245 4081 cum
3272 4022 3578 4095 gemitibus,
3607 4027 3662 4072 ut
3728 4026 4003 4070 consenta—

2442 4146 2591 4182 neum
2622 4134 2717 4188 est,
2754 4122 3069 4183 accidentes,
3100 4113 3443 4169 admirandus
3469 4110 3682 4180 juvenis
3728 4123 3847 4159 cum
3881 4121 4012 4173 prte-

2440 4220 2644 4272 datoria
2676 4234 2768 4270 sua
2800 4229 2956 4265 manu
3000 4206 3331 4262 contumeliis
3378 4216 3529 4269 atque
3561 4199 3847 4270 ignominia
3878 4197 4011 4264 affe-

2439 4314 2527 4364 cit.

2508 4399 2641 4453 Cum
2673 4390 2955 4463 Glycerius
2983 4384 3314 4440 Nazianzum
3342 4381 3577 4435 venisset
3617 4393 3737 4432 cum
3767 4378 3871 4432 hoc
3901 4377 4006 4429 vir-

2440 4492 2620 4563 ginum
2656 4498 2815 4558 grege
2839 4524 2854 4549 ,
2889 4480 3107 4545 collegit
3137 4478 3275 4531 hanc
3307 4468 4007 4543 captivitatemGregorius,

2366 4605 2409 4659 ι)
2440 4602 2504 4638 ac
2551 4591 2835 4636 commune
2883 4574 3114 4629 dedecus
3167 4578 3454 4633 contegere
3492 4572 3721 4617 conatus
3781 4569 3886 4614 est.
3952 4558 4008 4610 Id

2444 4675 2531 4729 ubi
2566 4668 2781 4726 rescivit
2810 4665 3063 4728 Basilius,
3094 4659 3282 4716 scribit
3314 4656 3575 4727 Gregorio
3602 4694 3618 4719 ,
3656 4668 3765 4707 rem
3795 4659 4008 4720 gestam

2445 4773 2627 4822 narrat
2675 4761 2886 4825 ordine,
2915 4772 2978 4811 ac
3008 4763 3161 4825 rogat
3214 4767 3280 4805 ne
3322 4751 3435 4803 haec
3467 4745 3765 4803 tolerabilia
3819 4741 4000 4795 existi-

2446 4869 2576 4922 met,
2609 4855 2702 4909 sed
2730 4855 2781 4905 in
2832 4850 3020 4913 primis
3054 4846 3240 4914 iubeat
3282 4840 3589 4913 Glycerium
3634 4850 3756 4891 cum
3788 4833 4011 4903 virgini-

2448 4950 2549 5005 bus
2580 4947 2794 5001 redire:
2828 4956 2948 4997 eum
3004 4938 3146 4992 enim
3189 4931 3610 4989 misericordiam
3651 4925 3915 4995 aliquam,
3966 4923 4010 4977 si

2451 5056 2572 5095 cum
2594 5034 2844 5105 Gregorii
2869 5032 3064 5087 litteris
3097 5028 3303 5092 redeat,
3328 5037 3547 5095 sperare
3571 5033 3746 5089 posse.
3783 5016 3935 5083 Quod
3965 5016 4008 5069 si

2447 5134 2493 5187 is
2534 5130 2706 5184 redire
2736 5126 2890 5190 nolit,
2921 5122 3113 5177 saltem
3139 5120 3376 5189 virgines
3420 5115 3485 5168 ad
3531 5112 3827 5167 Ecclesiam
3892 5125 4008 5163 ma-

2452 5235 2583 5277 trem
2612 5219 2975 5274 remittantur.
3001 5213 3152 5280 Quod
3181 5213 3223 5266 si
3253 5211 3351 5265 hoc
3398 5206 3511 5260 fieri
3544 5204 3749 5273 nequit,
3782 5211 3836 5255 at
3866 5212 4011 5255 certe

2450 5317 2500 5370 in
2525 5329 2615 5369 eas
2642 5327 2760 5382 qua:
2795 5310 2972 5364 redire
3002 5306 3205 5369 volunt,
3234 5300 3573 5373 tyrannidem
3604 5297 3844 5352 exerceri
3880 5293 4015 5348 Gre-

2450 5409 2630 5479 gorius
2656 5420 2759 5458 non
2782 5403 3039 5472 patiatur.
3069 5398 3281 5466 Alioqui
3316 5396 3479 5449 Deum
3499 5400 3553 5446 et
3572 5390 3817 5445 homines
3849 5393 4016 5439 testa-

2457 5511 2539 5553 tur
2564 5496 2792 5579 Basilius
2820 5495 2932 5546 haec
2964 5492 3183 5544 minime
3226 5498 3371 5541 recte
3402 5484 3539 5550 fieri,
3570 5494 3743 5550 neque
3766 5493 3833 5531 ex
3879 5475 4013 5543 legi-

2455 5592 2553 5645 bus
2585 5567 2859 5642 Ecclesiae.
2885 5580 3274 5653 Glyceriozcum
3298 5575 3580 5647 disciplina
3612 5582 3664 5628 et
3696 5567 4013 5637 congruenti

2538 5773 2601 5843 (r)
2636 5773 2731 5839 Ep.
2765 5771 2883 5843 no.

2533 5842 2606 5915 (d)
2641 5843 2735 5911 Ep.
2778 5842 2893 5895 169.
