4214 6496
1556 418 1715 473 VITA
1756 416 1808 471 S.
1854 416 2116 472 BASILII.

3303 432 3430 472 εκςι

215 525 463 579 modestia
522 527 777 580 redeunti
836 527 1222 598 indulgentiam
1264 526 1578 598 pollicetur;
1615 545 1770 584 secus
1798 533 1845 589 Α
1874 530 2027 596 stias,
2057 546 2191 599 quas
2220 529 2266 584 ei
2296 528 2555 592 exhibuit,
2586 539 2641 583 ut
2679 544 2839 597 supra
2872 529 3125 591 vidimus,
3162 527 3438 596 Cappado-

209 634 373 679 νεα),
416 631 443 669 a
516 617 819 673 ministerio
882 630 1143 673 remotum
1195 634 1314 674 esse
1361 620 1659 675 denuntiat.

278 707 504 777 Scripsit
537 709 700 763 etiam
743 710 843 779 ipsi
881 710 1124 782 Glycerio
1163 709 1408 773 Basilius,
1436 725 1667 779 euntque
1706 722 1764 764 ut

207 808 471 852 amentem
504 808 558 853 et
584 800 953 863 temerarium,
1002 814 1065 853 ac
1116 814 1235 852 cum
1268 814 1363 853 sua
1391 800 1526 853 stola
1557 810 1607 853 et
1642 816 1772 853 can-

209 891 381 945 tilenis
416 890 654 962 virgines
709 907 815 946 non
864 894 929 945 ad
981 891 1171 956 Deum,
1206 892 1299 946 sed
1344 892 1408 946 ad
1457 892 1769 945 barathrum

205 984 554 1039 deducentem
603 986 848 1047 castigat.
914 981 1020 1037 Sed
1080 992 1256 1038 tamen
1312 992 1535 1051 paterno
1590 984 1770 1037 animo

206 1075 411 1128 veniam
432 1074 610 1141 offert,
640 1086 920 1144 propterea
943 1076 1083 1145 quod
1114 1074 1265 1129 multi
1300 1076 1413 1145 ejus
1453 1091 1618 1129 causa
1644 1091 1769 1145 sup-

204 1164 496 1233 plicabant,
524 1168 577 1220 in
602 1167 787 1236 primis
812 1166 951 1221 illius
980 1169 1281 1237 presbyter.
1320 1164 1376 1219 Si
1412 1166 1614 1220 diutius
1644 1182 1766 1235 per-

203 1266 303 1309 stet
347 1256 403 1311 in
459 1258 812 1328 impudentia,
855 1261 1021 1329 gradu
1062 1258 1209 1313 illum
1254 1258 1473 1312 omnino
1504 1257 1769 1312 excidisse

203 1345 459 1402 declarat.

269 1437 404 1492 Cum
439 1452 538 1493 nec
576 1437 855 1511 Glycerius
885 1458 981 1497 nec
1007 1444 1246 1513 virgines
1289 1444 1546 1509 redirent,
1573 1444 1766 1498 iterum

202 1526 388 1579 scribit
419 1525 653 1583 Basilius
702 1530 981 1600 Gregorio,
1016 1534 1101 1587 cui
1132 1533 1229 1589 has
1281 1550 1460 1590 moras
1497 1534 1770 1590 ascribere

202 1619 437 1679 videtur;
472 1634 777 1691 quanquam
814 1623 959 1677 illum
1000 1627 1197 1680 fatetur
1224 1641 1560 1695 nequaquam
1594 1631 1644 1679 id
1686 1625 1768 1676 fa-

199 1722 337 1774 cere,
358 1712 502 1780 quod
521 1714 622 1768 sibi
646 1726 979 1782 succenseat,
1001 1728 1093 1772 aut
1120 1720 1347 1789 gratiam
1378 1719 1446 1773 ab
1479 1719 1603 1772 aliis
1628 1719 1767 1771 inire

202 1798 343 1852 velit.
402 1801 647 1856 Postulat
679 1818 806 1875 ergo
861 1817 919 1859 ut
957 1810 1179 1862 redeant
1212 1810 1357 1863 omni
1408 1819 1548 1861 metu
1570 1807 1763 1876 posito,

1873 623 1971 677 cite
1996 623 2367 693 episcoporum
2393 621 2734 692 negligentia,
2751 629 2806 675 et
2836 620 3063 673 aliorum
3084 619 3436 688 plurimorum

1871 713 2087 767 animus
2107 714 2154 767 ei
2193 728 2297 766 nou
2353 712 2578 777 amicus,
2615 712 2911 779 praesertim
2953 710 3005 763 in
3052 710 3240 773 Ponto,
3277 710 3349 763 ita
3386 719 3443 764 ut

1874 802 2007 856 nihil
2029 811 2174 857 esset
2206 812 2313 855 tam
2342 816 2552 864 rarum,
2591 816 2745 869 quam
2789 800 3087 867 spiritualis
3110 800 3291 867 fratris
3316 817 3442 854 con-

1870 908 2099 960 gressus,
2132 904 2177 946 et
2203 894 2407 947 rerbum
2442 892 2719 961 paciﬁcum
2745 900 2792 944 et
2815 890 3101 959 spiritualis
3125 892 3440 944 communio.

1872 985 2143 1054 Scriptam
2203 986 2383 1053 itaque
2430 986 2570 1040 hanc
2640 984 2921 1053 epistolam
2978 993 3229 1053 putamus
3292 982 3439 1038 circa

1871 1076 2215 1132 annunt574.

1944 1168 2275 1222 Catholicam
2307 1168 2465 1222 tidem
2500 1168 2581 1222 sic
2613 1165 2931 1221 defendebat
2959 1164 3209 1227 Basilius,
3254 1176 3311 1218 ut
3343 1179 3442 1219 nec

1873 1253 2101 1309 infirmis
2144 1254 2335 1308 durum
2366 1268 2424 1309 se
2453 1265 2509 1308 et
2563 1254 2949 1310 inexorabilem
3001 1258 3281 1324 prmheret,
3344 1270 3442 1308 nec

1872 1347 2135 1415 improbis
2191 1345 2460 1399 haereticis
2512 1344 2652 1399 latus
2710 1358 2959 1417 apertum
3024 1346 3267 1401 ohderct.
3334 1345 3440 1400 Sed

1870 1444 2049 1489 tamen
2082 1450 2203 1489 cum
2268 1435 2330 1489 de
2375 1435 2491 1503 ipso
2537 1436 2787 1505 dogmate
2839 1436 2973 1490 nihil
3004 1438 3324 1499 remitteret,
3375 1451 3439 1491 ac

1875 1528 2118 1583 veritatis
2167 1528 2475 1598 prtedicatio
2515 1528 2567 1581 in
2623 1538 2729 1581 tam
2781 1527 2972 1582 illustri
3023 1531 3149 1584 sede
3187 1543 3250 1583 ac
3292 1536 3439 1581 tanta

1873 1620 2180 1674 sanctitatis
2232 1630 2286 1672 et
2313 1620 2572 1674 doctrina:
2608 1618 2749 1673 fama
2802 1620 3018 1673 maximi
3049 1628 3194 1675 esset
3241 1619 3443 1689 ponde-

1874 1708 1966 1772 ris,
2022 1710 2256 1763 furorem
2310 1712 2362 1765 in
2414 1726 2473 1765 se
2524 1713 2900 1766 haereticorum
2972 1711 3235 1765 accendit.
3298 1710 3438 1763 Nihil

1875 1801 2091 1868 propius
2130 1800 2346 1861 factum,
2403 1815 2565 1869 quam
2602 1811 2659 1855 ut
2692 1801 2832 1855 illius
2867 1801 3116 1855 exsilium
3150 1815 3179 1853 a
3216 1799 3441 1853 Valente

198 1905 495 1963 eorumque
542 1912 770 1966 sponsor
804 1900 874 1954 sit
921 1899 1231 1967 Gregorius.
1266 1900 1577 1967 Augebatur
1620 1899 1765 1953 enim
1802 1876 1839 1928 Β
1873 1892 2222 1959 impetrarent
2251 1905 2393 1945 anno
2429 1892 2535 1944 575
2564 1892 2808 1946 ineunte.
2840 1890 3031 1947 Postea
3064 1890 3308 1946 insidiari
3334 1905 3437 1942 non

203 1982 427 2039 Basilius
464 1994 705 2043 membra
744 1990 1011 2056 abscindi,
1054 1991 1299 2060 quamvis
1334 1992 1525 2043 merito
1559 1990 1768 2045 abscin-

199 2076 473 2131 uerentur.
524 2078 794 2146 Declarat,
848 2083 894 2135 si
934 2090 1303 2149 perseverent,
1356 2082 1583 2137 aliorum
1633 2097 1769 2137 onus

202 2164 333 2230 fore,
365 2183 424 2222 se
446 2184 577 2225 vero
594 2180 744 2224 extra
773 2170 980 2240 culpam
1017 2170 1285 2227 futurum.

266 2256 375 2311 Has
403 2272 584 2312 autem
612 2260 871 2328 epistolas
908 2262 973 2315 ad
1007 2262 1323 2333 Gregorium
1365 2263 1765 2318 Nazianzenum

201 2346 422 2412 scriptas
447 2348 714 2414 diximus;
754 2350 879 2419 quia
909 2352 988 2407 sic
1016 2354 1321 2423 reperimus
1364 2353 1417 2407 in
1446 2354 1655 2408 duobus
1678 2370 1766 2407 co—

201 2436 399 2491 dicibus
443 2453 574 2493 mss.
608 2439 672 2495 Et
699 2458 819 2498 cum
848 2445 1295 2500 verisimillimum
1337 2447 1428 2510 sit,
1458 2447 1500 2500 si
1538 2449 1604 2501 ad
1636 2449 1768 2502 Gre-

201 2530 398 2594 gorium
437 2532 653 2602 scriptae
704 2545 847 2602 sunt,
898 2547 1025 2591 tunc
1077 2538 1307 2606 scriptas
1345 2538 1528 2603 fuisse,
1556 2555 1678 2593 cum
1722 2540 1767 2593 is

202 2621 592 2679 Nazianzenam
620 2627 913 2683 Ecclesiam
949 2640 1160 2684 mortuo
1178 2640 1328 2699 patre
1349 2642 1581 2701 regeret,
1606 2632 1767 2686 idcir-

201 2729 260 2768 co
290 2716 431 2769 hanc
454 2716 737 2773 historiam
767 2736 911 2775 anno
935 2722 1155 2776 circiter
1174 2722 1279 2776 574
1302 2724 1573 2777 credimus
1594 2728 1768 2779 conti-

201 2808 355 2874 gisse.
392 2806 745 2865 Nazianzena:
770 2813 913 2866 enim
945 2811 1197 2869 Ecclesia:
1229 2831 1416 2871 curam
1446 2820 1607 2887 gessit
1629 2817 1766 2871 Gre-

200 2901 376 2968 gorius
432 2903 501 2955 ab
555 2917 696 2956 anno
732 2904 836 2957 374
867 2905 1082 2959 ineunte
1116 2922 1283 2974 usque
1322 2911 1386 2962 ad
1426 2925 1623 2963 annum
1662 2908 1766 2963 375

200 2999 503 3046 exeuntem.
531 2993 636 3047 Sed
672 3004 849 3050 tamen
882 3012 988 3050 non
1017 2998 1171 3052 valde
1199 3000 1543 3063 contendam,
1576 3003 1619 3056 si
1649 3002 1769 3070 quis

200 3083 307 3138 lucc
348 3088 415 3137 ad
464 3084 783 3157 Gregorium
839 3087 1141 3159 Nyssenum
1187 3091 1392 3148 referre
1436 3094 1605 3147 malit.
1632 3093 1766 3149 Nam

199 3184 552 3244 praeterquam
592 3181 734 3249 quod
784 3197 889 3236 non
934 3183 1233 3238 certissima
1283 3195 1363 3239 est
1396 3186 1446 3238 in
1477 3186 1560 3240 his
1607 3188 1765 3241 rebus

198 3266 439 3322 codicum
466 3284 598 3324 mss.
632 3272 946 3335 auctoritas,
971 3288 1067 3327 nec
1085 3272 1263 3342 plures
1286 3275 1766 3344 habuimus,quam

199 3360 346 3427 duos,
400 3363 494 3431 qui
530 3363 596 3417 de
631 3363 889 3433 Gregorio
942 3363 1282 3421 Nazianzeno
1316 3368 1641 3421 mentionem
1685 3366 1765 3420 fa-

199 3454 366 3519 ciant;
423 3465 575 3511 certe
603 3457 688 3511 illa
724 3457 777 3511 in
833 3458 1143 3528 recipiendo
1196 3457 1447 3529 Glycerio
1478 3460 1668 3513 lenitas
1714 3469 1769 3511 et

200 3546 526 3615 indulgentia
553 3548 763 3601 videtur
795 3548 1059 3619 Nysseno,
1091 3548 1291 3603 homini
1336 3550 1605 3603 interdum
1637 3550 1767 3603 sint-

199 3637 424 3704 pliciori,
472 3638 647 3707 magis
688 3642 993 3702 convenire,
1045 3655 1207 3707 quam
1259 3638 1623 3705 Nazianzeno,
1670 3642 1760 3709 qui

197 3742 459 3781 summam
486 3743 699 3797 semper
728 3730 1065 3797 prudentiam
1104 3730 1157 3783 in
1190 3733 1353 3785 rebus
1392 3738 1457 3785 ad
1513 3732 1763 3788 Basilium

197 3835 345 3874 suum
408 3820 780 3888 spectantibus
824 3820 1137 3877 declaravit.
1188 3824 1257 3877 At
1306 3823 1577 3895 Nysae-nus
1628 3842 1766 3895 smpe

196 3911 417 3968 fratrem
448 3915 691 3983 gravavit
707 3914 960 3971 ofﬁciosis
975 3916 1254 3971 conatibus
1268 3917 1363 3989 (a).
1388 3919 1519 3972 Dum
1538 3936 1659 3973 eum
1680 3937 1765 3973 re-

197 4006 491 4061 conciliare
521 4006 640 4060 vult
667 4022 788 4061 cum
818 4019 1033 4075 patruo,
1073 4012 1437 4078 conquerendi
1466 4012 1639 4066 locum
1670 4011 1761 4066 de-

201 4099 295 4161 dit,
325 4099 471 4163 qnod
502 4097 607 4151 sibi
634 4096 829 4150 bellum
855 4096 1133 4151 indiceret.
1166 4098 1546 4155 Vehementior
1562 4103 1769 4156 exstitit

194 4207 331 4245 anno
355 4188 465 4243 372
513 4186 703 4243 Basilii
730 4189 1042 4258 conquestio
1069 4189 1165 4261 (b),
1205 4192 1345 4259 quod
1385 4192 1679 4263 Gregorius
1699 4195 1768 4248 ob

196 4282 599 4350 simplicitatem
623 4290 814 4335 contra
838 4297 899 4337 se
919 4280 1173 4337 nonnulla
1196 4282 1499 4347 moliretur,
1536 4287 1768 4355 synodos

200 4384 412 4445 cogeret
457 4373 710 4437 Ancyra,
744 4386 842 4427 nec
874 4373 1040 4427 ullum
1072 4372 1174 4427 sibi
1207 4372 1494 4426 insidiandi
1553 4378 1764 4431 modum

197 4466 655 4535 pretermitteret.
689 4461 825 4517 Hinc
871 4464 1020 4518 illum
1076 4464 1305 4519 Basilius
1333 4464 1404 4535 (c)
1431 4468 1763 4535 negotiorum

1870 1981 2215 2045 destiterunt,
2267 1996 2330 2035 ac
2376 1982 2717 2034 inimicitiam
2748 1995 2812 2035 eo
2844 1996 3010 2050 usque
3048 1983 3434 2051 perduxerunt.

1871 2083 1926 2125 ut
1974 2073 2187 2128 curiose
2236 2074 2591 2143 inquirerent,
2643 2089 2770 2127 num
2824 2076 2944 2143 quis
2994 2077 3058 2128 ab
3110 2089 3175 2128 eo
3228 2074 3440 2127 litteras

1872 2164 2159 2235 acciperet.
2204 2166 2348 2220 Inter
2409 2167 2505 2222 has
2558 2167 2783 2221 insidias
2836 2168 2995 2222 silere
3047 2166 3237 2221 statuit
3289 2164 3440 2220 Basi-

1870 2258 1972 2311 lius
2001 2259 2092 2327 (e),
2118 2267 2279 2326 atque
2309 2260 2409 2313 hoc
2436 2259 2716 2314 consilium
2745 2260 2880 2313 forte
2914 2260 3127 2327 longius
3153 2258 3437 2326 produxis-

1868 2360 1970 2413 set,
2008 2350 2111 2405 nisi
2146 2350 2195 2404 ei
2230 2351 2638 2416 Amphilochius
2685 2351 2981 2407 lconiensis
3019 2361 3073 2403 et
3121 2350 3438 2402 Eustathius

1870 2439 2109 2494 medicus
2137 2454 2279 2495 anno
2306 2440 2408 2495 574
2440 2453 2670 2498 exeunte
2701 2445 3075 2498 necessitatem
3106 2442 3227 2496 fidei
3259 2442 3433 2511 palam

1868 2542 1921 2584 et
1953 2541 2135 2599 aperte
2155 2530 2503 2587 defendenda:
2528 2533 3013 2589 demonstrassent.

1944 2623 2154 2693 Scripta
2178 2625 2390 2679 videtur
2421 2627 2470 2678 iu
2515 2626 2614 2681 hoc
2644 2642 2879 2681 mterore
2916 2638 3076 2695 atque
3107 2627 3208 2681 hac
3245 2626 3438 2681 sollici-

1873 2717 2055 2770 tudine
2085 2716 2308 2784 epistola
2339 2718 2404 2773 ad
2434 2718 2769 2775 Theodoram
2801 2721 3116 2775 canonicam
3149 2718 3236 2790 (ι’),
3275 2734 3437 2788 quatn

1872 2807 2101 2861 Basilius
2136 2810 2349 2863 eximiis
2378 2814 2662 2881 praeceptis
2694 2815 2757 2866 ad
2796 2814 2897 2867 hoc
2932 2813 3239 2866 institutum
3274 2810 3438 2879 perti-

1872 2902 2124 2955 nentibus
2164 2901 2443 2956 informat.
2476 2903 2625 2959 Hanc
2655 2920 2872 2958 causam
2908 2904 3082 2967 affert,
3113 2920 3208 2959 Cttl'
3232 2904 3437 2957 tardius

1870 2992 2090 3057 scribat,
2114 2993 2256 3060 quod
2281 3000 2483 3046 metuat
2501 3007 2565 3046 ne
2589 2993 2779 3047 litterae
2803 3009 2915 3047 suae
2942 2994 2993 3047 in
3026 2994 3227 3046 alienas
3249 3006 3440 3047 manus

1873 3088 2133 3148 incidant,
2165 3103 2280 3139 cum
2311 3088 2620 3155 prwsertim,
2659 3086 2847 3155 inqttil,
2880 3103 2939 3139 ea
2979 3102 3114 3139 nunc
3164 3087 3230 3138 sit
3263 3101 3438 3139 rerum

1870 3177 2192 3244 perturbatio
2235 3178 2289 3230 in
2332 3178 2452 3231 orbe
2506 3186 2787 3231 terrarum.
2848 3177 2903 3231 lu
2952 3176 3196 3245 sequenti
3237 3176 3437 3246 episto-

1870 3272 1917 3325 la
1950 3272 2023 3341 (g)
2060 3271 2272 3323 viduam
2307 3271 2575 3332 hortatur,
2624 3279 2679 3322 ut
2705 3271 2944 3323 divinum
2979 3269 3241 3333 judicium
3280 3279 3437 3324 noctu

1872 3364 2069 3431 diuque
2097 3361 2314 3430 cogitet,
2361 3361 2453 3414 sed
2491 3372 2667 3415 tamen
2717 3373 2925 3428 caveat,
2956 3377 3021 3417 ne
3064 3373 3157 3417 aut
3194 3366 3437 3416 animum

1869 3456 2217 3523 despondeat,
2271 3464 2363 3508 aut
2397 3455 2464 3507 de
2519 3453 2692 3508 salute
2746 3453 2971 3510 dillidat.
3012 3455 3164 3523 Sepe
3215 3456 3280 3506 ad
3317 3468 3437 3507 eam

1871 3546 2113 3602 scribere
2162 3546 2403 3602 voluerat
2455 3545 2703 3613 Basilius,
2758 3548 2851 3602 sed
2893 3563 3013 3602 sese
3060 3548 3323 3613 cohibuit,
3373 3563 3439 3601 ne

1868 3640 1994 3706 quid
2026 3639 2075 3691 ei
2129 3649 2344 3692 crearet
2398 3638 2643 3705 periculi,
2684 3651 2963 3707 propterea
3007 3641 3147 3708 quod
3193 3639 3440 3693 inimicos

1870 3747 1994 3785 suos
2025 3730 2457 3785 sciebatcuriose
2478 3731 2767 3798 inquirere,
2802 3744 2927 3782 num
2953 3730 3072 3797 quis
3109 3730 3176 3782 ab
3200 3744 3263 3783 eo
3293 3728 3434 3783 litte-

1871 3837 1956 3875 ras
1993 3822 2277 3890 acciperet.

1940 3913 2330 3984 Magnenianus
2376 3928 2554 3967 comes
2612 3914 2725 3967 sive
2784 3911 3153 3981 Magninianus
3208 3908 3304 3981 (It),
3370 3909 3437 3963 ad

1868 4023 2025 4074 quem
2072 4009 2191 4061 dure
2232 4017 2442 4060 exStant
2481 4004 2657 4059 Basilii
2693 4006 2954 4074 epistolae,
2997 4020 3117 4058 cum
3156 4004 3224 4059 ab
3248 4019 3312 4059 eo
3340 4020 3435 4072 pe-

1870 4095 2063 4158 tiisset,
2106 4104 2163 4148 ut
2199 4096 2265 4148 de
2300 4094 2403 4147 fide
2454 4093 2659 4164 aliquid
2698 4097 2761 4148 ad
2810 4110 2869 4148 se
2918 4095 3214 4158 scriberet;
3259 4094 3434 4148 laudat

1868 4186 1985 4255 ejus
2031 4189 2280 4255 pietatem
2318 4201 2379 4240 ac
2416 4184 2536 4239 fidei
2575 4186 2812 4240 studium
2844 4185 3092 4251 Basilius,
3153 4189 3245 4240 sed
3281 4198 3437 4256 negat

1869 4295 1927 4333 se
1953 4280 2141 4333 adduci
2171 4294 2344 4348 posse,
2383 4288 2440 4332 ut
2466 4277 2584 4345 ejus
2619 4280 2866 4349 petitioni
2915 4289 3139 4335 annuat.
3179 4278 3332 4334 Hunc
3355 4297 3438 4333 co-

1870 4372 2049 4424 mitem
2098 4369 2459 4425 Neocmsareae
2509 4371 2708 4426 vixisse
2739 4372 2935 4442 colligo
2982 4388 3045 4427 ex
3077 4376 3162 4429 his
3189 4390 3308 4443 quae
3347 4392 3435 4428 se—

1866 4474 2104 4530 quuntur
2145 4479 2155 4513 :
2198 4458 2457 4513 Ca‘terum
2512 4462 2659 4529 mihi,
2704 4462 2896 4530 inquit,
2945 4462 3187 4515 videmini
3238 4465 3435 4527 erudiri

195 4557 693 4613 ecclesiasticarum
740 4568 964 4625 prorsus
997 4556 1334 4627 inexpertum
1384 4571 1507 4610 esse
1531 4559 1757 4627 judicat.
1796 4566 1836 4619 ι)
1872 4554 1934 4606 ab
1968 4552 2262 4606 hominibus
2293 4552 2402 4605 illic
2434 4554 2563 4606 nihil
2592 4554 2883 4621 agentibus,
2910 4556 2998 4622 qui
3046 4565 3100 4607 ut
3128 4572 3207 4610 me
3237 4558 3438 4611 catum-

263 4647 327 4703 V.
362 4647 666 4716 Episc0pus
705 4646 948 4717 quidam,
987 4646 1322 4716 Sophronius
1349 4650 1586 4713 nomine,
1640 4665 1759 4703 cunt

198 4738 392 4795 Basilio
420 4738 634 4793 litteras
657 4737 982 4808 scripsisset,
1012 4737 1064 4791 in
1098 4738 1294 4807 quibus
1324 4741 1564 4793 charitas
1588 4742 1761 4808 spira-

194 4834 303 4892 bat.
334 4843 555 4886 summa
612 4826 729 4896 ejus
767 4829 998 4882 animam
1048 4827 1228 4882 laetitia
1273 4831 1527 4899 perfudit.
1581 4832 1763 4899 Itaque

197 4923 394 4989 gratias
423 4920 475 4974 ei
504 4919 735 4974 Basilius
758 4919 837 4992 (ά)
857 4921 967 4989 agit
986 4920 1397 4989 perhOnorifice,
1428 4940 1491 4977 ac
1510 4940 1759 4993 magnum

200 5014 524 5068 desiderium
556 5012 823 5082 signiﬁcat
871 5030 992 5067 cum
1036 5023 1185 5067 tanto
1215 5015 1329 5067 viro
1359 5017 1760 5084 congrediendi,

199 5125 353 5175 quem
410 5110 708 5166 venerandi
766 5112 963 5169 fratres
994 5125 1049 5168 et
1090 5115 1503 5183 compreshyteri
1540 5111 1759 5166 Patrum

204 5203 317 5257 tidei
364 5205 708 5259 defensorem
737 5221 856 5260 esse
900 5216 1290 5269 narraverant;
1338 5205 1430 5259 sed
1480 5205 1763 5273 quominus

202 5310 313 5347 eum
356 5298 556 5362 adiret,
607 5296 898 5351 obstabant
949 5298 1160 5367 negotia
1218 5312 1280 5349 ac
1332 5296 1570 5366 corporis
1614 5306 1763 5349 vetus

205 5387 476 5452 aegritudo.
502 5386 687 5442 Insunt
703 5389 826 5443 huic
848 5389 1028 5444 Basilii
1050 5388 1291 5458 epistola:
1308 5389 1457 5456 signa
1486 5387 1758 5453 nonnulla,

205 5489 261 5527 cx
291 5476 486 5543 quibus
519 5478 781 5540 scriptam
809 5494 929 5535 esse
984 5479 1241 5549 conjicias
1282 5479 1423 5533 inter
1469 5495 1559 5533 eas
1596 5480 1759 5533 mole-

265 5588 339 5654 (a)
374 5592 394 5621 ι
416 5606 467 5656 p.
504 5590 594 5646 58.

264 5659 605 5725 ib)Ep.100.

269 5734 333 5796 (c)
363 5729 458 5794 Ep.
488 5730 614 5784 215.

270 5801 344 5865 (d)
376 5799 469 5864 l-Jp.
512 5800 630 5853 172.

271 5869 331 5934 to
367 5867 616 5932 Ep.t7t.

1871 4648 2076 4700 nientur
2106 4645 2357 4698 nonnulla
2408 4646 2711 4714 proferunt;
2758 4648 2907 4714 quasi
2959 4649 3078 4701 inde
3118 4654 3309 4719 seipsos
3331 4652 3435 4705 sint

1870 4737 2306 4802 commendaturi,
2332 4740 2376 4791 si
2413 4742 2475 4789 de
2498 4753 2577 4789 me
2601 4739 2900 4806 turpissima
2936 4746 3270 4798 mentiuntur.
3306 4742 3436 4795 Illos

1871 4835 2007 4884 enim
2040 4832 2201 4883 nudat
2229 4834 2546 4899 prateritum
2582 4839 2801 4899 (corpus,
2835 4842 2880 4884 et
2909 4834 3241 4900 progrediens
3280 4849 3436 4900 expe-

1872 4924 2058 4977 rientia
2105 4924 2330 4976 notiores
2353 4922 2525 4991 faciet.
2563 4922 2668 4977 Otii
2706 4931 2759 4977 et
2800 4923 3008 4977 inertia:
3043 4924 3294 4990 probrum
3329 4941 3434 4979 non

1872 5031 1977 5072 tam
2014 5018 2141 5071 mihi
2166 5018 2371 5071 videtur
2396 5015 2674 5071 Eustathio
2692 5026 2743 5069 et
2772 5014 3278 5070 Pneumatomachis
3302 5033 3437 5086 qua-

1870 5111 2049 5171 drare,
2081 5109 2385 5161 hominibus
2435 5122 2647 5175 semper
2676 5107 2742 5160 ad
2781 5106 3142 5161 insidiandum
3167 5109 3437 5162 excuban-

1870 5204 2031 5264 tibus,
2063 5215 2226 5266 quam
2256 5200 2478 5253 Atarbio
2505 5199 2919 5254 Neocaesariensi
2948 5199 3198 5267 episcopo
3225 5211 3277 5254 et
3303 5217 3436 5254 non-

1870 5294 2031 5348 nullis
2055 5293 2295 5362 ejusdem
2320 5292 2571 5347 Ecclesiae
2604 5292 2953 5361 presbyteris,
2986 5293 3074 5361 qui
3101 5308 3222 5345 cum
3247 5308 3436 5345 somno

1869 5399 1921 5441 et
1957 5387 2080 5439 vino
2108 5386 2279 5441 dediti
2328 5397 2529 5451 essent,
2562 5397 2615 5439 ut
2663 5388 2741 5439 eis
2777 5388 3068 5455 exprobrat
3102 5384 3433 5452 Basilius.(i),

1871 5479 2079 5532 sotnnia
2109 5487 2157 5529 et
2187 5478 2421 5532 visiones
2455 5478 2817 5547 proferebant,
2857 5491 2911 5532 ut
2940 5477 3192 5531 Basiliunt
3234 5476 3436 5530 calum-

1949 5594 2010 5659 to
2047 5592 2293 5657 Ευ.175.

1944 5670 2015 5729 (g)
2046 5664 2139 5727 Ep.
2178 5662 2295 5713 174.

1946 5734 2021 5801 (It)
2054 5732 2145 5797 Ειι.
2177 5731 2296 5784 ΠΒ.

1938 5808 1997 5874 (ο)
2035 5802 2267 5867 Ιίι›.210,
2301 5819 2350 5853 ιι.
2385 5803 2435 5855 ti.
