4214 6488
772 389 919 435 CXXII

2115 392 2481 451 PROLEGOM
2487 395 2615 452 ENA
2627 435 2643 451 .

772 494 875 549 uiis
922 495 1167 565 figerent.
1207 498 1301 553 His
1341 510 1517 555 autem
1568 505 1766 569 verbis,
1816 506 1947 561 Illos
1990 511 2126 563 enim
2168 512 2327 567 nudat
2356 524 2402 580 Α
2430 513 2732 569 absolutum
2756 522 3033 568 eratanno
3058 514 3160 568 575
3190 528 3307 567 cum
3329 512 3738 582 Amphilochius
3761 514 3826 572 ad
3856 512 3998 566 diem

768 587 1087 650 praeteritum
1118 599 1335 657 tempus,
1362 594 1499 646 idem
1531 594 1782 650 Atarbius
1810 598 2020 652 videtur
2043 602 2328 671 designari,

770 675 925 748 cujus
944 678 1154 733 invidia:
1176 683 1419 736 morbum
1439 685 1668 741 Basilius
1687 705 1789 742 non
1822 689 1991 743 solum
2012 706 2073 744 ex
2106 693 2187 746 his
2214 711 2332 763 ane

769 776 956 821 contra
1006 783 1065 823 se
1108 782 1311 841 egerat,
1347 776 1439 829 sed
1491 777 1653 830 etiam
1707 794 1771 833 ex
1820 790 1927 835 tota
1960 784 2061 836 vita
2100 787 2328 855 perspici

768 857 1004 916 declarat
1036 861 1089 915 in
1114 862 1274 933 epist.
1302 865 1431 932 210,
1464 885 1518 921 n.
1548 868 1601 921 2.

836 951 969 1007 Cum
1000 964 1183 1010 autem
1212 957 1573 1029 Magneniano
1602 963 1863 1029 scriptum
1896 965 2109 1036 aliquod
2131 969 2195 1022 de
2228 970 2331 1025 fide

764 1047 1053 1113 postulanti
1083 1049 1154 1103 ita
1191 1062 1348 1120 neget
1368 1051 1622 1121 Basilius,
1642 1068 1700 1109 ut
1728 1057 1936 1111 ﬁrmum
1959 1076 2061 1116 non
2091 1063 2330 1116 scriben-

763 1137 818 1191 di
858 1140 1142 1194 consilium
1189 1158 1300 1211 pra:
1327 1160 1387 1199 se
1410 1144 1569 1211 ferat,
1606 1147 1661 1202 in
1709 1166 1814 1215 quo
1864 1162 2039 1206 tamen
2092 1169 2199 1207 non
2238 1154 2327 1207 diu

762 1231 1029 1297 perstitit;
1055 1231 1179 1299 jure
1203 1235 1332 1288 mihi
1365 1236 1548 1292 videor
1579 1240 1717 1295 hanc
1749 1243 2027 1312 epistolam
2061 1260 2181 1299 cum
2198 1246 2329 1299 dua-

761 1318 865 1375 bus
900 1325 1325 1392 praecedentibus
1376 1330 1651 1399 aliquanto
1696 1344 1821 1388 ante
1854 1337 2107 1404 scriptam
2136 1338 2327 1391 existi-

762 1426 935 1476 mare,
985 1429 1143 1482 quam
1197 1416 1424 1475 Basilius
1477 1422 1812 1478 divinitatem
1855 1427 2088 1493 Spiritus
2126 1431 2323 1493 sancti,

764 1500 978 1556 hortatu
1012 1503 1375 1574 Amphilochii
1403 1521 1457 1564 et
1486 1511 1776 1576 Eustatltii,
1808 1516 2025 1584 scriptis
2042 1517 2326 1573 defende-re

761 1592 863 1646 hoc
892 1606 1032 1648 anno
1061 1595 1162 1649 571
1181 1597 1507 1665 institueret,
1533 1612 1590 1656 ut
1616 1603 1773 1658 modo
1796 1606 2113 1663 videbimus.

832 1705 917 1759 Vl.
947 1706 1384 1778 Amphilochium
1409 1713 1635 1769 Basilius
1672 1716 1748 1788 (α)
1778 1719 2142 1777 invitavithoc
2183 1739 2322 1778 anno

758 1797 825 1851 ad
847 1798 987 1852 diem
1018 1800 1215 1856 festum
1252 1808 1424 1861 sancti
1480 1809 1789 1881 Eupsychii,
1827 1814 1917 1879 qui
1958 1815 2045 1871 die
2092 1817 2320 1885 septimo
2354 1828 2396 1885 Β

761 1889 1095 1958 Septembris
1141 1895 1402 1954 celebrari
1450 1900 1675 1958 solebat.
1726 1905 1898 1975 Rogat
1949 1917 2129 1962 autem
2162 1919 2219 1962 ut
2246 1910 2316 1963 fe.

758 1989 901 2035 stum
944 1985 1117 2039 tribus
1157 2000 1461 2046 autevertat
1518 1994 1730 2061 diebus,
1784 2015 1891 2069 quo
1942 2001 2147 2067 possint
2181 2002 2323 2054 inter

756 2087 817 2126 se
863 2076 1033 2131 otiose
1082 2079 1336 2150 colloqui,
1372 2099 1539 2155 seque
1576 2088 1803 2143 invicem
1857 2091 2121 2145 donorum
2165 2094 2323 2158 spiri-

759 2164 984 2219 tualium
1013 2174 1504 2232 communicatione
1535 2179 1803 2232 consolari
1831 2194 1846 2244 ;
1902 2192 2011 2233 ttnn
2044 2183 2207 2235 etiam
2266 2193 2323 2236 ut

758 2259 1073 2313 memoriam
1124 2262 1237 2318 sive
1284 2268 1569 2322 ecclesiam
1620 2270 2323 2342 PtochotrOphiiAmphilo-

756 2348 911 2403 chius
936 2355 1222 2422 praesentia
1252 2371 1347 2411 sua
1379 2359 1639 2430 insignem
1674 2364 1881 2421 reddat.
1912 2364 2121 2420 Iudicat
2142 2368 2188 2422 ei
2218 2366 2321 2420 Ba-

754 2440 905 2497 silius
931 2446 1288 2512 praastitutum
1320 2449 1443 2505 huic
1477 2450 1615 2508 festo
1646 2454 1810 2517 diem,
1839 2458 1978 2524 quod
2002 2470 2318 2527 argumento

752 2545 834 2589 est
876 2539 1112 2594 nondum
1146 2540 1274 2597 huic
1331 2542 1629 2599 celebritati
1682 2549 1996 2605 interfuisse
2043 2553 2319 2621 Amphilo-

754 2631 960 2696 chium,
988 2648 1051 2685 ac
1076 2634 1299 2701 proinde
1321 2637 1626 2705 epistolam,
1646 2655 1750 2709 qua
1781 2642 2037 2698 invitatus
2057 2659 2084 2696 a
2122 2644 2318 2698 Basilio

754 2720 875 2786 fuit,
910 2722 978 2777 sd
1013 2724 1157 2779 hunc
1186 2740 1383 2781 annum
1420 2731 1709 2797 pertinere.
1743 2731 1876 2787 Nam
1908 2751 2047 2791 anno
2072 2739 2313 2806 sequenti

755 2812 896 2869 diem
927 2829 1030 2869 non
1080 2816 1279 2870 indicat
1324 2818 1575 2886 Basilius,
1601 2825 1694 2877 sed
1729 2833 1936 2879 tantum
1967 2828 2230 2896 hortatur,
2262 2838 2318 2884 ut

756 2907 1031 2961 memoria:
1054 2909 1224 2962 sancti
1257 2909 1543 2982 Eupsychii
1568 2915 1896 2985 meminerit,
1928 2934 2101 2987 neque
2116 2938 2314 2991 exspe-

756 3005 866 3051 ctet
893 2999 1017 3053 dum
1051 3000 1244 3058 iterum
1270 3016 1572 3062 moneatur.

822 3116 955 3177 Cum
1008 3129 1185 3173 autem
1218 3122 1282 3175 ad
1308 3123 1411 3176 hoc
1436 3122 1631 3179 festum
1662 3133 1768 3179 tota
1792 3126 1984 3179 vicinia
2024 3126 2315 3182 conﬂueret

753 3210 1137 3276 (accurrebant
1188 3215 1331 3267 enim
1377 3215 1540 3269 etiam
1588 3218 1825 3287 episcopi
1863 3219 2120 3273 maritimi
2157 3233 2313 3277 aute-

752 3314 914 3368 quam
946 3315 974 3354 a
1009 3299 1211 3359 Basilio
1240 3306 1603 3379 dissiderent),
1630 3310 1886 3377 praeclara
1904 3322 2021 3368 erat
2049 3313 2318 3367 haereticis

749 3392 967 3451 occasio
1008 3395 1302 3451 insectandi
1355 3399 1562 3465 Basilii,
1585 3403 1629 3457 si
1662 3403 1787 3472 quid
1820 3404 2026 3473 insigne
2056 3416 2161 3460 tam
2210 3407 2319 3461 fre-

750 3485 935 3551 quenti
976 3496 1245 3540 conventu
1276 3491 1343 3541 ad
1396 3492 1640 3546 veritatis
1689 3494 2054 3549 defensionem
2115 3495 2317 3553 faceret

751 3583 846 3627 aut
893 3574 1207 3633 dissereret.
1255 3578 1375 3634 1am
1419 3596 1541 3635 eum
1583 3585 2004 3641 observaverant
2043 3605 2183 3643 anno
2211 3592 2308 3646 37l

750 3665 896 3721 velut
928 3667 980 3722 in
1014 3669 1226 3728 insidiis
1256 3672 1523 3728 collocati.
1554 3676 1686 3732 llinc
1718 3678 1856 3735 forte
1872 3696 2017 3735 anno
2046 3682 2172 3749 375,
2199 3693 2318 3752 post

749 3758 947 3812 festum
973 3765 1147 3817 sancti
1169 3763 1478 3837 Eupsycbii,
1506 3772 1720 3824 consilia
1745 3775 2044 3830 Antiochia:
2060 3776 2315 3831 adversus

752 3846 1009 3907 Basilium
1052 3852 1204 3919 inita,
1237 3865 1294 3908 ut
1326 3866 1469 3925 patet
1503 3872 1565 3911 ex
1595 3860 1816 3926 epistola
1842 3865 1966 3921 215.
2006 3864 2147 3921 Idem
2192 3884 2317 3922 eve-

749 3939 897 3995 uisse
924 3957 1065 3999 anno
1091 3946 1193 4000 375
1224 3950 1415 4019 conjici
1463 3963 1645 4021 posset
1675 3969 1739 4008 ex
1784 3958 1942 4026 epist.
1981 3960 2107 4025 156,
2158 3978 2213 4014 n.
2258 3962 2311 4023 5.

750 4048 857 4089 uno
899 4044 991 4089 aut
1022 4037 1193 4093 altero
1245 4058 1427 4097 mense
1458 4056 1575 4113 post
1616 4046 1754 4100 diem
1791 4045 1981 4102 festum
2013 4052 2232 4120 scripta,
2260 4053 2311 4105 iu

749 4140 856 4194 qua
918 4127 1145 4187 Basilius
1179 4134 1411 4188 animam
1442 4152 1591 4192 suam
1619 4138 1686 4193 ab
1720 4138 1987 4195 haereticis
2025 4144 2189 4210 quaari
2237 4152 2313 4198 te-

746 4227 945 4272 statur.
974 4220 1079 4275 Sed
1105 4227 1369 4294 praecipue
1409 4229 1507 4283 hoc
1540 4245 1683 4286 anno
1710 4246 1896 4285 eorum
1917 4231 2068 4285 furor
2086 4234 2308 4288 exarsit.

748 4306 947 4364 Basilio
992 4314 1134 4367 enim
1181 4319 1411 4382 precanti
1458 4336 1573 4372 cum
1606 4324 1816 4391 populo,
1862 4334 1919 4377 ut
1984 4323 2207 4392 legimus
2257 4326 2309 4378 iu

744 4400 885 4455 libro
904 4402 982 4457 De
1012 4403 1217 4475 Spiritu
1258 4406 1345 4474 8.,
1380 4426 1429 4463 c.
1460 4412 1511 4475 1,
1536 4423 1579 4463 et
1617 4424 1833 4483 utroque
1861 4417 2013 4471 modo
2046 4414 2311 4484 gloriﬁca-

2433 604 2628 658 festum
2663 606 2809 659 venit
2834 606 3001 659 sancti
3035 605 3319 675 Eupsychii
3358 623 3371 659 :
3408 605 3568 673 idque
3613 605 3759 659 clare
3791 605 4000 673 perspi-

2432 696 2603 749 cimus
2648 711 2715 750 ex
2769 695 2852 749 his
2887 696 3062 749 verbis
3115 696 3355 765 epistula:
3400 696 3500 750 251
3544 711 3662 766 qua:
3710 710 3855 748 anno
3891 693 3996 748 575

2430 796 2660 841 exeunte
2693 788 2893 855 scripta
2922 796 3002 841 est
3030 804 3043 840 :
3094 788 3171 840 De
3199 788 3401 857 Spiritu
3433 788 3563 841 liber
3615 788 3838 854 scriptus
3873 787 3994 853 qui-

2430 881 2546 933 dem
2575 897 2607 932 a
2628 880 2773 933 nobis
2798 890 2873 932 est
2902 889 2949 932 et
2970 879 3255 942 absolutus,
3288 889 3344 933 ut
3375 880 3483 948 ipse
3512 882 3670 933 nosti.
3701 880 3996 944 Qunminus

2430 982 2602 1023 autent
2661 972 2918 1025 mitterem
2958 972 3012 1023 in
3063 970 3246 1024 charta
3288 971 3627 1037 descriptum,
3683 969 3995 1038 prohibuere

2430 1064 2517 1129 qui
2546 1079 2747 1116 mecum
2780 1073 2897 1115 sunt
2930 1061 3155 1129 fratres;
3179 1078 3296 1115 cum
3320 1078 3374 1115 se
3396 1080 3428 1113 a
3457 1070 3504 1115 te
3528 1060 3777 1114 mandata
3803 1061 3993 1111 habere

2429 1152 2677 1215 dicerent,
2715 1162 2769 1205 ut
2806 1154 2857 1203 in
2883 1152 3192 1204 membranis
3232 1148 3543 1204 describant.
3572 1147 3655 1202 Ne
3675 1150 3799 1218 quid
3829 1148 3994 1215 igitur

2428 1251 2608 1294 contra
2632 1251 2944 1309 praceptum
2979 1250 3124 1293 tuum
3158 1240 3327 1308 facere
3372 1240 3657 1304 uideamur,
3704 1254 3841 1290 nunc
3865 1254 3991 1304 pro-2

2429 1333 2859 1398 crastinavimus;
2912 1333 3001 1386 sed
3046 1331 3204 1399 paulo
3245 1340 3361 1400 post
3410 1332 3695 1392 mittemus,
3748 1330 3793 1382 si
3835 1343 3989 1397 quem

2428 1425 2668 1478 idoneum
2713 1425 2781 1476 ad
2832 1423 3194 1492 perferendum
3243 1423 3636 1476 nanciscamur.
3664 1419 3781 1475 Non
3814 1419 3992 1487 potuit

2427 1514 2831 1582 Amphilochius
2864 1518 2964 1571 hoc
2996 1530 3131 1585 opus
3160 1514 3465 1569 absolutum
3513 1526 3860 1584 cognoscere,
3897 1520 3992 1562 aut

2427 1607 2661 1661 librariis
2712 1606 2990 1673 mandare,
3025 1616 3084 1661 ut
3122 1606 3252 1661 illud
3282 1607 3335 1659 in
3371 1606 3558 1659 charta
3590 1604 3987 1663 describerent,

2424 1700 2525 1753 nisi
2561 1714 2681 1754 cum
2735 1698 2989 1753 Basilium
3043 1700 3249 1754 invisit.
3292 1697 3406 1752 Non
3458 1697 3565 1750 alio
3594 1706 3770 1749 autem
3803 1693 3990 1749 invisit

2424 1802 2664 1860 tempore
2686 1807 2824 1849 anno
2845 1790 2971 1856 575,
3005 1806 3164 1859 quam
3195 1791 3282 1845 die
3312 1790 3449 1845 festo
3474 1788 3643 1842 sancti
3674 1785 3986 1856 Eupsychii.

2424 1884 2539 1939 Jam
2564 1900 2695 1955 ergo
2720 1885 2998 1940 absolutus
3020 1894 3138 1938 erat
3170 1883 3305 1937 liber
3333 1882 3410 1937 De
3445 1880 3648 1948 Spiritu
3678 1888 3858 1931 sancto
3875 1892 3893 1940 ;
3931 1884 3991 1933 et

2425 1992 2544 2030 cum
2579 1977 2721 2030 illius
2769 1976 3038 2031 scribendi
3088 1975 3427 2030 occasionem
3469 1970 3675 2027 dederit
3720 1967 3989 2022 excitatus

2425 2066 2490 2117 ab
2523 2066 2787 2120 hazreticis
2808 2074 3072 2134 praesente
3109 2062 3485 2131 Amphilochio
3526 2058 3807 2121 tumultus,
3837 2070 3985 2123 qua-

2427 2156 2647 2207 rendum
2678 2156 2829 2208 nobis
2853 2165 2937 2207 est
2973 2154 3115 2208 aliud
3152 2162 3385 2221 tempus,
3429 2167 3535 2221 quo
3565 2144 3981 2217 Amphilochius

2425 2243 2676 2297 Basilium
2702 2244 2976 2310 inviserit;
3019 2259 3119 2299 nec.
3151 2244 3295 2299 aliud
3339 2243 3578 2299 occurrit
3618 2246 3813 2309 praeter
3843 2236 3987 2289 diem

2422 2333 2617 2388 festum
2645 2333 2819 2388 sancti
2856 2333 3141 2403 Eupsychii
3173 2348 3313 2387 anno
3346 2333 3473 2396 374,
3505 2332 3572 2386 ad
3608 2344 3769 2400 quem
3800 2328 3872 2380 ita
3910 2325 3990 2378 in-

2421 2429 2619 2483 vitatus
2642 2437 2726 2481 est
2754 2424 3179 2496 Amphilochius,
3208 2434 3267 2479 ut
3292 2425 3341 2478 ei
3366 2425 3554 2477 abesse
3584 2424 3850 2490 integrum
3880 2432 3986 2471 non

2422 2521 2603 2575 fuerit.
2640 2518 2908 2574 Praeterea
2947 2519 3233 2572 haereticos
3274 2516 3374 2569 hoc
3415 2528 3555 2568 anno
3592 2513 3697 2566 57b
3735 2512 3789 2565 in
3831 2511 3987 2565 Basi-

2421 2613 2545 2666 linm
2575 2613 2662 2666 die
2690 2614 2825 2666 festo
2852 2610 3022 2667 sancti
3057 2606 3346 2678 Eupsychii
3374 2606 3629 2673 majorem
3667 2603 3721 2657 in
3754 2602 3978 2655 modum

2420 2706 2666 2758 incensos
2687 2701 2850 2756 fuisse
2886 2701 3236 2770 perspicimus
3263 2713 3327 2751 ex
3365 2697 3523 2766 epist.
3551 2692 3675 2759 190,
3713 2706 3834 2761 qua
3868 2706 3974 2743 non

2421 2794 2587 2847 multo
2627 2801 2749 2863 post
2773 2792 2917 2847 hunc
2939 2792 3079 2847 diem
3114 2805 3255 2845 anno
3284 2788 3386 2843 571
3419 2785 3623 2855 scripta
3646 2795 3750 2838 est.
3784 2781 3987 2834 Eorum

2418 2887 2724 2956 autem,qui
2746 2895 2867 2939 tunc
2905 2884 3100 2937 anobis
3132 2881 3348 2936 abscissi
3369 2890 3511 2946 sunt,
3533 2875 3705 2946 inquit
3730 2872 3984 2935 Basilius,

2418 2976 2509 3029 alii
2540 2975 2745 3042 quidem
2788 2976 2856 3026 ad
2902 2972 3081 3026 aulam
3118 2990 3171 3026 se
3199 2972 3552 3036 contulerunt,
3601 2967 3696 3020 alii
3734 2982 3855 3020 vero
3895 2980 3983 3018 re-

2419 3078 2650 3129 manent,
2691 3081 2953 3118 rumorem
3005 3064 3125 3118 inde
3172 3074 3547 3134 exspectantes.
3601 3060 3726 3116 Haec
3779 3058 3985 3128 optime

2341 3174 2383 3229 ε
2418 3158 2761 3211 consentiunt
2812 3171 2931 3209 cum
2990 3156 3075 3210 his
3112 3171 3230 3223 qua:
3267 3166 3555 3210 narrantur
3606 3154 3661 3207 in
3714 3150 3985 3223 prooemio

2421 3250 2543 3305 libri
2592 3249 2669 3303 De
2706 3249 2910 3315 Spiritu
2943 3258 3155 3312 sancto,
3192 3261 3255 3301 ac
3298 3247 3731 3316 Amphilochium
3780 3244 3984 3299 adfuis-

2419 3356 2477 3397 se
2510 3341 2737 3412 probant
2764 3340 2877 3395 haec
2930 3337 3114 3401 verba,
3166 3336 3256 3408 qui
3314 3346 3437 3394 tunc
3483 3352 3521 3390 a
3561 3336 3706 3388 nobis
3766 3337 3987 3389 abscisss'

2418 3446 2559 3491 sunt.

2488 3528 2597 3583 γη.
2630 3528 2793 3584 Nemo
2834 3525 3007 3581 nescit
3036 3533 3266 3595 quantas
3305 3532 3515 3594 strages
3556 3521 3616 3577 in
3651 3519 3870 3575 Oriente
3895 3532 3987 3570 an.

2419 3638 2487 3675 no
2533 3622 2638 3675 574
2692 3620 3047 3676 concitaverit
3080 3619 3475 3691 deprehensum
3513 3629 3701 3670 eorum
3746 3611 3980 3677 facinus,

2416 3708 2507 3773 qui
2548 3708 2611 3760 de
2643 3705 2882 3762 Valentis
2912 3723 3225 3764 successore
3264 3723 3360 3776 per
3387 3716 3559 3761 sortes
3600 3704 3982 3773 inquisierant.

2420 3794 2665 3849 Omnium
2686 3797 2791 3865 {ere
2828 3799 3070 3851 ordinum
3101 3798 3407 3862 multitudo,
3431 3812 3587 3867 quam
3614 3811 3878 3849 recensere
3908 3802 3983 3846 est

2418 3888 2666 3953 arduum,
2717 3888 2890 3955 inquit
2913 3889 3230 3941 Ammianus
3260 3888 3360 3956 (ὁ),
3388 3889 3442 3941 in
3473 3888 3655 3955 plagas
3683 3888 3985 3939 calumnia-

2417 3995 2533 4030 rum
2567 3980 2821 4046 conjecta,
2848 3993 3208 4045 percussorum
3254 3980 3500 4031 dexteras
3528 3978 3789 4047 fatigavit.
3848 3978 3983 4032 Cum

2414 4067 2679 4121 Eusebius
2733 4069 2973 4136 quidam,
3028 4084 3188 4139 quem
3239 4068 3469 4124 Basilius
3502 4069 3667 4123 lilium
3724 4071 3980 4139 appellat,

2414 4157 2678 4225 ejusmodi
2713 4159 2997 4215 calumniis
3021 4162 3293 4230 appetitus
3328 4160 3536 4223 fuisset,
3572 4176 3601 4214 a
3654 4161 3853 4230 quibus
3890 4177 3983 4216 ne-

2415 4264 2503 4302 mo
2554 4260 2698 4307 tutus
2747 4266 2870 4307 esse
2920 4262 3151 4322 peteret,
3210 4252 3445 4308 Basilius
3506 4250 3870 4323 Sophronium
3928 4261 3981 4307 et

2413 4342 2709 4412 Aburgium
2766 4354 2941 4411 rogat,
2974 4352 3035 4396 ut
3070 4342 3210 4397 illius
3261 4344 3628 4399 innocentiam
3675 4342 3983 4412 patrocinio

2414 4447 2513 4486 suo
2551 4434 2843 4502 adjuvent:
2882 4434 2982 4487 etsi
3015 4434 3157 4487 enim
3184 4433 3236 4487 in
3262 4434 3385 4503 jure
3418 4436 3706 4504 plurimum
3740 4434 3977 4500 praesidii

741 4494 936 4548 tionem
969 4496 1248 4563 absolventi
1277 4499 1380 4553 Deo
1409 4518 1471 4555 ac
1514 4501 1687 4569 Patri,
1722 4507 1981 4559 interdum
2011 4524 2129 4560 cum
2162 4505 2307 4560 Filio
2341 4528 2383 4581 ι)
2415 4494 2647 4591 ροείωιξι
2680 4524 2896 4585 habeat,
2945 4533 3122 4580 tamen
3174 4494 3469 4596 ρειῇευιυίη
3495 4539 3617 4580 esse
3650 4539 3717 4580 ne
3765 4534 3979 4595 tempus

740 4601 848 4642 una
871 4602 989 4645 Cum
1028 4602 1204 4645 sancto
1231 4591 1450 4659 Spiritu,
1480 4596 1737 4649 interdum
1775 4615 1862 4663 per
1886 4597 2081 4661 Filium
2114 4602 2167 4651 in
2188 4617 2306 4652 san-

742 4685 826 4730 cto
848 4676 1075 4745 Spiritu,
1096 4684 1307 4750 quidam
1336 4701 1399 4737 ea:
1423 4688 1488 4740 iis
1518 4688 1609 4757 qui
1641 4688 1877 4751 aderant,
1910 4692 2101 4754 crimen
2130 4692 2305 4743 inten-

738 4771 950 4836 derunt,
988 4774 1215 4827 dicentes
1242 4792 1354 4828 eum
1384 4795 1487 4832 non
1530 4780 1687 4833 modo
1728 4782 2012 4848 peregrinis
2047 4799 2108 4838 ac
2160 4784 2303 4841 novis

738 4860 816 4913 uti
838 4864 1065 4929 vocibus,
1092 4880 1268 4917 verum
1305 4866 1459 4922 etiam
1490 4871 1626 4923 inter
1660 4887 1713 4924 se
1753 4873 2121 4939 pugnantibus.
2168 4873 2301 4929 Tum

737 4954 1169 5021 Amphilochius,
1198 4958 1288 5026 qui
1320 4959 1547 5029 proinde
1587 4962 1866 5025 intererat,
1900 4962 2111 5017 illorum
2150 4965 2297 5023 utili-

738 5044 833 5097 tati
865 5050 1169 5114 consulens,
1204 5050 1285 5104 vel
1314 5050 1506 5106 saltem
1550 5070 1760 5121 eorum,
1800 5056 1891 5123 qui
1937 5055 1988 5109 in
2037 5056 2297 5123 ejusmodi

739 5134 986 5191 homines
1014 5138 1279 5206 incidunt,
1333 5144 1635 5211 securitati,
1689 5146 1978 5215 postulavit
2024 5165 2052 5201 κ
2102 5149 2299 5203 Basilio

735 5224 1024 5281 dilucidam
1048 5230 1115 5285 de
1142 5232 1193 5286 vi
1226 5233 1414 5287 harum
1440 5237 1764 5307 syllabarum
1805 5242 2297 5307 pertractationem.

736 5315 865 5370 lude
926 5328 1050 5372 nata
1092 5325 1305 5379 occasio
1364 5328 1484 5381 libri
1532 5330 1597 5383 de
1662 5328 1869 5399 Spiritu
1920 5342 2106 5391 sancto
2168 5334 2303 5391 scri-

737 5407 921 5465 bendL

805 5499 920 5555 Non
948 5514 1121 5572 potest
1144 5509 1366 5562 adaliud
1392 5521 1594 5581 tempus
1629 5515 1815 5569 referri
1854 5517 1953 5571 hoc
1975 5532 2123 5588 opus.
2164 5519 2293 5575 Nam

809 5723 883 5790 (tt)
918 5724 1013 5787 Ep.
1040 5728 1161 5781 176.

816 5791 890 5855 (ε)
920 5792 1034 5845 Lib.
1070 5812 1221 5860 χχιχ,
1247 5813 1292 5849 c.
1322 5801 1341 5850 1
1372 5809 1420 5851 et
1442 5799 1497 5850 2.

2411 4629 2628 4667 causam
2670 4613 2813 4666 illius
2868 4612 3043 4680 laedat,
3077 4624 3130 4669 et
3182 4618 3307 4685 quia
3368 4614 3522 4670 multi
3579 4613 3632 4668 in
3692 4619 3979 4672 atrocissi-

2411 4704 2515 4756 mis
2545 4702 2837 4756 sceleribus
2867 4702 3203 4773 deprehensi,
3228 4707 3280 4761 in
3316 4719 3440 4759 eum
3467 4703 3579 4760 haec
3621 4708 3860 4777 suspicio
3888 4724 3979 4764 re-

2406 4795 2624 4848 duntlet.

2479 4889 2736 4943 Videntur
2761 4891 2826 4945 ad
2852 4891 2977 4945 illud
2996 4890 3507 4960 suspieiosissimum
3527 4909 3590 4949 ac
3613 4891 3975 4948 saevissimum

2410 4990 2619 5047 tempus
2641 4981 2910 5050 pertinere
2933 4984 3050 5038 duae
3076 4991 3362 5050 sequentes
3389 4984 3630 5053 epistola:
3651 4986 3743 5051 (c).
3777 4982 3834 5036 ln
3869 4985 3979 5050 pri-

2410 5086 2490 5123 ma
2523 5074 2863 5126 commendat
2886 5075 3158 5127 Arintheeo
3184 5076 3351 5127 virum
3386 5075 3543 5145 longe
3577 5074 3975 5129 nobilissimum

2408 5178 2472 5221 ac
2502 5162 2742 5217 nteribus
2789 5165 2960 5233 magis
2995 5166 3345 5235 spectandum
3397 5181 3563 5234 quam
3602 5178 3822 5236 genere,
3879 5166 3975 5235 qui

2409 5254 2665 5322 judicium
2707 5256 3025 5322 sustinebat,
3060 5256 3175 5311 leve
3213 5257 3339 5311 illud
3370 5258 3586 5328 quidem
3632 5265 3687 5311 et
3724 5266 3972 5311 contem-

2413 5347 2670 5414 nendum,
2698 5348 2740 5401 si
2772 5348 2968 5403 veritas
3003 5358 3358 5417 spectaretur,
3393 5352 3486 5403 sed
3516 5347 3716 5417 alioqui
3756 5346 3975 5403 diﬂicile

2410 5444 2462 5487 et
2480 5435 2765 5492 molestum
2799 5440 2867 5492 ob
2917 5440 3198 5493 calumnia:
3241 5440 3652 5495 vehementiam.
3701 5438 3757 5493 In
3803 5444 3971 5495 altera

2412 5528 2813 5581 commendatur
2835 5531 3133 5595 Sophronio
3171 5532 3247 5584 vir
3274 5532 3464 5588 nobilis
3492 5542 3545 5587 et
3576 5532 3840 5599 eruditus,
3880 5532 3971 5602 qui

2473 5747 2541 5809 (ε)
2569 5746 2729 5812 Epist.
2766 5748 2862 5799 l7!)
2890 5760 2939 5798 et
2977 5751 3089 5800 130.
