4214 6506
1490 426 1648 482 νιτΑ
1692 424 1750 480 5.
1791 422 2051 479 BASILII.

3237 422 3404 469 CXXIII

176 550 221 605 in
240 548 602 610 calamitatem
644 545 910 603 inciderat
960 544 1357 602 intolerabilem
1413 558 1478 599 ac
1516 542 2099 615 negotiisAscribere,
2157 540 2299 610 quod
2350 556 2469 595 eum
2516 534 2769 593 Ecclesiae
2820 530 3117 603 praepositis
3164 531 3275 585 suis
3316 548 3407 587 ca-

174 656 354 715 prteter
378 640 631 694 meritum
662 640 967 710 implicatus
997 649 1135 693 erat.

239 733 365 789 VIII.
398 730 772 787 Samosatensi
805 729 1056 784 Ecclesia:
1079 729 1307 785 Basilius
1332 741 1398 780 eo
1433 727 1621 796 magis,
1654 742 1737 781 re-

175 830 341 893 legan
371 824 624 888 Eusebio,
664 824 959 886 metuebat,
991 838 1099 892 quo
1127 820 1300 889 magis
1326 835 1443 874 eam
1486 822 1740 874 omnibus

175 916 321 971 bonis
347 916 729 986 spiritualibus
774 916 873 966 sub
919 913 1015 968 hoc
1040 911 1489 983 przestantissimo
1526 922 1743 979 pastore

176 1008 448 1063 ﬂorentem
478 1008 709 1059 viderat.
733 1003 879 1057 Piam
900 1004 1040 1059 illius
1069 1002 1304 1074 pectoris
1323 1002 1741 1058 sollicitudinem

178 1100 353 1169 plures
382 1101 583 1155 littera:
621 1105 906 1150 testantur.
943 1096 1128 1152 Otreio
1172 1095 1495 1151 Melitinensi
1526 1097 1621 1166 (ιι),
1655 1094 1742 1149 cui

178 1195 419 1248 exsilium
450 1189 671 1244 Eusebii
701 1204 806 1245 non
840 1191 1017 1243 minus
1047 1202 1207 1256 quam
1249 1188 1566 1257 sibimetipsi
1628 1201 1744 1241 mo-

180 1289 370 1344 lestum
398 1300 523 1340 esse
548 1286 777 1348 sciebat,
812 1286 909 1339 has
938 1291 1241 1337 mutuarum
1266 1283 1566 1337 litterarum
1595 1282 1741 1336 vices

180 1376 461 1450 proponit;
515 1386 574 1432 ut
627 1379 742 1447 ipse
773 1374 988 1443 quidem
1022 1372 1219 1431 Basilio
1265 1375 1470 1429 scribat
1499 1388 1618 1442 quze
1642 1374 1745 1427 Sa-

180 1470 400 1525 mosatis
427 1468 739 1530 aﬂ‘erentnr,
773 1467 820 1519 ei
849 1477 1025 1521 autem
1059 1467 1307 1534 Basilius,
1340 1482 1464 1537 qua:
1478 1481 1540 1519 ex
1571 1465 1745 1519 Thra-

179 1563 276 1615 cia.
308 1559 441 1615 Nam
472 1577 571 1616 nec
602 1560 799 1614 Basilio
840 1562 1017 1629 populi
1063 1562 1460 1615 Samosatensls
1494 1568 1749 1613 constan-

184 1652 304 1706 tiam
360 1666 714 1723 cognoscere,
770 1668 869 1707 nec
902 1654 1087 1708 Otreio
1118 1653 1184 1706 de
1237 1651 1541 1706 communis
1580 1650 1749 1721 patris

184 1744 338 1799 rebus
374 1741 614 1804 edoceri,
670 1741 783 1796 leve
839 1744 1089 1797 solatium
1142 1750 1276 1795 erat.
1326 1741 1376 1794 ls
1431 1749 1608 1793 autem
1660 1740 1747 1809 qui

185 1835 320 1891 hanc
369 1834 553 1887 Basilii
610 1836 891 1903 epistolam
946 1835 1173 1900 ferebat,
1205 1836 1390 1891 Otreio
1433 1846 1750 1889 narraturus

1840 641 2021 695 reant,
2058 630 2345 699 plurimum
2388 630 2585 699 negotii
2610 627 2800 681 habeat
2832 626 2884 678 in
2920 622 3407 678 circumcursandis

1844 724 2047 780 Christi
2082 723 2313 775 ovilibus
2366 736 2429 773 ac
2475 723 2613 790 lupis
2654 716 2888 785 undique
2923 713 3188 771 arcendis.
3237 712 3410 783 Rogat

1847 832 2023 873 tamen
2062 817 2290 871 Basilius
2315 824 2372 868 ut
2392 815 2456 867 ad
2480 828 2536 867 se
2564 815 2786 875 scribat,
2818 811 3026 877 quoties
3058 817 3305 865 occurret
3328 822 3411 859 oc.-

1844 911 2016 965 casio.
2055 908 2202 964 Satis
2235 905 2557 977 perspicitur
2589 903 2726 957 inter
2753 915 3051 971 episcopos,
3079 912 3307 968 quorum
3325 911 3413 949 ex-

1844 1005 2022 1058 silium
2072 1000 2283 1071 negotia
2338 995 2627 1051 exhibebat
2673 994 2971 1058 Eustathio,
3019 989 3411 1045 numerandum

1846 1096 1900 1146 in
1955 1095 2142 1163 primis
2178 1108 2297 1146 esse
2345 1097 2589 1143 sanctum
2629 1085 2911 1139 Eusebium
2954 1085 3410 1142 Samosatensem,

1846 1187 1935 1253 qui
1990 1184 2238 1237 columen
2305 1190 2422 1235 erat
2474 1175 2855 1231 Ecclesiarum.
2907 1176 3082 1240 Quare
3131 1171 3245 1225 haec
3302 1170 3415 1235 epi-

1848 1274 1982 1328 stola
2026 1288 2127 1325 non
2159 1274 2323 1325 multo
2369 1283 2485 1340 post
2528 1268 2648 1335 ejus
2697 1263 2946 1316 exsilium
2991 1263 3202 1316 videtur
3254 1257 3417 1314 collo-

1848 1364 2039 1420 cauda.

1918 1454 2035 1511 Non
2076 1454 2228 1521 longe
2266 1450 2333 1503 ab
2358 1450 2543 1503 eodem
2569 1458 2810 1518 tempore
2846 1441 3163 1498 removenda
3189 1441 3415 1509 epistola

1850 1547 1917 1601 ad
1944 1547 2281 1600 Theodotum
2313 1540 2516 1594 Beroea:
2545 1542 2849 1607 episcopum
2888 1535 2978 1608 (e).
3026 1533 3236 1587 Nullum
3272 1531 3417 1585 enim

1851 1638 2110 1693 indicium
2151 1636 2313 1689 habet
2363 1633 2772 1704 persecutionis,
2829 1645 2991 1702 quam
3058 1626 3312 1693 deinceps
3366 1623 3418 1676 in

1857 1732 2092 1786 Ecclesia
2143 1727 2417 1783 Bermeusi
2463 1726 2752 1780 excitatam
2802 1723 3121 1776 videbimus.
3177 1716 3244 1771 Et
3299 1730 3421 1769 cum

1853 1821 2080 1894 Basilius
2141 1823 2193 1875 in
2253 1817 2530 1889 epistolis,
2601 1829 2739 1884 quas
2801 1813 3015 1880 scripsit
3074 1824 3213 1864 anno
3279 1807 3422 1869 575.

182 1936 295 1982 erat
323 1943 430 1997 quo
463 1927 515 1979 in
551 1901 691 1981 statu
721 1928 1008 1983 Eusebium
1038 1928 1345 1996 reliquisset
1367 1938 1543 1998 etquo
1570 1928 1752 1981 auimo
1783 1904 1825 1959 Β
1858 1924 1968 1967 ιυ¹“
2007 1915 2173 1973 εῖετυο
2227 1922 2336 1965 lum
2373 1909 2568 1980 Ρορυιο
2605 1907 2848 1974 eiu-idem
2890 1902 3169 1965 Εεειθδίίει
3225 1901 3423 1955 "unam

182 2031 451 2072 erumnas
479 2017 760 2073 ferentem.

254 2113 429 2176 Supra
453 2111 749 2180 Gregorius
776 2111 1149 2171 Nazianzenus
1191 2116 1405 2171 dicebat
1431 2114 1660 2171 Eusebio
1700 2114 1753 2167 in

185 2200 405 2270 epistola
441 2201 599 2268 paulo
625 2200 871 2273 postejus
895 2207 1181 2260 adventum
1216 2206 1266 2259 in
1295 2206 1578 2259 Thraciam
1617 2206 1756 2258 scri-

186 2303 268 2361 pta
308 2311 323 2347 :
376 2292 587 2347 Habent
639 2294 738 2349 alii
783 2310 1016 2351 nostrum
1057 2296 1281 2363 fortasse
1320 2296 1613 2350 thronum:
1665 2311 1757 2347 nos

190 2383 471 2441 Christum.
513 2384 631 2441 Jam
670 2397 779 2442 tum
831 2402 962 2455 ergo
1010 2386 1248 2457 suspicio
1277 2396 1396 2441 erat
1436 2386 1668 2455 aliquem
1706 2388 1759 2440 in

190 2477 356 2534 locum
409 2481 584 2534 sancti
622 2479 835 2533 Eusebii
894 2479 1157 2533 introsum
1216 2478 1404 2545 fuisse,
1432 2482 1571 2550 quod
1601 2494 1761 2548 argu-

195 2580 370 2624 mento
409 2580 491 2623 est
526 2584 639 2622 rem
666 2568 755 2621 diu
780 2584 883 2622 non
924 2567 1092 2625 fuisse
1126 2569 1385 2637 dilatam;
1418 2585 1592 2639 neque
1616 2570 1761 2623 enim

193 2661 271 2713 his
306 2662 358 2713 in
415 2659 578 2713 rebus
625 2659 753 2713 lenti
806 2669 965 2714 erant
997 2662 1205 2715 Ariani.
1247 2661 1367 2716 Cito
1414 2676 1507 2714 eos
1553 2661 1762 2715 facinus

194 2765 477 2819 aggressos
509 2764 629 2804 esse
686 2750 885 2805 indicat
930 2751 1298 2807 Tbeodoretus
1330 2751 1427 2822 (b),
1456 2754 1545 2821 qui
1578 2753 1655 2805 sic
1687 2752 1765 2804 lo-

191 2846 403 2909 quitur:
431 2841 564 2895 Cum
580 2843 765 2894 Ariani
790 2852 901 2909 post
922 2844 1219 2912 ademptum
1241 2846 1382 2914 gregi
1405 2844 1654 2897 eximium
1673 2858 1766 2909 pa-

192 2944 397 2997 :torcm,
437 2935 553 3000 ejus
590 2933 707 2987 loco
750 2935 911 2987 alium
948 2935 1367 2995 substituissent,
1419 2949 1567 2986 nemo
1596 2948 1660 2985 ex
1687 2932 1768 2983 in-

194 3026 317 3079 colis
344 3027 599 3093 ciuitatis,
631 3043 734 3079 non
759 3043 975 3097 pauper,
1006 3043 1107 3080 non
1127 3029 1288 3092 dives,
1314 3043 1414 3079 non
1449 3041 1768 3087 servus,uon

196 3118 391 3187 opifex,
434 3136 537 3172 non
578 3120 830 3186 agricola,
879 3136 981 3171 non
1022 3118 1353 3183 hortulanus,
1393 3133 1493 3167 non
1537 3117 1634 3179 vir,
1666 3132 1769 3168 non

197 3210 412 3275 femina,
442 3224 551 3261 non
581 3208 903 3270 adolescens,
946 3226 1045 3261 non
1081 3222 1260 3269 senex,
1292 3218 1566 3259 conventus
1598 3206 1759 3259 eccle-
1792 3243 1842 3305 Ο

198 3298 431 3349 siasticos
478 3312 545 3347 ex
585 3311 726 3348 more
765 3294 1130 3365 frequentauit.
1170 3294 1325 3350 Solus
1376 3296 1486 3362 ipse
1528 3295 1765 3366 degebat,

196 3400 310 3437 cum
341 3401 493 3438 nemo
525 3400 641 3437 eum
669 3385 859 3451 videre,
890 3401 1036 3439 nemo
1066 3384 1263 3454 alloqui
1297 3386 1466 3439 vellet.

264 3477 345 3529 Ad
376 3477 524 3530 hunc
548 3490 679 3545 ergo
714 3492 908 3529 annum
943 3476 1239 3531 referenda:
1267 3477 1384 3531 duze
1412 3477 1647 3545 epistolae
1671 3477 1769 3549 (c),

199 3578 330 3632 quas
366 3563 603 3619 Basilius
637 3564 848 3618 videtur
876 3566 1181 3635 scripsisse,
1216 3578 1500 3635 postquam
1542 3567 1609 3621 ad
1650 3581 1770 3621 eum

200 3660 263 3710 de
288 3654 515 3709 miriﬁca
544 3655 677 3711 eleri
708 3672 771 3709 ac
802 3656 977 3724 populi
1004 3657 1305 3711 constantia
1336 3657 1556 3711 allatum
1579 3668 1682 3713 est.
1715 3658 1773 3714 In

203 3750 370 3817 prima
408 3750 600 3803 beatos
634 3750 887 3818 pmdicat
918 3751 1283 3820 presbyteros.
1317 3753 1460 3820 quod
1499 3754 1565 3804 ad
1613 3753 1770 3807 talem

202 3841 515 3894 certaminis
571 3855 875 3894 mensuram
922 3843 1165 3909 perducti
1195 3841 1418 3907 fuerint,
1470 3857 1631 3911 quam
1655 3845 1774 3913 qui-

201 3930 318 3985 dem
357 3938 618 4000 precatur
646 3939 708 3981 ut
747 3929 841 3983 Dei
882 3932 1019 3984 dono
1064 3932 1330 3998 patienter
1358 3932 1671 3988 decurrant.
1716 3932 1774 3986 ln

202 4018 368 4073 altera
392 4018 609 4072 senatui
639 4016 1004 4072 Samosatensi
1028 4018 1352 4086 gratulatur,
1371 4022 1513 4089 quod
1536 4037 1657 4076 cum
1681 4039 1779 4093 per

208 4121 376 4165 toturn
412 4110 606 4165 orbem
630 4109 933 4179 persecutio
953 4109 1145 4164 diﬂ'usa
1185 4111 1278 4176 sit,
1306 4126 1370 4165 ac
1395 4112 1644 4168 maxima:
1677 4114 1777 4186 Sy-

205 4208 297 4262 ria:
322 4206 487 4261 urbes
512 4204 701 4261 eadem
732 4220 797 4259 ac
825 4205 925 4275 ipsi
956 4204 1092 4259 mala
1120 4214 1356 4275 experta:
1390 4205 1610 4274 iuerint,
1662 4210 1780 4263 nul-

205 4300 293 4353 libi
324 4308 511 4354 tamen
544 4298 681 4353 adeo
702 4308 975 4366 spectatus
997 4301 1066 4353 sit
1089 4308 1329 4366 senatus,
1369 4315 1434 4357 ac
1460 4302 1617 4357 bonis
1646 4318 1776 4373 ope-

206 4392 354 4446 ribus
388 4391 596 4453 clarus,
622 4398 682 4442 ut
708 4388 1122 4447 Samosatensis.
1164 4391 1341 4456 Quare
1366 4408 1554 4460 parum
1589 4398 1777 4450 aberat

208 4484 331 4551 quin
357 4482 565 4554 gratias
584 4482 745 4536 etiam
768 4482 987 4536 haberet
1020 4483 1105 4536 his
1134 4499 1251 4552 quae
1277 4484 1415 4538 Deus
1441 4486 1552 4539 ﬂeri
1580 4490 1781 4557 permi-

1856 2019 2077 2075 prorsus
2122 2006 2441 2058 mentionem
2498 2000 2660 2055 iaciat
2700 1998 2955 2067 episcopi,
3013 1995 3065 2049 id
3111 2001 3427 2063 argumento

1855 2110 1940 2153 est
1998 2111 2121 2150 eum
2176 2096 2227 2147 in
2270 2110 2461 2164 magno
2497 2105 2724 2147 numero
2772 2087 3139 2142 conlessorum
3181 2080 3427 2137 exsulum

1859 2191 2043 2244 fuisse.
2074 2187 2255 2253 Quare
2284 2196 2410 2239 aute
2433 2185 2561 2239 illud
2593 2195 2806 2251 tempus
2832 2178 3142 2234 collocanda
3176 2178 3289 2229 haec
3315 2172 3430 2242 epi-

1861 2280 2019 2335 stola.

1932 2369 2065 2424 Cum
2093 2382 2232 2422 anno
2261 2366 2366 2422 373
2389 2365 2735 2433 Antipatrum
2769 2358 3128 2432 gubernacula
3154 2355 3433 2425 Cappado-

1863 2463 1960 2519 cite
2003 2471 2371 2533 capessentem
2422 2457 2748 2520 viderimus,
2789 2454 3011 2521 epistola
3053 2464 3284 2520 sequens
3324 2445 3392 2516 (Γ)
3416 2486 3429 2510 ,

1863 2570 1983 2625 quae
2014 2556 2079 2609 ad
2112 2570 2233 2609 eum
2256 2552 2454 2620 scripta
2485 2558 2587 2615 est,
2622 2561 2761 2601 anno
2790 2544 2894 2600 573
2922 2554 3013 2598 aut
3050 2545 3152 2597 574
3181 2541 3433 2596 collocari

1863 2650 2041 2703 debet.
2098 2646 2211 2700 Non
2264 2645 2380 2699 sine
2432 2643 2610 2711 lepore
2659 2636 2957 2710 gratulatur
3014 2632 3244 2686 Basilius
3291 2630 3434 2699 quod

1864 2738 2084 2793 crambe
2145 2745 2298 2790 aceto
2366 2736 2577 2788 condita
2639 2739 2862 2785 sanatus
2924 2732 3091 2789 esset,
3153 2737 3217 2775 ac
3284 2718 3435 2775 cibo-

1868 2847 1985 2884 rum
2056 2826 2419 2899 appeteutiam
2474 2832 2793 2890 reparasset.
2854 2816 3088 2889 Epistola
3160 2813 3260 2868 l8?
3327 2826 3436 2865 nor.

1866 2931 1951 2976 est
1999 2919 2201 2985 Basilii,
2257 2917 2353 2973 sed
2404 2916 2564 2969 breve
2623 2923 2679 2967 et
2738 2912 2987 2966 festivum
3046 2910 3285 2979 ejusdem
3324 2907 3439 2962 An-

1869 3014 2051 3084 tipatri
2104 3012 2171 3067 ad
2228 3007 2562 3080 superiorem
2612 3004 2891 3075 epistolam
2951 3015 3265 3071 responsum
3306 3012 3442 3053 cou-

1870 3105 2023 3158 tinet.

2430 3231 2654 3291 CAPUT
2694 3228 2883 3285 XXXI.

1877 3400 1920 3454 l.
1964 3399 2155 3454 Scribit
2172 3406 2382 3451 sanctus
2411 3393 2643 3447 Basilius
2677 3393 2903 3460 primam
2926 3385 3200 3460 epistolam
3231 3384 3445 3460 cenasti:

1948 3484 2083 3523 cam.
2126 3468 2185 3521 ll.
2219 3469 2368 3519 Circa
2403 3465 2538 3517 idem
2568 3453 2763 3528 tempus
2816 3453 3015 3528 scripta
3070 3455 3287 3524 epistola

1949 3522 2017 3592 ad
2051 3538 2411 3598 Eustathium,
2458 3550 2613 3599 quam
2646 3522 2829 3585 Basilii
2866 3522 2975 3583 esse
3005 3522 3313 3599 ostenditur.
3358 3522 3443 3575 lll.

1953 3608 2243 3675 Respondet
2278 3597 2637 3670 Amphilochia
2681 3599 3097 3675 de_restituendo
3145 3597 3446 3675 episcopatu

1952 3662 2248 3733 incivitate
2281 3662 2611 3729 Isaurorum.
2671 3672 2788 3739 Agit
2836 3671 2889 3721 in
2906 3662 3356 3739 eadem‘epistola.
3386 3663 3448 3715 de

1950 3732 2224 3819 cujusdam
2257 3746 2465 3819 Qeurgii
2496 3732 2738 3819 negotio;
2753 3740 2820 3792 ad
2847 3736 2985 3819 quod
3031 3732 3448 3819 refertur'etiam

1950 3802 2164 3888 epistola
2216 3818 2339 3888 I92.
2633 3811 2739 3888 alia
2782 3802 3000 3888 epistola
3039 3802 3154 3875 qua:
3195 3802 3451 3888 falsofa-

1964 3873 2213 3943 s'cribitur
2254 3881 2635 3953 Amphilochia.
2692 3878 2756 3933 V.
2806 3873 3068 3932 Basiliam
3124 3873 3451 3944 persequitur

1955 3958 2111 4012 Ponti
2143 3957 2387 4011 vicarius.

1958 4115 1997 4169 l.
2040 4113 2235 4168 Plenus
2278 4108 2553 4178 apostolici
2600 4106 2830 4162 fervoris
2864 4099 3289 4173 Amphilochius,
3328 4114 3447 4154 cum

1886 4207 2184 4264 Ecclesium
2228 4220 2379 4259 suam
2418 4202 2657 4257 moribus
2680 4212 2875 4253 ornare
2909 4206 2963 4251 et
3009 4195 3212 4250 sanctis
3243 4192 3452 4263 legibus

1887 4300 2176 4355 emendare
2215 4295 2545 4366 increpisset,
2596 4291 2851 4346 Basilium
2892 4288 3157 4344 consuluit
3212 4284 3455 4355 pluribus

1888 4395 1952 4448 de
1985 4394 2142 4448 rebus
2188 4394 2254 4443 ad
2281 4388 2619 4457 diaciplinam
2663 4382 3071 4455 pertinentibus.
3122 4378 3377 4433 Libenter
3403 4376 3469 4429 ei'

1889 4484 2161 4553 respondit
2185 4480 2416 4534 Basilius
2450 4478 2551 4549 (g),
2571 4491 2735 4545 seque
2761 4475 2957 4529 fatetur
2982 4470 3272 4540 plurimum
3310 4468 3455 4521 utili-

210 4586 374 4641 serat,
402 4578 605 4644 quippe
627 4588 746 4627 cum
777 4575 918 4642 quod
938 4588 1069 4626 auro
1093 4582 1174 4627 est
1194 4576 1459 4639 caminus,
1501 4578 1551 4631 id
1591 4595 1774 4635 eorum
1813 4604 1857 4656 ι)
1892 4581 2013 4634 tatis
2040 4574 2337 4645 percipere,
2377 4570 2589 4640 quoties
2616 4565 2974 4638 Amphilochii
3001 4564 3209 4617 litteras
3236 4560 3450 4629 accipit,

212 4669 393 4724 virtuti
421 4666 711 4723 calamitas
745 4664 926 4719 fuerit.
956 4662 1213 4718 Hortatur
1236 4666 1348 4732 jam
1390 4670 1678 4726 exantlatis
1708 4674 1787 4727 la-

213 4761 430 4815 boribus
480 4758 621 4812 alios
670 4756 922 4826 deinceps
968 4756 1159 4826 dignos
1199 4756 1474 4825 adﬁciant,
1527 4759 1606 4815 ita
1654 4772 1793 4821 utet

216 4853 530 4906 redeuntem
556 4848 844 4918 aliquando
865 4858 1136 4917 pastorem
1161 4849 1509 4906 circumstent
1532 4853 1621 4907 alii
1648 4855 1789 4912 aliud

218 4960 313 5011 pro
365 4944 610 4999 Ecclesia
658 4952 867 5012 gestum
928 4952 1213 4998 narrantes
1258 4952 1311 4996 et
1354 4944 1405 4997 in
1457 4962 1645 5017 magna
1688 4949 1792 5003 Do-

223 5035 345 5089 mini
394 5036 485 5091 die
529 5050 711 5105 parem
749 5042 895 5089 recte
922 5032 1080 5089 laetis
1117 5036 1417 5089 mercedem
1443 5050 1782 5106 consequan-

226 5135 325 5177 ιω.

288 5215 513 5270 Videtur
541 5213 854 5270 Eustathius
870 5214 946 5288 (ά)
966 5213 1270 5269 Himmeriaa
1296 5218 1351 5271 in
1372 5217 1647 5275 Osrhoena
1670 5217 1783 5287 epi-

228 5322 434 5375 scopus,
462 5308 587 5362 lldei
612 5322 839 5377 magnus
859 5309 1110 5362 defensor
1142 5307 1331 5375 fuisse,
1358 5319 1412 5365 et
1447 5310 1678 5366 Eusebio
1692 5325 1786 5365 ex-

229 5400 324 5453 suli
345 5398 603 5455 vicariam
627 5414 847 5468 operam
884 5415 1107 5456 navasse
1137 5403 1189 5456 in
1213 5404 1577 5458 sustentandis
1607 5402 1791 5457 Eccle-

232 5493 335 5547 siis.
360 5493 681 5561 Suspicatur
707 5493 849 5547 enim
874 5492 1104 5551 Basilius
1128 5509 1249 5549 eum
1279 5495 1479 5553 idcirco
1502 5496 1565 5551 ad
1586 5511 1641 5551 se
1668 5510 1790 5550 raro

294 5668 367 5747 ις’)
397 5668 493 5747 Ερ-
528 5665 680 5747 ¹⁸¹·.
786 5735 817 5747 ..

292 5735 360 5810 (ὁ)
393 5735 535 5793 Hist.
572 5735 877 5810 ecclesalib.
912 5753 985 5804 tv,
1012 5750 1061 5791 c.
1097 5735 1183 5791 l5.

292 5743 339 5810 (ὁ
393 5740 535 5793 Hist.
572 5740 755 5793 eccles.
786 5740 826 5789 li'

292 5740 360 5937 (ὀ
401 5811 498 5894 ἓν.
544 5808 671 5870 Ιὸἳ,
706 5808 826 5864 185.

291 5888 307 5957 (
345 5892 365 5958 )
407 5884 504 5953 Ep.
546 5878 672 5936 184.

1888 4669 2097 4736 sibique
2149 4663 2456 4733 magistram
2508 4656 2900 4729 quodammodo
2937 4653 3052 4708 lierl
3099 4651 3451 4721 respondendi

1888 4772 2073 4813 curam
2108 4772 2123 4807 :
2154 4765 2209 4810 et
2237 4762 2385 4807 certe
2414 4768 2532 4807 cum
2560 4751 2627 4804 de
2656 4748 2816 4802 rebus
2838 4746 2905 4800 ab
2934 4741 3301 4814 Amphilochio
3334 4756 3454 4811 pro.

1888 4851 2081 4920 positis
2116 4862 2385 4917 nunquam
2416 4854 2572 4899 antea
2601 4841 2865 4897 sollicitus
2893 4839 3017 4893 data
3054 4851 3212 4907 opera
3244 4835 3453 4901 luisset,

1887 4954 2129 4998 coactum
2162 4955 2283 4997 esse
2317 4940 2433 4995 illas
2457 4944 2711 4993 accurate
2739 4932 3106 4994 considerare,
3143 4940 3199 4984 et
3243 4929 3287 4983 si
3327 4926 3456 4997 quid

1892 5050 1921 5089 a
1956 5033 2255 5087 senioribus
2290 5030 2585 5097 didicisset,
2627 5024 2927 5087 recordari,
2956 5030 3114 5091 atque
3140 5034 3203 5073 ex
3236 5018 3301 5072 iis
3334 5030 3458 5084 qua:

1890 5129 2170 5190 didicerat,
2211 5123 2374 5176 multa
2420 5117 2789 5174 ratiocinando
2830 5114 3095 5185 colligere.
3142 5109 3278 5163 Tres
3310 5106 3456 5175 ejus-

1893 5219 2035 5274 modi
2081 5214 2335 5286 epistolas
2368 5214 2661 5268 canonicas
2688 5210 2966 5271 habemus,
3009 5205 3172 5258 variis
3198 5199 3458 5270 tempori-

1893 5313 1995 5366 bus
2023 5311 2159 5362 iutra
2187 5306 2319 5360 auni-
2339 5322 2442 5359 nou
2465 5304 2607 5373 pleni
2637 5302 2865 5372 spatium
2900 5296 3242 5367 compositas.
3280 5291 3456 5346 Prima

1897 5415 2036 5454 aiino
2070 5397 2175 5453 374
2205 5406 2436 5451 exeunte
2471 5395 2689 5462 scripta.
2723 5391 2856 5445 Nam
2882 5388 3137 5451 secunda,
3177 5398 3294 5455 quae
3324 5382 3457 5436 satis

1897 5494 2055 5559 longo
2116 5498 2236 5558 post
2288 5490 2512 5555 primam
2572 5483 2852 5542 intervallo
2904 5482 3066 5536 missa
3129 5486 3228 5543 est,
3298 5474 3458 5545 paulo

1964 5666 2035 5802 lii
2076 5665 2176 5802 Eli:
2206 5664 2327 5787 ἓξὲξ

1970 5736 2325 5878 as-
