4214 6510
747 417 909 461 εκιιν

2095 410 2622 467 PROLEGOMENA.

746 519 1082 587 postl’ascha
1119 523 1239 577 anui
1268 523 1371 579 575
1400 525 1559 579 missa
1593 526 1711 590 fuit,
1741 528 1973 582 ntmodo
2002 531 2315 586 videbimus.
2352 536 2392 591 Α
2428 531 2567 582 nitas
2627 529 2676 583 in
2721 528 3141 583 controversiam
3199 528 3265 583 ab
3315 527 3491 597 impiis
3534 527 3804 587 haereticis
3839 542 3994 584 voca-

819 609 881 664 ll.
917 614 1071 667 Anno
1094 612 1197 668 574
1229 625 1460 671 exeunte
1486 618 1683 686 scripta
1717 620 1930 672 videtur
1970 620 2192 689 epistola
2218 620 2318 674 189

747 704 811 756 ad
848 703 1186 759 Eustatliium
1218 708 1575 762 archiatrum.
1609 712 1655 765 Is
1681 711 1809 764 artis
1841 726 1954 767 sua:
2001 711 2317 766 beneﬁcium

746 811 1032 865 corporum
1062 800 1266 856 morbis
1303 818 1407 857 non
1435 802 1724 859 definiebat
1756 819 1769 856 :
1802 809 1943 874 quod
1977 807 2187 876 quidem
2222 806 2321 860 Ba-

746 887 901 942 silius
926 903 1034 941 non
1061 888 1234 944 solum
1261 893 1631 948 consentiente
1656 892 2007 960 plurimorum
2037 895 2197 960 fama,
2226 897 2319 952 sed

748 980 909 1033 etiam
938 996 1033 1035 sua
1068 982 1235 1051 ipsius
1274 986 1603 1054 experientia
1630 1002 1752 1040 cmn
1789 1004 1930 1057 stepe
1963 988 2092 1041 alias
2126 989 2321 1044 didice-

751 1077 853 1133 rat,
910 1078 1020 1124 tum
1069 1074 1301 1127 maxime
1340 1075 1391 1128 in
1433 1090 1642 1130 summo
1685 1078 1887 1143 dolore,
1935 1092 2092 1147 quem
2135 1079 2183 1132 ei
2216 1095 2320 1134 non

748 1162 1068 1233 cnarrahilis
1128 1164 1467 1221 inimicorum
1526 1170 1762 1239 nequitia
1826 1172 2093 1226 inurehat.
2158 1171 2319 1228 Gravi

749 1250 889 1305 enim
918 1253 1098 1308 cordis
1118 1254 1341 1311 vulnere
1368 1256 1753 1314 inﬂammatum
1778 1259 2087 1315 Eustathius
2128 1261 2321 1319 infusis

752 1342 1133 1400 consolationis
1168 1348 1345 1402 verbis
1370 1348 1643 1418 demulsit,
1686 1361 1739 1405 et
1790 1360 1969 1407 tacere
1998 1353 2216 1421 volenti,
2258 1370 2323 1408 ac

753 1432 892 1485 mala
922 1433 1138 1489 silentio
1173 1436 1433 1504 perferre.
1468 1438 1634 1493 multo
1655 1438 1823 1493 satius
1846 1454 1963 1494 esse
1984 1440 2323 1494 demonstra-

753 1525 830 1576 vit
864 1525 1143 1580 veritatem
1176 1543 1278 1580 non
1322 1529 1571 1597 prodere,
1612 1529 1704 1583 sed
1751 1531 2112 1600 sycophantas
2140 1532 2323 1586 redar-

752 1632 939 1685 guere,
978 1635 1047 1673 ne
1078 1619 1257 1689 plures
1288 1621 1550 1677 la-dantur
1587 1624 1856 1692 prosperis
1899 1625 2160 1679 mendacii
2191 1641 2321 1681 con-

754 1720 833 1763 tra
866 1711 1149 1767 veritatem
1181 1716 1539 1771 successibus.
1583 1713 1654 1769 Ut
1692 1715 1847 1783 lupus
1894 1730 2013 1769 cum
2067 1731 2205 1784 agno
2251 1716 2323 1769 ita

753 1814 874 1856 cum
897 1800 1096 1859 Basilio
1121 1805 1321 1860 inimici
1354 1806 1723 1873 decertabant,
1760 1822 1902 1864 nunc
1936 1809 2038 1862 hoc
2082 1822 2224 1861 nunc
2256 1808 2318 1861 il-

2428 622 2603 675 batur.

2494 709 2610 763 Jatn
2664 726 2792 765 vero
2845 712 2889 766 si
2947 710 3201 767 adversus
3229 712 3748 769 Pneumatomachos
3796 712 3992 781 scripta

2428 807 2539 860 tunc
2568 803 2825 873 epistola;
2882 815 3007 860 tunc
3036 815 3185 859 certe
3216 808 3416 875 scripta
3444 814 3548 872 est,
3590 819 3711 858 cum
3764 807 3995 863 Basilius

2425 897 2705 955 consilium
2732 900 2873 966 cepit
2901 897 3170 953 scribendi
3194 898 3257 950 de
3282 896 3341 952 S.
3366 898 3591 968 Spiritu,
3616 899 3756 964 quod
3776 902 3993 968 quidem

2428 992 2570 1060 cepit
2596 1004 2737 1043 anno
2763 990 2885 1057 574,
2930 999 3050 1060 post
3090 987 3285 1043 festum
3318 992 3457 1045 diem
3499 991 3558 1048 S.
3599 989 3907 1059 Eupsychii,
3938 1002 3997 1046 ut

2428 1086 2589 1139 modo
2624 1084 2877 1138 vidimus.
2908 1082 3365 1149 Quemadmodum
3395 1083 3536 1137 enim
3569 1084 3621 1138 in
3648 1083 3744 1137 hac
3769 1084 3993 1149 cpistola

2425 1174 2663 1228 declarat
2692 1172 2922 1227 Basilius
2946 1189 3005 1228 se
3038 1184 3216 1227 tacere
3251 1180 3308 1225 et
3344 1172 3479 1225 mala
3510 1174 3727 1228 silentio
3756 1173 3996 1241 perferre

2423 1265 2589 1319 satius
2613 1265 2977 1327 existimasse,
3004 1266 3096 1319 sed
3131 1264 3198 1318 ab
3228 1261 3511 1317 Eustathio
3537 1266 3601 1316 ad
3630 1262 3993 1320 defensionem

2422 1358 2663 1411 veritatis
2687 1364 3029 1420 revocatum;
3084 1357 3164 1410 sic
3208 1354 3369 1409 etiam
3412 1353 3465 1408 in
3505 1352 3641 1408 libro
3686 1356 3761 1409 De
3790 1353 3996 1421 Spiritu

2422 1460 2600 1502 sancto
2636 1451 2714 1519 (ιι.
2757 1446 2823 1501 78
2855 1446 3043 1515 et79),
3088 1455 3314 1501 testatur
3349 1460 3407 1500 se
3456 1455 3633 1499 tacere
3681 1446 3849 1501 satius
3892 1446 3995 1498 du-

2424 1539 2588 1603 xisse,
2637 1538 2729 1592 sed
2793 1536 3080 1601 charitate,
3138 1550 3255 1605 qua:
3314 1551 3419 1589 non
3478 1535 3669 1607 quaerit
3714 1552 3834 1604 quae
3899 1552 3993 1590 sua

2426 1641 2552 1683 sunt
2588 1628 2638 1700 (1
2663 1628 2785 1682 Cor.
2817 1643 2934 1691 xui,
2967 1626 3043 1699 5),
3109 1637 3395 1682 retractum
3443 1628 3627 1683 fuisse.
3680 1628 3815 1682 Cum
3867 1644 3996 1696 ergo

2424 1731 2709 1787 utrumque
2726 1718 2980 1786 scriptum
2995 1758 3007 1778 ,
3033 1733 3221 1788 nempe
3240 1716 3517 1786 epistolam
3543 1718 3608 1772 ad
3630 1716 3992 1781 Eustathium,

2423 1822 2477 1863 et
2499 1809 2689 1863 librum
2722 1807 2801 1862 De
2818 1806 3021 1875 Spiritu
3048 1818 3230 1861 sancto
3261 1807 3502 1864 voluntas
3534 1810 3739 1865 tacendi
3766 1822 3996 1877 praeces-

755 1893 843 1947 lttd
873 1895 1197 1952 incusantes.
1233 1896 1366 1953 Tres
1392 1900 1521 1955 deos
1545 1899 1867 1972 attingebant
1902 1920 1914 1955 :
1944 1902 2111 1957 fracto
2130 1910 2183 1956 et
2201 1917 2326 1958 con-
2356 1896 2396 1951 Β
2425 1900 2576 1963 serit,
2627 1916 2847 1956 necesse
2885 1912 2965 1956 est
3013 1913 3065 1955 ut
3098 1903 3284 1955 eodem
3315 1910 3555 1971 tempore
3607 1915 3660 1957 et
3707 1901 3993 1972 epistolam

754 1987 896 2041 victo
950 1987 1052 2041 hoc
1109 1990 1411 2059 mendacio,
1474 1994 1527 2047 in
1580 2004 1828 2064 promptu
1868 2004 1983 2048 erat
2030 1996 2318 2054 Sabellius.

753 2076 880 2130 Inde
906 2080 1107 2147 pariter
1142 2083 1332 2151 dejecti
1378 2086 1667 2142 novitatem
1708 2086 2052 2151 objiciebant.
2083 2103 2147 2142 eo
2180 2091 2321 2160 quod

753 2186 914 2224 unam
976 2172 1027 2226 in
1062 2174 1233 2229 tribus
1262 2178 1506 2245 personis
1556 2178 1890 2233 divinitatem
1950 2178 2177 2235 Basilius
2230 2183 2323 2237 do.

752 2273 917 2317 ceret.
986 2262 1315 2319 Postremam
1378 2268 1517 2321 hanc
1581 2269 2014 2325 criminationem
2072 2286 2174 2326 non
2240 2272 2324 2327 inv

752 2353 1021 2408 ticiatione
1082 2354 1312 2411 Basilius
1366 2358 1581 2424 refellit,
1629 2363 1722 2415 sed
1762 2361 2178 2418 demonstrando
2207 2363 2325 2432 Spi-

753 2446 914 2500 ritum
944 2456 1185 2502 sanctum
1227 2450 1278 2503 in
1310 2450 1561 2505 omnibus
1595 2449 1739 2505 Patri
1774 2463 1830 2506 et
1863 2453 1999 2509 Filio
2030 2453 2323 2524 adjungen-

754 2541 902 2596 dum.

825 2631 973 2688 llaoc
1016 2636 1295 2703 epistolam
1337 2635 1710 2691 Tillcmontius
1749 2637 1973 2691 collocat
2013 2638 2079 2691 ad
2128 2653 2325 2693 annum

752 2724 880 2790 376,
904 2737 955 2781 et
980 2739 1164 2782 contra
1188 2727 1531 2782 Eustathium
1556 2726 1905 2784 Sebastenum
1932 2730 2188 2801 scriptam
2217 2732 2328 2785 exi-

754 2817 958 2871 stimat.
1006 2816 1111 2872 Sed
1150 2826 1327 2873 tamen
1364 2819 1545 2890 dispar
1578 2820 1797 2873 omnino
1823 2836 1886 2874 ac
1926 2822 2157 2875 discolor
2183 2822 2329 2875 vide-

754 2916 842 2962 tur
880 2907 945 2963 iis
983 2924 1101 2977 qua:
1132 2910 1391 2965 adversus
1427 2912 1762 2966 Eustathium
1803 2914 2019 2981 scripta:
2046 2923 2170 2967 sunt
2208 2932 2220 2966 :
2264 2927 2331 2967 ne

754 3001 976 3057 verbum
1003 3001 1217 3071 quidem
1262 3003 1426 3057 ullum
1472 3004 1539 3057 de
1567 3002 1884 3070 Eustathio;
1919 3004 2053 3058 nihil
2094 3006 2159 3059 de
2191 3005 2330 3059 illius

757 3094 811 3146 in
842 3094 947 3149 fide
986 3094 1365 3161 inconstantia,
1410 3095 1542 3150 nihil
1582 3096 1646 3151 de
1687 3097 1895 3151 violata:
1936 3098 2183 3153 amicitia:
2216 3112 2331 3153 sce-

756 3183 871 3237 lere
900 3201 915 3239 :
946 3185 1075 3239 nihil
1104 3201 1205 3240 non
1239 3197 1657 3242 consentaneum
1689 3188 1924 3254 silentio,
1945 3190 2085 3259 quod
2104 3191 2327 3245 Basilius

754 3290 852 3345 per
880 3284 988 3331 tres
1009 3292 1178 3331 annos
1201 3279 1451 3331 maximis
1481 3280 1547 3332 ab
1568 3279 1850 3335 Eustathio
1888 3292 2204 3349 provocatus
2248 3284 2327 3334 in-

754 3365 914 3435 juriis
962 3369 1214 3421 servavit.
1261 3367 1437 3433 Quare
1481 3382 1585 3421 non
1622 3368 1710 3421 alii
1753 3370 1856 3424 hoc
1899 3370 2016 3425 loco
2054 3369 2323 3437 quaerendi

757 3458 1073 3523 adversarii,
1104 3474 1265 3529 quam
1299 3461 1594 3528 generatim
1625 3460 2103 3517 Pneumatomachi
2140 3475 2153 3511 :
2192 3474 2326 3528 quos

756 3548 991 3606 Basilius
1016 3550 1279 3606 Eustathii
1312 3554 1513 3607 monitu
1542 3554 1853 3622 impugnare
1893 3553 2105 3617 statuit,
2134 3567 2326 3621 quam-

756 3642 840 3694 vis
888 3641 1103 3697 interim
1154 3647 1218 3698 de
1252 3644 1476 3713 privatis
1516 3644 1783 3699 Eustathii
1815 3644 2094 3698 SebaSIeni
2126 3644 2329 3697 calum-

760 3735 866 3788 niis
916 3745 1135 3790 Iaeeret.
1204 3736 1386 3807 Neque
1445 3739 1587 3793 enim
1648 3753 1677 3791 a
1738 3737 1851 3793 solo
1910 3736 2189 3790 Eustathio
2244 3751 2328 3789 res

761 3825 996 3881 molestae
1017 3827 1214 3883 Basilio
1230 3835 1539 3889 acciderunt
1560 3851 1574 3886 :
1594 3842 1825 3901 quantus
1846 3830 1897 3883 in
1922 3846 2041 3884 eum
2067 3830 2331 3884 exs‘iterit

761 3917 1373 3977 l‘itenmatomacliorum
1434 3925 1606 3985 furor,
1655 3938 1815 3992 quam
1847 3922 2166 3989 inexpiabile
2208 3937 2328 3973 cum

763 4012 843 4066 eis
868 4012 1063 4067 bellum
1091 4013 1357 4077 habuerit,
1385 4014 1613 4083 perspici
1649 4024 1827 4082 potest
1852 4030 1916 4069 ex
1944 4015 2100 4083 epist.
2122 4014 2249 4081 215,
2278 4025 2333 4067 et

761 4117 829 4156 ex
857 4105 993 4161 libro
1019 4104 1094 4161 De
1123 4105 1326 4175 Spiritu
1360 4116 1561 4170 sancto,
1596 4122 1649 4158 ιι.
1673 4106 1760 4169 15,
1789 4104 1880 4169 25,
1908 4106 1995 4171 54,
2030 4105 2118 4171 52,
2146 4106 2236 4170 60,
2260 4108 2329 4159 69

761 4204 816 4248 et
844 4195 931 4251 75.
968 4194 1077 4251 Nec
1108 4198 1326 4259 mirum,
1355 4198 1397 4251 si
1424 4212 1543 4251 cum
1575 4196 1697 4265 lupo
1726 4196 1775 4248 in
1818 4195 1917 4249 hac
1946 4197 2165 4263 epistola
2195 4213 2333 4249 com-

762 4295 1039 4355 parantur,
1074 4287 1166 4356 qui
1204 4302 1324 4341 cum
1347 4287 1469 4356 jure
1496 4288 1823 4349 vinceretur,
1864 4286 2111 4339 dentibus
2146 4288 2327 4340 vince-

762 4379 881 4434 bat.
906 4378 970 4433 Hi
998 4378 1052 4433 in
1080 4377 1336 4432 Basiliam
1367 4380 1776 4434 insurrexerunt
1816 4378 1915 4432 hoc
1944 4393 2081 4431 anno
2096 4378 2219 4440 374.
2250 4379 2331 4433 alie

765 4471 904 4526 festo
929 4470 1102 4526 sancti
1130 4469 1439 4539 Eupsychii,
1474 4484 1539 4523 eo
1560 4470 1700 4539 quod
1727 4472 1776 4524 in
1802 4470 2049 4539 precibus
2070 4468 2328 4538 Spiritum

766 4573 1012 4617 sanctum
1056 4577 1178 4617 cum
1222 4561 1379 4615 Patre
1419 4570 1473 4615 et
1510 4560 1652 4615 Filio'
1676 4561 1999 4629 glorificaret
2031 4561 2132 4633 (a),
2160 4577 2224 4615 ac
2260 4563 2329 4615 ita

765 4669 886 4710 sese
908 4658 976 4709 ab
1006 4670 1072 4711 eo
1100 4654 1468 4719 absciderunt,
1495 4662 1552 4708 ut
1582 4669 1769 4709 eorum
1803 4654 1893 4709 alii
1923 4656 1972 4707 in
1998 4655 2175 4709 aulam
2205 4672 2327 4724 pro-

767 4752 1161 4815 ficiscerentur,
1187 4750 1274 4804 alii
1304 4758 1663 4811 remanerent,
1691 4762 1961 4800 rumorem
1998 4746 2119 4802 inde
2147 4763 2330 4817 exSpe-

767 4855 999 4903 ctantes.
1040 4843 1347 4909 Quinetiam
1376 4856 1471 4911 per
1495 4848 1662 4895 totam
1690 4838 1921 4893 hiemem
1948 4840 2159 4907 negotia
2187 4840 2231 4892 ei
2262 4839 2333 4892 fa-

767 4951 981 4993 cessere
1012 4950 1118 4991 non
1144 4935 1442 4989 desierunt.
1478 4932 1591 4988 Non
1619 4932 1758 4987 enim
1795 4930 1930 4984 alios
1956 4932 2202 5001 designat
2232 4931 2335 4983 Πάν

772 5030 923 5084 silius
945 5028 997 5081 in
1024 5028 1180 5097 epist.
1202 5026 1326 5088 197,
1357 5040 1478 5079 cum
1506 5024 1884 5091 occupationes
1910 5022 2010 5075 sibi
2040 5036 2133 5090 per
2163 5031 2328 5077 totam

771 5099 1019 5181 hiemem,
1068 5129 1178 5171 tum
1219 5132 1283 5171 ex
1326 5117 1555 5184 negotiis
1582 5114 1985 5176 ecclesiasticis,
2034 5122 2143 5166 tum
2179 5115 2247 5167 ab
2272 5115 2337 5168 iis

768 5210 859 5277 qui
898 5207 1149 5263 Ecclesiis
1178 5214 1391 5267 nocent,
1426 5204 1698 5258 exhibitas
1737 5202 1901 5257 fuisse
1939 5212 2182 5257 testatur.
2217 5205 2332 5259 Neu

766 5315 899 5368 ergo
934 5297 1267 5352 Eustathium
1293 5298 1423 5363 petit
1464 5295 1579 5349 haec
1620 5295 1868 5363 epistola,
1921 5296 2024 5349 nisi
2076 5304 2338 5365 quatenus

770 5406 892 5443 cum
922 5387 1444 5449 Pneumatomachis,
1472 5386 1571 5439 etsi
1595 5388 1826 5450 occulte,
1854 5387 2169 5455 conjunctus
2194 5397 2329 5441 erat.

774 5481 887 5533 Huc
939 5482 1148 5533 accedit
1201 5480 1315 5542 ipsa
1362 5480 1622 5547 dogmatis
1671 5478 2031 5545 pertractandi
2080 5478 2235 5534 ratio.
2279 5478 2334 5533 In

771 5572 1048 5641 probanda
1071 5571 1212 5622 enim
1241 5569 1359 5622 Filii
1390 5569 1688 5631 divinitate,
1718 5578 1899 5636 utpote
1924 5569 1991 5623 ab
2015 5562 2339 5623 abversariis

772 5677 1028 5715 concessa
1053 5675 1156 5715 non
1177 5662 1491 5715 immoratur
1520 5658 1762 5714 Basilius.
1792 5658 1913 5713 Sola
1946 5659 2177 5730 Spiritus
2211 5661 2338 5714 divi.

850 5849 922 5917 (a)
966 5848 1057 5916 Ep.
1094 5846 1207 5899 190.

2422 2001 2694 2047 exaratam
2743 2004 2797 2047 et
2834 1994 3117 2047 consilium
3163 1996 3227 2047 de
3254 1994 3457 2064 Spiritu
3490 2006 3680 2051 sancto
3723 1995 3994 2050 scribendi

2422 2095 2730 2154 susceptum
2767 2088 3027 2142 dicamus.
3056 2085 3237 2154 Neque
3259 2088 3400 2141 enim
3428 2086 3681 2142 Basilium
3710 2103 3740 2143 a
3777 2088 3997 2144 silentio

2425 2180 2740 2235 retraxisset
2786 2178 3117 2243 Eustathius,
3169 2179 3212 2232 si
3252 2179 3365 2248 jam
3408 2180 3767 2249 Amphilochii
3804 2191 3995 2252 rogatu

2423 2270 2617 2340 Stylum
2669 2273 2734 2324 ad
2783 2271 3103 2327 refellendos
3162 2268 3681 2325 Pneumatomachos
3738 2272 3993 2345 acuisset.

2427 2363 2532 2418 Sed
2567 2372 2793 2434 uterque
2831 2366 2882 2418 in
2923 2364 3124 2419 Basilio
3153 2362 3417 2418 ﬂectendo
3441 2374 3659 2431 operam
3692 2364 3993 2431 conjunxit,

2426 2472 2524 2511 nec
2544 2456 2751 2511 videtur
2772 2456 3100 2523 Eustathius,
3127 2457 3251 2510 dum
3280 2454 3532 2510 Basilium
3557 2452 3622 2507 ad
3647 2454 3993 2509 scribendum

2426 2548 2697 2611 hortatur,
2742 2561 2845 2599 una
2877 2546 3051 2614 aliqua
3084 2547 3307 2615 epistola
3344 2555 3632 2602 contentus
3666 2543 3855 2610 fuisse,
3900 2547 3997 2599 sed

2429 2655 2679 2710 magnum
2727 2639 2943 2709 aliquod
2982 2653 3117 2706 opus
3154 2640 3223 2692 ab
3257 2655 3322 2693 eo
3358 2639 3677 2709 postulasse.
3730 2638 3821 2693 Sic
3851 2639 3995 2691 enim

2428 2746 2547 2787 eum
2583 2731 2875 2800 alloquitur
2906 2729 3170 2785 Basilius:
3214 2728 3290 2782 Tu
3320 2746 3436 2782 vero
3467 2742 3604 2783 recte
3630 2730 3821 2799 fecisti,
3858 2732 3998 2801 quod

2427 2826 2662 2875 hortatus
2683 2838 2758 2885 es,
2806 2830 2863 2873 ut
2887 2838 2949 2875 ne
2969 2822 3236 2874 veritatem
3266 2821 3558 2887 proderem,
3598 2821 3688 2874 sed
3718 2823 3999 2890 redargue-

2428 2930 2534 2967 rem
2569 2913 2937 2983 sycophantas,
2972 2928 3034 2964 ne
3064 2911 3236 2979 plures
3258 2910 3542 2975 ltrdantttr,
3567 2928 3839 2980 prosperos
3865 2927 4001 2963 men-

2428 3005 2579 3058 dacio
2608 3014 2789 3059 contra
2808 3004 3069 3057 veritatem
3096 3009 3368 3055 successus
3394 3001 3637 3056 habente.

2501 3093 2616 3149 Non
2662 3092 3111 3149 dissimulandum
3143 3102 3225 3147 est
3272 3091 3410 3146 hanc
3453 3092 3732 3161 epistolam
3781 3097 3999 3144 exstare

2431 3168 2570 3239 inter
2587 3198 2747 3253 opera
2772 3184 2941 3237 sancti
2977 3180 3220 3252 Gregorii
3257 3178 3508 3250 Nysseni,
3549 3182 3708 3248 eique
3748 3178 3999 3241 attribui,

2433 3276 2651 3329 utillius
2678 3274 2817 3344 stylo
2840 3276 3006 3342 magis
3035 3283 3474 3339 consentaneam,
3505 3274 3556 3325 in
3581 3270 3811 3339 quodam
3839 3271 4003 3324 scho-

2434 3372 2521 3435 lio,
2560 3370 2698 3439 quod
2729 3387 2758 3422 e
2783 3384 2884 3425 ms.
2915 3369 3100 3422 codice
3126 3376 3335 3421 erutum
3368 3368 3418 3421 in
3448 3367 3597 3421 Notis
3623 3368 3998 3436 apposuimus.

2433 3462 2701 3531 Scriptam
2736 3459 2953 3528 conjicit
2977 3458 3332 3513 Combetisius
3362 3472 3390 3510 a
3416 3458 3676 3527 Gregorio
3705 3468 3830 3527 post
3860 3474 4003 3513 mor-

2432 3566 2537 3608 tem
2572 3554 2774 3609 Basilii.
2825 3553 2929 3607 Sed
2973 3553 3018 3607 si
3058 3550 3300 3620 Gregorii
3331 3559 3433 3615 est,
3476 3550 3637 3606 scribi
3675 3565 3780 3604 non
3824 3551 4003 3621 potuit

2432 3658 2549 3715 post
2578 3656 2801 3699 mortem
2826 3644 3028 3696 Basilii.
3060 3642 3279 3712 Signata
3308 3642 3451 3697 enim
3492 3650 3575 3697 est
3601 3641 3846 3711 pluribus
3880 3656 4004 3710 per-

2433 3736 2724 3793 secutionis
2780 3734 2941 3795 notis,
2993 3748 3091 3787 nec
3138 3749 3372 3801 unquam
3406 3732 3543 3787 alias
3574 3733 3787 3785 videtur
3830 3734 4003 3802 major

2435 3831 2805 3887 haereticorum
2830 3827 3062 3897 potentia
3090 3826 3383 3879 exstitisse.
3422 3825 3491 3877 At
3530 3833 3744 3879 mortuo
3772 3823 3998 3887 Basilio,

2435 3924 2515 3977 vel
2546 3924 2723 3993 potius
2760 3920 2942 3976 statim
2987 3928 3149 3987 atque
3196 3916 3307 3982 ipse
3341 3916 3537 3971 Valens
3565 3916 4002 3986 divintnjustitia!

2440 4034 2626 4086 pmnas
2650 4016 2765 4079 luit,
2801 4014 3011 4084 penitus
3058 4011 3289 4065 concidit
3322 4020 3561 4079 potestas
3598 4009 3999 4075 haereticorum,

2441 4128 2538 4166 nec
2556 4111 2665 4180 jam
2698 4116 2946 4178 poterant
2971 4104 3021 4157 in
3050 4102 3378 4169 Catholicos,
3410 4101 3556 4156 velut
3592 4101 3699 4170 lupi
3730 4102 3781 4155 in
3811 4117 3999 4172 agnos,

2437 4202 2714 4257 ilesmvire.
2766 4197 2946 4264 Quare
2985 4196 3195 4251 etiamsi
3231 4194 3509 4248 tribuenda
3562 4203 3703 4247 esset
3743 4192 4004 4261 Gregorio

2437 4299 2549 4349 haec
2577 4292 2798 4360 epistola
2819 4331 2834 4354 ,
2868 4291 2934 4343 ad
2970 4290 3069 4343 hoc
3103 4289 3276 4355 ipsum
3307 4285 3730 4357 tempus.referri
3755 4288 3999 4349 deberet.

2434 4388 2499 4439 ad
2552 4383 2690 4452 quod
2749 4380 3083 4433 referendam
3148 4380 3415 4435 duximus.
3474 4378 3591 4432 Non
3623 4378 3767 4431 enim
3815 4378 4001 4433 referri

2438 4484 2615 4546 potest
2641 4472 2707 4526 ad
2746 4470 2895 4525 initia
2928 4470 3267 4538 eplscopatus
3297 4469 3577 4537 Gregorii;
3605 4468 3871 4537 siquidem
3905 4484 4002 4521 au-

2366 4592 2407 4646 D
2438 4579 2639 4622 ctorem
2692 4561 2931 4631 epistolae
2972 4558 3084 4628 jam
3115 4559 3204 4612 diu
3238 4560 3508 4611 vexabant
3533 4558 3789 4611 haeretici.
3821 4557 4003 4626 Neque

2436 4660 2595 4714 etiam
2640 4655 2805 4709 multo
2838 4652 3012 4707 serius
3050 4652 3149 4705 hoc
3192 4664 3334 4703 anno
3373 4648 3476 4701 374
3533 4663 3652 4702 eam
3699 4650 4005 4718 scripsisset

2444 4749 2754 4819 Gregorius,
2801 4744 2891 4814 qui
2928 4758 3067 4796 anno
3092 4741 3197 4796 575
3232 4740 3350 4809 fuga
3380 4740 3479 4793 sibi
3508 4740 3798 4804 consuluit,
3835 4754 4003 4809 seque

2444 4839 2816 4894 hatreticorum
2841 4836 3005 4890 furori
3037 4835 3325 4904 prudenter
3346 4832 3615 4886 subduxit.
3646 4835 3819 4901 Atque
3839 4836 4003 4886 etiam

2440 4933 2624 4987 dubito
2652 4947 2717 4983 an
2755 4929 3014 4997 ejusmodi
3050 4925 3477 4995 persecutionem
3499 4932 3753 4993 expertus
3778 4923 3849 4977 sit
3876 4940 4002 4978 san‘

2443 5036 2561 5078 ctus
2598 5023 2892 5092 Gregorius
2940 5021 3231 5089 Nysscnus,
3286 5032 3405 5087 qua:
3457 5031 3577 5070 cum
3624 5016 3723 5070 hac
3774 5016 4000 5085 epistola

2445 5116 2691 5183 quadret.
2724 5113 2833 5167 Etsi
2876 5112 3016 5165 enim
3045 5111 3323 5165 veritatem
3371 5108 3423 5161 in
3471 5120 3535 5161 eo
3577 5107 3745 5160 solam
3777 5107 4002 5161 oderant

2444 5206 2706 5268 haeretici.
2747 5220 2852 5258 non
2885 5218 3005 5256 eum
3037 5212 3239 5265 tamen,
3284 5209 3340 5254 ut
3376 5197 3657 5263 Basilium,
3708 5197 3823 5253 solo
3858 5200 4001 5253 veri-

2443 5300 2567 5352 tatis
2598 5298 2816 5351 nomine
2846 5294 3096 5349 insectati
3121 5301 3276 5356 sunt;
3317 5292 3411 5345 sed
3448 5290 3629 5344 varias
3662 5304 3856 5344 causas
3902 5291 4003 5344 fin-

2442 5396 2635 5441 xerunt
2661 5387 2759 5454 (ὁ).
2794 5384 3184 5439 ordinationem
3218 5396 3323 5435 non
3350 5380 3685 5443 canonicam,
3718 5379 4001 5448 pecuniam

2446 5477 2695 5532 Ecclesia:
2746 5476 3080 5542 dissipatam.
3136 5475 3203 5524 At
3264 5470 3396 5525 nihil
3453 5485 3672 5537 prorsus
3740 5471 3999 5538 reperias,

2448 5572 2588 5639 quod
2619 5586 2719 5623 non
2745 5584 2865 5622 cmn
2899 5566 3077 5619 Basilii
3104 5564 3260 5617 rebus
3295 5562 3518 5616 mirifice
3554 5571 3830 5631 congruat.
3874 5562 4003 5632 Siy.

2450 5662 2532 5716 Ius
2559 5664 2668 5731 ipse
2696 5660 2948 5714 Basilium
2969 5658 3124 5731 plane
3160 5653 3396 5721 redolet;
3430 5671 3525 5709 nec
3558 5655 3752 5710 multos
3775 5652 3890 5710 fore
3917 5671 4001 5711 ar-

2525 5842 2596 5907 (ἡ)
2640 5841 2730 5909 Ep.
2768 5840 2888 5893 2‘25.
