4214 6494
1554 427 1712 483 VITA
1752 426 1808 483 S.
1851 425 2109 482 BASILII.

3308 448 3449 491 (κεν

228 550 406 615 hitror,
431 551 523 621 qui
549 550 780 612 scholio,
810 551 949 619 quod
980 549 1137 602 modo
1163 546 1469 610 citavintus,
1497 549 1793 600 assentian-
1822 550 1866 603 Α
1896 547 2012 597 «lem
2046 546 2448 615 Amphilochius
2490 546 2555 600 ad
2590 548 2727 601 hunc
2757 548 2892 602 diem
2927 544 3120 601 festum
3152 561 3292 600 anno
3322 549 3448 605 575.

229 652 328 698 tur.
358 644 413 697 Si
446 656 583 709 quos
618 652 799 695 autem
835 648 1048 696 moveat
1092 652 1181 693 aut
1213 638 1306 693 Dei
1340 652 1529 691 nomen
1566 638 1785 707 Spiritui

228 744 408 789 sancto
432 735 643 795 datum,
675 744 769 789 aut
812 734 1026 802 opinata
1066 732 1309 800 quaedam
1339 744 1459 783 cum
1499 730 1605 784 alio
1640 748 1787 786 com-

229 823 469 877 mentarii
504 822 559 875 in
593 822 785 877 lsaiam
836 822 955 876 loco
990 819 1389 883 dissimilitudo,
1434 819 1517 874 bis
1543 819 1653 889 jam
1698 838 1787 875 oc-

228 915 497 970 currimus
537 915 591 969 in
622 915 798 969 Nolis.

296 1002 377 1057 lll.
410 1006 491 1059 Ad
522 1007 664 1059 idem
698 1015 910 1069 tempus
947 1000 1236 1056 referenda:
1264 999 1506 1053 videntur
1533 1000 1648 1053 dum
1669 1002 1786 1055 alia:

228 1097 482 1163 epistolae,
510 1110 701 1162 nempe
738 1092 841 1147 I90
878 1103 931 1147 et
968 1094 1088 1148 I9l.
1119 1094 1262 1146 Inter
1298 1091 1429 1145 alias
1462 1093 1780 1160 provincias,

228 1185 304 1237 vel
344 1189 525 1254 potius
562 1192 836 1251 segmenta
866 1182 1280 1253 provinciarum,
1323 1198 1446 1252 quae
1477 1180 1658 1236 Iconio
1688 1184 1783 1234 ad-

223 1277 419 1346 juncta:
474 1290 665 1329 novam
717 1277 1047 1347 provinciam
1102 1284 1537 1341 composuerunt,
1592 1274 1783 1329 civitas

228 1368 528 1422 Isaurorum
557 1382 675 1420 cum
709 1368 948 1437 pluribus
982 1364 1101 1419 aliis
1130 1364 1366 1433 ejusdem
1398 1364 1685 1437 provincia:
1707 1365 1784 1418 lo-

226 1462 303 1514 cis
323 1458 583 1513 attributa
616 1458 880 1513 fuit.-Sed
907 1472 1025 1512 cum
1063 1459 1175 1513 haec
1203 1459 1339 1521 loca,
1372 1459 1553 1513 itidem
1584 1467 1640 1510 ut
1670 1458 1781 1525 ipsa

226 1552 434 1612 civitas.
478 1549 591 1607 sive
632 1552 700 1604 ab
744 1549 1015 1613 hostibus,
1051 1552 1164 1604 sive
1202 1552 1268 1604 ab
1308 1552 1521 1605 Arianis
1554 1558 1781 1615 vastata,

226 1642 492 1711 episcopis
518 1643 769 1698 destituta
793 1653 991 1704 essent,
1014 1641 1299 1709 plurimum
1325 1642 1521 1711 negotii
1556 1651 1607 1694 et
1632 1641 1781 1695 solli-

227 1736 483 1789 citudinis
520 1731 842 1788 addiderunt
866 1734 1273 1804 |Ampltilochio.
1308 1734 1591 1788 COnsultus
1622 1733 1687 1788 ab
1719 1748 1783 1787 co

225 1825 454 1880 Basilius
504 1838 610 1892 qua
655 1824 993 1893 potissimum
1038 1825 1246 1878 ratione
1292 1825 1404 1879 haec
1443 1823 1677 1877 Ecclesia
1727 1824 1779 1876 in

221 1917 505 1981 pristinum
539 1916 766 1970 nitorem
796 1914 1125 1970 restituenda
1150 1925 1293 1970 esset
1316 1954 1331 1980 ,
1358 1916 1780 1977 accuratissime,

222 2014 277 2055 ut
330 2004 382 2057 in
438 2019 495 2056 re
545 2005 763 2060 maximi
802 2005 1080 2069 momenti,
1138 2006 1442 2074 respondet.
1487 2006 1563 2058 Ac
1600 2004 1781 2057 utilius

224 2096 438 2162 quidem
478 2094 676 2149 fatetur
701 2109 846 2157 esse,
881 2104 937 2148 ut
978 2094 1031 2148 in
1073 2096 1251 2164 plures
1286 2098 1563 2167 episcopos
1597 2095 1780 2149 Eccle-

220 2185 311 2240 sia:
342 2186 742 2240 administratio
763 2186 1065 2249 dividatur;
1094 2189 1187 2242 sed
1223 2189 1347 2258 quia
1384 2204 1482 2243 nec
1512 2186 1667 2243 facile
1700 2194 1782 2242 est

221 2277 479 2344 reperire,
520 2276 610 2344 qui
664 2278 975 2347 episcopatu
1011 2280 1158 2346 digni
1195 2280 1324 2344 sint,
1369 2296 1467 2334 nec
1514 2284 1781 2338 mediocre

214 2366 467 2420 damnum
501 2367 746 2422 imminet
774 2370 839 2423 ab
873 2370 1139 2438 episcOpis
1181 2379 1328 2423 tanto
1358 2371 1655 2426 ministerio
1696 2376 1779 2425 iu-

213 2458 420 2527 diguis,
459 2460 629 2515 satius
663 2473 785 2514 esse
817 2470 969 2528 putat
1000 2474 1163 2511 unum
1211 2460 1443 2530 aliquem
1487 2464 1775 2533 probatum

219 2560 271 2601 et
308 2560 610 2619 spectatum
653 2551 927 2619 praeﬁcere
974 2551 1201 2618 civitati,
1240 2554 1397 2620 eique
1446 2557 1782 2610 committere

218 2642 426 2709 singula
465 2657 564 2694 suo
593 2643 760 2709 ipsius
783 2642 1021 2710 periculo
1051 2642 1407 2711 dispensanda
1437 2664 1449 2698 :
1475 2647 1615 2700 hunc
1636 2650 1779 2702 enim

214 2729 397 2794 procul
430 2729 615 2795 dubio,
648 2732 737 2786 ubi
768 2732 1023 2801 imparem
1066 2749 1126 2788 se
1169 2734 1363 2789 viderit
1390 2740 1563 2802 oneri,
1595 2740 1783 2807 adjun-

213 2832 421 2877 cturum
470 2824 572 2879 sibi
620 2826 901 2894 operarios
930 2827 996 2880 ad
1031 2842 1283 2885 messem.
1330 2828 1481 2896 Quod
1541 2834 1584 2884 si
1635 2848 1701 2885 ne
1737 2835 1782 2887 is

213 2916 427 2983 quidem
461 2917 623 2971 facile
654 2918 876 2986 reperiri
910 2920 1109 2987 possit,
1169 2932 1359 2975 auctor
1402 2931 1485 2977 est
1531 2921 1780 2988 Basilius,

216 3016 271 3059 ut
331 3008 415 3062 vel
483 3023 514 3060 a
567 3009 747 3075 parvis
817 3011 1125 3066 civitatibus
1185 3024 1239 3067 et
1290 3009 1597 3083 oppidulis,
1661 3032 1782 3085 qua:

213 3096 336 3150 olim
406 3099 689 3168 episcopos
743 3099 1000 3167 habuere,
1064 3102 1273 3155 initiutn
1342 3106 1435 3158 fiat
1494 3109 1784 3161 restituen-

214 3189 263 3241 di
315 3192 679 3259 episcopatus,
734 3206 796 3246 ac
845 3194 1035 3246 deinde
1088 3194 1293 3247 civitati
1350 3196 1506 3249 detur
1568 3201 1778 3265 episco-

215 3294 329 3346 pus,
398 3295 467 3335 ne
528 3279 595 3345 is,
654 3280 701 3336 si
760 3283 966 3351 primus
1028 3285 1329 3350 ordinetur,
1398 3286 1628 3341 aliorum
1685 3288 1781 3341 ob-

214 3380 315 3424 stet
361 3372 688 3427 ordinationi
731 3390 744 3425 :
788 3374 872 3428 vel
916 3375 1107 3431 saltem
1162 3376 1467 3430 Isaurorum
1507 3378 1777 3448 episcopo,

214 3463 302 3530 qui
368 3464 656 3518 nonnullos
713 3465 921 3519 vicinos
987 3468 1294 3530 ordinabat,
1360 3484 1491 3522 suus
1554 3470 1779 3523 circum-

214 3557 480 3611 scribatur
534 3556 805 3621 circulus,
862 3558 1045 3625 sicque
1110 3559 1423 3613 restitueudi
1496 3561 1779 3629 episcopa~

216 3658 298 3702 tus
354 3649 409 3703 in
460 3648 582 3702 aliis
626 3648 759 3703 locis
791 3648 882 3718 jus
925 3648 1190 3719 integrum
1238 3650 1613 3720 Atnpltilochio
1670 3668 1781 3706 ser-

212 3750 380 3795 velur.

281 3833 334 3886 In
391 3834 579 3886 eadem
642 3832 866 3899 epistola
921 3833 1152 3888 Basilius
1209 3832 1451 3887 Philonis
1510 3836 1573 3887 de
1631 3851 1781 3887 man-

214 3938 277 3975 na
334 3925 695 3987 sententiam,
745 3933 800 3978 et
865 3924 1157 3995 Scriptura:
1212 3927 1277 3978 de
1330 3928 1579 3980 curribus
1641 3926 1778 3979 Plia-

212 4016 393 4070 raonis
458 4016 831 4070 testimonium
890 4018 1131 4087 exponit.
1210 4018 1303 4071 Ait
1360 4020 1522 4073 etiam
1587 4033 1646 4072 se
1714 4022 1779 4072 ad

214 4097 483 4155 Valerium
548 4100 814 4167 fratrem,
884 4113 943 4155 ut
1004 4114 1287 4170 rogaverat
1341 4102 1775 4173 Amphilochius,

212 4194 527 4261 scripsisse,
591 4202 647 4247 et
717 4210 747 4247 a
818 4194 1040 4265 Sympio
1099 4195 1308 4249 litteras
1385 4196 1780 4251 communionis

211 4286 503 4355 accepisse.
561 4284 668 4342 Sed
731 4287 798 4340 de
852 4287 940 4343 bis
990 4298 1046 4342 et
1109 4287 1378 4341 nonnullis
1437 4288 1555 4343 aliis
1622 4289 1780 4343 modo

212 4388 451 4444 agemus.

278 4465 518 4533 Tempus
550 4464 789 4533 epistolae
812 4464 1043 4536 perspici
1069 4475 1243 4535 potest
1265 4483 1331 4521 ex
1357 4468 1440 4521 his
1458 4468 1636 4523 verbis
1663 4468 1775 4538 (a):

213 4557 410 4613 Eorum
462 4567 661 4624 autem,
709 4559 800 4626 qui
849 4568 973 4611 tunc
1020 4576 1052 4611 a
1093 4559 1238 4613 nobis
1268 4562 1480 4614 abscissi
1509 4577 1649 4625 sunt,
1686 4564 1778 4615 alii

209 4651 413 4719 quidem
440 4650 512 4702 ad
552 4651 732 4703 aulam
756 4664 810 4703 se
832 4648 1185 4714 contulerunt,
1213 4650 1308 4702 alii
1342 4668 1456 4704 vero
1488 4668 1775 4717 remanent,

209 4742 321 4793 inde
340 4750 700 4809 exspectantes
719 4756 994 4794 rumorem.
1019 4737 1187 4793 Potest
1206 4754 1376 4795 autem
1398 4744 1645 4797 Dominus
1671 4758 1780 4797 tum

208 4832 386 4883 horum
408 4848 549 4899 spem
567 4832 841 4899 frustrari,
860 4840 967 4882 tum
986 4830 1194 4884 illorum
1213 4834 1431 4885 reditum
1452 4835 1657 4886 irritum
1672 4838 1783 4887 red-

207 4924 343 4976 dere.
381 4921 649 4991 L0quitur
685 4923 937 4985 Basilius,
970 4932 1023 4975 ut
1057 4939 1215 4991 supra
1259 4925 1683 4992 observavimus,
1721 4932 1785 4982 dc

212 5016 274 5069 iis
296 5032 415 5085 quae
450 5017 789 5085 contigerant
820 5017 905 5069 die
930 5015 1064 5069 festo
1091 5019 1261 5069 sancti
1301 5016 1609 5087 Eupsychii,
1664 5037 1782 5071 cum

208 5109 419 5163 adesset
446 5108 882 5175 Amphilochius.
916 5108 1094 5174 Quare
1116 5110 1253 5162 hanc
1281 5110 1559 5178 epistolam
1594 5110 1779 5164 imme-

208 5200 308 5251 rito
335 5197 515 5270 rejicit
531 5196 904 5254 Tillemontins
922 5200 995 5269 (ὁ)
1014 5209 1137 5270 post
1155 5198 1361 5253 Pascha
1378 5201 1503 5253 anni
1526 5200 1646 5255 375.
1669 5200 1781 5254 Non

214 5293 354 5344 enim
395 5289 679 5359 probabile
702 5300 784 5344 est
812 5301 903 5343 aut
924 5306 1037 5356 eos,
1070 5293 1159 5361 qui
1190 5294 1449 5346 Caesarea:
1471 5302 1563 5345 aut
1596 5293 1782 5347 vicinis

212 5383 261 5435 in
291 5382 423 5436 locis
454 5390 853 5445 remanserant,
884 5383 1063 5436 tandiu
1112 5393 1476 5451 exspectasse,
1505 5393 1597 5453 aut
1619 5382 1686 5435 ab
1718 5384 1780 5436 iis

211 5477 295 5539 qui
326 5474 675 5528 Antiochiam
700 5474 925 5539 iverant,
945 5474 1141 5527 nullum
1168 5490 1263 5545 per
1288 5477 1391 5530 hoc
1416 5484 1624 5545 tempus
1649 5491 1781 5528 nun-

214 5565 338 5617 tium
364 5567 601 5619 venisse.
639 5562 758 5619 Uno
787 5578 915 5634 ergo
947 5564 1245 5634 autjaltero
1281 5580 1463 5620 mense
1492 5573 1612 5636 post
1638 5564 1778 5619 diem

212 5654 404 5707 festum
438 5654 502 5711 S.
535 5653 826 5723 Ευμεγεὶιῆ
858 5655 1167 5711 collocanda
1197 5655 1440 5725 cpistola.
1475 5654 1631 5711 Venit
1662 5658 1780 5724 qui-

282 5839 354 5907 (τι)
389 5837 484 5907 ep.
514 5835 637 5898 I90,
666 5851 716 5889 n.
742 5836 794 5888 2.

1894 636 1997 691 Sed
2042 639 2106 690 ad
2140 639 2238 692 hoc
2271 650 2475 709 tempus
2506 639 2695 698 referri
2731 655 2833 694 non
2874 640 3069 693 debent
3102 638 3203 692 illa:
3241 638 3445 693 haereti-

1890 743 2071 783 corum
2098 728 2419 795 molitiones,
2447 733 2512 786 de
2527 732 2724 801 quibus
2752 730 2803 782 in
2832 730 2929 783 hac
2954 729 3175 799 epistola
3198 728 3445 783 Basilius.

1889 822 2015 887 Qum
2046 823 2190 875 enim
2231 821 2317 874 hic
2356 821 2420 874 de
2464 822 2806 879 restituendis
2852 822 2903 874 in
2936 822 3137 875 Is:mria
3182 820 3449 889 episcnpis

1887 913 2124 977 disserit,
2156 928 2217 966 ea
2241 911 2349 978 jam
2382 927 2567 982 magna
2597 932 2659 968 ex
2688 923 2839 983 parte
2871 914 2935 966 ad
2964 924 3163 966 cntum
3191 914 3445 980 perducta

1888 1005 2122 1069 fuerant,
2165 1015 2292 1058 ante
2328 1020 2564 1057 mensem
2605 1007 2972 1074 Septembrem
3014 1006 3137 1057 anni
3169 1004 3272 1058 375
3302 1004 3445 1057 ordi-

1887 1106 2013 1152 nato
2065 1096 2373 1151 Macedonio
2396 1097 2667 1164 episcopo,
2701 1110 2886 1167 atque,
2930 1105 2987 1151 ut
3018 1096 3307 1149 verisimile
3341 1103 3446 1157 est,

1886 1186 2125 1254 pluribus
2170 1188 2311 1242 aliis.
2357 1185 2475 1239 Non
2512 1187 2685 1255 potuit
2721 1205 2846 1256 ergo
2878 1193 2990 1244 haec
3022 1186 3183 1243 scribi
3224 1186 3447 1255 cpistola

1888 1278 1986 1331 nisi
2012 1293 2152 1332 anno
2178 1279 2303 1333 574.

1957 1368 2108 1423 Ilanc
2134 1371 2415 1438 epistolam
2449 1383 2553 1421 non
2585 1369 2856 1438 pertinere
2880 1369 2945 1420 ad
2971 1385 3167 1424 annum
3192 1369 3295 1425 375
3318 1382 3449 1424 con-

1889 1461 2133 1514 firmatur
2180 1475 2245 1513 ex
2292 1462 2375 1515 his
2404 1459 2585 1515 verbis
2636 1477 2650 1512 :
2704 1459 2801 1513 lies
2838 1457 3090 1528 Nyssente
3118 1476 3175 1512 eo
3205 1461 3258 1512 in
3304 1469 3446 1512 statu

1885 1561 2029 1613 sunt,
2060 1551 2114 1603 in
2154 1567 2253 1620 quo
2280 1562 2423 1603 erant
2454 1569 2485 1604 a
2508 1562 2557 1605 te
2584 1551 2800 1611 relictte,
2826 1562 2870 1603 et
2896 1566 2987 1616 ope
3012 1560 3219 1601 tuarum
3240 1566 3445 1615 precum

1887 1642 2074 1695 cedunt
2101 1648 2155 1695 in
2180 1642 2383 1695 melius.
2423 1642 2676 1709 Designat
2706 1640 2936 1694 Basilius
2968 1640 3207 1694 exhibita
3244 1638 3446 1707 Grego-

1886 1734 1967 1788 rio
2008 1734 2161 1786 lratri
2201 1733 2413 1801 negotia
2444 1743 2497 1786 et
2529 1734 2706 1787 illatas
2737 1732 2804 1785 al)
2842 1732 3112 1786 haereticis
3147 1730 3291 1785 lites.
3327 1727 3449 1783 llaec

1889 1833 2066 1877 autem
2102 1832 2219 1893 post
2261 1824 2452 1875 festum
2488 1823 2660 1875 sancti
2700 1821 2986 1892 Enpsychii
3023 1836 3163 1875 anno
3193 1819 3300 1874 375
3341 1833 3447 1872 tice

1817 1911 1855 1964 Β
1888 1916 2044 1969 modo
2080 1930 2185 1968 non
2222 1922 2499 1967 cesserunt
2547 1915 2597 1966 in
2647 1914 2870 1977 melius,
2910 1913 3002 1966 sed
3042 1912 3202 1965 etiam
3237 1910 3447 1964 lucretio

1887 2019 2073 2059 corum
2119 2006 2269 2059 furor
2321 2014 2447 2057 tunc
2496 2005 2731 2058 maxime
2775 2005 2826 2057 in
2858 2004 3178 2074 Gregorium
3222 2001 3444 2066 exarsit,

1882 2110 2112 2164 eumque
2141 2097 2371 2151 vicarius
2391 2096 2549 2165 jussit
2576 2095 2977 2164 comprehendi.

1954 2187 2008 2241 In
2060 2188 2242 2241 eadem
2296 2188 2521 2257 epistola
2567 2186 2806 2254 loquitur
2850 2185 3078 2238 Basilius
3118 2185 3183 2237 de
3215 2180 3446 2250 Georgio

1883 2280 2113 2349 quodam
2146 2279 2522 2347 Amphilochii,
2558 2289 2615 2332 nt
2645 2276 2938 2332 verisimile
2963 2285 3068 2339 est,
3104 2273 3442 2345 propinquo;

1882 2372 2035 2438 cujus
2064 2371 2253 2424 domus
2280 2386 2400 2424 cum
2430 2370 2481 2423 in
2511 2386 2730 2436 magnas
2754 2368 3095 2424 difficultates
3135 2366 3444 2428 incidisset,

1882 2472 2074 2518 auctor
2100 2473 2218 2517 erat
2250 2461 2653 2529 Amphilochius
2683 2473 2741 2514 ut
2774 2464 2817 2515 is
2843 2460 3189 2515 codicillaria:
3219 2455 3447 2524 alicujus

1882 2555 2159 2624 dignitatis
2192 2554 2450 2609 beneficio
2481 2570 2545 2607 ex
2580 2554 2661 2607 his
2695 2566 2870 2605 rerum
2913 2550 3179 2617 angustiis
3211 2550 3446 2618 eripere-

1885 2656 1991 2697 tur.
2028 2644 2258 2698 Basilius
2287 2656 2465 2697 autetn
2496 2660 2681 2697 curam
2711 2643 2902 2696 domus
2930 2641 2981 2693 in
3014 2640 3295 2693 Dominum
3323 2653 3447 2707 pro-

1878 2736 2167 2802 jiciendam
2204 2745 2389 2802 putat,
2433 2751 2660 2804 cumque
2708 2738 2956 2788 daturum
3012 2730 3445 2800 intelligentiam,

1885 2835 1940 2879 ut
1972 2828 2053 2880 ha:
2085 2825 2340 2879 molestiae
2374 2826 2477 2877 alio
2501 2825 2657 2876 modo
2688 2826 2940 2877 vitentur.
2968 2822 3116 2889 Quod
3150 2823 3192 2876 si
3221 2820 3447 2889 Amphi-

1885 2919 2063 2973 locltio
2092 2933 2247 2972 secus
2276 2917 2551 2981 videatur,
2584 2927 2734 2987 rogat
2765 2932 2884 2971 eum
2918 2919 3167 2979 Basilius,
3202 2926 3258 2969 ut
3290 2930 3444 2969 com-

1886 3010 2210 3063 tnentarium
2245 3007 2309 3060 ad
2344 3023 2403 3061 se
2434 3008 2630 3073 tnittat,
2665 3008 2730 3060 de
2765 3023 2868 3077 qua
2904 3007 3166 3077 dignitate
3201 3011 3447 3071 oporteat

1882 3117 2067 3156 curam
2095 3100 2426 3170 impendere,
2454 3110 2510 3151 ut
2531 3114 2649 3154 eam
2674 3114 2701 3151 a
2728 3097 3122 3167 potentioribus
3145 3096 3449 3165 quibusque

1887 3195 2075 3249 amicis
2132 3194 2478 3262 aggrediatur
2529 3205 2845 3260 exposcere,
2900 3192 3013 3244 sive
3072 3189 3262 3259 gratis,
3333 3186 3448 3239 sive

1883 3282 2044 3334 etiam
2080 3280 2292 3333 modico
2328 3281 2537 3348 pretio,
2586 3288 2740 3349 prout
2777 3278 3031 3331 Dominus
3084 3277 3295 3329 faverit.
3329 3272 3443 3327 Non

1886 3372 2097 3426 videtur
2124 3374 2229 3425 alia
2261 3374 2324 3427 de
2356 3388 2412 3426 re
2445 3373 2587 3442 loqui
2622 3372 2851 3425 Basilius
2883 3372 2932 3423 in
2968 3368 3191 3436 epistola
3235 3367 3337 3420 192
3380 3364 3446 3417 ad

1884 3464 2244 3534 Sophronium
2278 3466 2592 3533 magistrum
2625 3463 2942 3525 ofﬁciorum,
2975 3461 3065 3529 qui
3096 3474 3216 3513 cum
3250 3456 3445 3526 duplex

1881 3556 2197 3610 beneficium
2234 3557 2335 3608 sibi
2369 3556 2644 3607 videretur
2675 3553 2970 3621 accepisse,
3002 3560 3056 3606 et
3088 3554 3226 3619 quod
3258 3548 3440 3602 Basilii

1883 3645 2095 3697 litteras
2138 3645 2458 3712 accepisset,
2494 3655 2548 3698 et
2597 3645 2736 3713 quod
2782 3643 3122 3698 occasionem
3171 3641 3444 3695 habuisset

1882 3752 1991 3790 suae
2025 3736 2098 3789 illi
2132 3751 2309 3806 Operm
2353 3738 2650 3801 navandze;
2695 3736 2772 3789 sic.
2803 3736 2852 3788 ei
2906 3734 3108 3803 gratias
3151 3733 3259 3800 agit
3292 3730 3443 3783 Basi-

1884 3827 2028 3881 lius:
2078 3825 2343 3891 Quantam
2387 3844 2467 3880 me
2514 3827 2927 3880 existimandum
2975 3835 3048 3878 est
3088 3824 3275 3877 habere
3325 3838 3447 3891 gra-

1884 3921 2032 3983 tiam,
2060 3902 2147 3987 qui
2180 3931 2224 3973 et
2260 3921 2464 3974 litteras
2493 3921 2815 3973 suavissima:
2844 3930 2948 3973 tute
2978 3919 3114 3972 cocis
3145 3918 3265 3987 legi,
3310 3926 3357 3969 et
3392 3916 3448 3967 id

1881 4012 2015 4077 quod
2043 4008 2342 4076 expetebant
2373 4023 2479 4061 tam
2508 4010 2744 4062 celeriter
2765 4008 3057 4075 confectum
3087 4008 3236 4060 vidi?
3262 4005 3448 4073 Itaque

1882 4101 1935 4152 id
1963 4104 2100 4169 quod
2131 4102 2347 4152 missum
2381 4110 2455 4152 est
2490 4118 2586 4153 sua
2629 4109 2811 4167 sponte
2848 4109 3145 4168 pergratum
3181 4098 3279 4167 fuit
3311 4114 3329 4151 :
3358 4098 3447 4152 sed

1881 4192 2031 4259 longe
2062 4192 2307 4244 libentius
2337 4190 2432 4243 hoc
2457 4192 2625 4258 ipsum
2655 4208 2713 4243 eo
2752 4192 2957 4243 nomine
2976 4192 3195 4257 suscepi,
3227 4190 3364 4254 quod
3392 4200 3447 4242 tu

1882 4281 1954 4332 rei
1990 4280 2137 4333 illius
2182 4280 2519 4348 conﬁcienda:
2562 4282 2824 4334 exstiteris
2858 4282 2967 4333 dux
3005 4292 3050 4333 et
3084 4291 3285 4333 auctor.
3326 4279 3451 4332 Haec

1884 4372 2113 4423 mirifice
2145 4372 2419 4425 coluerent
2451 4385 2571 4424 cum
2608 4371 2866 4439 dignitate
2901 4370 3255 4432 codicillaria,
3287 4384 3447 4437 quam

1883 4478 1910 4513 ει
1945 4462 2342 4530 potentioribus
2368 4462 2556 4515 amicis
2588 4474 2773 4531 petere
2807 4472 3068 4514 statuerat
3095 4460 3355 4522 Basilius,
3402 4462 3449 4513 si

1886 4555 1958 4604 ita
2006 4552 2285 4606 videretur
2324 4552 2717 4622 Amphilochia.
2767 4551 2947 4617 Quare
2997 4553 3133 4605 lianc
3166 4549 3446 4620 epistolatn

1892 4644 1989 4700 l9?
2019 4646 2269 4713 scriptam
2306 4656 2552 4713 putamus
2581 4660 2720 4697 anno
2748 4645 2852 4697 574
2884 4656 3131 4698 exeunte.

1964 4735 2067 4786 Sed
2109 4746 2395 4803 antequam
2429 4734 2766 4787 dimittamus
2797 4734 3079 4802 epistolam
3130 4734 3194 4784 ad
3226 4732 3450 4801 Ampltin

1891 4826 2147 4890 lochium,
2180 4824 2321 4877 aliud
2349 4835 2431 4877 est
2460 4824 2602 4891 quod
2642 4824 2694 4876 itt
2729 4838 2792 4877 ea
2824 4825 3167 4877 observatum
3201 4823 3445 4875 velimus.

1894 4916 1985 4970 Ait
2009 4916 2150 4970 enim
2200 4914 2431 4967 Basilius
2457 4912 2559 4968 sibi
2585 4912 2863 4985 Sympium
2892 4912 3171 4982 epistolam
3200 4911 3358 4967 olIicii
3392 4922 3449 4967 et

1887 5009 2282 5062 communionis
2326 5024 2486 5061 causa
2522 5008 2839 5076 scripsisse;
2874 5020 3036 5073 seque
3068 5006 3114 5058 ei
3154 5004 3452 5058 rescribere

1883 5114 1938 5155 et
1976 5103 2183 5154 litteras
2219 5117 2345 5155 suas
2376 5101 2756 5167 Amphilochio
2804 5103 3047 5160 tnittcrc,
3080 5108 3136 5149 ut
3167 5098 3453 5164 diligenter

1891 5195 2146 5262 probatas
2210 5196 2276 5244 ad
2333 5193 2608 5262 Sympimn
2667 5191 2956 5245 transmitti
3008 5199 3196 5254 curet,
3253 5189 3452 5243 additis

1889 5287 2051 5340 etiam
2084 5287 2198 5339 suis
2233 5286 2398 5355 ipsius
2430 5286 2641 5338 litteris.

1974 5377 2060 5432 IV.
2102 5377 2337 5447 Epistula
2365 5377 2483 5443 191,
2523 5391 2638 5445 qua'
2671 5389 2950 5445 perperam
2984 5369 3295 5425 inscribitur
3318 5369 3450 5422 Αιιιι⁸

1890 5470 2184 5539 pliilochio,
2216 5469 2429 5522 videtur
2451 5468 2514 5520 ad
2540 5466 2685 5519 illum
2711 5466 2908 5534 scripta
2936 5465 3264 5533 cpiscOpnm,
3290 5476 3448 5528 quem

1890 5563 2123 5616 Basilius
2176 5560 2449 5631 Sympium
2501 5569 2677 5613 vocat.
2724 5558 2941 5612 Gratias
2974 5555 3022 5608 ei
3066 5555 3173 5622 agit
3219 5552 3449 5605 Basilius

1890 5653 2029 5723 quod
2061 5653 2203 5721 prior
2238 5652 2303 5705 ad
2332 5666 2389 5705 sc
2444 5650 2739 5721 scripserit,
2783 5662 2881 5701 nec
2915 5646 3069 5701 amici
3119 5660 3211 5714 per
3246 5642 3453 5696 litteras

1962 5834 2035 5904 (ιν)
2076 5836 2201 5901 (Iap.
2245 5834 2287 5897 Ι,
2322 5847 2371 5897 p.
2404 5832 2451 5883 5.
