4214 6490
719 436 879 478 οιινι

2063 418 2431 476 PROLEGOM
2441 418 2595 477 ENA.

716 540 968 611 colloqui
1011 551 1254 612 mceptor
1297 556 1419 595 esse
1468 539 1762 595 erubuerit.
1801 538 1975 609 Rogat
2002 548 2060 592 ιιι
2091 540 2285 593 unani-
2316 545 2359 601 Α
2397 536 2536 602 Quid
2577 537 2904 605 aliud,'nisi
2937 549 2992 591 ut
3036 553 3154 591 eam
3194 545 3480 600 assereret,
3510 534 3773 598 retineret,
3822 540 3967 591 omni

719 649 836 688 mes
870 645 999 687 suos
1032 632 1084 686 in
1128 633 1377 687 eamdem
1424 634 1750 689 sententiam
1782 631 2043 692 adducat,
2063 639 2115 684 et
2164 645 2287 683 cunt

718 735 869 781 certo
893 725 1247 791 constiterit,
1278 728 1597 795 quibuscum
1634 728 1808 779 futura
1843 725 1913 778 sit
1947 722 2287 787 communio;

719 833 834 872 tum
868 831 997 872 vero
1034 816 1186 873 locus
1235 820 1479 886 utrisque
1517 817 1833 873 commodus
1867 826 1919 869 et
1953 827 2162 885 tempus
2202 816 2284 871 iti-

721 910 837 964 neri
876 909 1129 966 faciendo
1159 911 1417 965 idoneum
1451 912 1836 980 designentur;
1874 925 1938 965 ac
1967 913 2176 963 llrmata
2209 910 2288 964 in-

720 1009 803 1053 ter
833 1000 1117 1071 episcopos
1155 1002 1449 1056 concordia
1494 1010 1547 1055 et
1584 1014 1717 1068 pace
1743 1014 1849 1053 non
1889 999 1999 1069 jam
2040 1000 2132 1054 alii
2170 1001 2291 1057 aliis

718 1091 955 1161 suspecti
987 1090 1464 1161 singulismrbibus
1486 1092 2031 1157 circumscribautur;
2060 1094 2154 1147 sed
2182 1094 2293 1148 ira-

720 1192 830 1237 tres
871 1197 939 1238 ex
988 1198 1313 1256 unaquaque
1356 1184 1593 1237 Ecclesia
1632 1184 1885 1239 bretubus
1915 1187 2137 1242 tesseris
2168 1196 2289 1242 tan—

716 1289 879 1343 quam
936 1275 1139 1332 viatico
1190 1275 1442 1333 instructi
1498 1276 1784 1331 mittantur
1832 1288 1887 1332 et
1935 1277 2288 1347 recipiantur.

716 1367 852 1420 Cum
888 1366 1005 1424 haec
1034 1370 1264 1439 epistola
1306 1384 1412 1424 non
1451 1380 1711 1438 congruat
1744 1370 2145 1439 Ampltilocltio,
2193 1387 2291 1427 cu-

712 1453 800 1521 ius
845 1460 1226 1512 communione
1272 1472 1547 1527 nunquam
1578 1460 1756 1513 caruit
1786 1458 2051 1525 Basilius;
2089 1462 2287 1531 duplici

714 1550 1023 1614 conjectura
1069 1546 1295 1617 inquirit
1342 1546 1743 1617 'l'illemoutius,
1788 1552 2001 1607 cuinam
2043 1553 2159 1607 haec
2206 1554 2289 1606 in-

714 1638 1000 1692 scribenda
1032 1640 1103 1692 sit
1126 1640 1377 1710 epistola.
1410 1641 1611 1696 Harum
1644 1642 1871 1699 alteram
1912 1644 2207 1699 relellimus
2234 1645 2288 1699 in

712 1726 867 1782 Notis
916 1729 1196 1787 :alteram
1237 1745 1389 1795 vero,
1442 1747 1563 1801 qua
1622 1733 1969 1807 Symposium
2028 1734 2290 1793 Seleuciae

711 1820 1025 1892 episcopum
1050 1840 1149 1894 pro
1173 1824 1393 1894 Symplo
1419 1824 1701 1894 legendum
1733 1829 1911 1893 docet,
1940 1830 2288 1886 vehementer

2397 647 2523 683 cura
2555 642 2789 685 tueretur
2821 648 2841 687 .⁶
2877 632 2970 684 Dei
3006 631 3294 685 clementia:
3323 640 3369 683 et
3403 631 3522 697 legi,
3558 646 3673 700 qua:
3702 628 3965 681 altaribus

2392 730 2639 781 honorent
2672 730 2850 784 haberi
2870 729 3050 799 jubet,
3085 744 3297 781 manum
3326 726 3631 795 porrigeret,
3666 725 3842 780 omnia
3872 724 3967 778 de-

2394 822 2547 889 nique
2574 823 2719 889 prius
2757 822 2947 890 faceret
2993 830 3039 873 et
3075 830 3378 888 pateretur,
3425 835 3580 886 quam
3617 831 3672 872 ut
3718 820 3967 872 inhuma-

2392 912 2509 963 nius
2544 910 2709 965 ullum
2737 915 2985 967 adversus
3027 928 3142 965 eam
3176 912 3452 966 consilium
3491 910 3667 973 iniret,
3714 916 3889 983 sicque
3913 918 3965 963 et

2391 1018 2626 1055 mensam
2675 1012 3088 1069 sacrosanctam,
3146 1013 3192 1056 et
3249 1004 3401 1071 ﬁdem
3435 1004 3591 1056 etiam
3626 1002 3795 1065 illam,
3845 1018 3967 1056 eum

2393 1109 2496 1161 qua
2525 1092 2745 1161 supplex
2771 1104 2903 1157 erat,
2945 1092 3261 1146 contumelia
3296 1094 3558 1164 afficeret?
3592 1090 3966 1161 Nequaquam,

2398 1184 2566 1251 inquit
2595 1199 2754 1237 novus
2777 1185 2981 1253 judex;
3013 1183 3103 1237 sed
3140 1198 3315 1238 omnes
3360 1184 3573 1253 imperio
3612 1199 3725 1235 meo
3760 1187 3965 1249 cedere,

2392 1292 2454 1327 ac
2493 1274 2818 1329 Christianos
2851 1278 2985 1345 leges
3010 1291 3133 1329 suas
3165 1278 3385 1344 prodere
3411 1284 3633 1345 oportet.
3674 1273 3774 1327 Ille
3800 1278 3970 1345 igitur

2391 1370 2677 1438 supplicem
2702 1368 3011 1438 deposcebat
3034 1382 3052 1421 :
3076 1369 3160 1422 hic
3180 1370 3323 1422 omni
3348 1370 3397 1423 ui
3425 1369 3695 1425 retinebat.
3720 1368 3823 1424 Ille
3848 1388 3969 1424 rur-

2393 1473 2511 1513 sum
2545 1459 2726 1528 furore
2755 1460 3083 1523 concitatur;
3111 1474 3172 1512 ac
3204 1459 3540 1528 magistratus
3562 1462 3815 1527 quosdam
3844 1464 3969 1516 mit-

2394 1550 2479 1615 tit,
2502 1552 2592 1619 qui
2616 1550 2793 1604 sancti
2825 1550 2926 1602 uiri
2973 1549 3270 1604 cubiculum
3306 1560 3779 1617 perscrutarentur,
3813 1556 3968 1623 igno-

2391 1644 2569 1695 minia:
2598 1658 2759 1695 causa
2793 1642 2965 1709 potius
2997 1642 3051 1695 id
3083 1643 3302 1711 faciens,
3339 1661 3496 1710 quam
3529 1645 3667 1713 quod
3705 1646 3969 1713 ejusmodi

2391 1735 2681 1805 quidquam
2718 1750 2919 1789 necesse
2956 1746 3107 1790 esset.
3151 1736 3294 1802 Quid
3338 1738 3465 1793 ais?
3495 1737 3786 1790 Domumne
3819 1737 3966 1793 illius

2392 1828 2455 1878 ab
2487 1826 2627 1878 omni
2657 1825 2887 1879 libidinis
2926 1835 3069 1881 motu
3109 1826 3275 1889 liberi,
3306 1843 3457 1897 quem
3517 1829 3687 1898 angeli
3728 1826 3963 1895 comple-

712 1913 1027 1979 probamns.
1080 1915 1268 1983 Magna
1319 1925 1405 1969 est
1453 1917 1597 1969 enim
1649 1917 1951 1972 similitudo
2006 1921 2281 1976 nominum
2319 1889 2364 1947 B
2398 1924 2789 1984 ctuntur,quem
2813 1918 2891 1970 vel
2916 1917 3085 1971 solum
3111 1918 3303 1971 intueri
3342 1920 3551 1989 fentinte
3579 1920 3970 1987 reformidant?

715 1998 918 2071 Sympii
936 2012 989 2055 et
1005 2002 1273 2071 Symposii
1298 2004 1544 2059 :vicinus
1566 2016 1683 2059 erat
1700 2008 2061 2076 Ampltilocltii
2090 2009 2281 2066 Seleu-

712 2098 913 2151 ciensis
938 2097 1241 2166 episcopus.
1280 2098 1548 2155 Praeterea
1581 2101 1814 2157 Basilius
1847 2103 2059 2160 Isauros
2094 2123 2282 2162 nume-

713 2196 797 2241 rat
847 2187 995 2243 inter
1049 2204 1179 2245 suos
1232 2194 1721 2247 comtnuuicatores
1775 2194 1826 2248 iu
1882 2196 2107 2266 epistola
2153 2198 2282 2265 904,

712 2296 840 2335 num
875 2282 928 2337 7.
970 2280 1088 2337 Non
1127 2292 1304 2338 tamen
1340 2286 1555 2340 videtur
1595 2285 1830 2342 Basilius
1862 2306 1983 2343 cum
2014 2290 2284 2360 episcOpis

711 2370 859 2427 illius
894 2372 1185 2441 provinciae
1216 2375 1539 2431 convenisse
1572 2394 1587 2431 :
1621 2393 1744 2431 nam
1781 2379 1956 2433 hiems
1986 2381 2281 2449 appropin~

708 2466 948 2535 quabat,
978 2480 1100 2520 cum
1132 2481 1246 2521 ntec
1279 2470 1578 2535 scriberet,
1615 2472 1755 2524 unde
1784 2472 1918 2541 petit
1947 2481 2159 2542 tempus
2192 2473 2283 2528 iti-

710 2557 827 2611 neri
862 2556 1109 2613 laciendo
1140 2558 1393 2614 idoneum
1438 2562 1706 2630 designari
1750 2578 1763 2613 :
1796 2572 1916 2630 post
1952 2563 2185 2620 hiemem
2228 2567 2280 2621 in

710 2664 927 2720 gravem
960 2651 1206 2705 morbum
1246 2654 1455 2708 incidit.
1492 2653 1597 2708 Sed
1631 2670 1753 2708 cum
1785 2658 1851 2710 de
1888 2656 1991 2711 lide
2035 2658 2168 2714 nihil
2201 2660 2283 2715 in-

709 2750 794 2794 ter
815 2754 908 2795 eos
940 2742 1347 2812 disceptandum
1388 2754 1570 2803 esset.
1608 2744 1766 2801 facile
1796 2748 1969 2818 potuit
2010 2749 2151 2805 inter
2183 2751 2281 2805 ab-

706 2844 893 2889 sentes
937 2838 1228 2894 concordia
1263 2840 1509 2905 ltrmari,
1547 2842 1845 2912 interprete
1886 2848 2186 2913 praesertim
2229 2857 2285 2902 et

707 2934 991 2994 sequestro
1020 2927 1411 2997 paciﬁcationis
1440 2932 1837 3001 Amphilochia.

786 3013 847 3069 ν.
902 3017 1129 3074 Videtur
1169 3021 1239 3076 ad
1285 3021 1517 3076 biemem
1572 3024 1700 3076 anni
1740 3024 1844 3076 314
1894 3025 2143 3079 exeuntis
2188 3034 2281 3079 aut

2390 2005 2501 2060 Nec
2545 2024 2607 2062 eo
2638 2017 2915 2063 contentus
2942 2052 2956 2075 ,
2986 2012 3156 2078 ipsum
3186 2012 3399 2082 insuper
3437 2014 3639 2076 adesse,
3668 2021 3719 2064 et
3748 2029 3968 2067 causam

2385 2100 2560 2153 dicere
2590 2104 2763 2170 jubet,
2796 2118 2957 2171 neque
2997 2104 3051 2156 id
3090 2102 3300 2172 placide
3328 2114 3376 2159 et
3406 2106 3654 2169 humane,
3685 2106 3773 2158 sed
3812 2105 3969 2175 quasi

2386 2206 2548 2243 unum
2576 2207 2641 2243 ex
2666 2193 2735 2246 iis
2764 2192 2853 2262 qui
2878 2194 3067 2261 capitis
3100 2195 3344 2247 damnati
3367 2207 3510 2251 sunt.
3535 2196 3702 2263 Atque
3725 2198 3835 2263 ipse
3854 2198 3971 2265 qui-

2385 2284 2501 2335 dem
2531 2284 2737 2340 aderat.
2770 2285 2873 2339 Ille
2902 2294 3076 2339 autem
3110 2286 3193 2338 ira
3223 2295 3269 2338 et
3306 2288 3611 2355 arrogantia
3643 2288 3827 2355 plenus
3871 2304 3972 2355 pro

2386 2375 2639 2427 tribunali
2685 2376 2921 2431 sedebat.
2966 2374 3151 2431 Stabat
3200 2373 3475 2439 Basilius,
3518 2378 3967 2444 quemadmodum

2384 2466 2541 2521 Jesus
2593 2484 2738 2522 meus
2793 2467 2971 2523 Pilato
3011 2469 3308 2539 judicante.
3356 2469 3759 2522 Cunctabantur
3806 2484 3969 2536 porro

2385 2560 2633 2628 fulmina,
2667 2559 2865 2628 Deique
2895 2562 3106 2631 gladius
3131 2562 3305 2616 adhuc
3334 2560 3708 2624 exacuebatur,
3739 2573 3788 2613 et
3812 2560 3969 2627 αἱπε-

2386 2651 2621 2719 rebatur,
2641 2663 2909 2723 arcusque
2926 2654 3001 2707 ita
3026 2654 3457 2716 contendebatur,
3479 2663 3533 2706 ut
3568 2664 3741 2706 tamen
3777 2652 3969 2707 retine-

2387 2755 2549 2811 retur,
2578 2748 2894 2816 paenttentia:
2919 2746 3158 2801 uidelicet
3190 2761 3388 2812 tempus
3410 2762 3471 2798 ac
3500 2746 3671 2798 locum
3702 2748 3964 2813 aperiens.

2390 2834 2505 2891 Hoc
2538 2839 2675 2891 enim
2706 2840 2847 2906 apud
2896 2838 3062 2891 Deum
3105 2840 3159 2889 in
3200 2853 3342 2889 more
3390 2845 3548 2904 atque
3593 2854 3692 2889 usu
3733 2839 3966 2901 positum

2384 2938 2479 2982 est.
2511 2930 2680 2997 Atque
2714 2931 2799 2981 hic
2846 2930 2993 2993 mihi,
3032 2947 3234 2998 quwso.
3262 2929 3485 2983 alterum
3526 2928 3876 2994 persecutoris
3919 2938 3968 2979 et

2384 3022 2597 3075 athleta
2619 3031 2889 3075 certamen
2916 3031 3111 3089 specta.
3149 3020 3383 3074 Pallium
3412 3019 3621 3074 detrahi
3658 3031 3706 3073 et
3738 3021 3967 3072 lacerari

705 3090 813 3160 375
853 3106 1091 3164 ineuntis
1124 3110 1403 3165 referenda
1440 3116 1744 3180 persecutio
1765 3155 1779 3179 ,
1807 3130 1965 3184 quam
2012 3132 2041 3170 a
2079 3118 2282 3174 vicario
2376 3113 2613 3182 jubebat.
2663 3114 2734 3168 At
2771 3114 2859 3169 ille
2889 3114 3136 3168 :Exuam
3163 3123 3439 3181 praeterea,
3465 3112 3511 3167 si
3527 3114 3601 3165 ita
3618 3113 3780 3172 lubet,
3808 3111 3969 3164 etiam

704 3196 863 3253 Ponti
898 3200 1190 3254 excitatam
1214 3199 1507 3274 Gregorius
1545 3205 1923 3263 Nazianzenus
1952 3209 2023 3263 ita
2054 3210 2281 3281 diligen-
2310 3232 2354 3290 ο
2390 3208 2641 3262 tunicam.
2694 3206 2849 3275 Eum,
2879 3210 2967 3273 qui
3000 3208 3177 3261 carnis
3202 3221 3387 3275 expers
3413 3215 3546 3271 erat,
3570 3204 3969 3257 verberanti-um

707 3300 796 3344 ter
821 3299 877 3346 et
900 3302 1151 3348 accurate
1177 3304 1366 3349 narrat
1388 3294 1485 3368 (a),
1521 3307 1579 3352 ut
1605 3308 1772 3352 totum
1819 3300 1961 3353 ltunc
1988 3301 2164 3354 locum
2197 3302 2285 3354 hic

709 3396 985 3451 apponere
1018 3398 1198 3453 operat
1242 3388 1473 3455 pretium
1511 3404 1635 3443 esse
1670 3389 1885 3443 ducam.
1925 3390 1982 3443 ls
2013 3393 2102 3461 qui
2134 3393 2285 3461 nefa-

709 3473 850 3526 rium
877 3474 1029 3527 illum
1061 3474 1239 3541 Adad,
1274 3479 1448 3547 inquit
1480 3478 1797 3550 Gregorius,
1822 3483 2072 3537 aduersus
2104 3482 2282 3538 Israe-

708 3562 810 3615 lem
841 3564 965 3616 olim
992 3565 1261 3631 excitavit,
1286 3568 1425 3621 idem
1456 3578 1640 3623 contra
1663 3568 1799 3624 hunc
1820 3589 2023 3642 quoque
2054 3571 2287 3629 Pontica:

707 3656 993 3721 provincia:
1018 3658 1325 3729 prtefectum
1346 3662 1591 3715 excitauit
1611 3680 1629 3727 ;
1653 3664 1751 3715 hoc
1772 3668 1982 3733 quidem
2003 3676 2283 3733 pra-textu,

710 3748 863 3814 quasi
885 3749 1210 3802 muliercula
1230 3752 1508 3818 cujusdam
1537 3767 1700 3803 causa
1727 3751 2165 3817 stomacharetur,
2194 3756 2284 3807 sed

712 3854 887 3892 revera
948 3841 1231 3909 impietatis
1262 3841 1617 3910 defensionem
1649 3845 1966 3910 suscipiens,
2000 3862 2062 3898 ac
2110 3849 2283 3915 pieta-

711 3946 813 3985 tem
837 3947 1169 4002 oppugntms.
1206 3932 1362 3988 Mitto
1393 3936 1531 3990 alias
1562 3952 1737 3997 omnes
1772 3940 2140 4008 contumelias,
2172 3944 2289 4013 qui-

711 4024 806 4076 bus
833 4022 1097 4079 Basiliam
1133 4028 1355 4091 vexavit,
1392 4031 1529 4096 quod
1562 4029 1779 4097 perinde
1819 4039 1917 4096 est,
1950 4048 2011 4085 ac
2046 4037 2090 4085 si
2124 4034 2287 4087 Deum

712 4116 963 4185 dicerem,
992 4120 1242 4171 adversus
1283 4134 1458 4187 quem,
1502 4130 1550 4172 et
1593 4120 1745 4188 cujus
1778 4137 1941 4175 causa
1984 4122 2173 4176 bellum
2202 4142 2289 4193 ge-

713 4208 948 4263 rebatur.
989 4208 1144 4273 Quod
1174 4224 1315 4269 vero,
1350 4217 1403 4261 et
1435 4208 1577 4275 eum,
1615 4211 1709 4279 qui
1746 4212 2117 4266 contumeliam
2152 4216 2288 4280 infe-

709 4302 883 4363 rebat,
911 4300 1147 4352 maxima
1176 4299 1466 4367 ignominia
1494 4298 1692 4367 aﬁecit,
1715 4312 1765 4354 et
1792 4302 2022 4369 pugilem
2052 4314 2286 4357 nostrum

710 4408 1036 4460 summopere
1087 4391 1271 4445 extulit
1320 4392 1399 4461 (si
1451 4394 1607 4445 modo
1649 4408 1897 4464 maguum
1944 4397 2195 4464 quiddam
2237 4406 2288 4450 et

710 4488 973 4540 excelsum
1028 4486 1436 4539 existimandum
1476 4493 1552 4537 est
1604 4483 1975 4552 philosophia,
2028 4497 2077 4539 et
2126 4487 2285 4556 hujus

2386 3314 2440 3350 se
2477 3297 2797 3363 minabatur,
2837 3314 3023 3366 corpus
3064 3296 3394 3351 submittebat
3447 3297 3654 3365 ungulis
3704 3294 3969 3345 laceratu-

2387 3406 2523 3444 rum.
2548 3390 2720 3443 Atille
2736 3406 2756 3444 :
2779 3389 3119 3459 Hujusmpdi,
3135 3391 3326 3458 inquit,
3348 3388 3635 3441 laniatione
3650 3385 3977 3437 medicinam,

2388 3480 2568 3545 Itepnti
2607 3481 2823 3547 a/feres,
2869 3496 3203 3546 magnopere,
3256 3490 3308 3531 ut
3354 3480 3517 3540 uides,
3560 3493 3640 3530 me
3687 3475 3965 3541 prementi.

2392 3572 2559 3638 Atque
2590 3570 2643 3622 lti
2667 3572 2874 3637 quidem
2915 3572 2970 3623 in
3008 3572 3089 3624 his
3122 3582 3295 3624 erant.
3327 3569 3523 3624 Ciuitas
3563 3579 3769 3632 autem,
3809 3568 3969 3622 simul

2387 3673 2540 3731 atque
2565 3661 2871 3732 hujusmodi
2904 3662 3103 3715 malum
3132 3679 3193 3715 ac
3223 3678 3497 3716 commune
3547 3663 3843 3730 periculum
3885 3678 3973 3715 re-

2387 3754 2538 3806 scivit
2573 3754 2884 3823 (periculum
2914 3754 3053 3807 enim
3088 3770 3238 3807 suum
3265 3756 3482 3823 quisque
3510 3755 3673 3821 ipsius
3698 3764 3972 3807 contume-

2388 3850 2513 3901 liam
2553 3865 2663 3903 esse
2706 3848 3087 3917 existimabat),
3121 3856 3229 3901 tota
3271 3846 3447 3916 furore
3478 3846 3781 3915 corripitur,
3814 3856 3972 3913 atque

2389 3936 2713 4000 incenditur,
2765 3953 2851 4002 ac,
2888 3936 3023 3991 velut
3062 3937 3207 4006 fumo
3242 3952 3399 4004 apum
3448 3952 3665 3989 examen
3710 3946 3965 3999 mouente,

2395 4026 2635 4078 certatim
2673 4042 2849 4080 omnes
2884 4027 3159 4096 cujuslibet
3188 4028 3390 4095 generis
3430 4036 3582 4095 atque
3613 4026 3785 4080 tetatis
3826 4026 3969 4079 exci-

2392 4126 2574 4169 tantur
2602 4126 2649 4170 et
2687 4126 2999 4187 exsurgunt,
3027 4134 3091 4170 ac
3109 4121 3399 4186 praesertim
3432 4134 3699 4171 armorum
3728 4118 3964 4185 opiﬁces,

2390 4207 2813 4275 imperatoriique
2844 4216 3093 4260 textores.
3135 4210 3270 4260 Nam
3307 4208 3362 4261 hi
3406 4209 3460 4261 in
3507 4206 3768 4275 ejusmodi
3814 4208 3969 4259 rebus

2391 4297 2725 4364 feruentiores
2766 4310 2887 4352 sunt
2911 4338 2928 4363 ,
2958 4307 3114 4367 atque
3162 4300 3225 4351 ob
3257 4300 3544 4353 libertatem
3577 4315 3641 4352 ac
3674 4298 3967 4365 licentiam,

2388 4405 2495 4457 qua
2537 4389 2812 4459 fruuntur,
2860 4391 2929 4443 ad
2969 4391 3270 4443 audendum
3317 4392 3635 4458 paratiores.
3673 4382 3970 4462 Unicuique

2391 4502 2549 4558 porro
2580 4483 2671 4538 teli
2700 4483 2817 4536 loco
2844 4492 2981 4550 erat,
3013 4481 3091 4537 uel
3119 4484 3258 4553 quod
3288 4500 3376 4537 ars
3406 4484 3654 4552 oferebat
3674 4526 3688 4547 ,
3719 4485 3797 4538 uel
3827 4486 3969 4555 quod

710 4580 868 4633 laude
894 4578 1077 4648 uulgus
1104 4575 1349 4645 anteire),
1380 4576 1435 4629 id
1470 4578 1708 4630 oratione
1737 4592 2035 4647 persequar.
2071 4577 2286 4635 Mulieri
2317 4583 2361 4638 D
2391 4580 2445 4631 in
2476 4594 2531 4631 re
2554 4577 2799 4646 prtesenti
2835 4575 3175 4629 tumultuarie
3215 4576 3530 4644 confecerat.
3566 4576 3738 4630 ‘Fnces
3774 4579 3831 4631 in
3857 4595 3970 4631 ma-

710 4674 923 4725 cuidam
954 4670 1282 4737 amplissimo
1322 4669 1436 4723 loco
1478 4678 1651 4734 nata,
1686 4670 1839 4739 cujus
1882 4673 2106 4726 maritus
2141 4672 2284 4726 haud

709 4763 913 4830 pridem
943 4774 1173 4815 extremo
1201 4762 1319 4813 uiue
1348 4758 1437 4812 die
1468 4761 1678 4829 functus
1715 4770 1852 4828 erat,
1889 4761 2089 4829 judicis
2117 4779 2289 4817 asses-

711 4872 803 4910 sor
823 4855 924 4908 uim
944 4854 1218 4924 aferebat,
1252 4853 1575 4920 invitumque
1596 4853 1665 4906 ad
1694 4854 1905 4921 nuptias
1931 4855 2285 4921 pertrahebat.

712 4948 825 5003 Illa
852 4957 1049 5013 autem,
1080 4963 1199 5001 cum
1227 4946 1376 5000 nulla
1406 4955 1607 4999 ratione
1632 4945 1767 4999 hanc
1796 4946 1897 4999 vim
1922 4944 2149 5013 effugere
2168 4962 2291 5011 pos-

716 5049 818 5107 set,
868 5040 1149 5093 consilium
1199 5040 1360 5107 capit,
1411 5056 1517 5093 non
1560 5038 1779 5108 majoris
1824 5037 2087 5101 audacia,
2130 5053 2288 5107 quam

711 5132 1009 5200 prudentia
1038 5131 1271 5199 plenum.
1302 5130 1385 5183 Ad
1414 5147 1621 5184 sacram
1654 5131 1841 5185 etenim
1886 5145 2117 5183 mensam
2162 5146 2287 5184 con-

713 5227 872 5294 fugit,
904 5226 1171 5287 Deumque
1195 5228 1450 5278 adversus
1482 5224 1618 5276 hanc
1645 5223 1902 5291 injuriam
1928 5232 2287 5293 propugnato-

715 5335 826 5371 rem
862 5318 963 5372 sibi
990 5318 1231 5387 adaptat.
1268 5314 1409 5381 Quid
1446 5317 1605 5387 igitur
1637 5330 1729 5385 per
1762 5313 2075 5369 Trinitatem
2118 5318 2289 5384 ipsam

714 5413 811 5476 (ut
860 5410 1063 5479 forensi
1114 5424 1319 5480 quoque
1373 5407 1584 5462 dicendi
1633 5422 1817 5476 genere
1866 5407 2106 5461 nonnihil
2154 5410 2291 5463 inter

713 5503 896 5554 laudes
924 5500 1090 5567 utar)
1118 5499 1421 5570 faciendum
1451 5500 1550 5569 fuit
1573 5540 1587 5565 ,
1618 5515 1721 5553 non
1748 5500 1867 5553 dico
1904 5516 2091 5571 magno
2132 5500 2291 5555 Basi-

714 5592 807 5655 lio,
838 5607 899 5644 ac
924 5592 988 5644 de
1016 5592 1099 5645 his
1127 5591 1282 5645 rebus
1321 5590 1440 5645 aliis
1465 5591 1598 5661 leges
1627 5592 1907 5655 statuenti,
1938 5592 2028 5645 sed
2063 5591 2160 5644 alii
2186 5592 2292 5644 cui-

714 5682 857 5751 piam
903 5682 1054 5751 longe
1102 5683 1193 5737 illo
1250 5683 1533 5752 inferiori,
1582 5684 1707 5739 dum
1758 5695 1927 5739 tamen
1986 5684 2291 5739 sacerdoti?

792 5864 867 5932 (tt)
908 5864 1057 5920 Orat.
1088 5866 1179 5920 20.

2396 4669 2568 4731 nibus,
2595 4682 2749 4733 saxa,
2781 4666 2946 4736 fustes
2971 4671 3026 4720 in
3043 4678 3307 4735 promptu,
3341 4684 3475 4722 unus
3499 4668 3730 4723 omnium
3754 4685 3969 4732 cursus,

2397 4778 2532 4814 unus
2572 4762 2792 4827 clamor,
2814 4760 3104 4815 communis
3142 4761 3439 4813 animorunt
3469 4760 3755 4823 alacritas;
3791 4759 3979 4826 furor,

2400 4854 2547 4909 miles
2576 4856 2879 4921 vehemens,
2909 4854 3011 4908 imo
3042 4852 3163 4907 belli
3190 4854 3320 4907 dux.
3365 4851 3447 4907 Ne
3486 4852 3727 4905 mulieres
3758 4854 3971 4922 quidem

2395 4961 2519 5002 tunc
2550 4948 2794 5017 temporis
2818 4947 3041 5000 inermes
3070 4956 3219 4999 erant
3239 4987 3254 5011 ,
3287 4946 3384 4998 hac
3412 4945 3657 4997 nimirum
3694 4946 3975 4998 occasione

2396 5041 2601 5094 animos
2643 5052 2826 5092 earum
2860 5047 3146 5092 exacuente
3176 5042 3192 5103 (
3228 5037 3367 5089 radii
3408 5045 3581 5088 autem
3608 5036 3737 5102 ipsis
3782 5035 3971 5089 hasta-

2397 5148 2514 5187 rum
2560 5133 2674 5186 loco
2705 5141 2853 5185 erant
2877 5132 2930 5200 ),
2964 5131 3070 5184 imo
3109 5146 3200 5183 nec
3231 5129 3470 5182 mulieres
3500 5127 3621 5197 jam
3665 5129 3970 5192 manebant,

2396 5228 2583 5297 quippe
2618 5240 2749 5295 quas
2786 5224 2927 5277 zelus
2964 5224 3277 5283 roborasset,
3308 5232 3462 5285 atque
3490 5222 3558 5275 ad
3588 5220 3792 5273 uirilem
3821 5218 3973 5288 forti-

2397 5318 2632 5370 tudinem
2672 5316 2936 5384 animique
2974 5312 3386 5383 magnitudinem
3434 5312 3773 5364 traduxisset.
3826 5310 3970 5375 Quid

2398 5410 2561 5461 multa
2582 5410 2609 5465 2
2632 5418 2880 5475 pietatem
2908 5424 3084 5461 omnes
3108 5408 3181 5459 ita
3203 5407 3411 5459 demum
3440 5406 3576 5457 inter
3604 5420 3657 5456 se
3678 5405 3971 5472 partituros

2396 5502 2693 5563 censebant,
2723 5501 2767 5553 si
2793 5502 2959 5568 ipsum
2992 5498 3278 5551 diuiderent
3310 5513 3372 5549 ac
3396 5496 3741 5563 discerperent
3769 5510 3789 5549 :
3812 5506 3970 5565 atque

2397 5594 2440 5645 is
2474 5591 2725 5660 majorem
2755 5592 2894 5659 apud
2926 5606 3011 5643 eos
3040 5589 3247 5657 pietatis
3281 5588 3490 5640 laudem
3524 5587 3803 5645 habiturus
3835 5588 3971 5641 uide-

2395 5685 2569 5751 batur,
2601 5685 2688 5755 qui
2712 5686 2908 5751 primus
2941 5686 2993 5738 in
3020 5701 3156 5750 eum,
3183 5684 3268 5751 qui
3297 5691 3498 5736 tentant
3527 5680 3733 5751 facinus
3766 5695 3970 5750 aggresr
