4214 6496
1562 443 1719 498 VITA
1760 442 1818 500 S.
1848 442 1930 498 BA
1940 443 2112 501 SILI].

3260 467 3443 509 CXXVII

218 572 297 609 sus
329 566 453 608 esset
481 596 494 618 ,
528 571 747 609 mortem
776 556 1063 627 iniecisset.
1103 558 1243 623 Quid
1287 562 1449 630 igitur
1488 565 1667 618 audax
1693 566 1781 619 ille
1810 574 1851 627 Α
1890 568 2092 629 huisse,
2126 567 2175 620 id
2206 576 2314 632 est,
2364 568 2464 623 hoc
2502 579 2776 623 certamen
2805 585 2925 625 cum
2970 572 3172 630 vicario
3204 580 3441 634 omnium

214 662 255 701 et
286 649 510 701 insolens
541 648 713 716 judez
733 650 757 700 .’
780 648 1012 716 Supplex
1041 662 1175 715 erat,
1204 653 1538 721 miserabilis,
1564 658 1779 709 calami-

213 747 368 795 tosus,
402 738 581 804 quovis
612 738 821 789 homine
846 737 1097 804 dejectiar
1120 753 1139 791 :
1167 742 1343 807 quoad
1372 743 1428 793 in
1454 755 1778 811 conspectum

212 829 455 893 pradicas
490 826 580 880 ille
609 838 837 897 martyr,
880 838 928 881 et
960 829 1071 882 sine
1098 831 1268 900 plagis
1292 833 1477 898 pictor,
1524 851 1586 887 ac
1615 852 1778 901 popu-

213 920 314 970 lum
346 920 551 987 pudore
598 930 895 983 correptum
938 936 1028 985 per
1071 923 1465 994 uimrrett'nens,
1497 928 1777 994 supplicem

212 1026 357 1062 suum
390 1020 437 1061 et
478 1020 776 1066 vexatorem
804 1027 836 1063 α
867 1011 1099 1077 periculo
1124 993 1418 1068 vindicavit.

279 1118 473 1191 Tangit
507 1124 670 1175 etiam
708 1124 845 1176 hanc
895 1123 1179 1179 historiam
1232 1125 1523 1197 Gregorius
1578 1128 1777 1201 Nysse-

213 1227 307 1265 nas
334 1212 431 1280 (a),
464 1213 555 1281 qui
592 1211 851 1266 Basiliam
889 1226 1093 1279 narrat,
1124 1231 1244 1270 cum
1292 1217 1340 1270 ei
1361 1217 1523 1286 judex
1557 1222 1774 1289 quidam

214 1305 511 1357 minaretur
536 1319 594 1359 se
626 1304 766 1358 illius
803 1305 958 1373 jecur
990 1322 1054 1360 ex
1086 1309 1387 1363 visceribus
1421 1311 1728 1367 evulsurum
1754 1353 1770 1379 ,

215 1394 445 1448 insulsas
496 1394 669 1447 minas
725 1396 1051 1452 subridendo
1100 1400 1459 1469 excipientem
1515 1404 1714 1458 dixisse
1758 1424 1772 1458 :

214 1480 448 1536 Gratiam
479 1482 575 1535 tibi
606 1483 803 1537 habebo
834 1487 897 1539 ob
927 1488 1063 1540 hanc
1108 1488 1466 1553 voluntatem;
1505 1508 1608 1545 non
1638 1495 1775 1547 enim

214 1574 544 1627 mediocriter
597 1590 676 1628 me
719 1578 861 1645 angit
904 1578 958 1631 in
998 1580 1275 1634 uisceribus
1302 1582 1475 1651 jecur.
1510 1582 1687 1649 Quare
1732 1588 1776 1639 si

217 1665 339 1716 illud
385 1663 594 1732 ejicias,
641 1670 1075 1737 quemadmodum
1129 1673 1360 1729 minatus
1413 1692 1489 1740 es,
1538 1678 1776 1731 molestia

216 1777 394 1821 corpus
431 1762 698 1817 liberabis.

277 1872 517 1929 Judicem
561 1876 746 1944 illum,
775 1876 863 1947 qui
898 1887 1003 1932 tam
1042 1879 1273 1947 indignis
1302 1879 1474 1933 modis
1520 1879 1770 1933 Basiliam
1806 1908 1849 1966 Β

212 1969 443 2031 vexavit,
467 1980 697 2039 uterque
721 1969 1012 2039 Gregorius
1037 1971 1302 2044 ὕπαρχον,
1330 1971 1650 2043 praefectum,
1678 1988 1772 2041 ap—

211 2058 384 2124 pellat.
420 2059 526 2114 Sed
563 2063 645 2116 his
678 2063 729 2115 in
768 2063 896 2117 locis
944 2061 1219 2131 legendum
1252 2063 1466 2117 videtur
1499 2064 1770 2135 ἔπαρχον,

212 2149 445 2203 vicarius
466 2152 609 2204 enim
632 2151 730 2205 fuit
751 2150 987 2219 prtefecti
1017 2151 1067 2202 in
1093 2152 1315 2207 tlitecesi
1341 2152 1587 2220 Pontica,
1610 2170 1770 2225 quam

210 2242 271 2295 ab
312 2257 377 2295 eo
410 2244 762 2310 gubernatum
802 2252 1027 2296 testatur
1076 2243 1449 2301 Nazianzenus
1495 2266 1510 2303 :
1556 2259 1610 2301 et
1650 2264 1771 2302 cum

204 2331 360 2400 judex
403 2334 471 2385 ab
499 2334 686 2386 eodem
723 2348 976 2402 vocetur,
1012 2351 1195 2392 comes
1229 2339 1463 2393 Ponticae
1501 2355 1619 2394 esse
1664 2356 1771 2395 non

208 2424 395 2491 potuit,
460 2436 524 2476 ac
583 2425 806 2492 proinde
858 2429 999 2483 vices
1060 2430 1297 2495 praefecti
1348 2432 1559 2499 agebat.
1618 2430 1771 2500 Apud

206 2512 449 2564 eutndem
499 2511 902 2572 Nazianzenum
935 2536 1031 2590 pro
1072 2523 1157 2577 his
1193 2522 1418 2576 vocibus
1450 2523 1655 2593 πέμπει
1687 2541 1771 2575 τι-

206 2604 295 2667 νὰς
321 2605 432 2658 τῶν
471 2608 563 2660 ἐπ’
592 2607 856 2677 ἐξουσίας,
906 2615 1160 2682 quosdam
1211 2616 1548 2684 magistratus
1587 2617 1768 2683 mittit,

206 2696 379 2766 legere
410 2701 594 2755 malim
646 2702 737 2755 ὑπ’
763 2702 1037 2769 ἐξουσίας,
1082 2706 1239 2757 mittit
1271 2708 1473 2775 aliquos
1520 2723 1585 2761 ex
1614 2709 1769 2761 mini-

204 2795 323 2845 stris
346 2795 479 2847 suis.

278 2906 599 2971 llatronam,
637 2909 785 2975 cujus
814 2910 1027 2980 nuptias
1069 2921 1173 2966 tam
1201 2915 1464 2971 violenter
1490 2920 1773 2988 appetebat

208 2999 445 3053 vicarius
481 2999 743 3067 praefecti,
776 3002 1083 3059 Vestianam
1132 3005 1274 3060 illam
1306 3008 1470 3061 fuisse
1519 3011 1770 3076 opinatur

206 3090 467 3143 Duronius
525 3090 623 3163 (ὁ),
679 3094 744 3147 de
785 3109 889 3165 qua
925 3097 977 3150 in
1023 3096 1143 3150 Vita
1178 3096 1235 3153 S.
1275 3097 1529 3152 Macrino:
1568 3098 1769 3169 Grego-

205 3186 313 3236 rius
351 3181 634 3252 Nyssenus
683 3185 942 3257 loquitur.
996 3188 1101 3244 Sed
1157 3190 1209 3243 in
1266 3190 1369 3245 hac
1424 3194 1768 3261 expendenda

205 3274 537 3343 conjectura,
574 3292 696 3346 qua:
725 3278 868 3332 ttulla
913 3280 1103 3334 nititur
1152 3284 1383 3348 ratione,
1422 3300 1525 3336 non
1584 3285 1766 3339 immo-

204 3370 382 3424 rabor.
427 3368 562 3422 Illud
596 3369 663 3422 ad
691 3371 1034 3423 statuendum
1084 3369 1382 3435 difficilius,
1430 3373 1649 3442 quinam
1686 3374 1774 3430 ille

202 3458 360 3515 fuerit
383 3461 639 3527 vicarius,
670 3473 721 3516 et
744 3477 849 3532 quo
874 3462 985 3517 huic
1007 3472 1124 3519 acta
1159 3472 1420 3533 tempore.

268 3573 498 3629 Narrata
533 3574 776 3630 Valentis
804 3576 1069 3632 Caesareae
1102 3581 1487 3635 commorantis
1519 3595 1773 3650 persecu-

203 3665 365 3725 tione,
393 3666 474 3719 sic
505 3666 571 3716 ad
607 3666 765 3718 istam
808 3668 1003 3720 transit
1041 3666 1359 3735 Gregorius,
1400 3681 1457 3721 ut
1495 3683 1614 3722 eam
1668 3686 1772 3724 non

200 3759 428 3810 obscure
458 3757 799 3810 demonstret
822 3757 928 3809 alio
959 3759 1206 3811 evenisse
1227 3768 1489 3827 tempore.
1520 3760 1582 3810 At
1605 3762 1768 3825 enim,

203 3848 373 3915 inquit.
413 3847 511 3916 (ε),
540 3848 848 3916 Itujusmotli
878 3850 1090 3917 quidem
1134 3848 1357 3916 fortasse
1383 3866 1465 3913 ea,
1496 3866 1612 3919 quae
1656 3867 1772 3904 cum

202 3940 305 3993 illis
334 3940 460 4010 egit,
489 3941 723 4009 fuerunt,
748 3956 967 4011 eumque
994 3941 1149 4009 linem
1180 3942 1495 4006 habuerunt,
1529 3952 1771 3995 cwterum

200 4049 315 4084 cum
354 4033 480 4088 aliis
512 4033 618 4087 alio
660 4035 816 4087 modo
851 4050 904 4088 se
945 4035 1125 4101 gessit,
1160 4043 1249 4086 aut
1281 4034 1455 4100 paruis
1485 4035 1549 4085 de
1595 4032 1769 4096 rebus,

200 4135 286 4175 aut
321 4142 515 4191 parum
562 4126 761 4194 egregie
789 4123 1078 4188 dimicavit,
1120 4133 1211 4175 aut
1258 4138 1361 4175 non
1394 4124 1467 4174 ita
1511 4123 1772 4189 sapienter

199 4218 465 4279 disseruit,
519 4232 611 4267 nec
653 4225 707 4268 ut
752 4216 1013 4268 hominum
1063 4214 1628 4281 commemorationem,
1677 4225 1768 4267 aut

202 4317 334 4360 certe
365 4306 625 4374 insignem
653 4306 861 4359 laudem
884 4288 1211 4359 mereretur?

266 4416 431 4470 Multa
480 4429 612 4468 sane
638 4429 702 4465 ex
752 4415 853 4478 iis,
901 4430 1020 4484 quae
1072 4424 1368 4467 narrantur
1410 4430 1438 4467 a
1484 4413 1763 4481 Gregorio,

200 4509 398 4573 optimc
443 4506 777 4561 conveniunt
817 4506 870 4559 itt
920 4507 1141 4576 impium
1174 4507 1320 4559 illum
1349 4504 1583 4559 Pontica:
1622 4505 1767 4558 vica—

1878 667 2207 728 postremum
2242 659 2427 714 fuisse.

1952 751 2033 819 (d)
2061 749 2170 804 Sed
2208 766 2329 805 cum
2370 749 2603 814 Nicetas,
2633 752 2787 821 cujus
2818 753 2919 808 hac
2968 756 3018 809 in
3056 771 3111 810 re
3140 773 3245 813 non
3291 775 3446 828 sper-

1880 842 2057 892 nenda
2085 840 2398 905 auctoritas,
2428 840 2689 893 vicarium
2718 840 2886 906 illam,
2917 844 2983 897 de
3023 859 3131 914 quo
3154 845 3444 919 Gregorius

1880 930 2149 1015 loquitur,
2182 931 2473 987 Eusebium
2524 930 2813 985 Dominicae
2859 934 3222 1001 intperatricis
3271 952 3440 993 avun-

1879 1023 2059 1076 culum
2096 1022 2261 1077 fuisse
2298 1033 2546 1087 testetur,
2585 1022 2741 1078 nobis
2765 1025 3030 1093 integrum
3064 1041 3165 1080 non
3193 1039 3275 1083 cst
3305 1030 3440 1085 hanc

1881 1115 2287 1169 historiatn'in
2342 1115 2715 1171 Demosthenis
2765 1130 2953 1170 nomen
3008 1120 3274 1174 conferre.
3326 1118 3440 1176 Non

1878 1207 2027 1259 enim
2055 1206 2333 1275 probabile
2369 1217 2452 1261 est
2480 1208 2533 1261 id
2562 1207 2799 1263 Nicetam
2830 1210 2895 1263 de
2937 1224 3033 1264 suo
3061 1209 3309 1276 tinxisse;
3347 1214 3441 1267 sed

1877 1300 2054 1368 potius
2080 1298 2529 1354 verisimillimum
2560 1312 2667 1365 est,
2693 1312 2750 1355 ut
2770 1303 3021 1357 observat
3050 1301 3440 1370 Tillemonlius,

1878 1389 2020 1443 hanc
2047 1402 2176 1443 eum
2216 1390 2544 1443 notationem
2574 1405 2638 1444 ex
2682 1392 2867 1460 aliquo
2911 1393 3202 1461 exemplari
3232 1404 3442 1449 vetusto

1877 1482 2103 1544 eruisse,
2141 1479 2195 1534 in
2234 1495 2342 1550 quo
2373 1494 2564 1535 nomen
2602 1481 2821 1537 Eusebii
2852 1484 2918 1537 ad
2946 1485 3240 1554 marginem
3274 1486 3444 1540 ascri-

1878 1583 2024 1644 ptum
2048 1581 2185 1626 erat.

1947 1663 2080 1718 Cum
2107 1673 2287 1718 autem
2319 1665 2434 1719 haec
2463 1666 2769 1735 persecutio
2801 1680 2972 1733 neque
3004 1669 3070 1719 ad
3091 1684 3291 1721 annum
3311 1665 3441 1733 “572,

1876 1768 2051 1823 neque
2085 1758 2152 1808 ad
2195 1754 2304 1809 375
2357 1754 2548 1810 referri
2590 1758 2786 1824 possit,
2845 1758 3055 1810 videtur
3104 1758 3245 1811 intra
3306 1738 3435 1813 illud

1880 1856 2091 1917 tempus
2122 1846 2456 1913 collocanda,
2494 1850 2641 1917 quod
2674 1850 2816 1903 inter
2847 1860 3133 1918 utramque
3183 1865 3438 1918 persecu-

1881 1940 2079 1994 tionem
2110 1938 2335 1996 eﬂlnxit.
2384 1938 2519 1994 Nam
2543 1950 2665 2009 post
2698 1939 3071 1994 Demosthenis
3107 1943 3439 2009 persecutio-

1875 2045 2020 2096 nem,
2070 2030 2201 2085 nihil
2233 2031 2389 2086 nobis
2431 2031 2735 2101 suppeditat
2785 2031 3008 2085 historia
3054 2030 3257 2094 Basilii,
3290 2032 3434 2101 quod

1874 2135 1994 2174 cum
2024 2121 2125 2175 hoc
2147 2133 2341 2175 eventu
2368 2123 2635 2190 quadrare
2653 2122 2842 2190 possit.
2862 2120 2928 2175 At
2945 2122 3115 2175 hiems
3134 2123 3289 2192 hujus
3314 2122 3442 2176 aaut

1875 2210 1979 2266 574
2009 2214 2255 2268 exeuntis
2306 2213 2532 2267 miriﬁce
2564 2215 2830 2281 congruit.
2882 2213 2999 2268 iam
3041 2218 3183 2268 enim
3213 2215 3443 2269 vidimus

1877 2303 2114 2358 nefarias
2136 2305 2508 2358 haereticorum
2526 2303 2849 2368 molitiones,
2866 2320 3095 2373 quorum
3122 2305 3210 2359 alii
3234 2314 3350 2374 post
3372 2304 3447 2360 fee

1873 2407 2014 2452 stum
2034 2396 2090 2451 S.
2117 2396 2400 2468 Eupsychii
2417 2399 2468 2451 in
2482 2398 3042 2458 aulamcucurrerunt,
3063 2398 3153 2450 alii
3175 2412 3423 2452 remanse

1876 2498 2001 2542 runt
2038 2502 2304 2542 rumorem
2326 2498 2719 2555 exspectantes.
2758 2487 3023 2542 Praeterea
3043 2488 3442 2542 Basiliusinitio

1872 2578 2109 2647 epistolae
2141 2577 2245 2631 200
2266 2587 2496 2635 testatur
2522 2578 2621 2631 sibi
2657 2579 2867 2646 negotia
2900 2580 2963 2630 ab
2990 2579 3053 2631 iis
3075 2580 3162 2639 qui
3193 2576 3440 2631 Ecclesiis

1873 2680 2051 2723 nocent
2109 2670 2341 2724 exhibita
2373 2686 2465 2737 per
2492 2679 2656 2721 totam
2712 2668 2928 2722 hiemem
2968 2671 3144 2736 fuisse.
3179 2670 3441 2723 Similiter

1875 2763 2027 2816 initio
2050 2762 2291 2829 epistola:
2322 2762 2432 2815 9.03
2457 2773 2849 2816 commemorat
2892 2778 2989 2815 sua
3046 2779 3162 2815 cum
3212 2762 3302 2827 iis,
3347 2761 3439 2830 qui

1872 2856 2165 2907 doctrinam
2193 2855 2421 2907 ueritatis
2442 2854 2765 2920 impugnant,
2785 2854 3091 2908 certamina.
3108 2852 3219 2906 Non
3238 2853 3441 2907 incom-

1874 2947 2027 2999 mode
2067 2959 2195 3015 ergo
2251 2945 2304 2999 in
2358 2945 2460 2999 hac
2516 2944 2693 2999 hieme
2733 2943 2986 2997 Basiliam
3040 2957 3162 2997 cum
3204 2943 3437 2999 Eusebio

1872 3035 2076 3089 vicario
2131 3043 2405 3088 narratam
2458 3048 2489 3088 a
2536 3032 2796 3103 Gregorio
2849 3047 3084 3101 pugnam
3132 3042 3187 3086 et
3242 3032 3439 3086 multas

1873 3126 2008 3181 alias
2038 3126 2360 3181 sustinuisse
2396 3126 2788 3179 existimamus.

1949 3215 2062 3270 Non
2104 3215 2284 3284 magni
2327 3213 2528 3280 refert,
2573 3214 2715 3284 quod
2749 3214 3040 3282 Gregorius
3088 3213 3189 3268 hoc
3240 3211 3437 3268 bellum

1876 3307 2116 3363 omnium
2162 3317 2491 3376 postremum
2546 3306 2709 3360 fuisse
2765 3306 2915 3359 dicit.
2985 3305 3248 3374 Loquitur
3292 3306 3437 3360 enim

1876 3395 2171 3465 Gregorius
2208 3397 2274 3450 de
2294 3398 2555 3464 ejusmodi
2586 3398 2797 3466 pugnis,
2829 3397 2879 3448 itt
2906 3398 3101 3465 quibus
3133 3396 3361 3451 Basilius
3384 3398 3439 3453 in

1870 3484 2131 3553 judicium
2157 3497 2401 3546 vocatus.
2425 3488 2708 3541 veritatem
2736 3504 2831 3555 pro
2856 3486 3106 3541 tribunali
3131 3490 3331 3542 acriter
3353 3488 3444 3544 de-

1876 3577 2045 3632 fendit
2072 3598 2086 3632 :
2118 3581 2261 3647 quod
2293 3581 2508 3648 quidem
2528 3581 2577 3633 ei
2602 3582 2652 3632 in
2679 3580 3053 3633 Demosthenis
3071 3580 3443 3648 persecutione

1876 3685 1983 3724 non
2007 3670 2219 3724 videtur
2252 3670 2560 3736 contigisse.
2589 3669 2703 3723 Hoc
2733 3671 2940 3723 accedit
2961 3671 3102 3739 quod
3122 3670 3441 3741 Gregorius,

1876 3762 1998 3814 dtun
2023 3762 2117 3822 ait,
2147 3758 2248 3813 Hic
2276 3758 2467 3812 bellum
2502 3760 2820 3814 mundanum
2850 3761 3027 3825 desiit,
3052 3776 3156 3814 non
3185 3774 3309 3814 eum
3345 3776 3435 3817 rc-

1875 3866 1991 3903 runt
2011 3850 2252 3904 ordinem
2277 3851 2539 3918 sequitur,
2564 3866 2721 3918 quem
2747 3862 3043 3921 temporum
3065 3852 3234 3905 series
3254 3861 3439 3922 postu-

1874 3944 2055 4007 labat,
2106 3945 2200 3997 sed
2235 3958 2397 4012 quem
2435 3942 2535 3996 sibi
2578 3943 2691 4009 ipse
2742 3945 2793 3995 in
2846 3943 3159 3996 adornanda
3193 3943 3439 3997 oratiot'e

1873 4036 2294 4106 praescripserat.
2350 4035 2488 4091 Hinc
2545 4036 2737 4089 bellum
2793 4036 3098 4105 episcOpale
3154 4036 3353 4090 ibidem
3402 4051 3437 4088 a

1872 4127 2207 4180 dissensione
2241 4141 2362 4179 cum
2385 4126 2641 4179 Anthimo
2686 4125 2951 4195 incepisse
2990 4127 3153 4190 dicit;
3188 4124 3435 4194 quamvis

1870 4228 2081 4275 constet
2105 4219 2361 4275 Basiliam
2390 4221 2440 4274 in
2469 4221 2581 4289 ipso
2607 4221 2949 4289 episcopatus
2982 4218 3275 4288 primordio
3316 4216 3436 4285 pluo

1874 4328 1962 4366 res
1990 4312 2345 4382 Cappadociae
2370 4317 2650 4382 episcopos
2678 4310 2969 4365 schismate
2992 4324 3020 4361 a
3045 4322 3104 4361 se
3134 4306 3433 4377 disjunctss

1869 4404 2138 4458 habuisse.

2420 4491 2643 4548 CAPUT
2668 4491 2880 4553 XXXII.

201 4601 360 4659 rium,
407 4598 852 4661 Demosthenem,
882 4599 969 4665 qui
1005 4599 1055 4652 in
1080 4597 1412 4667 Cappadocia
1438 4606 1493 4649 et
1518 4597 1772 4652 finitimis
1807 4594 1848 4647 D
1880 4590 1915 4643 Ι.
1952 4586 2297 4667 Qt'avissintus
2325 4586 2511 4667 Basilii
2535 4588 2743 4667 morbus
2767 4601 2886 4667 ante
2923 4589 3125 4667 Pascha
3159 4591 3293 4667 anni
3309 4590 3433 4651 575.

200 4690 494 4756 provinciis
522 4698 801 4757 grassatus
842 4697 926 4741 est
972 4704 1113 4744 anno
1145 4688 1249 4742 575
1295 4698 1349 4740 et
1393 4685 1516 4739 576.
1563 4686 1611 4740 ls
1648 4704 1767 4741 cum

200 4780 283 4836 sui
313 4781 366 4833 in
408 4780 669 4834 Basiliam
697 4780 803 4834 odii
835 4778 1093 4847 plurimas
1142 4780 1566 4849 significationes
1607 4780 1768 4834 dede-

200 4877 289 4940 rit,
324 4887 494 4941 seque
526 4875 849 4926 acerrimum
885 4871 1106 4926 ha-resis
1136 4874 1470 4927 defensorem
1520 4872 1765 4940 pra-bae-

200 4971 288 5031 rit,
317 4981 424 5020 non
470 4964 742 5018 immerito
782 4964 923 5017 idem
953 4963 1119 5015 videri
1159 4976 1360 5031 posset,
1396 4980 1461 5017 ac
1505 4963 1589 5016 ille
1616 4965 1767 5017 vica-

202 5059 333 5124 rius,
362 5071 526 5127 quem
573 5065 762 5109 narrat
812 5054 1103 5125 Gregorius
1142 5054 1342 5108 Basilio
1387 5055 1585 5108 multas
1629 5056 1762 5110 alias

202 5150 559 5204 contumelias
604 5147 818 5213 fecisse,
854 5160 908 5201 et
934 5150 987 5203 itt
1013 5148 1247 5219 speciem
1293 5150 1506 5218 quidem
1544 5152 1764 5205 mulier-

205 5240 334 5293 cuia:
356 5255 524 5295 causa
557 5240 914 5292 escanduisse
933 5278 948 5303 ,
976 5240 1067 5293 sed
1124 5252 1306 5293 revera
1338 5242 1556 5296 lueresis
1582 5242 1767 5297 deten—

210 5332 410 5385 sionem
464 5346 529 5385 ac
562 5330 778 5399 pietatis
802 5331 1248 5399 oppugnationem
1276 5332 1375 5386 sibi
1400 5335 1763 5404 proposuisse.

206 5421 339 5475 lluic
380 5426 528 5475 favet
571 5421 807 5491 opinioni
846 5423 988 5490 quod
1032 5423 1107 5475 ait
1157 5422 1243 5477 hic
1288 5425 1486 5478 bellum
1535 5432 1760 5482 munda-

211 5528 337 5566 num
368 5513 627 5577 desiisse,
675 5522 729 5566 et
773 5512 980 5569 felicem
1014 5513 1123 5569 Deo
1158 5514 1366 5570 favente
1404 5518 1606 5572 exitum
1662 5519 1761 5572 ha-

276 5757 347 5816 (n)
376 5754 439 5805 In
476 5752 641 5805 Basil.
677 5768 793 5819 pag.
832 5755 950 5808 485.

280 5826 349 5882 (ιι)
380 5826 457 5871 Att
488 5838 579 5868 ειη.
618 5821 737 5871 570.

274 5894 336 5951 (ι)
377 5889 463 5940 0r.
503 5887 591 5937 ‘20.

1957 4658 2403 4729 Quatuorlitterw
2433 4662 2499 4710 ad
2535 4660 2670 4711 hunc
2694 4664 2929 4712 morbum
2958 4660 3230 4729 pertinent.
3253 4661 3316 4717 ιι.
3347 4670 3419 4721 Ac

1956 4738 2139 4800 curata
2192 4726 2413 4800 historia
2447 4732 2825 4800 _trauslationis
2882 4726 3046 4784 sancti
3094 4729 3327 4800 Dionysii
3373 4753 3439 4790 ea:

1955 4796 2169 4867 cpistola
2220 4799 2388 4849 sancti
2434 4798 2621 4851 Basilii
2673 4805 2739 4851 ad
2788 4810 3020 4853 sanctum
3082 4796 3434 4861 Ambrosium.

1949 4866 2034 4922 lli.
2058 4866 2134 4939 De
2165 4870 2381 4929 epistola
2420 4870 2519 4924 198
2542 4872 2607 4920 ad
2645 4868 2701 4922 S.
2736 4869 3035 4923 Eusebium.
3075 4870 3159 4939 lY.
3198 4870 3437 4939 Epistula

1946 4937 2197 5012 canonica
2236 4941 2463 5012 secunda
2505 4950 2555 4991 et
2599 4941 2814 5006 epistola
2864 4942 3077 5012 QODAad
3107 4937 3164 4995 S.
3218 4937 3434 5012 Amphi-

1953 5006 2201 5060 lochium.
2268 5008 2437 5061 Paulo
2499 5022 2613 5074 post
2663 5011 2882 5077 epistola
2934 5009 3029 5064 201
3080 5013 3149 5062 ad
3199 5006 3437 5067 eumdem

1953 5078 2165 5144 scripta.
2205 5078 2266 5131 Υ.
2305 5078 2597 5131 Concilium
2630 5080 2970 5144 Amp/titot'hti
3001 5082 3063 5133 de
3104 5083 3438 5138 restituendis

1941 5150 2339 5215 episcopatibus,
2380 5150 2448 5201 ad
2475 5149 2612 5218 quod
2640 5160 2851 5200 vocatur
2869 5150 3116 5203 Basilius.

1956 5240 1999 5294 l.
2037 5240 2107 5312 (e)
2137 5241 2369 5311 Longior
2402 5243 2557 5296 solito
2586 5241 2687 5295 fttit
2723 5242 2894 5296 hiems
2920 5243 3045 5296 atttti
3081 5242 3185 5296 375
3216 5244 3268 5298 itt
3293 5243 3433 5314 Cap-

1886 5336 2133 5403 padocia,
2168 5350 2230 5389 ac
2262 5337 2358 5389 via:
2383 5349 2567 5391 omnes
2605 5351 2775 5404 usque
2806 5340 2870 5389 ad
2897 5336 3098 5389 Pascha
3134 5336 3436 5392 interclusas

1880 5428 2123 5482 fuerunt.
2163 5428 2415 5481 Basiliam
2449 5443 2545 5496 per
2573 5440 2737 5482 totum
2770 5429 2867 5482 hoc
2892 5438 3097 5496 tempus
3123 5428 3429 5496 occupatio-

1877 5535 1983 5572 nes
2018 5521 2351 5587 negotiorum
2378 5521 2728 5580 exteriorum,
2756 5530 2829 5580 et,
2872 5529 2925 5572 ut
2949 5519 3058 5588 jam
3088 5519 3316 5573 diximus
3336 5517 3429 5585 (1),

1946 5757 2024 5820 ((1)
2050 5757 2168 5805 Not.
2205 5757 2252 5804 in
2283 5756 2414 5806 Nec.
2446 5772 2561 5824 pag.
2598 5758 2715 5809 781.

1938 5826 2006 5885 (e)
2049 5825 2137 5886 Iz'p.
2179 5826 2292 5872 198.

1935 5890 1998 5954 (ί)
2044 5891 2129 5957 εν.
2161 5890 2280 5942 eos.
