4214 6484
728 444 927 489 CXXVIII

2082 430 2607 486 PliOLEGOMENA.

726 550 906 616 praelia
942 562 1063 602 cum
1090 547 1335 603 veritatis
1370 548 1616 604 hostibus
1643 550 2010 605 delinuerunt.
2040 554 2119 623 (α)
2148 552 2294 607 Cou-
2328 554 2373 608 Α
2401 549 2641 620 sepultus
2666 550 2883 603 dicitur.
2918 550 3228 618 Simplicius
3262 551 3433 606 multo
3465 566 3527 605 ac
3558 552 3740 607 verius
3761 551 3970 607 Usuar-

727 638 892 693 tinus.-
916 637 1077 693 etiam
1102 654 1165 693 ae
1199 642 1542 695 vehementes
1570 639 1751 697 febres
1778 642 1922 697 illius
1946 658 2141 712 corpus
2164 645 2297 698 adeo

726 738 1195 799 consumpserunt,
1240 740 1298 783 ut
1327 732 1497 785 visum
1532 734 1603 788 sit
1640 733 1846 803 aliquid
1894 735 2008 803 ipso
2062 734 2294 798 tenuius,

729 817 844 885 ipse
872 834 1065 889 nempe
1094 819 1344 875 Basilius.
1374 821 1641 878 Praeterea
1670 835 2066 893 quartanarum
2102 838 2293 879 acces-

728 926 821 967 sus
855 912 994 965 ultra
1027 911 1214 982 viginti
1257 913 1403 968 vices
1452 913 1821 982 perstiterunt.
1860 914 2120 970 Febribus
2172 914 2298 970 libe-

730 1014 904 1068 ratus,
938 1004 1012 1059 ita
1042 1004 1232 1060 debilis
1257 1014 1398 1069 erat,
1424 1015 1481 1059 ut
1526 1006 1661 1061 nihil
1719 1006 1788 1061 ab
1834 1022 2031 1061 aranea
2083 1005 2299 1062 differre

726 1098 1023 1153 videretur.
1081 1098 1268 1168 Itaque
1309 1114 1432 1155 cum
1480 1114 1603 1155 eum
1660 1100 1906 1157 Meletius
1954 1104 2193 1157 medicus
2243 1104 2296 1157 in

728 1203 881 1242 suam
926 1189 1276 1244 solitudinem
1328 1189 1629 1258 invitasset,
1666 1207 1772 1247 non
1820 1193 1991 1261 potuit
2038 1193 2140 1247 hoc
2195 1193 2301 1247 iter

732 1279 1028 1347 suscipere,
1064 1280 1359 1349 quemlibet
1396 1298 1541 1337 aura:
1580 1283 1865 1353 impulsum
1918 1285 2295 1347 reformidans,

729 1368 822 1422 sed
853 1369 1055 1423 iturum
1097 1385 1156 1424 se
1190 1386 1361 1425 verno
1411 1380 1653 1441 tempore
1680 1373 1948 1442 promisit,
1984 1374 2143 1429 modo
2173 1390 2296 1429 eum

730 1457 872 1513 Deus
896 1475 1083 1530 magna
1114 1476 1210 1515 sua
1240 1476 1399 1514 manu
1428 1472 1662 1516 sanaret.

800 1550 993 1606 incidit
1033 1552 1086 1606 in
1122 1553 1271 1606 hunc
1310 1554 1555 1607 morbum
1605 1562 1729 1609 ante
1750 1553 1995 1621 Pascha;
2030 1557 2295 1626 siquidem

731 1644 865 1699 liber
905 1658 933 1696 a
960 1642 1200 1697 febribus
1229 1658 1453 1698 vernum
1489 1653 1698 1713 tempus
1735 1648 2109 1714 exspectabat.
2142 1648 2296 1715 Quod

730 1736 775 1789 si
806 1735 859 1789 in
891 1734 1050 1802 epist.
1085 1733 1187 1789 198
1230 1734 1460 1789 febrium
1493 1735 1850 1791 acerbitatem
1885 1751 2291 1805 commemorat,

734 1826 817 1881 vel
857 1826 923 1881 de
959 1826 1249 1893 praeteritis
1296 1826 1535 1881 febribus
1559 1825 1607 1879 id
1634 1827 2035 1898 intelligendum
2076 1842 2181 1894 est,
2217 1832 2298 1885 vel

733 1914 801 1969 de
840 1916 1028 1969 morbo
1061 1916 1495 1972 recrudescente.
1527 1893 1829 1971 Recruduit
1866 1920 2009 1973 enim
2039 1893 2296 1976 morbus:
2333 1893 2373 1949 Β

732 2007 875 2059 unde
900 2007 978 2061 ait
1009 2007 1062 2061 in
1085 2006 1308 2077 epistola
1343 2008 1448 2063 200
1486 2027 1499 2062 :
1534 2008 1705 2064 Morbi
1734 2028 1813 2064 me
1846 2028 1909 2064 ex
1937 2014 2127 2068 morbis
2162 2016 2304 2069 exci-

729 2098 902 2168 piunt.

808 2188 1053 2245 Morbum
1083 2204 1237 2245 suum
1268 2191 1455 2246 eodem
1488 2192 1645 2247 modo
1672 2193 1870 2248 indicat
1901 2195 1952 2248 in
1978 2195 2201 2265 epistola
2236 2196 2303 2251 ad

737 2280 970 2345 Zoilum,
1026 2296 1147 2350 qure
1185 2283 1411 2352 proinde
1440 2284 1507 2338 ad
1564 2284 1702 2338 idem
1758 2295 1967 2352 tempus
2001 2286 2301 2343 referenda.

736 2372 993 2427 Eruditus
1018 2372 1107 2427 ille
1140 2374 1222 2426 vir
1248 2388 1313 2427 ac
1346 2374 1578 2429 disertus
1599 2414 1614 2436 ,
1664 2392 1788 2430 cum
1818 2378 1898 2431 sic
1952 2378 2015 2431 ad
2052 2378 2301 2435 Basilium

746 2465 1075 2535 scripsisset,
1106 2475 1161 2519 ut
1188 2466 1334 2520 velut
1368 2466 1421 2521 in
1459 2468 1748 2523 audaciore
1781 2472 2009 2539 quodam
2042 2472 2185 2527 facto
2217 2489 2306 2528 ve-

738 2556 881 2609 niam
912 2563 1161 2625 peteret,
1194 2556 1440 2610 hortatur
1458 2570 1579 2609 eum
1610 2555 1861 2617 Basilius,
1892 2569 1949 2611 ut
1994 2561 2059 2612 ad
2090 2576 2302 2613 omnem

736 2647 1080 2701 occasionem
1113 2648 1357 2714 scribat;
1388 2648 1618 2703 libenter
1656 2650 1796 2703 enim
1826 2650 2087 2704 lecturum
2121 2666 2177 2704 se
2207 2652 2301 2704 viri

739 2738 1043 2807 eloquentis
1097 2739 1329 2805 litteras,
1377 2750 1431 2795 et
1472 2756 1592 2795 cum
1644 2756 1674 2794 a
1729 2741 2003 2810 Scriptura
2058 2742 2305 2797 didicerit

743 2840 1001 2900 quantum
1042 2831 1115 2885 sit
1152 2832 1437 2887 cbaritatis
1493 2832 1725 2898 bonum,
1772 2834 2149 2888 suavissimum
2202 2836 2299 2889 sibi

741 2923 858 2979 fore
890 2922 1125 2979 hominis
1177 2925 1412 2979 amantis
1466 2925 1814 2993 colloquium.
1851 2926 2099 2994 Ejusdem
2132 2929 2301 2982 morbi

741 3023 883 3070 nota
911 3018 1274 3070 observantur
1303 3022 1413 3068 tum
1452 3014 1504 3068 in
1551 3014 1774 3084 epistola
1821 3017 1889 3069 ad
1940 3017 2301 3085 Euphronium

741 3104 980 3161 Coloniae
1014 3105 1349 3174 episcopum,
1390 3106 1443 3159 in
1469 3119 1571 3174 qua
1600 3105 1731 3159 dicit
1759 3106 1928 3160 videri
1957 3120 2016 3160 se
2047 3108 2220 3161 adhuc
2252 3109 2302 3159 iu

742 3206 885 3252 terra
909 3198 1133 3261 versari,
1168 3206 1276 3252 tum
1310 3198 1363 3251 in
1386 3197 1488 3252 alia
1516 3198 1582 3253 ad
1604 3198 1923 3269 Aburgium,
1948 3213 2108 3266 quem
2132 3209 2303 3269 optat,

742 3297 801 3341 ut
838 3288 1127 3357 aliquando
1160 3290 1213 3342 in
1240 3288 1414 3357 patria
1445 3289 1625 3344 videre
1661 3291 1854 3358 possit,
1902 3292 2027 3345 dum
2064 3291 2115 3344 in
2143 3293 2305 3346 terris

741 3390 1008 3445 versatur,
1034 3391 1199 3451 atque
1244 3394 1423 3435 aerem
1458 3384 1635 3448 ducit;
1674 3384 1725 3436 in
1758 3384 1859 3438 hoc
1908 3383 2051 3438 enim
2100 3391 2304 3437 tantum

744 3473 1057 3542 participem
1090 3488 1150 3527 se
1176 3488 1294 3527 esse
1326 3473 1467 3536 vitm,
1493 3474 1632 3540 quod
1664 3476 1908 3541 respiret.

814 3556 946 3610 Cum
989 3555 1234 3619 Colonia,
1283 3561 1369 3611 cui
1433 3565 1661 3626 praeerat
1706 3557 2068 3626 Euphronius,
2129 3576 2158 3613 a
2205 3561 2307 3613 viis

745 3644 973 3714 publicis
1021 3646 1285 3709 distaret,
1332 3644 1560 3701 Basilius
1595 3662 1716 3701 raro
1759 3647 1824 3701 ad
1855 3662 1975 3702 eum
2015 3650 2306 3711 scribebat,

745 3736 993 3806 quamvis
1025 3750 1167 3804 sape
1195 3736 1261 3791 ad
1292 3736 1423 3790 alios
1459 3738 1726 3792 Armeniae
1770 3740 2052 3807 episcopos
2107 3742 2311 3794 scribe-

748 3837 853 3895 ret,
882 3828 1011 3898 quia
1066 3828 1335 3882 neminem
1376 3826 1613 3881 futurum
1658 3832 1927 3896 sperabat,
1974 3832 2063 3899 qui
2108 3832 2312 3887 litteras

751 3934 879 3974 suas
923 3917 1198 3974 Coloniam
1229 3918 1516 3988 perferret.
1547 3918 1652 3972 Sed
1698 3934 1820 3973 cum
1867 3929 1991 3974 tunc
2026 3920 2314 3975 haberetur

749 4010 1036 4067 concilium
1066 4012 1282 4079 aliquod
1327 4012 1379 4065 in
1412 4012 1684 4077 Armenia,
1724 4014 1868 4080 quod
1899 4014 2113 4083 quidem
2157 4014 2315 4084 paulo

751 4110 872 4171 post
895 4100 1103 4156 Pascha
1140 4101 1349 4155 videtur
1376 4103 1696 4172 contigisse;
1740 4103 1969 4161 Basilius
2001 4113 2092 4160 aut
2142 4106 2313 4174 ipsum

754 4194 1119 4262 Euphronium
1160 4208 1385 4265 sperans
1407 4192 1737 4261 adfuturum,
1770 4206 1864 4250 aut
1892 4197 2081 4251 saltem
2107 4199 2316 4266 episco-

753 4299 850 4354 pos
870 4284 1063 4353 quibus
1086 4284 1376 4350 scribebat,
1408 4300 1629 4356 operam
1658 4288 1876 4343 daturos
1903 4299 1962 4343 ut
1988 4304 2083 4343 sua
2108 4287 2313 4357 perfer-

756 4388 903 4433 retur
923 4378 1169 4445 epistola,
1200 4379 1338 4435 bane
1360 4380 1501 4435 illius
1534 4378 1799 4434 salutandi
1830 4383 2175 4435 occasionem
2210 4396 2315 4435 non

754 4470 1119 4541 praetermisit.
1172 4470 1405 4539 Epistula
1459 4472 1547 4525 illa
1610 4473 1677 4525 ad
1720 4471 2004 4539 episcOpos
2051 4473 2319 4527 Armenia:

2399 642 2501 696 dus
2528 650 2582 696 et
2614 641 2729 695 Αάο
2780 641 2837 694 8.
2871 640 3179 710 Dionysium
3232 641 3283 694 in
3314 641 3651 710 Cappadocia
3697 651 3970 695 mortuum

2396 747 2517 786 esse
2565 730 2805 795 tradunt,
2848 731 3070 801 ejusque
3126 748 3322 802 corpus
3371 734 3658 787 Ambrosio
3710 731 3970 786 Basilium

2398 822 2714 877 reddidisse.
2765 820 2914 876 Utris
2962 824 3321 877 monumentis
3363 823 3495 877 fides
3538 821 3840 875 adhibenda
3876 824 3971 886 sit,

2398 914 2673 984 ambigere
2698 922 2847 967 vetat
2870 913 3093 980 epistola
3112 913 3296 969 Basilii
3322 914 3387 968 ad
3406 912 3971 981 Ambrosium,'quam

2400 1005 2450 1058 in
2494 1004 2614 1060 aliis
2642 1004 2916 1060 codicibus
2954 1019 3081 1058 mss.
3110 1015 3165 1060 et
3209 1006 3366 1059 editis
3396 1004 3591 1070 insigni
3622 1013 3777 1073 parte
3811 1012 3971 1057 trun-

2405 1106 2604 1162 catam,
2644 1096 2695 1151 in
2746 1095 3113 1151 vetustissimo
3159 1098 3347 1152 codice
3390 1095 3673 1152 Harlteano
3702 1096 3969 1164 integram

2404 1189 2779 1257 percommode
2807 1189 3125 1257 reperimus.

2472 1279 2865 1351 (b)Amhrosius
2885 1281 3023 1334 inter
3040 1280 3243 1349 primas
3258 1279 3594 1349 episcOpatns
3611 1279 3690 1332 sui
3708 1278 3971 1333 sollicitu-

2401 1370 2552 1425 dines
2585 1368 2635 1422 id
2664 1384 2806 1425 eura:
2836 1370 3041 1431 habuit,
3073 1379 3129 1423 ut
3160 1384 3355 1430 corpus
3398 1370 3541 1424 beati
3581 1370 3844 1438 Dionysii,
3878 1368 3969 1436 qui

2398 1462 2452 1515 in
2481 1458 2816 1530 Cappadocia
2849 1463 3076 1525 obierat,
3128 1461 3482 1515 Mediolanum
3533 1463 3835 1515 reduceret.
3872 1460 3973 1513 Mi-

2398 1552 2470 1607 sit
2504 1565 2634 1620 ergo
2660 1565 2691 1606 e
2736 1551 2883 1606 clero
2916 1567 3015 1606 suo
3054 1551 3286 1607 selectos
3316 1552 3462 1606 viros
3504 1566 3624 1605 cum
3671 1551 3868 1605 litteris
3902 1552 3970 1603 ad

2400 1642 2682 1706 Basiliam,
2710 1657 2867 1711 quem
2916 1646 3136 1713 rogabat
3166 1654 3221 1698 ut
3260 1643 3361 1699 sibi
3400 1643 3453 1695 in
3489 1642 3589 1697 hoc
3623 1643 3851 1698 consilio
3880 1641 3973 1694 ad-

2398 1733 2547 1802 jutor
2565 1743 2729 1790 esset.
2764 1732 3193 1789 Mediolanenses
3222 1734 3405 1788 clerici
3432 1733 3640 1786 laudem
3680 1735 3777 1786 toti
3822 1733 3971 1785 clero

2400 1823 2784 1880 Mediolanensi
2807 1824 3163 1878 conciliarunt
3188 1840 3392 1879 morum
3419 1838 3635 1878 suorum
3657 1824 3919 1893 gravitate
3953 1840 3966 1875 :

2403 1928 2456 1971 et
2479 1932 2601 1972 cum
2626 1917 2801 1970 adhuc
2829 1915 3043 1969 saeviret
3068 1915 3241 1969 hiems
3265 1917 3315 1969 iu
3347 1914 3709 1985 Cappadocia,
3742 1914 3973 1967 libenter

2405 2009 2504 2062 hoc
2532 2008 2931 2063 incommodum
2963 2007 3335 2075 pertulerunt,
3366 2016 3423 2060 nt
3451 2006 3699 2059 mandata
3728 2005 3970 2073 episcOpi

2405 2100 2484 2154 sui
2532 2100 2903 2170 adimplerent.
2931 2100 3034 2154 Sed
3071 2098 3441 2152 difﬁcillimum
3482 2098 3580 2152 fttit
3622 2097 3868 2152 fidelibus
3908 2097 3975 2149 il-

2404 2188 2505 2245 lius
2532 2189 2655 2254 loci,
2680 2190 2766 2243 ubi
2799 2189 3036 2260 sepultus
3059 2197 3177 2243 erat
3198 2187 3255 2241 S.
3288 2187 3596 2259 Dionysius.
3624 2187 3973 2257 persuadere,

2407 2291 2461 2334 ut
2492 2290 2701 2349 patrem
2737 2290 2791 2334 et
2822 2292 3105 2348 patronum
3141 2294 3296 2332 suum
3328 2278 3612 2344 cederent,
3647 2278 3732 2332 cui
3764 2287 3975 2348 marty-

2406 2374 2482 2428 ris
2510 2372 2741 2426 honores
2778 2370 3112 2434 deferebant,
3160 2386 3426 2441 quemque
3478 2373 3783 2439 prresidium
3820 2370 3973 2425 urbis

2412 2479 2522 2517 suae
2554 2478 2676 2518 esse
2698 2462 2979 2517 ducebant.
3007 2461 3111 2515 Sed
3141 2473 3315 2515 tamen
3345 2478 3436 2515 eos
3472 2460 3617 2515 ﬂexit
3651 2462 3972 2515 clericorum

2416 2554 2892 2609 chdiolanensium
2916 2553 3080 2606 animi
3113 2553 3357 2605 firmitas.
3392 2553 3446 2605 lu
3476 2568 3580 2621 quo
3601 2554 3817 2622 quidem
3851 2566 3972 2621 per-

2408 2648 2591 2701 utilem
2625 2647 2703 2701 eis
2742 2662 2957 2715 operam
2992 2644 3210 2699 navsvit
3235 2643 3526 2698 Therasius
3554 2646 3833 2713 presbyter
3857 2644 3973 2699 Cte-

2406 2740 2686 2806 sariensis,
2724 2753 2883 2808 quem
2930 2737 3160 2792 Basilius
3203 2736 3281 2791 eis
3319 2736 3521 2791 socium
3553 2736 3892 2802 adjuuxerat.
3922 2735 3973 2789 ls

2409 2832 2589 2887 labore
2618 2832 2827 2885 itineris
2859 2840 3049 2899 sponte
3075 2840 3325 2897 suscepto
3352 2827 3805 2883 vehementiorem
3842 2825 3973 2880 fide-

2409 2925 2535 2978 lium
2594 2923 2694 2977 loci
2730 2922 2871 2977 illius
2911 2922 3167 2990 impetum
3204 2922 3525 2991 compressit
3570 2936 3582 2971 :
3616 2930 3671 2975 et
3725 2934 3847 2973 cum
3888 2934 3975 2973 re-

2412 3016 2677 3068 luctantes
2702 3013 2946 3067 oratione
2976 3028 3069 3066 sua
3099 3013 3366 3076 ﬂexisset,
3396 3027 3574 3066 coram
3621 3010 3975 3081 presbyteris,

2410 3104 2669 3166 diaconis,
2702 3104 2989 3171 multisque
3022 3106 3142 3160 aliis
3186 3106 3349 3160 Deum
3394 3104 3704 3157 timentibus
3734 3102 3977 3156 sublatas

2336 3222 2380 3284 ο
2413 3209 2533 3247 cum
2580 3192 2758 3247 debita
2826 3195 3125 3247 reverentia
3184 3194 3437 3260 reliquias
3492 3193 3983 3246 Mediolaneusibus

2410 3287 2665 3349 servavit,
2696 3300 2829 3355 quas
2848 3285 2939 3354 qui
2969 3294 3125 3339 antea
3162 3284 3577 3345 custodiebant,
3604 3298 3708 3335 non
3749 3286 3868 3337 siue
3902 3283 3978 3336 la-

2408 3380 2607 3450 crymis
2636 3379 2902 3448 prosecuti
2933 3387 3087 3441 sunt,
3131 3378 3223 3432 sed
3261 3385 3438 3430 tamen
3463 3375 3687 3431 aliorum
3719 3376 3974 3443 gaudium

2411 3484 2521 3522 suae
2551 3468 2902 3521 consolationi
2936 3469 3303 3536 praetulerunt.

2483 3556 2575 3612 Sic
2620 3557 2779 3611 rebus
2821 3573 2885 3611 ex
2933 3559 3199 3612 sententia
3255 3558 3515 3613 confectis
3567 3555 3857 3610 Ambrosio
3899 3572 3982 3607 re-

2411 3650 2627 3720 scripsit
2655 3649 2901 3712 Basilius.
2927 3664 2987 3704 se
3019 3651 3160 3703 inter
3182 3665 3371 3717 magna
3395 3651 3483 3703 Dei
3506 3649 3642 3704 dona
3667 3662 3979 3707 numerare.

2411 3742 2553 3811 quod
2577 3757 2700 3795 eum
2720 3742 3048 3810 cognoverit,
3078 3750 3133 3795 et
3182 3741 3374 3794 interni
3412 3741 3642 3794 hominis
3682 3740 3983 3810 pulchritu-

2410 3835 2591 3888 dinem
2615 3850 2677 3888 ex
2718 3833 2912 3887 litteris
2938 3834 3286 3902 perspexerit.
3339 3832 3505 3887 Deum
3550 3833 3855 3903 glorificat,
3890 3836 3981 3903 qui

2412 3937 2533 3975 eum
2583 3936 2614 3975 e
2646 3922 2916 3987 judicibus
2959 3931 3116 3974 terra:
3149 3925 3215 3973 ad
3254 3923 3566 3976 cathedram
3614 3925 3984 3991 apostolorum

2417 4009 2737 4066 mirabiliter
2775 4007 3071 4064 transtulit.
3116 4008 3373 4062 Hortatur
3404 4019 3460 4061 ut
3487 4011 3680 4062 bonum
3708 4022 3981 4066 certamen

2415 4115 2616 4171 certet,
2650 4115 2705 4160 et
2749 4115 2957 4174 patrum
3012 4112 3234 4158 renovet
3268 4104 3489 4171 vestigia
3530 4113 3585 4156 et
3628 4118 3771 4172 saepe
3812 4107 3879 4159 ad
3928 4122 3986 4159 se

2416 4199 2635 4253 scribat.
2669 4196 2862 4251 Narrat
2894 4198 3163 4266 quomodo
3196 4210 3391 4264 corpus
3436 4196 3573 4249 beati
3609 4196 3844 4267 Dionysii
3880 4198 3983 4250 im-

2417 4296 2682 4356 petratum
2732 4286 2891 4339 fuerit
2928 4302 2957 4339 a
2999 4285 3246 4339 fidelibus
3296 4283 3437 4339 illius
3479 4283 3612 4350 loci,
3647 4286 3698 4339 in
3746 4301 3856 4355 quo
3901 4302 3985 4339 re-

2417 4378 2749 4447 quiescebat.
2778 4376 3025 4432 Declarat
3046 4376 3248 4430 nullum
3274 4390 3397 4431 esse
3428 4379 3729 4447 ambigendi
3763 4379 3941 4432 locum
3969 4398 3983 4432 :

2420 4470 2561 4523 hunc
2601 4468 2748 4522 illutn
2779 4484 2898 4523 esse
2927 4469 3185 4522 invictum
3217 4468 3477 4524 athletam
3517 4486 3531 4521 :
3564 4472 3678 4524 haec
3713 4484 3835 4522 ossa
3866 4485 3987 4537 qua:

753 4565 975 4635 scripta,
1022 4564 1077 4621 iu
1116 4577 1310 4633 magno
1342 4547 1565 4621 numero
1602 4571 1683 4622 est
1722 4579 1930 4631 earum,
1983 4579 2116 4633 quas
2166 4567 2305 4620 ami-
2345 4573 2389 4628 ι)
2419 4574 2541 4613 eum
2565 4560 2718 4614 beata
2744 4560 2925 4612 anima
2947 4557 3336 4614 dimicaverunt
3369 4578 3383 4613 :
3418 4576 3577 4613 unam
3605 4573 3787 4612 arcam
3822 4558 3988 4614 fuisse

752 4672 940 4713 δηιωι.

824 4745 888 4801 ll.
922 4746 997 4800 De
1038 4746 1387 4802 translatione
1420 4746 1661 4813 corporis
1700 4745 1873 4801 sancti
1919 4743 2161 4813 Dionysii
2203 4743 2315 4797 Me-

755 4836 1087 4893 diolanensis
1121 4839 1283 4892 varia:
1327 4837 1574 4892 feruntur
1606 4838 1865 4902 historiae,
1906 4836 1961 4891 in
1993 4838 2189 4906 quibus
2237 4835 2318 4889 di-

750 4928 1057 4996 iudicandis
1112 4927 1442 4983 recentiores
1492 4928 1785 4999 scriptores
1831 4929 2177 4984 sudaverunt.
2238 4926 2316 4980 Ex

755 5019 1077 5088 quibusdam
1108 5020 1258 5074 Actis
1291 5019 1431 5089 apud
1468 5017 1829 5073 Mombritium
1866 5028 2085 5075 sanctus
2118 5017 2319 5088 Diony-

758 5115 873 5167 sius
898 5114 1102 5170 obiisse
1148 5114 1346 5167 dicitur
1389 5115 1442 5169 in
1477 5114 1755 5178 Armenia,
1788 5113 1840 5165 in
1889 5112 2118 5181 quadam
2160 5113 2315 5175 urbe,

758 5220 918 5276 quam
959 5206 1048 5260 alii
1086 5206 1386 5261 Arreicium
1408 5247 1423 5272 ,
1456 5207 1544 5261 alii
1573 5206 1919 5270 Ariaratiam,
1952 5204 2039 5259 alii
2070 5206 2190 5259 aliis
2226 5220 2317 5273 ap-

760 5296 961 5370 pellant
995 5298 1319 5353 nominibus.
1354 5297 1523 5369 Hujus
1549 5299 1697 5353 urbis
1721 5298 2006 5367 episc0pus
2044 5296 2314 5361 Aurelius,

762 5400 920 5460 prout
943 5386 1229 5460 Dionysius
1252 5392 1484 5446 moriens
1509 5401 1808 5461 rogaverat,
1835 5390 1974 5442 illius
1996 5404 2192 5457 corpus
2214 5388 2322 5441 Me-

764 5482 1034 5536 diolanum
1071 5480 1136 5534 ad
1165 5480 1504 5536 Ambrosium
1549 5484 1859 5550 episcopum
1901 5478 2114 5539 retulit;
2147 5477 2321 5546 ibique

766 5584 887 5641 post
942 5584 1053 5628 trcs
1108 5588 1280 5627 annos
1313 5574 1427 5643 ipso
1464 5574 1637 5629 sancti
1671 5572 1904 5640 Dionysii
1954 5570 2322 5625 anniversario

766 5668 852 5721 die
899 5680 1183 5731 mortuus,
1234 5680 1397 5734 prope
1440 5665 1685 5721 eumdem
1740 5680 1769 5717 a
1819 5671 2003 5717 sancto
2041 5660 2325 5715 Ambrosio

841 5838 915 5907 (α)
957 5840 1049 5906 Ep.
1082 5841 1197 5893 193.

2423 4646 2948 4718 quaveuerandum
3001 4647 3129 4701 illud
3174 4662 3369 4716 corpus
3427 4646 3665 4716 excepit;
3714 4647 3987 4701 neminem

2421 4753 2587 4808 prope
2629 4740 2799 4806 ipsum
2848 4736 3121 4805 jacuisse,
3182 4737 3388 4806 insigne
3433 4735 3739 4804 sepulcrum
3774 4734 3984 4799 fuisse;

2422 4830 2759 4884 Christianus
2786 4828 2874 4897 qui
2925 4829 3072 4883 illum
3117 4829 3351 4899 hospitio
3399 4836 3746 4894 exceperant,
3777 4836 3832 4880 et
3860 4837 3989 4880 tunc

2424 4923 2668 4976 manibus
2685 4920 2797 4974 suis
2819 4921 3132 4990 deposuisse
3158 4933 3213 4977 et
3240 4936 3383 4975 nunc
3401 4917 3658 4973 extulisse
3680 4935 3695 4983 ;
3723 4919 3985 4973 honorem

2423 5015 2681 5085 martyris
2720 5012 2766 5066 ei
2794 5011 3029 5067 delatum
3058 5015 3246 5070 fuisse.

2491 5105 2607 5158 Non
2649 5118 2750 5157 una
2779 5112 2863 5157 est
2890 5120 3074 5171 causa,
3100 5120 3197 5159 cur
3227 5106 3367 5159 hanc
3405 5102 3683 5173 epistolam
3713 5102 3819 5155 hoc
3848 5115 3991 5155 anno

2424 5199 2565 5253 circa
2596 5196 2795 5251 Pascha
2826 5198 3080 5266 scriptam
3110 5195 3429 5250 existimem.
3459 5196 3515 5248 1ο
3544 5192 3603 5248 8.
3644 5193 3990 5248 Ambrosium

2426 5287 2675 5349 Basilius,
2709 5293 2764 5338 ut
2800 5299 2985 5340 recens
3015 5284 3268 5349 electum,
3296 5284 3542 5336 hortatur
3570 5282 3635 5335 ad
3666 5289 3880 5350 patrum
3908 5297 3991 5335 se-

2429 5378 2637 5446 quenda
2675 5375 2921 5446 vestigia,
2950 5391 3182 5445 eumque
3201 5374 3399 5435 laudat,
3425 5384 3481 5426 ut
3503 5388 3597 5442 spe
3619 5382 3672 5426 et
3701 5382 3986 5442 exspecta-

2428 5471 2574 5522 tione
2607 5467 2804 5538 magis,
2851 5483 3011 5537 quam
3071 5469 3232 5520 rebus
3259 5480 3354 5534 pro
3383 5462 3620 5517 Ecclesia
3659 5460 3873 5519 fortiter
3900 5478 3991 5532 ge-

2429 5562 2523 5615 stis
2552 5562 2836 5631 insignem.
2871 5560 2928 5612 2°
2958 5558 3105 5612 Illius
3149 5559 3309 5612 etiam
3353 5554 3579 5609 clericos
3606 5551 3815 5615 laudat,
3849 5552 3989 5620 quod

2432 5654 2666 5707 hiemem
2700 5651 3013 5720 imperviam
3049 5664 3151 5704 non
3180 5644 3670 5713 rcfortuidaverint,
3702 5644 3992 5698 dummodo

2507 5827 2576 5893 (ὑ)
2615 5826 2707 5892 Ειι.
2744 5825 2857 5879 197.
