4214 6490
1512 449 1668 505 VITA
1715 451 1771 504 S.
1817 449 2076 503 B.-\Sll.ll.
3247 455 3412 499 cut:

186 585 397 657 episc0pi
434 579 520 634 sui
578 578 838 632 mandata
894 576 1246 628 facesserent.
1305 572 1359 624 Id
1400 578 1577 622 autem
1616 568 1742 623 nulli
1777 574 1814 625 Α
1846 564 2070 634 epistola
2101 562 2356 617 canonica
2398 559 2632 616 secunda
2666 567 2721 611 ct
2754 571 2981 625 sequens
3029 553 3253 625 epistola
3284 554 3413 611 9.00.

185 696 307 736 anno
336 674 526 731 melius
568 674 847 743 congruit,
881 682 1043 736 quam
1090 666 1211 721 huic
1236 665 1362 728 375,
1397 676 1504 729 quo
1554 676 1740 715 omnes
1847 658 1978 711 Nam
2010 658 2062 711 in
2094 654 2321 725 epistola
2368 653 2628 705 canonica
2668 658 2896 704 excusat
2940 650 3185 701 morbum
3217 654 3272 701 et
3309 646 3413 700 mi-

184 763 518 839 Cappadocia:
554 762 660 818 via:
689 739 863 831 usque
905 759 969 811 ad
1012 756 1219 812 Pascha
1273 753 1580 809 interclusa:
1624 754 1737 807 fue-
1846 752 2135 805 nistrorutn
2179 744 2483 817 penuriam,
2513 758 2610 797 cur
2663 757 2767 796 non
2800 740 3059 809 scriptum
3097 740 3223 795 illud
3252 739 3414 795 cilius

186 833 310 923 runt,
348 866 404 910 ut
448 856 690 927 legimus
724 856 776 907 in
829 851 1053 920 epistola
1102 847 1373 919 sequenti.
1420 845 1479 899 3°
1513 844 1742 899 Sanctus
1845 843 2072 907 miserit,
2103 857 2221 897 cum
2262 839 2579 910 jamdudum
2610 835 2901 907 propositis
2931 835 2997 888 ab
3032 833 3413 901 Amphilochio

184 951 476 1005 Ambrosius
521 964 603 1003 snc
644 951 713 1002 de
748 944 1002 1015 Dionysio
1056 943 1294 1012 loquitur
1321 939 1374 993 in
1421 938 1645 1008 epistula
1677 937 1742 991 ad
1843 932 2230 1002 quaestionibus
2277 928 2663 1000 rcSpondisset.
2719 928 2777 983 in
2829 924 3054 997 epistola
3105 924 3415 978 autem‘zoo

191 1043 533 1098 Vercellenses
572 1060 585 1094 :
632 1039 827 1091 Beatus
863 1037 1165 1106 Dionysius,
1199 1032 1395 1101 inquit,
1442 1034 1608 1101 exegit
1653 1047 1744 1085 vo-
1844 1027 2063 1081 morbos
2106 1035 2161 1080 et
2196 1026 2579 1095 occupationes
2623 1023 2958 1090 negotiorum
3002 1018 3333 1071 exteriorum
3363 1025 3415 1066 et

184 1138 237 1189 tis
258 1139 376 1190 utin
406 1136 601 1190 exsilio
649 1132 809 1184 vitam
844 1138 1074 1201 poneret,
1117 1143 1179 1180 ne
1215 1141 1477 1195 regressus
1517 1124 1742 1193 confusa
1843 1118 2139 1183 certamina
2188 1131 2313 1170 cum
2345 1113 2618 1169 haereticis
2660 1122 2933 1177 causatur,
2970 1111 3167 1181 quibus
3218 1123 3276 1162 se
3319 1122 3417 1176 per

183 1229 406 1282 institutis
435 1238 479 1278 et
512 1242 615 1277 usu
643 1197 937 1292 inﬁdelium
980 1220 1153 1273 studia
1188 1219 1346 1288 plebis
1377 1230 1466 1273 aut
1503 1218 1629 1271 cieri
1654 1219 1739 1269 in-
1845 1215 2012 1260 lotam
2054 1205 2284 1258 hiemem
2324 1217 2491 1271 usque
2548 1201 2611 1255 ad
2648 1198 2805 1266 hujus
2831 1201 3070 1268 epistola:
3101 1209 3310 1265 tempus
3342 1197 3421 1251 di-

182 1323 351 1371 seniret
390 1317 733 1383 :nteruitque
763 1316 896 1367 hanc
929 1312 1183 1379 gratiam,
1218 1321 1272 1365 ut
1314 1327 1491 1379 pacem
1531 1309 1741 1362 Domini
1842 1316 1846 1339 ‘

1842 1293 1917 1347 cit
1951 1292 2225 1347 detentum
2268 1287 2460 1342 fuisse.
2496 1286 2659 1342 Missa
2692 1300 2819 1354 ergo
2850 1284 3011 1338 simul
3043 1294 3271 1351 utraque
3300 1280 3416 1348 epi—

182 1409 450 1480 tranquillo
475 1408 676 1477 affectu
699 1423 870 1462 secum
896 1405 1129 1473 referret.
1154 1405 1243 1461 Sic
1267 1420 1394 1473 ergo
1418 1402 1743 1471 conjunctus
1844 1409 1846 1422 '

1844 1387 2018 1449 stola,
2058 1383 2323 1455 siquidem
2376 1381 2592 1450 utrique
2637 1392 2847 1434 moram
2888 1376 3086 1431 eaedem
3128 1388 3307 1431 causae
3339 1382 3419 1425 at-

185 1499 401 1569 Dionysii
438 1502 656 1556 reditus
711 1512 834 1552 cum
880 1498 1150 1551 Ambrosii
1202 1494 1567 1557 ordinatione,
1619 1506 1741 1561 quae
1846 1481 2097 1534 ιιιιθτυηίο

183 1606 348 1657 pacem
394 1592 664 1653 restituit,
702 1597 758 1641 ut
802 1587 913 1657 ipse
946 1588 1234 1659 Dionysius
1266 1586 1453 1656 pa'cem
1493 1584 1743 1638 retulisse

1914 1568 2137 1623 Frustra
2185 1564 2561 1620 Tillemontius
2612 1562 2887 1616 existimat
2932 1558 3252 1613 canonicam
3306 1573 3420 1627 prt-

182 1686 453 1742 videretur.
478 1685 563 1740 Ex
590 1685 681 1738 his
709 1683 1010 1752 colligimus
1035 1683 1374 1737 Ambrosium
1401 1680 1741 1748 episc0patus
1846 1675 1987 1715 "‘3'"
2027 1658 2188 1712 δίίυυί
2228 1672 2349 1711 cum
2397 1654 2632 1709 secunda
2694 1652 2912 1706 missam
2955 1651 3145 1705 ίυίδδθ·
3193 1646 3324 1702 Na‘“
3366 1650 3417 1702 i"

181 1778 250 1829 sui
278 1776 572 1844 primordia
612 1776 788 1829 sancti
833 1775 1067 1842 Dionysii
1101 1774 1272 1826 reditu
1302 1772 1619 1829 illustrasse.

1845 1751 2081 1808 secunda
2118 1764 2221 1804 non
2272 1746 2443 1802 solum
2486 1745 2667 1798 multa:
2691 1744 3017 1813 quaestiones
3043 1741 3325 1795 solvuntur
3353 1741 3420 1792 de

240 1867 321 1922 Ill.
360 1867 530 1921 Paulo
564 1878 696 1921 ante
727 1866 935 1921 Pascha
969 1831 1193 1934 scripsit
1229 1873 1447 1918 sanctus
1478 1864 1741 1919 Eusebius
1778 1927 1814 1934 _
1843 1861 1904 1914 fl"

1778 1927 1814 1934 ῃ
1843 1846 2036 1914 quibus
2064 1843 2233 1914 prima
2264 1839 2394 1895 nihil
2419 1837 2699 1901 habuerat,
2732 1834 2873 1890 velut
2894 1835 2959 1887 de
2986 1833 3287 1901 raptoribus
3322 1831 3417 1901 (ὁ),

180 1962 235 2012 ad
262 1958 545 2024 Basilium,
611 1969 666 2014 et
700 1975 821 2012 cum
874 1955 1218 2027 eo'jurgavit,
1248 1958 1388 2026 quod
1421 1957 1487 2012 ad
1534 1974 1591 2011 se
1638 1973 1742 2010 nou
1778 1927 1820 1984 Β

1778 1927 1914 1992 Bde
1985 1938 2300 2006 presbytero
2357 1932 2558 2001 nuptiis
2631 1928 2832 1984 illicitis
2898 1925 3169 1994 implicato
3213 1926 3307 1993 (c),
3353 1923 3421 1976 de

181 2051 447 2117 scriberet,
494 2066 561 2106 ac
608 2053 652 2106 si
689 2051 867 2104 desint
910 2050 1263 2115 occasiones,
1300 2065 1405 2104 non
1438 2049 1670 2116 aliquem
1718 2061 1749 2100 e

1850 2029 2099 2084 absurdis
2124 2027 2259 2080 votis
2290 2025 2369 2094 (cf)
2397 2034 2451 2078 et
2472 2024 2590 2078 aliis
2612 2021 2902 2091 ejusmodi;
2931 2019 3024 2075 sed
3051 2018 3211 2073 etiam
3236 2015 3419 2073 multa,

183 2143 283 2195 suis
313 2141 533 2196 clericis
592 2142 859 2196 mitteret.
908 2140 1026 2196 Jam
1080 2108 1261 2195 antea,
1297 2141 1455 2192 aliam
1506 2108 1747 2207 ejusdem
1851 2139 1971 2193 (ιιιω
2015 2124 2066 2177 in
2109 2122 2282 2189 Prima
2327 2127 2526 2174 Slalma
2570 2117 2812 2179 fuerant.
2857 2115 3061 2169 Claﬁuﬁ
3118 2122 3171 2168 ει
3209 2108 3427 2166 uberius

184 2226 378 2287 Eusebii
412 2231 708 2302 epistolam
739 2230 994 2287 ofﬁciales
1024 2231 1347 2286 detulerant.
1406 2196 1612 2283 Revera
1645 2244 1749 2283 non
1855 2215 2218 2286 explanantur
2243 2212 2295 2264 in
2323 2210 2581 2271 secunda.
2614 2215 2671 2259 ut
2709 2206 2775 2259 de
2816 2204 2978 2272 lapsis
3009 2203 3309 2271 virginibus
3330 2196 3424 2270 (ε).

185 2327 362 2382 multas
408 2292 657 2382 Eusebio
706 2327 1002 2396 scripserat
1042 2321 1305 2391 epistolas
1339 2321 1597 2382 Basilius,
1626 2323 1748 2391 quia
1855 2310 1919 2363 de
1944 2307 2210 2376 baptismo
2235 2303 2609 2359 haereticorum
2653 2298 2719 2366 ff)
2750 2306 2804 2350 et
2846 2294 3087 2365 pluribus
3127 2293 3268 2345 aliis.
3347 2292 3422 2344 Ex

186 2428 356 2473 nactus
391 2432 496 2471 non
536 2426 684 2483 erat,
720 2416 811 2485 qui
858 2414 923 2467 ad
960 2428 1081 2467 eum
1116 2412 1611 2482 proficiscerentur,
1659 2413 1751 2466 scd

1854 2401 2047 2468 quibus
2088 2406 2235 2467 patet
2273 2391 2749 2463 Amphilochium,
2789 2390 2924 2442 lecta
2978 2386 3159 2458 priore
3201 2382 3424 2453 epistola

187 2518 347 2564 tamen
398 2511 525 2579 plus
566 2520 803 2579 quatuor
859 2504 1190 2573 scripserat,
1232 2504 1501 2574 simulque
1546 2503 1753 2558 litteras
1859 2493 2141 2560 canonica,
2177 2501 2345 2540 novas
2380 2483 2709 2554 quaestiones
2743 2480 2941 2533 Basilio
2977 2476 3343 2547 proposuisse,
3374 2483 3429 2527 et

185 2600 243 2652 ad
270 2616 324 2654 se
347 2566 471 2670 post
499 2566 741 2669 priorem
776 2566 992 2650 Eusebii
1026 2566 1311 2665 epistolam
1343 2566 1643 2651 Sa-mosatis
1671 2596 1751 2649 ει-
1857 2585 1922 2637 de
1950 2579 2259 2651 prmteritis,
2298 2578 2425 2645 quid
2460 2576 2677 2629 dubium
2702 2582 2795 2626 aut
2829 2572 3120 2626 obscurum
3155 2566 3255 2622 sibi
3288 2567 3429 2619 vide-

188 2692 325 2755 latas,
362 2692 599 2745 Leontio
631 2688 990 2757 permquatori
1018 2687 1214 2742 Nictete
1240 2688 1486 2749 miserat,
1520 2697 1577 2741 ut
1610 2688 1752 2741 illius

1855 2680 2006 2726 retur
2050 2666 2408 2737 significasse.
2446 2664 2501 2717 Id
2547 2663 2811 2733 pnecipue
2850 2659 3125 2716 observari
3161 2665 3335 2726 potest
3372 2656 3424 2709 in

184 2795 331 2849 opera
363 2781 636 2835 darentur
682 2777 972 2848 Sophronii
1016 2780 1207 2832 domus
1238 2778 1595 2847 procuratori,
1628 2793 1752 2832 eas-

1854 2778 2062 2819 canone
2092 2762 2159 2816 47
2208 2761 2274 2815 de
2314 2758 2586 2825 baptismo
2624 2754 3036 2817 haereticorum,
3068 2751 3160 2803 ubi
3202 2750 3428 2802 Basilius

186 2839 277 2941 que
326 2874 412 2929 ille
466 2873 537 2928 ad
587 2839 880 2927 Eusebium
930 2839 1284 2940 perferendas
1317 2881 1555 2926 curaret,
1585 2839 1751 2925 Unde
1857 2860 1997 2912 idem
2040 2856 2105 2910 de
2151 2852 2482 2916 Encratitis,
2541 2846 2899 2915 Saccophoris
2925 2853 2979 2898 et
3006 2840 3327 2912 A‘potactitis
3352 2839 3429 2893 fe-

187 2966 475 3033 suspicatur
516 2964 755 3019 Basilius
800 2963 875 3036 (α)
926 2935 1155 3033 alicujus
1201 2978 1408 3026 eorum,
1444 2963 1641 3034 quibus
1674 2963 1754 3016 tm
1856 2950 2080 3004 rendum
2105 2962 2222 3001 esse
2247 2946 2508 3015 judicium
2536 2950 2715 3014 negat,
2751 2954 2815 2995 ac
2845 2940 2911 2993 de
2931 2935 3285 2993 Novatianis:
3321 2948 3425 2986 non

187 3056 365 3112 littera
402 3060 720 3119 traduntur,
752 3028 1103 3126 aut'negotiis
1155 3063 1249 3107 aut
1293 3028 1523 3123 segnitie
1558 3054 1672 3108 fieri
1699 3064 1756 3107 ut
1858 3041 2017 3095 aliam
2076 3054 2205 3094 8³1³6
2256 3040 2325 3093 0b
2368 3051 2612 3099 causam.
2671 3035 2773 3088 ιιῖδί
2835 3034 2959 3102 (ιιιῐει
3020 3028 3431 3100 Amphilochi”

186 3163 282 3201 non
310 3150 633 3202 reddantur.
668 3148 777 3200 Cur
804 3156 981 3199 autem
1030 3146 1263 3214 aliquem
1294 3122 1373 3199 ex,
1391 3145 1604 3200 clericis
1647 3162 1752 3200 non
1857 3135 2261 3207 significaverat
2287 3133 2576 3187 discrimen
2615 3127 2753 3182 inter
2791 3126 2887 3180 has
2911 3134 3086 3178 sectas
3118 3122 3219 3177 sibi
3253 3123 3431 3174 minus

188 3238 403 3304 miserit,
427 3245 667 3293 excusat
696 3236 1100 3315 acerbissimam
1123 3212 1382 3299 hiemem,
1418 3252 1537 3306 qua:
1566 3252 1753 3291 omnes
1780 3279 1823 3337 ϐ
1860 3227 2097 3298 probari.
2140 3224 2294 3281 Unde
2322 3222 2557 3276 Βθείιῖυε
2600 3235 2613 3271 ε
2662 3216 2814 3284 Quml
2849 3217 2895 3270 εί
2928 3216 3068 3284 apud
3098 3230 3211 3277 υυεν
3233 3212 3431 3279 inqu".

220 3327 229 3336 -
583 3327 595 3337 ι
632 3326 666 3337 λ
770 3327 780 3337 ι
859 3327 869 3337 ι
924 3336 929 3337 ,
1039 3326 1049 3337 ι
1225 3335 1231 3337 Α
1313 3336 1318 3337 ,
1513 3328 1522 3337 ι
1682 3327 1692 3337 ι
1960 3322 1971 3337 ι
1994 3319 2028 3337 Ἰ
2051 3320 2083 3337 ·.
2170 3328 2233 3337 --ι
2256 3316 2337 3337 _-L
2354 3314 2590 3337 -g.2-_e.‘-
2624 3313 2755 3337 ,ἕρκη
2790 3308 2923 3337 -..ιβιδ
2949 3307 3207 3337 Dama-nn.
3248 3313 3429 3337 oon-Ir”

187 3327 293 3381 vias
319 3344 501 3395 usque
528 3327 596 3381 ad
628 3326 833 3380 Pascha
858 3309 1270 3391 intercluserat;
1307 3336 1416 3381 tum
1453 3328 1615 3381 etiam
1647 3327 1753 3381 cle-
1780 3307 1823 3337 υ
1856 3319 2119 3392 prohibita
2156 3328 2233 3374 est
2253 3314 2592 3383 rebaptizatio
2620 3313 2755 3365 sicut
2786 3308 2923 3376 apud
2944 3307 3429 3369 Romanos,nostru

191 3418 412 3474 ricorum
442 3434 676 3475 suormn
712 3420 950 3473 alienum
996 3433 1025 3472 a
1079 3419 1604 3489 peregrinationibus
1634 3420 1753 3473 ani.
1856 3427 2029 3469 tamen
2082 3413 2219 3466 ratio
2284 3410 2385 3463 vim
2441 3407 2690 3460 obtineat.
2761 3400 2978 3468 Decepit
3026 3396 3430 3451 Tillemontium

196 3522 349 3572 mum,
390 3524 459 3563 eo
492 3510 637 3576 quod
666 3521 732 3561 ex
776 3509 1098 3563 sedentariis
1123 3508 1331 3563 artibus
1361 3510 1560 3563 victum
1605 3524 1755 3563 com-
1858 3510 1961 3563 hoc
1994 3505 2233 3577 epistolae
2277 3500 2527 3556 secundat
2568 3496 2846 3552 canonica:
2893 3488 3216 3560 prooemium
3254 3482 3431 3540 :Curn

194 3610 387 3665 parent.
429 3598 597 3654 Unde
629 3600 792 3653 etiam
840 3615 965 3654 rure
1012 3612 1230 3655 coactus
1261 3598 1435 3655 fuerat
1455 3616 1754 3668 accersere,
1857 3601 2057 3672 pridem
2084 3598 2151 3651 ad
2172 3596 2464 3665 propositas
2500 3590 2645 3643 nobis
2682 3604 2714 3639 α
2750 3598 2843 3640 tua
2891 3584 3081 3650 pietate
3118 3579 3430 3648 qumtiones‘

193 3692 277 3760 qui
326 3693 470 3747 hanc
516 3692 798 3761 epistolam
838 3692 1123 3762 perferret.
1173 3694 1464 3748 Eusebium
1501 3694 1754 3748 lectmem
1858 3670 2266 3763 respondissem,
2319 3701 2420 3739 non
2471 3684 2589 3735 misi
2638 3680 2931 3742 scriptum,
2977 3673 3169 3742 partim
3224 3670 3433 3740 quidem

192 3781 274 3835 diu
297 3784 436 3852 apud
468 3797 529 3837 se
568 3783 865 3837 retinuerat
895 3784 1155 3851 Basilius,
1184 3800 1364 3840 aerem
1404 3795 1755 3854 temperatum
1860 3790 2012 3855 longo
2067 3794 2113 3837 et
2162 3780 2458 3848 periculoso
2520 3773 2699 3827 morbo
2752 3772 3009 3833 detentus,
3072 3765 3265 3835 partim
3314 3778 3433 3819 vero

193 3887 559 3943 exspectans:
603 3875 817 3928 tandem
860 3874 1089 3940 dimisit,
1140 3890 1247 3927 non
1298 3876 1417 3928 sine
1472 3885 1640 3939 metu,
1691 3889 1759 3928 ne
1860 3888 2067 3949 propter
2106 3872 2378 3944 penuriam
2428 3867 2814 3921 ministrorum.
2873 3862 2997 3916 llarc
3043 3858 3129 3929 vir
3153 3859 3340 3912 doctus
3366 3855 3435 3908 de

194 3965 287 4019 iter
309 3966 544 4021 infirma:
572 3966 863 4019 valetudini
901 3975 1139 4019 noceret.
1174 3964 1438 4020 Nonnulla
1464 3966 1515 4019 in
1542 3966 1760 4021 Oriente
1861 3946 2052 4042 primis
2078 3965 2374 4022 canonibus
2400 3962 2543 4017 dicta
2579 3955 2944 4015 existimavit,
2972 3948 3221 4020 quamvis
3256 3946 3323 3999 de
3346 3958 3435 3998 se-

195 4066 375 4110 ⁰⁰ν²ι³
412 4056 657 4119 memmi
698 4056 790 4108 θεά
827 4070 948 4109 cm“
977 4070 1037 4107 ⁸³
1071 4054 1269 4108 “aues
1304 4054 1535 4109 Ευδεδίο
1576 4070 1763 4107 “3"3'
1863 4034 2035 4119 cunda
2059 4057 2285 4130 epistola
2310 4052 2567 4110 canonica
2591 4050 2733 4101 dicta
2761 4047 2893 4108 sint,
2929 4039 3145 4110 cuijam
3177 4034 3435 4089 absoluta

195 4157 333 4202 turos
362 4148 556 4211 sciret,
595 4146 897 4200 scribendis
940 4146 1259 4215 supersedit.
1289 4145 1365 4200 lta
1396 4148 1581 4199 morbo
1605 4146 1759 4200 debi-

1864 4122 2114 4215 Basilius,
2141 4158 2198 4201 ut
2227 4142 2584 4211 scriptoribus
2634 4149 2741 4190 non
2772 4130 3045 4188 insolitum
3089 4137 3210 4191 est,
3236 4122 3424 4193 prtel'a-

193 4238 389 4294 litatum
454 4255 514 4294 se
543 4253 665 4293 esse
712 4238 863 4301 dicit,
913 4247 971 4292 Ill
1003 4253 1061 4292 88
1096 4254 1418 4292 aerumnosa:
1456 4238 1613 4306 hujus
1643 4239 1763 4292 vita:
1868 4248 2067 4298 tionem
2107 4237 2429 4309 apponebat,
2457 4231 2582 4285 Haec
2624 4227 2769 4284 enim
2817 4220 3052 4279 secunda
3077 4216 3303 4287 epistola
3345 4231 3435 4267 ca-

196 4341 394 4401 tempus
430 4333 683 4401 exegisse
711 4332 979 4384 crederet.
1019 4329 1159 4396 Quid
1216 4339 1393 4385 autem
1446 4330 1496 4383 in
1543 4329 1763 4383 Oriente

1868 4336 2064 4391 nonica
2117 4328 2278 4386 simul
2315 4340 2437 4381 cum
2484 4322 2851 4376 ducentesima
2894 4312 3117 4386 epistola
3153 4311 3319 4362 missa
3352 4317 3435 4360 est

194 4424 303 4476 ηονί
361 4426 631 4488 evenerit.
665 4438 769 4477 non
822 4422 982 4477 facile
1007 4432 1090 4476 est
1132 4423 1366 4491 assequi.
1396 4421 1559 4478 Forte
1587 4422 1761 4491 loqui-
1864 4444 1959 4499 per
1989 4423 2296 4481 Meletium,
2333 4418 2424 4486 qui
2455 4413 2809 4485 proficiscens
2855 4410 3141 4463 monuerat
3181 4399 3435 4455 Basiliam

196 4525 271 4569 tur
302 4517 535 4571 Basilius
578 4519 645 4571 de
668 4517 924 4571 Ecclesia:
955 4516 1304 4570 Antiochenaa
1332 4518 1763 4585 perturbatione,
1866 4491 2077 4587 copiam
2136 4526 2255 4569 esse
2313 4506 2577 4563 salutandi
2637 4498 3027 4572 Amphilochii.
3091 4494 3149 4549 ln
3213 4491 3437 4547 exordio

198 4621 306 4675 quae
339 4608 501 4679 paulo
541 4618 667 4661 ante
705 4608 867 4676 hujus
901 4606 1143 4677 epistolae
1178 4582 1385 4677 tempus
1417 4618 1565 4662 tanta
1594 4607 1763 4662 exsti-
1798 4638 1840 4693 υ
1870 4582 2151 4669 utriusque
2181 4593 2419 4666 epistola:
2448 4591 2667 4646 easdem
2700 4586 2860 4640 allen
2894 4582 3150 4645 τειίοηθεν
3186 4592 3283 4631 ουτ
3320 4586 3439 4627 ¹³¹¹’

2018 4690 2048 4693 _-
2157 4688 2169 4693 -
2276 4689 2287 4693 -
2387 4683 2399 4693 .
2522 4680 2575 4693 οη
2682 4673 2910 4693 ,--_.-I_.
2960 4670 3113 4693 -2-..-_l
3158 4668 3293 4693 ...ιιι-2
3332 4681 3435 4693 η...-

198 4701 270 4764 ιιι,
303 4715 355 4755 ut
404 4702 707 4770 presbyteri
768 4668 1005 4757 nonnulli
1046 4701 1233 4769 jurare
1276 4668 1448 4756 coacti
1478 4703 1584 4756 sint
1620 4718 1761 4755 nun-
1798 4668 1840 4693 ν
1874 4693 1963 4749 diu
1987 4668 2216 4745 siluerit.
2261 4689 2331 4739 At
2368 4683 2487 4736 duas
2522 4680 2627 4735 illa:
2670 4673 2913 4745 epistola:
2957 4670 3114 4726 simul
3158 4668 3296 4723 mitti
3331 4681 3436 4719 non

195 4806 343 4858 quam
387 4809 452 4847 se
504 4793 723 4862 publice
769 4794 1067 4850 Antiochia:
1113 4795 1423 4849 sacerdotio
1459 4793 1758 4850 iuncturos.

1872 4790 2182 4855 potuerunt,
2210 4780 2337 4849 quin
2373 4773 2632 4829 canonica
2668 4768 2836 4822 multo
2876 4773 2998 4818 ante
3036 4763 3279 4816 absoluta
3326 4756 3440 4809 fue-

200 4850 307 4935 ilid.
336 4850 663 4952 θάψει-199,
696 4900 816 4939 can.
868 4886 952 4939 l7.
992 4884 1152 4939 Forte
1181 4885 1342 4939 etiam
1388 4883 1564 4937 Basilii
1600 4884 1761 4937 verba
1874 4850 1962 4932 rit.
1992 4878 2123 4931 Cum
2157 4875 2300 4927 enim
2356 4867 2545 4922 inutile
2592 4863 2781 4917 fuisset
2811 4860 2944 4912 duas
2993 4853 3153 4952 simul
3199 4850 3440 4952 adeum-

197 4974 255 5027 de
285 4977 445 5029 rebus
479 4977 949 5030 Samosatensibus
978 4978 1146 5044 accipi
1183 4975 1398 5029 debent.
1422 4975 1555 5028 Nam
1586 4975 1761 5029 Euno-
1872 4969 1991 5021 dem
2038 4960 2294 5033 epistolas
2325 4958 2598 5019 scribere,
2648 4962 2759 5006 tum
2798 4964 2924 5001 vero
2964 4940 3317 5014 improbabile
3359 4950 3443 4994 est

198 5066 349 5129 mius,
378 5069 471 5134 qui
506 5069 556 5119 in
594 5068 767 5121 locum
802 5067 971 5120 sancti
1014 5065 1230 5119 Eusebii
1284 5068 1522 5119 intrusus
1567 5064 1759 5129 fuerat,
1870 5056 2123 5112 Basilium
2185 5053 2343 5105 unius
2397 5059 2489 5101 aut
2544 5044 2766 5099 alterius
2795 5041 2901 5095 diei
2933 5037 3108 5107 spatio
3138 5034 3357 5103 triginta
3386 5042 3442 5084 et

201 5172 295 5210 non
324 5159 411 5211 diu
440 5162 662 5214 videtur
707 5163 806 5216 hac
853 5162 907 5214 in
942 5163 1075 5215 urbe
1119 5159 1401 5214 mansisse.
1447 5156 1580 5211 Cum
1615 5157 1761 5209 enim
1873 5149 2103 5218 amplius
2130 5157 2366 5199 canones
2388 5138 2715 5199 condidisse,
2750 5148 2871 5188 cum
2921 5128 3215 5200 prtesertim
3261 5123 3442 5177 decla-

200 5249 419 5303 invisum
463 5267 521 5305 se
549 5254 799 5307 omnibus
848 5268 970 5307 esse
1012 5250 1503 5312 animadvertisset,
1534 5247 1763 5300 libenter
1873 5254 1954 5297 ret
1979 5244 2031 5294 in
2063 5234 2325 5309 prommio
2356 5230 2627 5286 canonicos.
2654 5228 2860 5294 primae,
2894 5231 3136 5307 coactum
3185 5233 3243 5272 se
3279 5214 3445 5267 fuisw

198 5338 450 5397 abscessit
505 5361 519 5394 :
555 5352 609 5394 at
657 5343 771 5409 ejus
812 5344 927 5397 loco
964 5342 1193 5396 Lucium
1240 5339 1423 5393 A-riani
1488 5336 1760 5391 hominem
1870 5333 2158 5403 diligenter
2188 5326 2490 5387 attendere,
2530 5332 2587 5375 et
2614 5321 2657 5375 si
2685 5318 2809 5389 quid
2847 5333 2877 5371 a
2915 5313 3219 5370 senioribus
3243 5307 3447 5360 audtis-

198 5431 342 5504 longe
370 5436 697 5489 deteriorem
731 5438 1134 5489 ordinaverunt.
1873 5432 1977 5488 set,
2004 5416 2297 5483 recordari,
2334 5424 2388 5468 et
2432 5421 2658 5483 cognata
2700 5410 2764 5464 iis
2799 5422 2918 5477 quze
2944 5404 3229 5464 didicerat,
3264 5413 3357 5469 per
3383 5411 3443 5449 se

260 5527 344 5580 ιν.
370 5528 556 5582 bliSsa:
596 5528 763 5581 etiam
804 5524 1180 5597 Amphilochio
1213 5523 1369 5594 paulo
1404 5532 1522 5592 post
1550 5520 1760 5576 Pascha
1874 5516 1985 5584 ipse
2011 5509 2337 5565 ratiocinari.
2376 5506 2490 5562 Non
2536 5501 2831 5560 verisimile
2863 5509 2946 5554 est
2974 5494 3230 5551 Basilium
3272 5490 3322 5545 in
3354 5502 3446 5542 sc-

264 5750 327 5817 (η)
367 5749 467 5815 Ep.
511 5744 634 5817 tas.
1946 5724 2021 5817 li.)
2050 5723 2181 5817 999'
2212 5720 2269 5817 βε

261 5791 326 5887 ξεί
364 5791 500 5872 et...
518 5791 633 5887 sq;

615 5791 633 5866 ί
1944 5802 2012 5887 li?
2046 5791 2279 5887 ante

264 5862 324 5959 i};
363 5862 499 5942 (ἷζέἱὶξ
535 5862 633 5939 ᾗ.

610 5862 633 5938 ⁷.
1941 5868 2005 5936 (Ι)
2045 5864 2176 5918 Cau.
2208 5862 2274 5915 97
