4214 6486
780 456 924 500 CXXX

2136 432 2667 493 PROLEGOMENA.

771 559 945 614 cunda
966 554 1220 612 canonica
1240 552 1465 623 epistola
1487 552 1796 608 adornanda
1821 548 2125 622 segniorem
2156 551 2341 608 fuisse.
2372 557 2417 613 Α
2445 552 2788 608 consuluerat
2836 564 2978 606 anno
3042 548 3285 621 proxime
3334 546 3519 617 elapso
3576 542 4010 615 Amphilochius,

772 646 1097 703 Iamdudum
1141 659 1270 715 ergo
1305 643 1507 699 conditi
1553 656 1790 699 canones
1838 649 1967 697 ante
1995 641 2231 698 oblatam
2265 642 2347 694 fa-

773 738 1028 795 cultatem
1080 736 1297 800 Ileletii,
1347 751 1410 790 ac
1443 732 1688 805 praefatio
1717 745 1839 806 post
1881 731 2184 789 absolutum
2212 746 2347 803 opus

772 831 979 887 addita.
1028 829 1290 886 Similiter
1336 828 1547 883 duabus
1594 829 1715 883 aliis
1773 824 2018 897 epistolis
2067 825 2347 883 canonicis

771 922 1038 989 praefatio,
1066 929 1344 990 postquam
1376 917 1635 974 absolutae
1664 917 1911 979 fuerunt,
1942 918 2181 987 apposita
2221 913 2344 971 fuit.

772 1013 905 1067 Nam
936 1028 1059 1066 cum
1094 1014 1170 1065 ait
1197 1010 1432 1065 Basilius
1464 1009 1518 1065 in
1561 1012 1747 1080 prima:
1788 1009 2083 1077 prooemio,
2117 1006 2347 1078 pruden-

773 1105 964 1158 tiorem
995 1104 1193 1158 factum
1222 1118 1283 1159 se
1307 1116 1448 1168 esse,
1479 1112 1536 1158 et
1564 1103 1728 1157 multa
1752 1115 1870 1168 qua:
1898 1100 2181 1171 ignorabat
2203 1098 2343 1152 didi-

769 1194 931 1256 cisse,
961 1206 1025 1247 ac
1051 1202 1297 1247 coactum
1329 1191 1497 1248 fuisse
1529 1192 1814 1262 diligenter
1844 1192 2156 1251 attendere.
2201 1197 2256 1243 et
2298 1187 2343 1243 si

767 1284 895 1355 quid
928 1284 1175 1339 audierat
1221 1299 1251 1339 a
1304 1285 1642 1340 senioribus.
1687 1284 1949 1339 recorder
1979 1301 2008 1352 ε
2034 1291 2089 1339 et
2117 1288 2341 1350 cognata

768 1374 834 1432 iis
859 1391 979 1447 quas
1020 1376 1298 1443 audierat,
1330 1392 1427 1448 per
1460 1390 1516 1431 se
1550 1376 1665 1443 ipse
1696 1375 2047 1439 ratiocinari;
2079 1387 2223 1435 cum,
2262 1371 2343 1424 in-

766 1484 953 1537 quam,
982 1468 1099 1525 haec
1127 1469 1280 1535 dicit,
1310 1466 1593 1524 manifeste
1624 1467 1864 1523 declarat
1896 1481 1955 1520 se
1979 1463 2136 1532 hujus
2161 1462 2343 1531 operis

765 1560 952 1616 labore
974 1560 1283 1616 defunctum
1314 1574 1455 1615 esse.
1484 1560 1680 1616 Tertiae
1707 1556 1947 1627 epistolae
1970 1556 2340 1625 praefationem

767 1651 1259 1722 scripsitBasilius,
1309 1666 1431 1706 cum
1483 1650 1726 1708 redeunti
1772 1664 1837 1703 ex
1882 1648 2108 1704 Pontico
2146 1648 2341 1703 itinere

768 1748 947 1803 allata:
975 1756 1098 1803 sunt
1127 1746 1320 1802 litterae
1342 1743 1725 1815 Amphilocltii,
1763 1741 1958 1810 quibus
1996 1740 2139 1795 nulla
2174 1740 2341 1795 inter-

764 1839 939 1908 posita
969 1854 1119 1894 mora
1150 1838 1454 1909 respondit;
1497 1852 1560 1890 ac
1586 1833 1812 1903 proinde
1843 1833 2073 1903 spatium
2103 1848 2210 1886 non
2243 1831 2339 1887 ha-

2447 662 2556 715 qna
2625 644 2962 714 potissimum
3012 647 3099 697 via
3138 638 3434 698 remedium
3489 641 3614 699 huic
3644 636 3787 695 malo
3826 636 4010 691 feren-

2447 739 2575 793 dum
2606 746 2782 804 esset;
2817 737 2909 793 sed
2936 737 3042 791 hoc
3092 750 3233 791 anno
3279 746 3393 788 rem
3440 734 3662 789 minime
3690 727 4018 803 protrahen-

2449 828 2574 881 dam
2637 840 2788 884 ratus
2820 842 2943 882 cum
2999 826 3270 897 episcopis
3320 822 3624 880 deliberare
3681 826 3892 883 statuit,
3947 832 4012 872 ac

2445 916 2702 973 Basilium
2758 920 2825 974 ad
2876 917 3168 973 concilium
3225 931 3380 971 suum
3445 914 3751 970 advocavit.
3809 913 4014 968 Frater

2446 1011 2771 1066 desiderium
2806 1009 3023 1067 videndi
3060 1008 3442 1077 Amphilocbii,
3498 1015 3605 1061 tam
3647 1008 3846 1061 eximia
3876 1018 4008 1060 con-

2446 1101 2695 1157 veniendi
2746 1117 2908 1157 causa
2953 1100 3215 1156 Basilium
3269 1098 3341 1171 (c)
3390 1095 3712 1154 esacuebat.
3746 1100 3850 1153 Sed
3880 1108 4006 1152 eum

2446 1193 2649 1250 moveri
2680 1209 2788 1249 non
2847 1194 3102 1250 sinebant
3128 1190 3301 1248 morbi
3338 1189 3601 1260 reliquias.
3652 1186 3834 1257 Nuper
3862 1188 4006 1243 enim

2444 1301 2604 1342 curru
2640 1288 2706 1341 ad
2746 1294 3017 1355 martyres
3056 1300 3227 1354 usque
3249 1290 3457 1344 vectus,
3507 1294 3643 1349 pene
3678 1278 3729 1331 in
3761 1282 4014 1335 eumdem

2444 1388 2641 1433 statum
2676 1377 2919 1446 relapsus
2947 1376 3148 1432 fuerat.
3177 1377 3350 1447 Rogat
3376 1372 3558 1440 itaque
3582 1378 3640 1425 ut
3667 1384 3775 1432 res,
3807 1370 3854 1424 si
3890 1369 4011 1425 ﬁeri

2443 1472 2636 1539 possit,
2668 1470 2720 1524 in
2749 1483 2949 1538 paucos
2982 1468 3099 1524 dies
3134 1468 3436 1534 diti‘eratur,
3482 1477 3655 1535 seque
3685 1461 4004 1517 adiuturum

2443 1563 2724 1630 promittit.
2761 1560 2855 1616 Sin
2889 1570 3067 1616 autem
3118 1571 3313 1633 urgent
3358 1560 3572 1632 negotia
3599 1597 3615 1623 ,
3658 1556 3903 1611 hortatur
3954 1566 4015 1610 ut

2443 1660 2701 1723 peragant
2722 1667 2841 1722 qua:
2868 1651 2920 1706 in
2950 1651 3198 1707 manibus
3227 1660 3373 1719 sunt,
3402 1666 3568 1722 seque
3594 1660 3848 1715 tanquam
3873 1661 4013 1713 prae-

2441 1756 2647 1803 sentem
2676 1760 2888 1811 eorum,
2932 1757 3052 1815 quae
3083 1741 3343 1813 praeclare
3378 1752 3659 1812 gerentur,
3688 1737 4008 1812 participem

2443 1848 2745 1895 numerent.

767 1906 972 1988 buissct
1017 1906 1417 1989 condendorum
1464 1941 1755 1992 canonum,
1787 1925 1887 1981 nisi
1925 1934 2080 1979 antea
2112 1924 2339 1979 absoluti
2376 1906 2416 1960 Β
2514 1932 2629 1986 Νοη
2685 1933 2904 1987 dubium
2935 1941 3020 1991 est
3049 1931 3179 2003 quin
3224 1939 3570 1999 exspectatus
3622 1929 3785 1983 fuerit
3820 1920 4011 1981 Basilii

767 2022 1016 2081 fuissent.

838 2116 1031 2171 Narrat
1061 2115 1292 2171 Basilius
1327 2114 1404 2186 (α)
1430 2115 1482 2169 in
1516 2114 1742 2184 epistola
1770 2111 2034 2168 canonica
2065 2113 2301 2168 secunda
2320 2152 2335 2176 ,

773 2206 1082 2263 consultum
1119 2220 1177 2261 se
1211 2204 1379 2261 fuisse
1406 2220 1435 2257 a
1480 2203 1810 2275 presbyteris
1839 2202 2219 2265 Antiochenis,
2248 2204 2339 2273 qui

781 2313 965 2353 coram
1008 2296 1207 2352 inlideli
1249 2296 1366 2351 viro
1399 2295 1574 2351 coacti
1610 2294 1828 2349 fuerant
1847 2293 2034 2364 jurare
2068 2309 2338 2361 nunquam

777 2404 837 2445 se
862 2387 1161 2444 Antiochia:
1188 2386 1493 2443 sacerdotio
1531 2384 1909 2455 perfuncturos
1929 2403 1945 2449 ;
1966 2400 2131 2454 seque
2151 2394 2337 2438 aut-to.

767 2497 882 2539 rem
909 2482 990 2537 eis
1023 2479 1211 2546 fuisse,
1264 2488 1325 2535 ut
1369 2493 1399 2533 a
1436 2477 1663 2548 publicis
1712 2477 1931 2544 quidem
1985 2476 2340 2547 conventibus

769 2573 1131 2638 abstinerent,
1163 2570 1416 2642 privatim
1454 2578 1634 2623 autem
1694 2568 1883 2621 munia
1942 2568 2157 2622 obirent
2218 2584 2340 2637 pre-

766 2666 1133 2737 sbyterorum.
1166 2664 1299 2720 Cum
1338 2672 1521 2717 autem
1561 2676 1701 2716 unus
1739 2676 1808 2716 ex
1841 2661 1968 2728 illis,
2019 2662 2217 2716 Bianor
2246 2676 2339 2716 no-

767 2772 939 2825 mtne,
991 2756 1189 2823 Iconii,
1241 2754 1529 2812 Antiochia
1564 2753 1780 2819 relicta,
1809 2753 2139 2809 domicilium
2182 2768 2337 2808 suum

765 2850 1177 2914 constituisset,
1237 2856 1425 2905 censet
1481 2846 1715 2901 Basilius
1759 2859 1883 2900 eum
1938 2846 2037 2898 hac
2086 2844 2202 2910 lege
2233 2858 2337 2897 non

766 2941 964 3008 teneri,
992 2950 1048 2997 et
1074 2940 1295 3009 publice
1325 2936 1632 2997 sacerdotio
1668 2935 1918 3007 perfnngi
1954 2949 2148 3005 posse;
2177 2934 2337 2988 modo

766 3045 949 3091 tamen
993 3032 1378 3105 pmnitentiam
1436 3041 1564 3103 agat
1590 3030 1661 3087 ob
1690 3027 1903 3086 facilem
1937 3036 1991 3084 et
2030 3036 2337 3095 promptum

766 3129 834 3185 ad
854 3127 1230 3198 jusjurandum
1268 3124 1507 3181 animum

850 3219 1119 3284 Meletius,
1158 3218 1249 3288 qui
1274 3218 1371 3273 has
1421 3216 1632 3270 litteras
1663 3213 1876 3279 detulit,
1912 3213 2115 3269 milites
2151 3227 2339 3269 recens
2365 3246 2408 3303 ο

764 3308 1024 3366 collectos
1042 3307 1420 3375 deducebant}
1430 3307 1703 3361 ratissima
1733 3305 1757 3356 f
1756 3306 1832 3359 dit
1850 3305 2047 3359 Basilio
2065 3304 2333 3359 scribendi

766 3401 834 3456 ad
862 3398 1301 3469 Amphilochium
1341 3397 1557 3453 occasio
1598 3415 1613 3450 :
1665 3396 1808 3450 hunc
1837 3404 2011 3465 rogat,
2060 3404 2118 3448 ut
2142 3394 2337 3450 invisat

765 3490 1066 3547 Ecclesiam
1124 3489 1539 3553 Casariensem,
1589 3495 1876 3557 postquam
1914 3499 2004 3539 res
2050 3482 2336 3556 Lycaouize

766 3582 1153 3654 composuerit,
1197 3596 1463 3649 eamque,
1519 3580 1635 3635 sive
1666 3593 1727 3633 se
1762 3580 1904 3642 vivo,
1940 3578 2055 3634 sive
2087 3587 2332 3641 mortuo,

766 3678 828 3727 ut
856 3671 1128 3742 propriam
1163 3679 1334 3725 curet.
1374 3667 1730 3724 Commendat
1774 3668 1827 3723 ei
1881 3666 2180 3731 Meletium,
2217 3682 2333 3723 mo-

766 3770 968 3831 netque
1016 3771 1078 3817 ut
1130 3760 1237 3815 diei
1285 3760 1431 3814 festo
1478 3758 1649 3814 sancti
1678 3758 1971 3830 Enpsychii
2025 3774 2130 3814 non
2172 3758 2333 3822 desit,

766 3868 943 3923 neque
974 3863 1268 3924 exspectet,
1294 3855 1418 3907 dum
1450 3854 1645 3908 iterum
1682 3861 1988 3918 moneatur,
2017 3851 2128 3905 imo
2154 3851 2330 3920 ipsum

765 3944 908 4001 diem
940 3953 1277 4009 antevertat,
1308 3954 1367 3998 ut
1399 3959 1459 3998 se
1487 3944 1771 3998 eshilaret.

836 4038 973 4093 Cum
1005 4036 1118 4091 haec
1154 4038 1422 4091 scriberet
1451 4036 1707 4100 Basilius,
1739 4033 2173 4104 Amphilochium
2220 4049 2323 4104 pu-

765 4131 915 4187 tabat
946 4130 1148 4198 optima
1179 4128 1256 4182 uti
1282 4128 1613 4184 valetudine.
1649 4127 1755 4182 Sed
1777 4124 1934 4195 paulo
1958 4137 2080 4195 post
2114 4125 2336 4194 scripsit

763 4220 1249 4293 Amphilochiusse
1278 4219 1331 4273 itt
1352 4221 1597 4274 morbum
1633 4218 1908 4273 incidisse.
1938 4216 2333 4273 Permolestum

767 4314 821 4371 id
857 4313 958 4369 luit
978 4311 1204 4379 Basilio,
1257 4310 1347 4379 qui
1379 4307 1745 4381 Amphilocbii
1783 4307 2001 4362 videndi
2031 4322 2225 4376 magno
2252 4316 2335 4360 te-

768 4406 1001 4461 nebatur
1048 4403 1338 4467 desiderio,
1388 4402 1617 4471 ejusque
1667 4397 1896 4455 consilio
1934 4398 2001 4451 ad
2052 4397 2216 4451 multa
2253 4397 2328 4450 uti

764 4497 1003 4553 volebat.
1028 4496 1135 4553 Sed
1162 4497 1236 4568 (ὁ)
1255 4496 1304 4552 ei
1333 4496 1547 4551 veniam
1584 4494 1744 4548 datet
1764 4487 2177 4560 petitvicissim,
2205 4502 2326 4543 cum

2441 2027 2722 2080 adventus.
2748 2024 2878 2078 Nam
2926 2040 2987 2080 se
3011 2025 3064 2079 iu
3094 2023 3344 2079 Pisidiam
3380 2022 3595 2078 venisse
3631 2030 3859 2076 testatur
3901 2017 4007 2088 (ά),

2443 2128 2501 2171 ut
2522 2134 2643 2173 cum
2666 2117 2940 2187 episcopis
2978 2118 3123 2173 illius
3165 2118 3404 2188 regionis
3426 2132 3512 2182 ea,
3547 2129 3666 2185 quae
3694 2115 3762 2168 ad
3807 2112 4011 2166 fratres

2442 2208 2661 2264 Isauria:
2692 2217 2967 2277 spectant,
2993 2216 3361 2277 componeret.
3394 2205 3527 2261 Cum
3570 2215 3751 2261 autem
3785 2203 3911 2259 huic
3937 2201 4009 2255 de

2443 2302 2794 2357 restituendis
2824 2300 3225 2371 episcopatibus
3252 2297 3626 2352 deliberationi
3656 2296 3838 2350 multa:
3866 2293 4013 2346 ines-

2440 2404 2561 2448 sent
2610 2393 2981 2455 diliicultates,
3032 2392 3245 2447 videtur
3300 2406 3361 2447 ea
3425 2389 3622 2443 vicisse
3685 2385 3954 2441 sententia
3984 2418 4004 2445 ,

2442 2502 2602 2557 quam
2631 2500 2776 2541 anno
2804 2487 3089 2555 superiore
3133 2493 3490 2557 proposuerat
3515 2478 3771 2542 Basilius,
3807 2485 3865 2530 ut
3892 2490 4013 2528 ma-

2442 2597 2562 2653 gnat
2591 2580 2799 2636 civitati
2858 2580 3096 2649 primum
3154 2578 3438 2649 episcopus
3483 2575 3737 2635 daretur;
3800 2580 4012 2635 suoque

2444 2671 2520 2725 illi
2559 2670 2764 2726 circulo
2792 2668 3233 2739 circumscripto,
3282 2665 3403 2735 quia
3456 2663 3665 2717 vicinos
3719 2654 4014 2715 nonnullos

2440 2764 2746 2826 ordinabat,
2770 2760 3029 2829 deinceps
3055 2773 3221 2826 penes
3251 2754 3690 2825 Amphilochium
3718 2751 3810 2822 jus
3864 2755 4014 2805 esset

2439 2864 2493 2909 et
2518 2852 2802 2910 arbitrium
2844 2852 3223 2922 episcoporum
3275 2850 3330 2904 in
3371 2846 3495 2902 aliis
3518 2846 3832 2902 civitatibus
3878 2855 4012 2897 con«

2439 2944 2857 3002 stituendorum.
2881 2943 2940 2998 id
2969 2942 3273 3015 colligimus
3307 2955 3375 2996 ex
3405 2938 3562 2993 initio
3596 2934 3838 3008 epistola:
3872 2930 4009 2999 217,

2439 3056 2559 3104 qua:
2585 3048 2669 3096 est
2694 3038 2953 3096 canonica
2993 3037 3181 3100 tertia,
3204 3035 3303 3091 ubi
3325 3032 3559 3089 Basilius
3592 3038 3783 3085 auctor
3804 3034 3912 3089 est,
3941 3034 4007 3079 ut

2440 3133 2634 3202 aliquis
2665 3147 2729 3187 es
2758 3133 3044 3204 neophytis
3076 3130 3360 3187 ordinetur
3392 3126 3703 3197 episcopus,
3746 3120 3862 3175 sive
3891 3117 4010 3174 Ila-

2444 3227 2673 3285 ccdonio
2707 3226 2778 3280 ita
2816 3226 3087 3290 videatur,
3113 3223 3229 3279 sive
3264 3236 3392 3276 non.
3441 3216 3570 3272 Erat
3596 3228 3728 3284 ergo
3754 3210 4010 3266 Macedo-

2440 3320 2562 3374 nius
2590 3332 2798 3387 magna:
2831 3316 3065 3372 civitatis
3111 3314 3426 3385 episcopus,
3463 3325 3528 3365 ac
3559 3303 3835 3361 metuebat
3863 3301 4016 3358 Basi-

2438 3411 2543 3465 lius
2571 3424 2638 3466 ne
2680 3410 2725 3465 is
2744 3408 3175 3477 iurisdictionem
3209 3420 3361 3461 suam
3390 3404 3767 3474 episcoporum
3803 3399 3860 3453 in
3891 3395 4013 3452 aliis

2436 3502 2745 3556 civitatibus
2767 3500 3117 3556 ordinatione
3146 3498 3384 3554 coerceri
3412 3496 3632 3552 moleste
3674 3493 3863 3551 ferret.
3902 3489 4009 3547 Sed

2437 3592 2595 3660 huius
2622 3594 2695 3648 rei
2725 3592 3126 3663 interpellandae
3152 3591 3385 3645 ablatum
3418 3589 3467 3645 ei
3497 3588 3587 3659 jus
3618 3589 3795 3642 fuerat
3827 3581 4011 3638 consi-

2436 3684 2507 3740 lio
2533 3683 2735 3749 Basilii,
2769 3683 2859 3753 qui
2898 3698 3054 3738 suum
3089 3682 3163 3737 illi
3196 3680 3456 3737 circulum
3488 3678 3731 3734 voluerat
3777 3675 4012 3731 circum-

2437 3776 2624 3833 scribi.
2663 3774 3005 3831 Macedonius
3052 3788 3156 3829 non
3217 3772 3306 3828 diu
3364 3770 3603 3825 Isaurum
3650 3767 3835 3823 rexit:
3885 3780 4011 3821 nam

2439 3866 2595 3935 hujus
2634 3864 2870 3921 civitatis
2915 3864 3200 3934 episcopus
3250 3860 3485 3916 Hilarius
3519 3858 3573 3913 in
3607 3856 3837 3913 concilio
3871 3855 4014 3913 Con-

2437 3956 2919 4028 stantinopolitano
2966 3965 3020 4012 et
3052 3955 3105 4011 in
3143 3953 3492 4009 Testamento
3537 3950 3709 4007 sancti
3754 3947 4006 4023 Gregorii

2437 4049 2760 4105 Nazianzeni
2791 4058 3035 4106 vocatur.
3380 4120 3383 4125 ί

2976 4139 3203 4198 CAPUT
3238 4136 3478 4195 XXXIII.

2436 4236 2476 4291 I.
2514 4237 2849 4291 nasi-nonem
2870 4234 3137 4304 perturbat
3167 4231 3479 4304 Eustathius
3502 4240 3549 4304 et
3575 4235 3767 4282 multos
3791 4227 4007 4304 austra:

2506 4308 2584 4359 hit
2627 4324 2660 4358 a
2698 4298 3063 4359 communione
3098 4303 3309 4365 Basilii,
3350 4302 3440 4369 qui
3468 4300 3539 4369 ad
3575 4314 3662 4369 eos
3698 4298 3917 4369 scribit.
3943 4298 4007 4352 Il.

2509 4375 2699 4429 Scribit
2718 4376 2875 4429 etiam
2895 4374 2964 4426 ad
3004 4367 3479 4427 Neocasarienses.
3500 4367 3585 4423 ιιι.
3617 4367 3819 4422 lterum
3847 4368 4007 4421 mittit

2502 4446 2556 4498 in
2590 4443 2815 4498 Pontum
2840 4452 2887 4497 et
2921 4442 3027 4513 agit
3061 4444 3125 4513 de
3146 4455 3424 4513 congressu
3464 4454 3579 4513 cunt
3607 4438 3881 4513 episwpis.
3913 4434 4002 4513 Ιγ.

2506 4513 2560 4568 Ν
2563 4505 3020 4569 εοεωιανὶιηιίὺῖιι
3047 4511 3175 4564 nihil
3199 4505 3839 4576 respondentibusiterum
3862 4505 3999 4576 scr_i-

769 4598 1061 4657 utrumque
1095 4588 1300 4643 easdem
1329 4600 1506 4643 cauete
1546 4583 1901 4645 detinuerint,
1936 4582 2158 4636 morbus
2199 4582 2326 4635 Am-
2359 4580 2405 4637 ι)
2516 4585 2610 4657 hit.
2647 4583 2778 4657 Duae
2822 4583 2945 4637 alite
2974 4586 3158 4657 eadem
3186 4581 3251 4634 de
3282 4572 3343 4657 re
3362 4578 3652 4657 adauricos
3682 4572 3992 4657 litterati.

767 4679 1124 4751 philochium,
1165 4678 1425 4736 Basiliam
1458 4687 1612 4737 vetus
1642 4674 1906 4747 aegritudo
1933 4688 2053 4745 qua
2092 4674 2328 4730 nondum

766 4776 1125 4830 abscesserat.

842 4866 905 4921 V.
952 4865 1244 4937 Postquam
1275 4882 1307 4922 e
1358 4870 1547 4923 morbo
1578 4861 1849 4921 convaluit
1904 4861 2331 4933 Amphilochius,

766 4971 954 5014 curam
990 4967 1044 5013 et
1079 4957 1498 5012 sollicitudinem
1527 4955 1583 5011 in
1613 4969 1672 5011 re
1699 4952 1879 5025 magni
1913 4951 2169 5007 momenti
2197 4965 2331 5006 cou—

768 5048 1039 5106 stituenda
1095 5048 1405 5115 insumpsit.
1464 5046 1610 5101 Inter
1647 5043 1752 5099 alia
1800 5043 2200 5113 provinciarum
2253 5057 2342 5097 se-

767 5146 1010 5211 gmenta,
1032 5153 1152 5209 quae
1185 5139 1439 5193 attributa
1469 5137 1652 5192 lconio
1697 5133 1933 5199 fuerant,
1963 5134 2191 5205 insignis
2220 5140 2341 5189 erat

767 5233 962 5290 civitas
988 5229 1225 5296 Isauros,
1251 5244 1372 5300 qua
1412 5228 1709 5299 provincia:
1741 5227 1959 5282 Isauria
2006 5240 2201 5281 nomen
2232 5225 2329 5281 de-

768 5324 945 5387 derat,
985 5329 1039 5376 et
1087 5318 1209 5375 inde
1264 5334 1389 5374 cum
1440 5318 1623 5374 multis
1681 5315 1807 5371 aliis
1858 5317 2073 5385 oppidis
2118 5317 2328 5381 avulsa,

762 5413 1054 5488 Lycaoniae
1084 5411 1331 5482 adiuncta
1380 5420 1487 5466 est.
1519 5410 1788 5465 Destituta
1825 5418 2007 5462 autem
2055 5408 2326 5478 episcopis

761 5516 926 5563 erant
953 5515 1064 5562 tum
1095 5520 1285 5574 magna
1321 5504 1407 5559 illa
1436 5504 1649 5568 civitas,
1676 5510 1788 5557 tum
1822 5500 1927 5556 alia
1956 5499 2173 5571 oppida,
2215 5501 2329 5555 sive

762 5596 834 5652 ab
866 5598 1153 5661 bmreticis,
1190 5596 1305 5651 sive
1360 5599 1427 5651 ab
1475 5595 1719 5651 hostibus
1763 5601 2009 5659 vastata;
2062 5589 2319 5647 Basiliam

859 5739 913 5791 ai
937 5736 1070 5791 Can.
1106 5737 1193 5791 17.

860 5806 915 5875 ι)
955 5807 1121 5875 Epist.
1142 5806 1269 5861 201.

859 5755 891 5791 a
937 5738 1070 5791 Can.
1106 5738 1189 5791 Π.

860 5809 891 5861 ι
955 5806 1189 5875 Epist.21

835 5738 915 5950 is;
945 5878 1040 5949 Ep.
1064 5878 1189 5934 θος.

2514 4656 2635 4710 Post
2679 4653 2870 4724 festum
2908 4653 3076 4707 sancti
3112 4648 3397 4724 Eup‘syehii
3436 4649 3491 4724 in
3528 4646 3757 4724 Pontum
3781 4643 4002 4724 proﬁci-
4038 4677 4042 4683 η

2507 4713 2692 4781 scitur:
2751 4718 2828 4778 Eo
2885 4727 3114 4779 veniente
3165 4713 3235 4774 ad
3260 4713 3473 4785 '[ratris
3525 4717 3702 4779 ades,
3754 4713 4005 4785 turbatur

2512 4794 2881 4852 Neoctcsarea.
2916 4792 3108 4848 Scribit
3147 4791 3215 4844 ad
3238 4784 3325 4844 eos
3365 4797 3415 4843 et
3444 4790 3512 4843 ad
3560 4786 3879 4856 Olympium.
3916 4784 4001 4839 Vl.

2510 4866 2709 4922 Basilio
2726 4865 2965 4919 redeunti
2988 4863 3268 4915 nuntiatur
3286 4860 3411 4929 quid
3438 4866 3617 4929 contra
3642 4870 3814 4921 ipsum
3836 4856 4006 4908 ϐιαιω-

2508 4941 2622 5000 tici,
2655 4935 2781 5005 quid
2803 4945 3007 5005 contra!
3028 4926 3865 5005 Meletium'Paulini.s_ectatores.
3890 4940 4003 5005 tuo-

2512 4993 2730 5062 liantur.
2757 5005 2939 5059 Plures
2955 5003 3034 5070 his
3063 5000 3298 5070 de_rebus
3317 4998 3522 5070 litterae.
3545 4993 3651 5047 VII.
3679 4993 3753 5070 _De
3781 4994 4007 5070 epistola

2509 5077 2763 5133 canonica
2793 5069 3070 5133 tertia.'et
3101 5064 3322 5139 epistola
3359 5066 3463 5122 218
3502 5080 3621 5133 quae
3658 5064 3814 5139 simul
3837 5065 4003 5117 missa

2508 5132 2607 5203 est.
2641 5144 2775 5199 Vili.
2807 5132 3020 5198 Littera:
3046 5132 3573 5199 atl'Samosatenses,
3605 5136 3673 5188 ad
3703 5132 4003 5188 Bercenses

2507 5230 2553 5273 et
2579 5215 2945 5272 Chalcidenses
2973 5228 3065 5281 per
3085 5211 3334 5265 Acacium
3358 5208 3549 5260 missa.

2498 5310 2541 5365 I.
2566 5310 2767 5365 Praeter
2795 5304 3032 5360 famosos
3065 5302 3291 5365 libellos,
3317 5299 3514 5370 quibus
3555 5294 3745 5351 Basilii
3792 5295 3996 5351 famam

2433 5402 2749 5459 Eustathius
2778 5398 3136 5460 laceraverat,
3165 5392 3395 5449 occultis
3419 5390 3583 5446 etiam
3614 5387 3761 5443 illum
3792 5387 3998 5443 machi-

2435 5495 2746 5549 nationibus
2788 5492 2982 5547 ltedere
3010 5489 3323 5546 conabatur.
3352 5482 3488 5539 Nam
3520 5481 3590 5553 (e)
3622 5481 3994 5544 Dazimonem,

2433 5600 2552 5657 quae
2577 5584 2723 5655 regio
2750 5594 2835 5640 est
2867 5581 3020 5638 Ponti
3044 5593 3199 5636 secus
3232 5578 3429 5636 lridem
3474 5577 3604 5641 sita,
3640 5570 3993 5645 perturbave-

2503 5727 2586 5861 ἑά)
2616 5726 2712 5813 Bp.
2736 5724 2866 5780 216.

2526 5798 2574 5861 e)
2605 5798 2703 5861 lup.
2726 5798 2851 5852 2w.

2526 5798 2574 5867 e)
2605 5798 2703 5868 Ep.
2726 5798 2851 5852 2w.
