  <div class='ocr_page' id='page_1' title='image "/cluster/home/n/w/nwhite01/storage/ocr_20150623/29/uva.x004321530/154.png"; bbox 0 0 4214 6492; ppageno 0'>
   <div class='ocr_carea' id='block_1_1' title="bbox 1547 433 2107 491">
    <p class='ocr_par' dir='ltr' id='par_1_1' title="bbox 1547 433 2107 491">
     <span class='ocr_line' id='line_1_1' title="bbox 1547 433 2107 491; baseline -0.002 -2"><span class='ocrx_word' id='word_1_1' title='bbox 1547 433 1702 489; x_wconf 75' lang='grc' dir='ltr'><strong>νιτΑ</strong></span> <span class='ocrx_word' id='word_1_2' title='bbox 1746 434 1804 489; x_wconf 89' lang='lat' dir='ltr'><strong>S.</strong></span> <span class='ocrx_word' id='word_1_3' title='bbox 1841 433 2107 491; x_wconf 80' lang='lat' dir='ltr'><strong>BASILII.</strong></span> 
     </span>
    </p>
   </div>
   <div class='ocr_carea' id='block_1_2' title="bbox 3290 452 3454 494">
    <p class='ocr_par' dir='ltr' id='par_1_2' title="bbox 3290 452 3454 494">
     <span class='ocr_line' id='line_1_2' title="bbox 3290 452 3454 494; baseline -0.012 0"><span class='ocrx_word' id='word_1_4' title='bbox 3290 452 3454 494; x_wconf 64' lang='lat' dir='ltr'><strong>CXXII</strong></span> 
     </span>
    </p>
   </div>
   <div class='ocr_carea' id='block_1_3' title="bbox 210 550 3456 626">
    <p class='ocr_par' dir='ltr' id='par_1_3' title="bbox 210 550 3456 626">
     <span class='ocr_line' id='line_1_3' title="bbox 210 550 3456 626; baseline -0 -15"><span class='ocrx_word' id='word_1_5' title='bbox 210 567 303 620; x_wconf 81' lang='lat' dir='ltr'><strong>rat,</strong></span> <span class='ocrx_word' id='word_1_6' title='bbox 338 571 403 610; x_wconf 84' lang='lat' dir='ltr'><strong>ac</strong></span> <span class='ocrx_word' id='word_1_7' title='bbox 434 556 641 611; x_wconf 86' lang='lat' dir='ltr'><strong>multas</strong></span> <span class='ocrx_word' id='word_1_8' title='bbox 683 558 741 610; x_wconf 91' lang='lat' dir='ltr'><strong>in</strong></span> <span class='ocrx_word' id='word_1_9' title='bbox 778 558 946 613; x_wconf 90' lang='lat' dir='ltr'><strong>Ponto</strong></span> <span class='ocrx_word' id='word_1_10' title='bbox 988 556 1274 626; x_wconf 84' lang='lat' dir='ltr'><strong>episcopos</strong></span> <span class='ocrx_word' id='word_1_11' title='bbox 1327 569 1354 607; x_wconf 91' lang='lat' dir='ltr'><strong>a</strong></span> <span class='ocrx_word' id='word_1_12' title='bbox 1397 556 1779 609; x_wconf 88' lang='lat' dir='ltr'><strong>communione</strong></span> <span class='ocrx_word' id='word_1_13' title='bbox 1807 560 1853 615; x_wconf 79' lang='grc' dir='ltr'><strong>Α</strong></span> <span class='ocrx_word' id='word_1_14' title='bbox 1882 556 2060 612; x_wconf 90' lang='lat' dir='ltr'><strong>fronte</strong></span> <span class='ocrx_word' id='word_1_15' title='bbox 2090 553 2414 625; x_wconf 88' lang='lat' dir='ltr'><strong>prodeat(n.</strong></span> <span class='ocrx_word' id='word_1_16' title='bbox 2444 552 2524 623; x_wconf 77' lang='grc' dir='ltr'><strong>ι),</strong></span> <span class='ocrx_word' id='word_1_17' title='bbox 2555 550 2780 617; x_wconf 87' lang='lat' dir='ltr'><strong>necjam</strong></span> <span class='ocrx_word' id='word_1_18' title='bbox 2814 552 3173 609; x_wconf 83' lang='lat' dir='ltr'><strong>calumniator</strong></span> <span class='ocrx_word' id='word_1_19' title='bbox 3200 556 3303 619; x_wconf 88' lang='lat' dir='ltr'><strong>sit,</strong></span> <span class='ocrx_word' id='word_1_20' title='bbox 3360 560 3456 613; x_wconf 73' lang='lat' dir='ltr'><strong>sed</strong></span> 
     </span>
    </p>
   </div>
   <div class='ocr_carea' id='block_1_4' title="bbox 210 647 1773 704">
    <p class='ocr_par' dir='ltr' id='par_1_4' title="bbox 210 647 1773 704">
     <span class='ocr_line' id='line_1_4' title="bbox 210 647 1773 704; baseline -0.003 0"><span class='ocrx_word' id='word_1_21' title='bbox 210 650 377 704; x_wconf 76' lang='lat' dir='ltr'><strong>Basilii</strong></span> <span class='ocrx_word' id='word_1_22' title='bbox 415 652 791 703; x_wconf 72' lang='lat' dir='ltr'><strong>abstraxerat.</strong></span> <span class='ocrx_word' id='word_1_23' title='bbox 829 649 951 703; x_wconf 73' lang='lat' dir='ltr'><strong>Haec</strong></span> <span class='ocrx_word' id='word_1_24' title='bbox 977 660 1155 702; x_wconf 90' lang='lat' dir='ltr'><strong>autem</strong></span> <span class='ocrx_word' id='word_1_25' title='bbox 1204 647 1353 701; x_wconf 90' lang='lat' dir='ltr'><strong>illum</strong></span> <span class='ocrx_word' id='word_1_26' title='bbox 1380 661 1498 701; x_wconf 79' lang='lat' dir='ltr'><strong>aStu</strong></span> <span class='ocrx_word' id='word_1_27' title='bbox 1531 648 1773 701; x_wconf 90' lang='lat' dir='ltr'><strong>molitum</strong></span> 
     </span>
    </p>
   </div>
   <div class='ocr_carea' id='block_1_5' title="bbox 209 736 1773 805">
    <p class='ocr_par' dir='ltr' id='par_1_5' title="bbox 209 736 1773 805">
     <span class='ocr_line' id='line_1_5' title="bbox 209 736 1773 805; baseline 0.001 -15"><span class='ocrx_word' id='word_1_28' title='bbox 209 756 339 801; x_wconf 75' lang='lat' dir='ltr'><strong>esse,</strong></span> <span class='ocrx_word' id='word_1_29' title='bbox 365 746 480 793; x_wconf 78' lang='lat' dir='ltr'><strong>non</strong></span> <span class='ocrx_word' id='word_1_30' title='bbox 512 739 699 805; x_wconf 86' lang='lat' dir='ltr'><strong>palam</strong></span> <span class='ocrx_word' id='word_1_31' title='bbox 738 750 793 793; x_wconf 87' lang='lat' dir='ltr'><strong>et</strong></span> <span class='ocrx_word' id='word_1_32' title='bbox 838 749 1019 805; x_wconf 89' lang='lat' dir='ltr'><strong>aperte</strong></span> <span class='ocrx_word' id='word_1_33' title='bbox 1072 747 1131 790; x_wconf 90' lang='lat' dir='ltr'><strong>ut</strong></span> <span class='ocrx_word' id='word_1_34' title='bbox 1179 738 1233 791; x_wconf 89' lang='lat' dir='ltr'><strong>in</strong></span> <span class='ocrx_word' id='word_1_35' title='bbox 1298 736 1523 792; x_wconf 80' lang='lat' dir='ltr'><strong>famosis</strong></span> <span class='ocrx_word' id='word_1_36' title='bbox 1560 737 1773 799; x_wconf 85' lang='lat' dir='ltr'><strong>libellis,</strong></span> 
     </span>
    </p>
   </div>
   <div class='ocr_carea' id='block_1_6' title="bbox 208 827 1775 900">
    <p class='ocr_par' dir='ltr' id='par_1_6' title="bbox 208 827 1775 900">
     <span class='ocr_line' id='line_1_6' title="bbox 208 827 1775 900; baseline -0.003 -15"><span class='ocrx_word' id='word_1_37' title='bbox 208 831 324 885; x_wconf 92' lang='lat' dir='ltr'><strong>inde</strong></span> <span class='ocrx_word' id='word_1_38' title='bbox 369 832 719 899; x_wconf 75' lang='lat' dir='ltr'><strong>perspicitur,</strong></span> <span class='ocrx_word' id='word_1_39' title='bbox 769 832 932 900; x_wconf 87' lang='lat' dir='ltr'><strong>quod,</strong></span> <span class='ocrx_word' id='word_1_40' title='bbox 995 844 1112 882; x_wconf 91' lang='lat' dir='ltr'><strong>cum</strong></span> <span class='ocrx_word' id='word_1_41' title='bbox 1162 830 1209 881; x_wconf 89' lang='lat' dir='ltr'><strong>ei</strong></span> <span class='ocrx_word' id='word_1_42' title='bbox 1265 827 1491 883; x_wconf 89' lang='lat' dir='ltr'><strong>Basilius</strong></span> <span class='ocrx_word' id='word_1_43' title='bbox 1539 839 1775 883; x_wconf 78' lang='lat' dir='ltr'><strong>motuum</strong></span> 
     </span>
    </p>
   </div>
   <div class='ocr_carea' id='block_1_7' title="bbox 208 918 1773 990">
    <p class='ocr_par' dir='ltr' id='par_1_7' title="bbox 208 918 1773 990">
     <span class='ocr_line' id='line_1_7' title="bbox 208 918 1773 990; baseline -0.003 -15"><span class='ocrx_word' id='word_1_44' title='bbox 208 920 357 975; x_wconf 89' lang='lat' dir='ltr'><strong>Ponti</strong></span> <span class='ocrx_word' id='word_1_45' title='bbox 387 923 673 990; x_wconf 82' lang='lat' dir='ltr'><strong>conceptis</strong></span> <span class='ocrx_word' id='word_1_46' title='bbox 712 921 894 974; x_wconf 68' lang='lat' dir='ltr'><strong>verbis</strong></span> <span class='ocrx_word' id='word_1_47' title='bbox 921 934 1137 972; x_wconf 83' lang='lat' dir='ltr'><strong>causam</strong></span> <span class='ocrx_word' id='word_1_48' title='bbox 1173 918 1223 970; x_wconf 94' lang='lat' dir='ltr'><strong>in</strong></span> <span class='ocrx_word' id='word_1_49' title='bbox 1252 918 1413 986; x_wconf 81' lang='lat' dir='ltr'><strong>epist.</strong></span> <span class='ocrx_word' id='word_1_50' title='bbox 1452 919 1557 973; x_wconf 75' lang='grc'><strong>216</strong></span> <span class='ocrx_word' id='word_1_51' title='bbox 1600 919 1773 973; x_wconf 88' lang='lat' dir='ltr'><strong>ascri-</strong></span> 
     </span>
    </p>
   </div>
   <div class='ocr_carea' id='block_1_8' title="bbox 208 1010 1771 1083">
    <p class='ocr_par' dir='ltr' id='par_1_8' title="bbox 208 1010 1771 1083">
     <span class='ocr_line' id='line_1_8' title="bbox 208 1010 1771 1083; baseline -0.002 -17"><span class='ocrx_word' id='word_1_52' title='bbox 208 1014 319 1075; x_wconf 81' lang='lat' dir='ltr'><strong>bat,</strong></span> <span class='ocrx_word' id='word_1_53' title='bbox 378 1014 431 1067; x_wconf 91' lang='lat' dir='ltr'><strong>in</strong></span> <span class='ocrx_word' id='word_1_54' title='bbox 468 1014 697 1083; x_wconf 89' lang='lat' dir='ltr'><strong>epistola</strong></span> <span class='ocrx_word' id='word_1_55' title='bbox 724 1012 831 1067; x_wconf 75' lang='lat'><strong>205</strong></span> <span class='ocrx_word' id='word_1_56' title='bbox 866 1012 1099 1081; x_wconf 90' lang='lat' dir='ltr'><strong>postulet</strong></span> <span class='ocrx_word' id='word_1_57' title='bbox 1158 1021 1214 1064; x_wconf 91' lang='lat' dir='ltr'><strong>ut</strong></span> <span class='ocrx_word' id='word_1_58' title='bbox 1254 1021 1443 1066; x_wconf 82' lang='lat' dir='ltr'><strong>auctor</strong></span> <span class='ocrx_word' id='word_1_59' title='bbox 1481 1010 1771 1065; x_wconf 77' lang='lat' dir='ltr'><strong>calumnia-</strong></span> 
     </span>
    </p>
   </div>
   <div class='ocr_carea' id='block_1_9' title="bbox 206 1102 1778 1174">
    <p class='ocr_par' dir='ltr' id='par_1_9' title="bbox 206 1102 1778 1174">
     <span class='ocr_line' id='line_1_9' title="bbox 206 1102 1778 1174; baseline -0.002 -15"><span class='ocrx_word' id='word_1_60' title='bbox 206 1121 321 1159; x_wconf 90' lang='lat' dir='ltr'><strong>rum</strong></span> <span class='ocrx_word' id='word_1_61' title='bbox 364 1122 395 1160; x_wconf 91' lang='lat' dir='ltr'><strong>e</strong></span> <span class='ocrx_word' id='word_1_62' title='bbox 430 1107 656 1159; x_wconf 80' lang='lat' dir='ltr'><strong>latebris</strong></span> <span class='ocrx_word' id='word_1_63' title='bbox 708 1108 759 1159; x_wconf 90' lang='lat' dir='ltr'><strong>in</strong></span> <span class='ocrx_word' id='word_1_64' title='bbox 809 1115 1051 1174; x_wconf 88' lang='lat' dir='ltr'><strong>apertam</strong></span> <span class='ocrx_word' id='word_1_65' title='bbox 1102 1104 1275 1159; x_wconf 85' lang='lat' dir='ltr'><strong>lucem</strong></span> <span class='ocrx_word' id='word_1_66' title='bbox 1324 1104 1571 1173; x_wconf 82' lang='lat' dir='ltr'><strong>prodeat.</strong></span> <span class='ocrx_word' id='word_1_67' title='bbox 1624 1102 1778 1157; x_wconf 85' lang='lat' dir='ltr'><strong>Basi-</strong></span> 
     </span>
    </p>
   </div>
   <div class='ocr_carea' id='block_1_10' title="bbox 206 1195 1775 1266">
    <p class='ocr_par' dir='ltr' id='par_1_10' title="bbox 206 1195 1775 1266">
     <span class='ocr_line' id='line_1_10' title="bbox 206 1195 1775 1266; baseline 0 -17"><span class='ocrx_word' id='word_1_68' title='bbox 206 1197 305 1249; x_wconf 91' lang='lat' dir='ltr'><strong>lius</strong></span> <span class='ocrx_word' id='word_1_69' title='bbox 349 1197 425 1266; x_wconf 91' lang='lat' dir='ltr'><strong>(a)</strong></span> <span class='ocrx_word' id='word_1_70' title='bbox 475 1198 678 1250; x_wconf 92' lang='lat' dir='ltr'><strong>dudum</strong></span> <span class='ocrx_word' id='word_1_71' title='bbox 728 1197 919 1251; x_wconf 88' lang='lat' dir='ltr'><strong>avebat</strong></span> <span class='ocrx_word' id='word_1_72' title='bbox 946 1212 1067 1249; x_wconf 89' lang='lat' dir='ltr'><strong>cum</strong></span> <span class='ocrx_word' id='word_1_73' title='bbox 1113 1196 1375 1265; x_wconf 87' lang='lat' dir='ltr'><strong>episcopis</strong></span> <span class='ocrx_word' id='word_1_74' title='bbox 1432 1195 1585 1250; x_wconf 86' lang='lat' dir='ltr'><strong>Ponti</strong></span> <span class='ocrx_word' id='word_1_75' title='bbox 1641 1211 1775 1251; x_wconf 82' lang='lat' dir='ltr'><strong>con—</strong></span> 
     </span>
    </p>
   </div>
   <div class='ocr_carea' id='block_1_11' title="bbox 206 1288 1778 1357">
    <p class='ocr_par' dir='ltr' id='par_1_11' title="bbox 206 1288 1778 1357">
     <span class='ocr_line' id='line_1_11' title="bbox 206 1288 1778 1357; baseline 0.001 -18"><span class='ocrx_word' id='word_1_76' title='bbox 206 1289 403 1357; x_wconf 88' lang='lat' dir='ltr'><strong>gredi:</strong></span> <span class='ocrx_word' id='word_1_77' title='bbox 448 1300 503 1341; x_wconf 89' lang='lat' dir='ltr'><strong>at</strong></span> <span class='ocrx_word' id='word_1_78' title='bbox 530 1304 652 1341; x_wconf 91' lang='lat' dir='ltr'><strong>eum</strong></span> <span class='ocrx_word' id='word_1_79' title='bbox 704 1288 1054 1341; x_wconf 87' lang='lat' dir='ltr'><strong>detinuerunt</strong></span> <span class='ocrx_word' id='word_1_80' title='bbox 1111 1302 1289 1342; x_wconf 71' lang='lat' dir='ltr'><strong>causa:</strong></span> <span class='ocrx_word' id='word_1_81' title='bbox 1343 1288 1585 1351; x_wconf 61' lang='lat' dir='ltr'><strong>eadem,</strong></span> <span class='ocrx_word' id='word_1_82' title='bbox 1641 1302 1778 1356; x_wconf 85' lang='lat' dir='ltr'><strong>quas</strong></span> 
     </span>
    </p>
   </div>
   <div class='ocr_carea' id='block_1_12' title="bbox 206 1379 1779 1447">
    <p class='ocr_par' dir='ltr' id='par_1_12' title="bbox 206 1379 1779 1447">
     <span class='ocr_line' id='line_1_12' title="bbox 206 1379 1779 1447; baseline -0.001 -14"><span class='ocrx_word' id='word_1_83' title='bbox 206 1394 368 1447; x_wconf 80' lang='lat' dir='ltr'><strong>supra</strong></span> <span class='ocrx_word' id='word_1_84' title='bbox 425 1380 814 1443; x_wconf 87' lang='lat' dir='ltr'><strong>recensuimus,</strong></span> <span class='ocrx_word' id='word_1_85' title='bbox 861 1379 1058 1444; x_wconf 84' lang='lat' dir='ltr'><strong>morbi,</strong></span> <span class='ocrx_word' id='word_1_86' title='bbox 1093 1380 1483 1434; x_wconf 83' lang='lat' dir='ltr'><strong>sollicitudines</strong></span> <span class='ocrx_word' id='word_1_87' title='bbox 1508 1379 1779 1433; x_wconf 87' lang='lat' dir='ltr'><strong>Ecclesia-</strong></span> 
     </span>
    </p>
   </div>
   <div class='ocr_carea' id='block_1_13' title="bbox 211 1469 1779 1539">
    <p class='ocr_par' dir='ltr' id='par_1_13' title="bbox 211 1469 1779 1539">
     <span class='ocr_line' id='line_1_13' title="bbox 211 1469 1779 1539; baseline 0.001 -17"><span class='ocrx_word' id='word_1_88' title='bbox 211 1483 355 1530; x_wconf 90' lang='lat' dir='ltr'><strong>rum,</strong></span> <span class='ocrx_word' id='word_1_89' title='bbox 400 1479 457 1522; x_wconf 89' lang='lat' dir='ltr'><strong>et</strong></span> <span class='ocrx_word' id='word_1_90' title='bbox 505 1482 693 1536; x_wconf 71' lang='lat' dir='ltr'><strong>pugna:</strong></span> <span class='ocrx_word' id='word_1_91' title='bbox 718 1484 839 1522; x_wconf 91' lang='lat' dir='ltr'><strong>cum</strong></span> <span class='ocrx_word' id='word_1_92' title='bbox 873 1469 1160 1523; x_wconf 65' lang='lat' dir='ltr'><strong>haereticis.</strong></span> <span class='ocrx_word' id='word_1_93' title='bbox 1212 1470 1316 1524; x_wconf 85' lang='lat' dir='ltr'><strong>Sed</strong></span> <span class='ocrx_word' id='word_1_94' title='bbox 1353 1469 1513 1539; x_wconf 89' lang='lat' dir='ltr'><strong>paulo</strong></span> <span class='ocrx_word' id='word_1_95' title='bbox 1544 1479 1667 1539; x_wconf 90' lang='lat' dir='ltr'><strong>post</strong></span> <span class='ocrx_word' id='word_1_96' title='bbox 1696 1484 1779 1524; x_wconf 64' lang='lat' dir='ltr'><strong>reo</strong></span> 
     </span>
    </p>
   </div>
   <div class='ocr_carea' id='block_1_14' title="bbox 208 1558 1776 1630">
    <p class='ocr_par' dir='ltr' id='par_1_14' title="bbox 208 1558 1776 1630">
     <span class='ocr_line' id='line_1_14' title="bbox 208 1558 1776 1630; baseline 0.001 -17"><span class='ocrx_word' id='word_1_97' title='bbox 208 1560 381 1613; x_wconf 92' lang='lat' dir='ltr'><strong>ditum</strong></span> <span class='ocrx_word' id='word_1_98' title='bbox 401 1575 468 1613; x_wconf 94' lang='lat' dir='ltr'><strong>ex</strong></span> <span class='ocrx_word' id='word_1_99' title='bbox 503 1558 704 1613; x_wconf 84' lang='lat' dir='ltr'><strong>Pisidia</strong></span> <span class='ocrx_word' id='word_1_100' title='bbox 736 1558 1018 1629; x_wconf 86' lang='lat' dir='ltr'><strong>epistolam</strong></span> <span class='ocrx_word' id='word_1_101' title='bbox 1050 1558 1125 1629; x_wconf 74' lang='grc' dir='ltr'><strong>(ὁ)</strong></span> <span class='ocrx_word' id='word_1_102' title='bbox 1157 1561 1377 1628; x_wconf 84' lang='lat' dir='ltr'><strong>scripsit</strong></span> <span class='ocrx_word' id='word_1_103' title='bbox 1402 1560 1469 1614; x_wconf 91' lang='lat' dir='ltr'><strong>ad</strong></span> <span class='ocrx_word' id='word_1_104' title='bbox 1492 1562 1776 1630; x_wconf 88' lang='lat' dir='ltr'><strong>episcopos</strong></span> 
     </span>
    </p>
   </div>
   <div class='ocr_carea' id='block_1_15' title="bbox 211 1653 1776 1723">
    <p class='ocr_par' dir='ltr' id='par_1_15' title="bbox 211 1653 1776 1723">
     <span class='ocr_line' id='line_1_15' title="bbox 211 1653 1776 1723; baseline 0.001 -18"><span class='ocrx_word' id='word_1_105' title='bbox 211 1653 538 1715; x_wconf 88' lang='lat' dir='ltr'><strong>maritimos,</strong></span> <span class='ocrx_word' id='word_1_106' title='bbox 591 1666 686 1705; x_wconf 89' lang='lat' dir='ltr'><strong>eos</strong></span> <span class='ocrx_word' id='word_1_107' title='bbox 712 1654 1005 1720; x_wconf 65' lang='lat' dir='ltr'><strong>praesertim</strong></span> <span class='ocrx_word' id='word_1_108' title='bbox 1045 1653 1138 1723; x_wconf 92' lang='lat' dir='ltr'><strong>qui</strong></span> <span class='ocrx_word' id='word_1_109' title='bbox 1174 1653 1521 1708; x_wconf 82' lang='lat' dir='ltr'><strong>Dazimonem</strong></span> <span class='ocrx_word' id='word_1_110' title='bbox 1574 1654 1776 1708; x_wconf 52' lang='lat' dir='ltr'><strong>incole‘</strong></span> 
     </span>
    </p>
   </div>
   <div class='ocr_carea' id='block_1_16' title="bbox 206 1743 1776 1815">
    <p class='ocr_par' dir='ltr' id='par_1_16' title="bbox 206 1743 1776 1815">
     <span class='ocr_line' id='line_1_16' title="bbox 206 1743 1776 1815; baseline 0 -18"><span class='ocrx_word' id='word_1_111' title='bbox 206 1744 354 1797; x_wconf 87' lang='lat' dir='ltr'><strong>bant.</strong></span> <span class='ocrx_word' id='word_1_112' title='bbox 396 1743 786 1800; x_wconf 87' lang='lat' dir='ltr'><strong>Permolestum</strong></span> <span class='ocrx_word' id='word_1_113' title='bbox 840 1752 949 1799; x_wconf 88' lang='lat' dir='ltr'><strong>erat</strong></span> <span class='ocrx_word' id='word_1_114' title='bbox 991 1744 1185 1798; x_wconf 83' lang='lat' dir='ltr'><strong>Basilio</strong></span> <span class='ocrx_word' id='word_1_115' title='bbox 1231 1744 1324 1815; x_wconf 76' lang='grc' dir='ltr'><strong>(ο),</strong></span> <span class='ocrx_word' id='word_1_116' title='bbox 1383 1746 1525 1815; x_wconf 90' lang='lat' dir='ltr'><strong>quod</strong></span> <span class='ocrx_word' id='word_1_117' title='bbox 1589 1760 1776 1800; x_wconf 91' lang='lat' dir='ltr'><strong>eorum</strong></span> 
     </span>
    </p>
   </div>
   <div class='ocr_carea' id='block_1_17' title="bbox 204 1836 1776 1906">
    <p class='ocr_par' dir='ltr' id='par_1_17' title="bbox 204 1836 1776 1906">
     <span class='ocr_line' id='line_1_17' title="bbox 204 1836 1776 1906; baseline 0.002 -18"><span class='ocrx_word' id='word_1_118' title='bbox 204 1836 446 1890; x_wconf 86' lang='lat' dir='ltr'><strong>charitas</strong></span> <span class='ocrx_word' id='word_1_119' title='bbox 502 1836 817 1906; x_wconf 88' lang='lat' dir='ltr'><strong>jamdudum</strong></span> <span class='ocrx_word' id='word_1_120' title='bbox 865 1837 965 1890; x_wconf 91' lang='lat' dir='ltr'><strong>sibi</strong></span> <span class='ocrx_word' id='word_1_121' title='bbox 1007 1838 1241 1901; x_wconf 88' lang='lat' dir='ltr'><strong>deesset,</strong></span> <span class='ocrx_word' id='word_1_122' title='bbox 1290 1852 1388 1892; x_wconf 92' lang='lat' dir='ltr'><strong>nec</strong></span> <span class='ocrx_word' id='word_1_123' title='bbox 1441 1838 1547 1891; x_wconf 90' lang='lat' dir='ltr'><strong>ulla</strong></span> <span class='ocrx_word' id='word_1_124' title='bbox 1597 1838 1664 1891; x_wconf 89' lang='lat' dir='ltr'><strong>ab</strong></span> <span class='ocrx_word' id='word_1_125' title='bbox 1699 1837 1776 1891; x_wconf 93' lang='lat' dir='ltr'><strong>eis</strong></span> 
     </span>
    </p>
   </div>
   <div class='ocr_carea' id='block_1_18' title="bbox 1882 647 3456 717">
    <p class='ocr_par' dir='ltr' id='par_1_18' title="bbox 1882 647 3456 717">
     <span class='ocr_line' id='line_1_18' title="bbox 1882 647 3456 717; baseline 0.001 -15"><span class='ocrx_word' id='word_1_126' title='bbox 1882 658 2191 711; x_wconf 84' lang='lat' dir='ltr'><strong>accusator,</strong></span> <span class='ocrx_word' id='word_1_127' title='bbox 2221 648 2329 700; x_wconf 92' lang='lat' dir='ltr'><strong>imo</strong></span> <span class='ocrx_word' id='word_1_128' title='bbox 2357 661 2457 701; x_wconf 93' lang='lat' dir='ltr'><strong>nec</strong></span> <span class='ocrx_word' id='word_1_129' title='bbox 2482 656 2791 709; x_wconf 85' lang='lat' dir='ltr'><strong>accusator,</strong></span> <span class='ocrx_word' id='word_1_130' title='bbox 2825 648 2917 717; x_wconf 81' lang='lat' dir='ltr'><strong>sed</strong></span> <span class='ocrx_word' id='word_1_131' title='bbox 2949 648 3116 700; x_wconf 81' lang='lat' dir='ltr'><strong>frater</strong></span> <span class='ocrx_word' id='word_1_132' title='bbox 3156 647 3456 704; x_wconf 86' lang='lat' dir='ltr'><strong>admonens</strong></span> 
     </span>
    </p>
   </div>
   <div class='ocr_carea' id='block_1_19' title="bbox 1883 737 3457 808">
    <p class='ocr_par' dir='ltr' id='par_1_19' title="bbox 1883 737 3457 808">
     <span class='ocr_line' id='line_1_19' title="bbox 1883 737 3457 808; baseline 0.001 -14"><span class='ocrx_word' id='word_1_133' title='bbox 1883 741 1936 794; x_wconf 92' lang='lat' dir='ltr'><strong>in</strong></span> <span class='ocrx_word' id='word_1_134' title='bbox 1968 740 2259 794; x_wconf 87' lang='lat' dir='ltr'><strong>cbaritate.</strong></span> <span class='ocrx_word' id='word_1_135' title='bbox 2296 737 2415 792; x_wconf 83' lang='lat' dir='ltr'><strong>Non</strong></span> <span class='ocrx_word' id='word_1_136' title='bbox 2450 748 2578 808; x_wconf 91' lang='lat' dir='ltr'><strong>puto</strong></span> <span class='ocrx_word' id='word_1_137' title='bbox 2608 754 2731 792; x_wconf 91' lang='lat' dir='ltr'><strong>eum</strong></span> <span class='ocrx_word' id='word_1_138' title='bbox 2771 739 2836 793; x_wconf 90' lang='lat' dir='ltr'><strong>de</strong></span> <span class='ocrx_word' id='word_1_139' title='bbox 2866 738 3152 793; x_wconf 82' lang='lat' dir='ltr'><strong>Eustathio</strong></span> <span class='ocrx_word' id='word_1_140' title='bbox 3182 740 3259 794; x_wconf 91' lang='lat' dir='ltr'><strong>sic</strong></span> <span class='ocrx_word' id='word_1_141' title='bbox 3306 740 3457 795; x_wconf 87' lang='lat' dir='ltr'><strong>locu-</strong></span> 
     </span>
    </p>
   </div>
   <div class='ocr_carea' id='block_1_20' title="bbox 1882 829 3457 900">
    <p class='ocr_par' dir='ltr' id='par_1_20' title="bbox 1882 829 3457 900">
     <span class='ocr_line' id='line_1_20' title="bbox 1882 829 3457 900; baseline 0.001 -16"><span class='ocrx_word' id='word_1_142' title='bbox 1882 840 2058 885; x_wconf 88' lang='lat' dir='ltr'><strong>turum</strong></span> <span class='ocrx_word' id='word_1_143' title='bbox 2091 831 2281 893; x_wconf 88' lang='lat' dir='ltr'><strong>fuisse,</strong></span> <span class='ocrx_word' id='word_1_144' title='bbox 2308 831 2351 884; x_wconf 91' lang='lat' dir='ltr'><strong>si</strong></span> <span class='ocrx_word' id='word_1_145' title='bbox 2401 832 2470 883; x_wconf 88' lang='lat' dir='ltr'><strong>ab</strong></span> <span class='ocrx_word' id='word_1_146' title='bbox 2495 845 2559 883; x_wconf 92' lang='lat' dir='ltr'><strong>eo</strong></span> <span class='ocrx_word' id='word_1_147' title='bbox 2598 831 2713 884; x_wconf 69' lang='lat' dir='ltr'><strong>haec</strong></span> <span class='ocrx_word' id='word_1_148' title='bbox 2749 829 2928 882; x_wconf 91' lang='lat' dir='ltr'><strong>omnia</strong></span> <span class='ocrx_word' id='word_1_149' title='bbox 2961 838 3079 882; x_wconf 90' lang='lat' dir='ltr'><strong>orta</strong></span> <span class='ocrx_word' id='word_1_150' title='bbox 3112 844 3235 885; x_wconf 88' lang='lat' dir='ltr'><strong>esse</strong></span> <span class='ocrx_word' id='word_1_151' title='bbox 3263 829 3457 900; x_wconf 81' lang='lat' dir='ltr'><strong>depre-</strong></span> 
     </span>
    </p>
   </div>
   <div class='ocr_carea' id='block_1_21' title="bbox 1881 920 3452 992">
    <p class='ocr_par' dir='ltr' id='par_1_21' title="bbox 1881 920 3452 992">
     <span class='ocr_line' id='line_1_21' title="bbox 1881 920 3452 992; baseline -0.001 -15"><span class='ocrx_word' id='word_1_152' title='bbox 1881 925 2175 977; x_wconf 82' lang='lat' dir='ltr'><strong>hendisset.</strong></span> <span class='ocrx_word' id='word_1_153' title='bbox 2222 921 2387 976; x_wconf 87' lang='lat' dir='ltr'><strong>Forte</strong></span> <span class='ocrx_word' id='word_1_154' title='bbox 2438 937 2569 992; x_wconf 91' lang='lat' dir='ltr'><strong>ergo</strong></span> <span class='ocrx_word' id='word_1_155' title='bbox 2600 922 2650 975; x_wconf 89' lang='lat' dir='ltr'><strong>id</strong></span> <span class='ocrx_word' id='word_1_156' title='bbox 2678 936 2783 974; x_wconf 89' lang='lat' dir='ltr'><strong>non</strong></span> <span class='ocrx_word' id='word_1_157' title='bbox 2830 920 3213 991; x_wconf 82' lang='lat' dir='ltr'><strong>deprehendit,</strong></span> <span class='ocrx_word' id='word_1_158' title='bbox 3247 922 3349 975; x_wconf 87' lang='lat' dir='ltr'><strong>nisi</strong></span> <span class='ocrx_word' id='word_1_159' title='bbox 3387 938 3452 976; x_wconf 92' lang='lat' dir='ltr'><strong>ex</strong></span> 
     </span>
    </p>
   </div>
   <div class='ocr_carea' id='block_1_22' title="bbox 1880 1012 3449 1084">
    <p class='ocr_par' dir='ltr' id='par_1_22' title="bbox 1880 1012 3449 1084">
     <span class='ocr_line' id='line_1_22' title="bbox 1880 1012 3449 1084; baseline -0.001 -15"><span class='ocrx_word' id='word_1_160' title='bbox 1880 1030 2176 1084; x_wconf 89' lang='lat' dir='ltr'><strong>congressu</strong></span> <span class='ocrx_word' id='word_1_161' title='bbox 2217 1029 2341 1069; x_wconf 91' lang='lat' dir='ltr'><strong>cum</strong></span> <span class='ocrx_word' id='word_1_162' title='bbox 2377 1013 2650 1083; x_wconf 77' lang='lat' dir='ltr'><strong>episcopis</strong></span> <span class='ocrx_word' id='word_1_163' title='bbox 2705 1012 2887 1067; x_wconf 88' lang='lat' dir='ltr'><strong>Ponti.</strong></span> <span class='ocrx_word' id='word_1_164' title='bbox 2920 1012 3082 1068; x_wconf 90' lang='lat' dir='ltr'><strong>Certe</strong></span> <span class='ocrx_word' id='word_1_165' title='bbox 3132 1022 3254 1081; x_wconf 90' lang='lat' dir='ltr'><strong>post</strong></span> <span class='ocrx_word' id='word_1_166' title='bbox 3305 1015 3449 1067; x_wconf 90' lang='lat' dir='ltr'><strong>hunc</strong></span> 
     </span>
    </p>
   </div>
   <div class='ocr_carea' id='block_1_23' title="bbox 1878 1102 3451 1175">
    <p class='ocr_par' dir='ltr' id='par_1_23' title="bbox 1878 1102 3451 1175">
     <span class='ocr_line' id='line_1_23' title="bbox 1878 1102 3451 1175; baseline -0.001 -19"><span class='ocrx_word' id='word_1_167' title='bbox 1878 1118 2225 1173; x_wconf 78' lang='lat' dir='ltr'><strong>congressum</strong></span> <span class='ocrx_word' id='word_1_168' title='bbox 2280 1118 2393 1158; x_wconf 91' lang='lat' dir='ltr'><strong>rem</strong></span> <span class='ocrx_word' id='word_1_169' title='bbox 2424 1113 2760 1175; x_wconf 82' lang='lat' dir='ltr'><strong>perspectam</strong></span> <span class='ocrx_word' id='word_1_170' title='bbox 2792 1112 2844 1158; x_wconf 91' lang='lat' dir='ltr'><strong>et</strong></span> <span class='ocrx_word' id='word_1_171' title='bbox 2872 1102 3211 1171; x_wconf 81' lang='lat' dir='ltr'><strong>exploratam</strong></span> <span class='ocrx_word' id='word_1_172' title='bbox 3241 1102 3451 1157; x_wconf 78' lang='lat' dir='ltr'><strong>habuit.</strong></span> 
     </span>
    </p>
   </div>
   <div class='ocr_carea' id='block_1_24' title="bbox 1882 1194 3452 1265">
    <p class='ocr_par' dir='ltr' id='par_1_24' title="bbox 1882 1194 3452 1265">
     <span class='ocr_line' id='line_1_24' title="bbox 1882 1194 3452 1265; baseline -0.001 -15"><span class='ocrx_word' id='word_1_173' title='bbox 1882 1197 1973 1251; x_wconf 88' lang='lat' dir='ltr'><strong>Sic</strong></span> <span class='ocrx_word' id='word_1_174' title='bbox 2017 1196 2162 1250; x_wconf 92' lang='lat' dir='ltr'><strong>enim</strong></span> <span class='ocrx_word' id='word_1_175' title='bbox 2200 1196 2441 1265; x_wconf 91' lang='lat' dir='ltr'><strong>loquitur</strong></span> <span class='ocrx_word' id='word_1_176' title='bbox 2475 1196 2526 1250; x_wconf 92' lang='lat' dir='ltr'><strong>in</strong></span> <span class='ocrx_word' id='word_1_177' title='bbox 2560 1195 2787 1264; x_wconf 91' lang='lat' dir='ltr'><strong>epistola</strong></span> <span class='ocrx_word' id='word_1_178' title='bbox 2824 1194 2930 1249; x_wconf 74' lang='lat'><strong>216</strong></span> <span class='ocrx_word' id='word_1_179' title='bbox 2962 1214 2975 1249; x_wconf 93' lang='lat'><strong>:</strong></span> <span class='ocrx_word' id='word_1_180' title='bbox 3008 1194 3177 1264; x_wconf 76' lang='lat' dir='ltr'><strong>Atque</strong></span> <span class='ocrx_word' id='word_1_181' title='bbox 3205 1196 3321 1247; x_wconf 84' lang='lat' dir='ltr'><strong>inde</strong></span> <span class='ocrx_word' id='word_1_182' title='bbox 3361 1212 3452 1249; x_wconf 80' lang='lat' dir='ltr'><strong>nos</strong></span> 
     </span>
    </p>
   </div>
   <div class='ocr_carea' id='block_1_25' title="bbox 1877 1286 3452 1359">
    <p class='ocr_par' dir='ltr' id='par_1_25' title="bbox 1877 1286 3452 1359">
     <span class='ocr_line' id='line_1_25' title="bbox 1877 1286 3452 1359; baseline -0.003 -16"><span class='ocrx_word' id='word_1_183' title='bbox 1877 1292 1933 1345; x_wconf 85' lang='lat' dir='ltr'><strong>in</strong></span> <span class='ocrx_word' id='word_1_184' title='bbox 1992 1287 2218 1343; x_wconf 79' lang='lat' dir='ltr'><strong>Pontum</strong></span> <span class='ocrx_word' id='word_1_185' title='bbox 2257 1290 2461 1359; x_wconf 75' lang='lat' dir='ltr'><strong>excepit</strong></span> <span class='ocrx_word' id='word_1_186' title='bbox 2506 1289 2854 1359; x_wconf 75' lang='lat' dir='ltr'><strong>peregrinatio</strong></span> <span class='ocrx_word' id='word_1_187' title='bbox 2881 1333 2895 1354; x_wconf 95' lang='lat'><strong>,</strong></span> <span class='ocrx_word' id='word_1_188' title='bbox 2948 1304 3065 1342; x_wconf 79' lang='lat' dir='ltr'><strong>cum</strong></span> <span class='ocrx_word' id='word_1_189' title='bbox 3106 1286 3452 1340; x_wconf 76' lang='lat' dir='ltr'><strong>Dazimonem</strong></span> 
     </span>
    </p>
   </div>
   <div class='ocr_carea' id='block_1_26' title="bbox 1878 1378 3453 1450">
    <p class='ocr_par' dir='ltr' id='par_1_26' title="bbox 1878 1378 3453 1450">
     <span class='ocr_line' id='line_1_26' title="bbox 1878 1378 3453 1450; baseline -0.006 -13"><span class='ocrx_word' id='word_1_190' title='bbox 1878 1383 2007 1437; x_wconf 89' lang='lat' dir='ltr'><strong>satis</strong></span> <span class='ocrx_word' id='word_1_191' title='bbox 2054 1381 2411 1450; x_wconf 83' lang='lat' dir='ltr'><strong>perturbasset</strong></span> <span class='ocrx_word' id='word_1_192' title='bbox 2437 1378 2776 1445; x_wconf 76' lang='lat' dir='ltr'><strong>Eustathius,</strong></span> <span class='ocrx_word' id='word_1_193' title='bbox 2802 1378 3100 1448; x_wconf 79' lang='lat' dir='ltr'><strong>multosque</strong></span> <span class='ocrx_word' id='word_1_194' title='bbox 3130 1378 3239 1430; x_wconf 83' lang='lat' dir='ltr'><strong>illic</strong></span> <span class='ocrx_word' id='word_1_195' title='bbox 3280 1379 3453 1430; x_wconf 84' lang='lat' dir='ltr'><strong>addu-</strong></span> 
     </span>
    </p>
   </div>
   <div class='ocr_carea' id='block_1_27' title="bbox 1878 1467 3452 1536">
    <p class='ocr_par' dir='ltr' id='par_1_27' title="bbox 1878 1467 3452 1536">
     <span class='ocr_line' id='line_1_27' title="bbox 1878 1467 3452 1536; baseline -0.004 -10"><span class='ocrx_word' id='word_1_196' title='bbox 1878 1474 2059 1536; x_wconf 69' lang='lat' dir='ltr'><strong>xisset,</strong></span> <span class='ocrx_word' id='word_1_197' title='bbox 2084 1482 2140 1524; x_wconf 85' lang='lat' dir='ltr'><strong>ut</strong></span> <span class='ocrx_word' id='word_1_198' title='bbox 2161 1488 2215 1524; x_wconf 81' lang='lat' dir='ltr'><strong>se</strong></span> <span class='ocrx_word' id='word_1_199' title='bbox 2244 1470 2308 1524; x_wconf 84' lang='lat' dir='ltr'><strong>ab</strong></span> <span class='ocrx_word' id='word_1_200' title='bbox 2345 1468 2580 1523; x_wconf 85' lang='lat' dir='ltr'><strong>Ecclesia</strong></span> <span class='ocrx_word' id='word_1_201' title='bbox 2629 1480 2810 1523; x_wconf 84' lang='lat' dir='ltr'><strong>nostra</strong></span> <span class='ocrx_word' id='word_1_202' title='bbox 2862 1468 3246 1523; x_wconf 76' lang='lat' dir='ltr'><strong>abscindereat.</strong></span> <span class='ocrx_word' id='word_1_203' title='bbox 3278 1467 3452 1520; x_wconf 82' lang='lat' dir='ltr'><strong>Mani-</strong></span> 
     </span>
    </p>
   </div>
   <div class='ocr_carea' id='block_1_28' title="bbox 1880 1559 3452 1632">
    <p class='ocr_par' dir='ltr' id='par_1_28' title="bbox 1880 1559 3452 1632">
     <span class='ocr_line' id='line_1_28' title="bbox 1880 1559 3452 1632; baseline -0.003 -15"><span class='ocrx_word' id='word_1_204' title='bbox 1880 1562 2015 1619; x_wconf 80' lang='lat' dir='ltr'><strong>festa</strong></span> <span class='ocrx_word' id='word_1_205' title='bbox 2049 1571 2133 1617; x_wconf 91' lang='lat' dir='ltr'><strong>est</strong></span> <span class='ocrx_word' id='word_1_206' title='bbox 2163 1562 2321 1632; x_wconf 90' lang='lat' dir='ltr'><strong>hujus</strong></span> <span class='ocrx_word' id='word_1_207' title='bbox 2368 1562 2664 1616; x_wconf 87' lang='lat' dir='ltr'><strong>testimonii</strong></span> <span class='ocrx_word' id='word_1_208' title='bbox 2699 1562 3045 1616; x_wconf 88' lang='lat' dir='ltr'><strong>necessitudo</strong></span> <span class='ocrx_word' id='word_1_209' title='bbox 3072 1576 3192 1615; x_wconf 93' lang='lat' dir='ltr'><strong>cum</strong></span> <span class='ocrx_word' id='word_1_210' title='bbox 3222 1559 3452 1627; x_wconf 86' lang='lat' dir='ltr'><strong>epistola</strong></span> 
     </span>
    </p>
   </div>
   <div class='ocr_carea' id='block_1_29' title="bbox 1880 1651 3455 1721">
    <p class='ocr_par' dir='ltr' id='par_1_29' title="bbox 1880 1651 3455 1721">
     <span class='ocr_line' id='line_1_29' title="bbox 1880 1651 3455 1721; baseline -0.003 -12"><span class='ocrx_word' id='word_1_211' title='bbox 1880 1656 1981 1709; x_wconf 91' lang='lat' dir='ltr'><strong>hac</strong></span> <span class='ocrx_word' id='word_1_212' title='bbox 2009 1654 2376 1709; x_wconf 90' lang='lat' dir='ltr'><strong>ducentesima</strong></span> <span class='ocrx_word' id='word_1_213' title='bbox 2402 1654 2583 1708; x_wconf 90' lang='lat' dir='ltr'><strong>tertia.</strong></span> <span class='ocrx_word' id='word_1_214' title='bbox 2618 1653 2772 1721; x_wconf 86' lang='lat' dir='ltr'><strong>Quod</strong></span> <span class='ocrx_word' id='word_1_215' title='bbox 2802 1653 2945 1707; x_wconf 90' lang='lat' dir='ltr'><strong>enim</strong></span> <span class='ocrx_word' id='word_1_216' title='bbox 2990 1652 3093 1705; x_wconf 88' lang='lat' dir='ltr'><strong>iter</strong></span> <span class='ocrx_word' id='word_1_217' title='bbox 3153 1651 3455 1719; x_wconf 84' lang='lat' dir='ltr'><strong>suscepisse</strong></span> 
     </span>
    </p>
   </div>
   <div class='ocr_carea' id='block_1_30' title="bbox 1878 1740 3452 1813">
    <p class='ocr_par' dir='ltr' id='par_1_30' title="bbox 1878 1740 3452 1813">
     <span class='ocr_line' id='line_1_30' title="bbox 1878 1740 3452 1813; baseline -0.003 -13"><span class='ocrx_word' id='word_1_218' title='bbox 1878 1761 1937 1800; x_wconf 88' lang='lat' dir='ltr'><strong>se</strong></span> <span class='ocrx_word' id='word_1_219' title='bbox 1967 1745 2100 1799; x_wconf 88' lang='lat' dir='ltr'><strong>dicit</strong></span> <span class='ocrx_word' id='word_1_220' title='bbox 2136 1746 2189 1801; x_wconf 92' lang='lat' dir='ltr'><strong>in</strong></span> <span class='ocrx_word' id='word_1_221' title='bbox 2242 1744 2469 1813; x_wconf 90' lang='lat' dir='ltr'><strong>epistola</strong></span> <span class='ocrx_word' id='word_1_222' title='bbox 2514 1743 2643 1803; x_wconf 78' lang='lat' dir='ltr'><strong>2l6.</strong></span> <span class='ocrx_word' id='word_1_223' title='bbox 2682 1744 2733 1798; x_wconf 89' lang='lat' dir='ltr'><strong>id</strong></span> <span class='ocrx_word' id='word_1_224' title='bbox 2772 1743 2824 1797; x_wconf 89' lang='lat' dir='ltr'><strong>in</strong></span> <span class='ocrx_word' id='word_1_225' title='bbox 2858 1740 3083 1811; x_wconf 87' lang='lat' dir='ltr'><strong>epistola</strong></span> <span class='ocrx_word' id='word_1_226' title='bbox 3119 1740 3226 1795; x_wconf 75' lang='lat'><strong>205</strong></span> <span class='ocrx_word' id='word_1_227' title='bbox 3271 1755 3452 1795; x_wconf 88' lang='lat' dir='ltr'><strong>susce-</strong></span> 
     </span>
    </p>
   </div>
   <div class='ocr_carea' id='block_1_31' title="bbox 1876 1831 3455 1904">
    <p class='ocr_par' dir='ltr' id='par_1_31' title="bbox 1876 1831 3455 1904">
     <span class='ocr_line' id='line_1_31' title="bbox 1876 1831 3455 1904; baseline -0.003 -15"><span class='ocrx_word' id='word_1_228' title='bbox 1876 1846 2094 1902; x_wconf 91' lang='lat' dir='ltr'><strong>pturum</strong></span> <span class='ocrx_word' id='word_1_229' title='bbox 2141 1851 2199 1889; x_wconf 90' lang='lat' dir='ltr'><strong>se</strong></span> <span class='ocrx_word' id='word_1_230' title='bbox 2250 1836 2546 1904; x_wconf 89' lang='lat' dir='ltr'><strong>promittit,</strong></span> <span class='ocrx_word' id='word_1_231' title='bbox 2602 1835 2648 1890; x_wconf 87' lang='lat' dir='ltr'><strong>si</strong></span> <span class='ocrx_word' id='word_1_232' title='bbox 2706 1834 2885 1890; x_wconf 89' lang='lat' dir='ltr'><strong>locum</strong></span> <span class='ocrx_word' id='word_1_233' title='bbox 2940 1833 3225 1903; x_wconf 78' lang='lat' dir='ltr'><strong>designare</strong></span> <span class='ocrx_word' id='word_1_234' title='bbox 3290 1831 3455 1886; x_wconf 81' lang='lat' dir='ltr'><strong>velint</strong></span> 
     </span>
    </p>
   </div>
   <div class='ocr_carea' id='block_1_32' title="bbox 204 1920 3454 1996">
    <p class='ocr_par' dir='ltr' id='par_1_32' title="bbox 204 1920 3454 1996">
     <span class='ocr_line' id='line_1_32' title="bbox 204 1920 3454 1996; baseline -0.001 -17"><span class='ocrx_word' id='word_1_235' title='bbox 204 1926 430 1995; x_wconf 90' lang='lat' dir='ltr'><strong>epistola</strong></span> <span class='ocrx_word' id='word_1_236' title='bbox 454 1967 470 1993; x_wconf 92' lang='lat'><strong>,</strong></span> <span class='ocrx_word' id='word_1_237' title='bbox 533 1927 664 1981; x_wconf 90' lang='lat' dir='ltr'><strong>nulli</strong></span> <span class='ocrx_word' id='word_1_238' title='bbox 712 1927 894 1984; x_wconf 90' lang='lat' dir='ltr'><strong>clerici</strong></span> <span class='ocrx_word' id='word_1_239' title='bbox 963 1930 1227 1990; x_wconf 89' lang='lat' dir='ltr'><strong>venirent,</strong></span> <span class='ocrx_word' id='word_1_240' title='bbox 1296 1930 1545 1996; x_wconf 81' lang='lat' dir='ltr'><strong>quamvis</strong></span> <span class='ocrx_word' id='word_1_241' title='bbox 1596 1943 1775 1983; x_wconf 90' lang='lat' dir='ltr'><strong>rerum</strong></span> <span class='ocrx_word' id='word_1_242' title='bbox 1808 1921 1853 1979; x_wconf 84' lang='grc' dir='ltr'><strong>Β</strong></span> <span class='ocrx_word' id='word_1_243' title='bbox 1877 1921 2032 1977; x_wconf 87' lang='lat' dir='ltr'><strong>Ponti</strong></span> <span class='ocrx_word' id='word_1_244' title='bbox 2066 1922 2329 1992; x_wconf 90' lang='lat' dir='ltr'><strong>episcopi.</strong></span> <span class='ocrx_word' id='word_1_245' title='bbox 2376 1921 2555 1975; x_wconf 89' lang='lat' dir='ltr'><strong>Locus</strong></span> <span class='ocrx_word' id='word_1_246' title='bbox 2585 1937 2651 1975; x_wconf 83' lang='lat' dir='ltr'><strong>ex</strong></span> <span class='ocrx_word' id='word_1_247' title='bbox 2683 1932 2917 1991; x_wconf 90' lang='lat' dir='ltr'><strong>utraque</strong></span> <span class='ocrx_word' id='word_1_248' title='bbox 2953 1931 3108 1990; x_wconf 85' lang='lat' dir='ltr'><strong>parte</strong></span> <span class='ocrx_word' id='word_1_249' title='bbox 3137 1920 3454 1986; x_wconf 80' lang='lat' dir='ltr'><strong>designatus</strong></span> 
     </span>
    </p>
   </div>
   <div class='ocr_carea' id='block_1_33' title="bbox 205 2020 1780 2091">
    <p class='ocr_par' dir='ltr' id='par_1_33' title="bbox 205 2020 1780 2091">
     <span class='ocr_line' id='line_1_33' title="bbox 205 2020 1780 2091; baseline 0.001 -18"><span class='ocrx_word' id='word_1_250' title='bbox 205 2020 559 2090; x_wconf 76' lang='lat' dir='ltr'><strong>Cappaddcia:</strong></span> <span class='ocrx_word' id='word_1_251' title='bbox 587 2030 761 2077; x_wconf 86' lang='lat' dir='ltr'><strong>status</strong></span> <span class='ocrx_word' id='word_1_252' title='bbox 802 2022 868 2075; x_wconf 89' lang='lat' dir='ltr'><strong>ad</strong></span> <span class='ocrx_word' id='word_1_253' title='bbox 903 2022 1017 2077; x_wconf 66' lang='lat' dir='ltr'><strong>haec</strong></span> <span class='ocrx_word' id='word_1_254' title='bbox 1043 2022 1217 2077; x_wconf 77' lang='lat' dir='ltr'><strong>ollieia</strong></span> <span class='ocrx_word' id='word_1_255' title='bbox 1266 2020 1580 2091; x_wconf 90' lang='lat' dir='ltr'><strong>frequenter</strong></span> <span class='ocrx_word' id='word_1_256' title='bbox 1624 2022 1780 2075; x_wconf 88' lang='lat' dir='ltr'><strong>exhi-</strong></span> 
     </span>
    </p>
   </div>
   <div class='ocr_carea' id='block_1_34' title="bbox 208 2108 1780 2167">
    <p class='ocr_par' dir='ltr' id='par_1_34' title="bbox 208 2108 1780 2167">
     <span class='ocr_line' id='line_1_34' title="bbox 208 2108 1780 2167; baseline 0.002 -3"><span class='ocrx_word' id='word_1_257' title='bbox 208 2108 381 2165; x_wconf 85' lang='lat' dir='ltr'><strong>benda</strong></span> <span class='ocrx_word' id='word_1_258' title='bbox 436 2126 533 2166; x_wconf 90' lang='lat' dir='ltr'><strong>eos</strong></span> <span class='ocrx_word' id='word_1_259' title='bbox 588 2110 797 2167; x_wconf 87' lang='lat' dir='ltr'><strong>hortari</strong></span> <span class='ocrx_word' id='word_1_260' title='bbox 849 2112 1139 2167; x_wconf 87' lang='lat' dir='ltr'><strong>debuisset.</strong></span> <span class='ocrx_word' id='word_1_261' title='bbox 1200 2110 1335 2165; x_wconf 84' lang='lat' dir='ltr'><strong>Nam</strong></span> <span class='ocrx_word' id='word_1_262' title='bbox 1390 2112 1657 2167; x_wconf 85' lang='lat' dir='ltr'><strong>excitatos</strong></span> <span class='ocrx_word' id='word_1_263' title='bbox 1711 2112 1780 2167; x_wconf 90' lang='lat' dir='ltr'><strong>ab</strong></span> 
     </span>
    </p>
   </div>
   <div class='ocr_carea' id='block_1_35' title="bbox 209 2201 1779 2274">
    <p class='ocr_par' dir='ltr' id='par_1_35' title="bbox 209 2201 1779 2274">
     <span class='ocr_line' id='line_1_35' title="bbox 209 2201 1779 2274; baseline 0.003 -19"><span class='ocrx_word' id='word_1_264' title='bbox 209 2202 482 2257; x_wconf 75' lang='lat' dir='ltr'><strong>haereticis</strong></span> <span class='ocrx_word' id='word_1_265' title='bbox 536 2201 727 2258; x_wconf 87' lang='lat' dir='ltr'><strong>fluctus</strong></span> <span class='ocrx_word' id='word_1_266' title='bbox 775 2202 1123 2272; x_wconf 78' lang='lat' dir='ltr'><strong>Cappadoces</strong></span> <span class='ocrx_word' id='word_1_267' title='bbox 1158 2204 1527 2272; x_wconf 81' lang='lat' dir='ltr'><strong>excipiebant,</strong></span> <span class='ocrx_word' id='word_1_268' title='bbox 1580 2205 1648 2260; x_wconf 90' lang='lat' dir='ltr'><strong>iis</strong></span> <span class='ocrx_word' id='word_1_269' title='bbox 1686 2205 1779 2274; x_wconf 87' lang='lat' dir='ltr'><strong>qui</strong></span> 
     </span>
    </p>
   </div>
   <div class='ocr_carea' id='block_1_36' title="bbox 211 2294 1778 2365">
    <p class='ocr_par' dir='ltr' id='par_1_36' title="bbox 211 2294 1778 2365">
     <span class='ocr_line' id='line_1_36' title="bbox 211 2294 1778 2365; baseline 0.002 -17"><span class='ocrx_word' id='word_1_270' title='bbox 211 2304 360 2349; x_wconf 89' lang='lat' dir='ltr'><strong>retro</strong></span> <span class='ocrx_word' id='word_1_271' title='bbox 381 2304 543 2350; x_wconf 92' lang='lat' dir='ltr'><strong>erant</strong></span> <span class='ocrx_word' id='word_1_272' title='bbox 566 2296 619 2348; x_wconf 90' lang='lat' dir='ltr'><strong>in</strong></span> <span class='ocrx_word' id='word_1_273' title='bbox 654 2294 943 2363; x_wconf 92' lang='lat' dir='ltr'><strong>tranquillo</strong></span> <span class='ocrx_word' id='word_1_274' title='bbox 964 2294 1301 2364; x_wconf 76' lang='lat' dir='ltr'><strong>degentibus.</strong></span> <span class='ocrx_word' id='word_1_275' title='bbox 1333 2294 1498 2351; x_wconf 79' lang='lat' dir='ltr'><strong>Forte</strong></span> <span class='ocrx_word' id='word_1_276' title='bbox 1521 2298 1635 2352; x_wconf 65' lang='lat' dir='ltr'><strong>hac</strong></span> <span class='ocrx_word' id='word_1_277' title='bbox 1664 2297 1778 2365; x_wconf 88' lang='lat' dir='ltr'><strong>ipsa</strong></span> 
     </span>
    </p>
   </div>
   <div class='ocr_carea' id='block_1_37' title="bbox 207 2384 1780 2443">
    <p class='ocr_par' dir='ltr' id='par_1_37' title="bbox 207 2384 1780 2443">
     <span class='ocr_line' id='line_1_37' title="bbox 207 2384 1780 2443; baseline -0.001 -1"><span class='ocrx_word' id='word_1_278' title='bbox 207 2401 369 2442; x_wconf 84' lang='lat' dir='ltr'><strong>causa</strong></span> <span class='ocrx_word' id='word_1_279' title='bbox 398 2401 588 2441; x_wconf 89' lang='lat' dir='ltr'><strong>eorum</strong></span> <span class='ocrx_word' id='word_1_280' title='bbox 623 2385 799 2438; x_wconf 88' lang='lat' dir='ltr'><strong>studia</strong></span> <span class='ocrx_word' id='word_1_281' title='bbox 825 2384 1159 2440; x_wconf 88' lang='lat' dir='ltr'><strong>retardabat.</strong></span> <span class='ocrx_word' id='word_1_282' title='bbox 1191 2386 1462 2442; x_wconf 77' lang='lat' dir='ltr'><strong>Metuebat</strong></span> <span class='ocrx_word' id='word_1_283' title='bbox 1493 2388 1639 2443; x_wconf 91' lang='lat' dir='ltr'><strong>enim</strong></span> <span class='ocrx_word' id='word_1_284' title='bbox 1670 2386 1780 2441; x_wconf 90' lang='lat' dir='ltr'><strong>Ba-</strong></span> 
     </span>
    </p>
   </div>
   <div class='ocr_carea' id='block_1_38' title="bbox 206 2477 1777 2548">
    <p class='ocr_par' dir='ltr' id='par_1_38' title="bbox 206 2477 1777 2548">
     <span class='ocr_line' id='line_1_38' title="bbox 206 2477 1777 2548; baseline -0.002 -12"><span class='ocrx_word' id='word_1_285' title='bbox 206 2481 360 2537; x_wconf 85' lang='lat' dir='ltr'><strong>silius</strong></span> <span class='ocrx_word' id='word_1_286' title='bbox 387 2494 475 2543; x_wconf 91' lang='lat' dir='ltr'><strong>ne,</strong></span> <span class='ocrx_word' id='word_1_287' title='bbox 506 2478 631 2548; x_wconf 88' lang='lat' dir='ltr'><strong>quia</strong></span> <span class='ocrx_word' id='word_1_288' title='bbox 656 2492 752 2533; x_wconf 89' lang='lat' dir='ltr'><strong>eos</strong></span> <span class='ocrx_word' id='word_1_289' title='bbox 776 2479 1025 2534; x_wconf 86' lang='lat' dir='ltr'><strong>tuebatur</strong></span> <span class='ocrx_word' id='word_1_290' title='bbox 1056 2477 1299 2534; x_wconf 91' lang='lat' dir='ltr'><strong>locorum</strong></span> <span class='ocrx_word' id='word_1_291' title='bbox 1346 2479 1505 2542; x_wconf 88' lang='lat' dir='ltr'><strong>situs,</strong></span> <span class='ocrx_word' id='word_1_292' title='bbox 1548 2479 1777 2534; x_wconf 91' lang='lat' dir='ltr'><strong>aliorum</strong></span> 
     </span>
    </p>
   </div>
   <div class='ocr_carea' id='block_1_39' title="bbox 204 2570 1776 2629">
    <p class='ocr_par' dir='ltr' id='par_1_39' title="bbox 204 2570 1776 2629">
     <span class='ocr_line' id='line_1_39' title="bbox 204 2570 1776 2629; baseline 0.003 -6"><span class='ocrx_word' id='word_1_293' title='bbox 204 2571 405 2623; x_wconf 87' lang='lat' dir='ltr'><strong>auxilio</strong></span> <span class='ocrx_word' id='word_1_294' title='bbox 438 2579 496 2623; x_wconf 90' lang='lat' dir='ltr'><strong>et</strong></span> <span class='ocrx_word' id='word_1_295' title='bbox 542 2571 922 2625; x_wconf 84' lang='lat' dir='ltr'><strong>communione</strong></span> <span class='ocrx_word' id='word_1_296' title='bbox 972 2570 1284 2625; x_wconf 88' lang='lat' dir='ltr'><strong>viderentur</strong></span> <span class='ocrx_word' id='word_1_297' title='bbox 1319 2571 1419 2626; x_wconf 88' lang='lat' dir='ltr'><strong>sibi</strong></span> <span class='ocrx_word' id='word_1_298' title='bbox 1479 2586 1583 2629; x_wconf 90' lang='lat' dir='ltr'><strong>non</strong></span> <span class='ocrx_word' id='word_1_299' title='bbox 1634 2572 1776 2627; x_wconf 89' lang='lat' dir='ltr'><strong>indi-</strong></span> 
     </span>
    </p>
   </div>
   <div class='ocr_carea' id='block_1_40' title="bbox 203 2662 1779 2732">
    <p class='ocr_par' dir='ltr' id='par_1_40' title="bbox 203 2662 1779 2732">
     <span class='ocr_line' id='line_1_40' title="bbox 203 2662 1779 2732; baseline 0.001 -17"><span class='ocrx_word' id='word_1_300' title='bbox 203 2676 347 2732; x_wconf 88' lang='lat' dir='ltr'><strong>gere,</strong></span> <span class='ocrx_word' id='word_1_301' title='bbox 385 2672 441 2715; x_wconf 91' lang='lat' dir='ltr'><strong>et</strong></span> <span class='ocrx_word' id='word_1_302' title='bbox 469 2662 675 2717; x_wconf 90' lang='lat' dir='ltr'><strong>idcirco</strong></span> <span class='ocrx_word' id='word_1_303' title='bbox 703 2662 947 2728; x_wconf 88' lang='lat' dir='ltr'><strong>vulnera,</strong></span> <span class='ocrx_word' id='word_1_304' title='bbox 986 2677 1106 2731; x_wconf 73' lang='lat' dir='ltr'><strong>qua:</strong></span> <span class='ocrx_word' id='word_1_305' title='bbox 1128 2676 1315 2716; x_wconf 91' lang='lat' dir='ltr'><strong>eorum</strong></span> <span class='ocrx_word' id='word_1_306' title='bbox 1341 2662 1536 2717; x_wconf 87' lang='lat' dir='ltr'><strong>animis</strong></span> <span class='ocrx_word' id='word_1_307' title='bbox 1568 2662 1779 2718; x_wconf 87' lang='lat' dir='ltr'><strong>calum-</strong></span> 
     </span>
    </p>
   </div>
   <div class='ocr_carea' id='block_1_41' title="bbox 205 2751 1777 2818">
    <p class='ocr_par' dir='ltr' id='par_1_41' title="bbox 205 2751 1777 2818">
     <span class='ocr_line' id='line_1_41' title="bbox 205 2751 1777 2818; baseline 0.002 -13"><span class='ocrx_word' id='word_1_308' title='bbox 205 2753 306 2808; x_wconf 67' lang='lat' dir='ltr'><strong>nia</strong></span> <span class='ocrx_word' id='word_1_309' title='bbox 336 2752 605 2818; x_wconf 84' lang='lat' dir='ltr'><strong>fecerant,</strong></span> <span class='ocrx_word' id='word_1_310' title='bbox 641 2752 905 2808; x_wconf 74' lang='lat' dir='ltr'><strong>difﬁcilius</strong></span> <span class='ocrx_word' id='word_1_311' title='bbox 940 2761 1284 2807; x_wconf 89' lang='lat' dir='ltr'><strong>sanarentur.</strong></span> <span class='ocrx_word' id='word_1_312' title='bbox 1326 2751 1574 2808; x_wconf 87' lang='lat' dir='ltr'><strong>Dolorem</strong></span> <span class='ocrx_word' id='word_1_313' title='bbox 1621 2769 1777 2808; x_wconf 84' lang='lat' dir='ltr'><strong>suum</strong></span> 
     </span>
    </p>
   </div>
   <div class='ocr_carea' id='block_1_42' title="bbox 203 2844 1780 2915">
    <p class='ocr_par' dir='ltr' id='par_1_42' title="bbox 203 2844 1780 2915">
     <span class='ocr_line' id='line_1_42' title="bbox 203 2844 1780 2915; baseline -0.001 -15"><span class='ocrx_word' id='word_1_314' title='bbox 203 2847 366 2901; x_wconf 81' lang='lat' dir='ltr'><strong>corde</strong></span> <span class='ocrx_word' id='word_1_315' title='bbox 386 2845 705 2915; x_wconf 75' lang='lat' dir='ltr'><strong>jamdudum</strong></span> <span class='ocrx_word' id='word_1_316' title='bbox 730 2846 1046 2913; x_wconf 86' lang='lat' dir='ltr'><strong>premebat;</strong></span> <span class='ocrx_word' id='word_1_317' title='bbox 1086 2845 1315 2915; x_wconf 87' lang='lat' dir='ltr'><strong>pudebat</strong></span> <span class='ocrx_word' id='word_1_318' title='bbox 1348 2845 1499 2899; x_wconf 81' lang='lat' dir='ltr'><strong>enim</strong></span> <span class='ocrx_word' id='word_1_319' title='bbox 1532 2844 1780 2914; x_wconf 85' lang='lat' dir='ltr'><strong>querelas</strong></span> 
     </span>
    </p>
   </div>
   <div class='ocr_carea' id='block_1_43' title="bbox 205 2933 1772 3006">
    <p class='ocr_par' dir='ltr' id='par_1_43' title="bbox 205 2933 1772 3006">
     <span class='ocr_line' id='line_1_43' title="bbox 205 2933 1772 3006; baseline -0.003 -14"><span class='ocrx_word' id='word_1_320' title='bbox 205 2952 329 2992; x_wconf 87' lang='lat' dir='ltr'><strong>suas</strong></span> <span class='ocrx_word' id='word_1_321' title='bbox 357 2938 501 3006; x_wconf 89' lang='lat' dir='ltr'><strong>apud</strong></span> <span class='ocrx_word' id='word_1_322' title='bbox 532 2946 771 2993; x_wconf 90' lang='lat' dir='ltr'><strong>remotos</strong></span> <span class='ocrx_word' id='word_1_323' title='bbox 827 2939 1320 2991; x_wconf 86' lang='lat' dir='ltr'><strong>communicatores</strong></span> <span class='ocrx_word' id='word_1_324' title='bbox 1374 2933 1605 2989; x_wconf 89' lang='lat' dir='ltr'><strong>deferre.</strong></span> <span class='ocrx_word' id='word_1_325' title='bbox 1666 2934 1772 2991; x_wconf 89' lang='lat' dir='ltr'><strong>Sed</strong></span> 
     </span>
    </p>
   </div>
   <div class='ocr_carea' id='block_1_44' title="bbox 207 3024 1779 3099">
    <p class='ocr_par' dir='ltr' id='par_1_44' title="bbox 207 3024 1779 3099">
     <span class='ocr_line' id='line_1_44' title="bbox 207 3024 1779 3099; baseline -0.003 -15"><span class='ocrx_word' id='word_1_326' title='bbox 207 3038 389 3083; x_wconf 87' lang='lat' dir='ltr'><strong>tamen</strong></span> <span class='ocrx_word' id='word_1_327' title='bbox 418 3042 485 3082; x_wconf 88' lang='lat' dir='ltr'><strong>ea</strong></span> <span class='ocrx_word' id='word_1_328' title='bbox 516 3028 582 3082; x_wconf 90' lang='lat' dir='ltr'><strong>de</strong></span> <span class='ocrx_word' id='word_1_329' title='bbox 607 3043 665 3082; x_wconf 89' lang='lat' dir='ltr'><strong>re</strong></span> <span class='ocrx_word' id='word_1_330' title='bbox 698 3029 777 3099; x_wconf 80' lang='grc' dir='ltr'><strong>(ά)</strong></span> <span class='ocrx_word' id='word_1_331' title='bbox 823 3044 945 3084; x_wconf 92' lang='lat' dir='ltr'><strong>cum</strong></span> <span class='ocrx_word' id='word_1_332' title='bbox 982 3028 1230 3083; x_wconf 85' lang='lat' dir='ltr'><strong>omnibus</strong></span> <span class='ocrx_word' id='word_1_333' title='bbox 1282 3024 1639 3093; x_wconf 70' lang='lat' dir='ltr'><strong>Cappadociae</strong></span> <span class='ocrx_word' id='word_1_334' title='bbox 1667 3026 1779 3097; x_wconf 92' lang='lat' dir='ltr'><strong>epi-</strong></span> 
     </span>
    </p>
   </div>
   <div class='ocr_carea' id='block_1_45' title="bbox 207 3116 1779 3190">
    <p class='ocr_par' dir='ltr' id='par_1_45' title="bbox 207 3116 1779 3190">
     <span class='ocr_line' id='line_1_45' title="bbox 207 3116 1779 3190; baseline -0.004 -14"><span class='ocrx_word' id='word_1_335' title='bbox 207 3121 385 3190; x_wconf 85' lang='lat' dir='ltr'><strong>se0pis</strong></span> <span class='ocrx_word' id='word_1_336' title='bbox 413 3122 862 3184; x_wconf 85' lang='lat' dir='ltr'><strong>communicavit,</strong></span> <span class='ocrx_word' id='word_1_337' title='bbox 910 3119 999 3188; x_wconf 89' lang='lat' dir='ltr'><strong>qui</strong></span> <span class='ocrx_word' id='word_1_338' title='bbox 1028 3118 1077 3173; x_wconf 88' lang='lat' dir='ltr'><strong>ei</strong></span> <span class='ocrx_word' id='word_1_339' title='bbox 1107 3126 1358 3171; x_wconf 84' lang='lat' dir='ltr'><strong>auctores</strong></span> <span class='ocrx_word' id='word_1_340' title='bbox 1414 3116 1567 3172; x_wconf 89' lang='lat' dir='ltr'><strong>fuere</strong></span> <span class='ocrx_word' id='word_1_341' title='bbox 1614 3126 1673 3171; x_wconf 92' lang='lat' dir='ltr'><strong>ut</strong></span> <span class='ocrx_word' id='word_1_342' title='bbox 1716 3116 1779 3171; x_wconf 91' lang='lat' dir='ltr'><strong>ad</strong></span> 
     </span>
    </p>
   </div>
   <div class='ocr_carea' id='block_1_46' title="bbox 206 3208 1777 3281">
    <p class='ocr_par' dir='ltr' id='par_1_46' title="bbox 206 3208 1777 3281">
     <span class='ocr_line' id='line_1_46' title="bbox 206 3208 1777 3281; baseline -0.002 -14"><span class='ocrx_word' id='word_1_343' title='bbox 206 3215 519 3269; x_wconf 88' lang='lat' dir='ltr'><strong>maritimos</strong></span> <span class='ocrx_word' id='word_1_344' title='bbox 540 3214 823 3281; x_wconf 88' lang='lat' dir='ltr'><strong>episcopos</strong></span> <span class='ocrx_word' id='word_1_345' title='bbox 854 3211 1142 3274; x_wconf 82' lang='lat' dir='ltr'><strong>scriberet,</strong></span> <span class='ocrx_word' id='word_1_346' title='bbox 1194 3225 1258 3266; x_wconf 89' lang='lat' dir='ltr'><strong>ac</strong></span> <span class='ocrx_word' id='word_1_347' title='bbox 1291 3208 1575 3280; x_wconf 87' lang='lat' dir='ltr'><strong>epistolam</strong></span> <span class='ocrx_word' id='word_1_348' title='bbox 1614 3208 1777 3266; x_wconf 85' lang='lat' dir='ltr'><strong>Petro</strong></span> 
     </span>
    </p>
   </div>
   <div class='ocr_carea' id='block_1_47' title="bbox 205 3275 1845 3376">
    <p class='ocr_par' dir='ltr' id='par_1_47' title="bbox 205 3275 1845 3376">
     <span class='ocr_line' id='line_1_47' title="bbox 205 3275 1845 3376; baseline -0.005 -17"><span class='ocrx_word' id='word_1_349' title='bbox 205 3306 551 3376; x_wconf 77' lang='lat' dir='ltr'><strong>presbytero,</strong></span> <span class='ocrx_word' id='word_1_350' title='bbox 576 3275 773 3370; x_wconf 77' lang='lat' dir='ltr'><strong>ipsius,</strong></span> <span class='ocrx_word' id='word_1_351' title='bbox 800 3309 859 3355; x_wconf 91' lang='lat' dir='ltr'><strong>ut</strong></span> <span class='ocrx_word' id='word_1_352' title='bbox 886 3300 1178 3357; x_wconf 79' lang='lat' dir='ltr'><strong>verisimile</strong></span> <span class='ocrx_word' id='word_1_353' title='bbox 1201 3310 1307 3365; x_wconf 84' lang='lat' dir='ltr'><strong>est,</strong></span> <span class='ocrx_word' id='word_1_354' title='bbox 1325 3275 1519 3363; x_wconf 70' lang='lat' dir='ltr'><strong>fratri,</strong></span> <span class='ocrx_word' id='word_1_355' title='bbox 1561 3300 1677 3353; x_wconf 86' lang='lat' dir='ltr'><strong>viro</strong></span> <span class='ocrx_word' id='word_1_356' title='bbox 1710 3302 1775 3352; x_wconf 87' lang='lat' dir='ltr'><strong>ad</strong></span> <span class='ocrx_word' id='word_1_357' title='bbox 1803 3275 1845 3333; x_wconf 68' lang='grc' dir='ltr'>ο</span> 
     </span>
    </p>
   </div>
   <div class='ocr_carea' id='block_1_48' title="bbox 206 3390 1775 3466">
    <p class='ocr_par' dir='ltr' id='par_1_48' title="bbox 206 3390 1775 3466">
     <span class='ocr_line' id='line_1_48' title="bbox 206 3390 1775 3466; baseline -0.004 -16"><span class='ocrx_word' id='word_1_358' title='bbox 206 3412 292 3463; x_wconf 88' lang='lat' dir='ltr'><strong>ea,</strong></span> <span class='ocrx_word' id='word_1_359' title='bbox 323 3408 447 3466; x_wconf 64' lang='lat' dir='ltr'><strong>quae</strong></span> <span class='ocrx_word' id='word_1_360' title='bbox 472 3394 697 3448; x_wconf 88' lang='lat' dir='ltr'><strong>deerant</strong></span> <span class='ocrx_word' id='word_1_361' title='bbox 722 3392 987 3464; x_wconf 68' lang='lat' dir='ltr'><strong>epistola,</strong></span> <span class='ocrx_word' id='word_1_362' title='bbox 1016 3392 1276 3462; x_wconf 83' lang='lat' dir='ltr'><strong>explenda</strong></span> <span class='ocrx_word' id='word_1_363' title='bbox 1303 3390 1508 3447; x_wconf 89' lang='lat' dir='ltr'><strong>idoneo</strong></span> <span class='ocrx_word' id='word_1_364' title='bbox 1528 3392 1775 3446; x_wconf 83' lang='lat' dir='ltr'><strong>commit-</strong></span> 
     </span>
    </p>
   </div>
   <div class='ocr_carea' id='block_1_49' title="bbox 205 3496 364 3543">
    <p class='ocr_par' dir='ltr' id='par_1_49' title="bbox 205 3496 364 3543">
     <span class='ocr_line' id='line_1_49' title="bbox 205 3496 364 3543; baseline -0.013 -1"><span class='ocrx_word' id='word_1_365' title='bbox 205 3496 364 3543; x_wconf 89' lang='lat' dir='ltr'><strong>teret.</strong></span> 
     </span>
    </p>
   </div>
   <div class='ocr_carea' id='block_1_50' title="bbox 275 3574 1778 3649">
    <p class='ocr_par' dir='ltr' id='par_1_50' title="bbox 275 3574 1778 3649">
     <span class='ocr_line' id='line_1_50' title="bbox 275 3574 1778 3649; baseline -0.004 -16"><span class='ocrx_word' id='word_1_366' title='bbox 275 3576 513 3649; x_wconf 87' lang='lat' dir='ltr'><strong>Scripsit</strong></span> <span class='ocrx_word' id='word_1_367' title='bbox 564 3577 747 3647; x_wconf 89' lang='lat' dir='ltr'><strong>itaque</strong></span> <span class='ocrx_word' id='word_1_368' title='bbox 776 3576 842 3630; x_wconf 85' lang='lat' dir='ltr'><strong>ad</strong></span> <span class='ocrx_word' id='word_1_369' title='bbox 877 3590 971 3632; x_wconf 93' lang='lat' dir='ltr'><strong>eos</strong></span> <span class='ocrx_word' id='word_1_370' title='bbox 1022 3574 1307 3645; x_wconf 87' lang='lat' dir='ltr'><strong>epistolam</strong></span> <span class='ocrx_word' id='word_1_371' title='bbox 1358 3574 1778 3629; x_wconf 87' lang='lat' dir='ltr'><strong>ducentesimam</strong></span> 
     </span>
    </p>
   </div>
   <div class='ocr_carea' id='block_1_51' title="bbox 213 3664 1780 3739">
    <p class='ocr_par' dir='ltr' id='par_1_51' title="bbox 213 3664 1780 3739">
     <span class='ocr_line' id='line_1_51' title="bbox 213 3664 1780 3739; baseline -0.004 -13"><span class='ocrx_word' id='word_1_372' title='bbox 213 3672 451 3737; x_wconf 72' lang='lat' dir='ltr'><strong>tertiam,</strong></span> <span class='ocrx_word' id='word_1_373' title='bbox 477 3684 601 3739; x_wconf 70' lang='lat' dir='ltr'><strong>qua:</strong></span> <span class='ocrx_word' id='word_1_374' title='bbox 634 3668 884 3722; x_wconf 91' lang='lat' dir='ltr'><strong>omnibus</strong></span> <span class='ocrx_word' id='word_1_375' title='bbox 913 3668 1195 3721; x_wconf 85' lang='lat' dir='ltr'><strong>cbaritatis</strong></span> <span class='ocrx_word' id='word_1_376' title='bbox 1213 3675 1267 3722; x_wconf 91' lang='lat' dir='ltr'><strong>et</strong></span> <span class='ocrx_word' id='word_1_377' title='bbox 1298 3664 1616 3720; x_wconf 84' lang='lat' dir='ltr'><strong>humilitatis</strong></span> <span class='ocrx_word' id='word_1_378' title='bbox 1638 3664 1780 3719; x_wconf 91' lang='lat' dir='ltr'><strong>notis</strong></span> 
     </span>
    </p>
   </div>
   <div class='ocr_carea' id='block_1_52' title="bbox 210 3756 1781 3831">
    <p class='ocr_par' dir='ltr' id='par_1_52' title="bbox 210 3756 1781 3831">
     <span class='ocr_line' id='line_1_52' title="bbox 210 3756 1781 3831; baseline -0.004 -15"><span class='ocrx_word' id='word_1_379' title='bbox 210 3762 439 3831; x_wconf 86' lang='lat' dir='ltr'><strong>insignis</strong></span> <span class='ocrx_word' id='word_1_380' title='bbox 479 3768 587 3816; x_wconf 90' lang='lat' dir='ltr'><strong>est.</strong></span> <span class='ocrx_word' id='word_1_381' title='bbox 628 3757 887 3826; x_wconf 89' lang='lat' dir='ltr'><strong>Pr0ponit</strong></span> <span class='ocrx_word' id='word_1_382' title='bbox 943 3758 1082 3810; x_wconf 91' lang='lat' dir='ltr'><strong>viam</strong></span> <span class='ocrx_word' id='word_1_383' title='bbox 1116 3756 1427 3825; x_wconf 85' lang='lat' dir='ltr'><strong>perfacilem</strong></span> <span class='ocrx_word' id='word_1_384' title='bbox 1466 3767 1518 3813; x_wconf 90' lang='lat' dir='ltr'><strong>et</strong></span> <span class='ocrx_word' id='word_1_385' title='bbox 1561 3756 1781 3825; x_wconf 86' lang='lat' dir='ltr'><strong>expedi-</strong></span> 
     </span>
    </p>
   </div>
   <div class='ocr_carea' id='block_1_53' title="bbox 208 3845 1781 3917">
    <p class='ocr_par' dir='ltr' id='par_1_53' title="bbox 208 3845 1781 3917">
     <span class='ocr_line' id='line_1_53' title="bbox 208 3845 1781 3917; baseline -0.003 -12"><span class='ocrx_word' id='word_1_386' title='bbox 208 3859 316 3905; x_wconf 87' lang='lat' dir='ltr'><strong>tam</strong></span> <span class='ocrx_word' id='word_1_387' title='bbox 336 3849 434 3905; x_wconf 66' lang='lat' dir='ltr'><strong>(ad</strong></span> <span class='ocrx_word' id='word_1_388' title='bbox 483 3846 911 3917; x_wconf 83' lang='lat' dir='ltr'><strong>cognoscendam</strong></span> <span class='ocrx_word' id='word_1_389' title='bbox 957 3845 1265 3900; x_wconf 79' lang='lat' dir='ltr'><strong>veritatem.</strong></span> <span class='ocrx_word' id='word_1_390' title='bbox 1305 3845 1599 3901; x_wconf 87' lang='lat' dir='ltr'><strong>Profitetur</strong></span> <span class='ocrx_word' id='word_1_391' title='bbox 1624 3862 1781 3917; x_wconf 87' lang='lat' dir='ltr'><strong>para-</strong></span> 
     </span>
    </p>
   </div>
   <div class='ocr_carea' id='block_1_54' title="bbox 208 3938 1777 4008">
    <p class='ocr_par' dir='ltr' id='par_1_54' title="bbox 208 3938 1777 4008">
     <span class='ocr_line' id='line_1_54' title="bbox 208 3938 1777 4008; baseline -0.001 -12"><span class='ocrx_word' id='word_1_392' title='bbox 208 3953 318 3998; x_wconf 87' lang='lat' dir='ltr'><strong>tum</strong></span> <span class='ocrx_word' id='word_1_393' title='bbox 341 3956 402 3998; x_wconf 87' lang='lat' dir='ltr'><strong>se</strong></span> <span class='ocrx_word' id='word_1_394' title='bbox 438 3955 561 3997; x_wconf 87' lang='lat' dir='ltr'><strong>esse</strong></span> <span class='ocrx_word' id='word_1_395' title='bbox 597 3954 778 3996; x_wconf 91' lang='lat' dir='ltr'><strong>coram</strong></span> <span class='ocrx_word' id='word_1_396' title='bbox 801 3940 881 3994; x_wconf 85' lang='lat' dir='ltr'><strong>eis</strong></span> <span class='ocrx_word' id='word_1_397' title='bbox 914 3938 1059 3994; x_wconf 88' lang='lat' dir='ltr'><strong>illata</strong></span> <span class='ocrx_word' id='word_1_398' title='bbox 1095 3939 1199 3994; x_wconf 82' lang='lat' dir='ltr'><strong>sibi</strong></span> <span class='ocrx_word' id='word_1_399' title='bbox 1254 3940 1484 3995; x_wconf 86' lang='lat' dir='ltr'><strong>crimina</strong></span> <span class='ocrx_word' id='word_1_400' title='bbox 1543 3939 1777 4008; x_wconf 90' lang='lat' dir='ltr'><strong>diluere,</strong></span> 
     </span>
    </p>
   </div>
   <div class='ocr_carea' id='block_1_55' title="bbox 208 4029 1774 4101">
    <p class='ocr_par' dir='ltr' id='par_1_55' title="bbox 208 4029 1774 4101">
     <span class='ocr_line' id='line_1_55' title="bbox 208 4029 1774 4101; baseline -0.002 -15"><span class='ocrx_word' id='word_1_401' title='bbox 208 4032 363 4086; x_wconf 82' lang='lat' dir='ltr'><strong>modo</strong></span> <span class='ocrx_word' id='word_1_402' title='bbox 384 4032 615 4085; x_wconf 90' lang='lat' dir='ltr'><strong>adversa</strong></span> <span class='ocrx_word' id='word_1_403' title='bbox 654 4029 828 4084; x_wconf 89' lang='lat' dir='ltr'><strong>fronte</strong></span> <span class='ocrx_word' id='word_1_404' title='bbox 856 4029 1121 4097; x_wconf 90' lang='lat' dir='ltr'><strong>prodeant</strong></span> <span class='ocrx_word' id='word_1_405' title='bbox 1144 4030 1233 4097; x_wconf 92' lang='lat' dir='ltr'><strong>qui</strong></span> <span class='ocrx_word' id='word_1_406' title='bbox 1272 4029 1527 4101; x_wconf 91' lang='lat' dir='ltr'><strong>injuriam</strong></span> <span class='ocrx_word' id='word_1_407' title='bbox 1548 4029 1774 4094; x_wconf 85' lang='lat' dir='ltr'><strong>faciunt,</strong></span> 
     </span>
    </p>
   </div>
   <div class='ocr_carea' id='block_1_56' title="bbox 207 4118 1780 4193">
    <p class='ocr_par' dir='ltr' id='par_1_56' title="bbox 207 4118 1780 4193">
     <span class='ocr_line' id='line_1_56' title="bbox 207 4118 1780 4193; baseline -0.003 -15"><span class='ocrx_word' id='word_1_408' title='bbox 207 4132 262 4178; x_wconf 93' lang='lat' dir='ltr'><strong>ut</strong></span> <span class='ocrx_word' id='word_1_409' title='bbox 290 4123 336 4179; x_wconf 92' lang='lat' dir='ltr'><strong>is</strong></span> <span class='ocrx_word' id='word_1_410' title='bbox 361 4124 454 4193; x_wconf 91' lang='lat' dir='ltr'><strong>qui</strong></span> <span class='ocrx_word' id='word_1_411' title='bbox 489 4122 849 4184; x_wconf 89' lang='lat' dir='ltr'><strong>conviciatur,</strong></span> <span class='ocrx_word' id='word_1_412' title='bbox 887 4134 991 4173; x_wconf 91' lang='lat' dir='ltr'><strong>non</strong></span> <span class='ocrx_word' id='word_1_413' title='bbox 1024 4118 1135 4187; x_wconf 87' lang='lat' dir='ltr'><strong>jam</strong></span> <span class='ocrx_word' id='word_1_414' title='bbox 1180 4121 1248 4175; x_wconf 91' lang='lat' dir='ltr'><strong>sit</strong></span> <span class='ocrx_word' id='word_1_415' title='bbox 1276 4120 1523 4176; x_wconf 85' lang='lat' dir='ltr'><strong>diabolus</strong></span> <span class='ocrx_word' id='word_1_416' title='bbox 1561 4136 1655 4175; x_wconf 90' lang='lat' dir='ltr'><strong>seu</strong></span> <span class='ocrx_word' id='word_1_417' title='bbox 1688 4135 1780 4175; x_wconf 83' lang='lat' dir='ltr'><strong>ea-</strong></span> 
     </span>
    </p>
   </div>
   <div class='ocr_carea' id='block_1_57' title="bbox 206 4211 1779 4282">
    <p class='ocr_par' dir='ltr' id='par_1_57' title="bbox 206 4211 1779 4282">
     <span class='ocr_line' id='line_1_57' title="bbox 206 4211 1779 4282; baseline -0.001 -15"><span class='ocrx_word' id='word_1_418' title='bbox 206 4212 522 4280; x_wconf 91' lang='lat' dir='ltr'><strong>lumniator,</strong></span> <span class='ocrx_word' id='word_1_419' title='bbox 560 4213 653 4267; x_wconf 87' lang='lat' dir='ltr'><strong>sed</strong></span> <span class='ocrx_word' id='word_1_420' title='bbox 684 4220 988 4275; x_wconf 85' lang='lat' dir='ltr'><strong>accusator,</strong></span> <span class='ocrx_word' id='word_1_421' title='bbox 1019 4211 1126 4265; x_wconf 92' lang='lat' dir='ltr'><strong>imo</strong></span> <span class='ocrx_word' id='word_1_422' title='bbox 1154 4226 1327 4282; x_wconf 91' lang='lat' dir='ltr'><strong>neque</strong></span> <span class='ocrx_word' id='word_1_423' title='bbox 1356 4220 1659 4276; x_wconf 83' lang='lat' dir='ltr'><strong>accusator,</strong></span> <span class='ocrx_word' id='word_1_424' title='bbox 1685 4212 1779 4267; x_wconf 89' lang='lat' dir='ltr'><strong>sed</strong></span> 
     </span>
    </p>
   </div>
   <div class='ocr_carea' id='block_1_58' title="bbox 208 4302 1777 4361">
    <p class='ocr_par' dir='ltr' id='par_1_58' title="bbox 208 4302 1777 4361">
     <span class='ocr_line' id='line_1_58' title="bbox 208 4302 1777 4361; baseline -0.001 -2"><span class='ocrx_word' id='word_1_425' title='bbox 208 4305 375 4361; x_wconf 86' lang='lat' dir='ltr'><strong>frater</strong></span> <span class='ocrx_word' id='word_1_426' title='bbox 404 4305 710 4358; x_wconf 88' lang='lat' dir='ltr'><strong>admonens</strong></span> <span class='ocrx_word' id='word_1_427' title='bbox 740 4304 791 4358; x_wconf 91' lang='lat' dir='ltr'><strong>in</strong></span> <span class='ocrx_word' id='word_1_428' title='bbox 844 4304 1109 4359; x_wconf 86' lang='lat' dir='ltr'><strong>charitate</strong></span> <span class='ocrx_word' id='word_1_429' title='bbox 1138 4312 1193 4356; x_wconf 89' lang='lat' dir='ltr'><strong>et</strong></span> <span class='ocrx_word' id='word_1_430' title='bbox 1230 4302 1297 4357; x_wconf 93' lang='lat' dir='ltr'><strong>ad</strong></span> <span class='ocrx_word' id='word_1_431' title='bbox 1341 4302 1777 4359; x_wconf 89' lang='lat' dir='ltr'><strong>emendationem</strong></span> 
     </span>
    </p>
   </div>
   <div class='ocr_carea' id='block_1_59' title="bbox 208 4394 1774 4468">
    <p class='ocr_par' dir='ltr' id='par_1_59' title="bbox 208 4394 1774 4468">
     <span class='ocr_line' id='line_1_59' title="bbox 208 4394 1774 4468; baseline 0 -17"><span class='ocrx_word' id='word_1_432' title='bbox 208 4411 477 4468; x_wconf 85' lang='lat' dir='ltr'><strong>arguens;</strong></span> <span class='ocrx_word' id='word_1_433' title='bbox 514 4394 617 4464; x_wconf 87' lang='lat' dir='ltr'><strong>ipsi</strong></span> <span class='ocrx_word' id='word_1_434' title='bbox 646 4409 775 4451; x_wconf 88' lang='lat' dir='ltr'><strong>vero</strong></span> <span class='ocrx_word' id='word_1_435' title='bbox 804 4412 910 4452; x_wconf 91' lang='lat' dir='ltr'><strong>non</strong></span> <span class='ocrx_word' id='word_1_436' title='bbox 941 4396 1307 4453; x_wconf 85' lang='lat' dir='ltr'><strong>conviciorum</strong></span> <span class='ocrx_word' id='word_1_437' title='bbox 1338 4396 1613 4452; x_wconf 87' lang='lat' dir='ltr'><strong>auditores</strong></span> <span class='ocrx_word' id='word_1_438' title='bbox 1641 4396 1774 4462; x_wconf 88' lang='lat' dir='ltr'><strong>sint,</strong></span> 
     </span>
    </p>
   </div>
   <div class='ocr_carea' id='block_1_60' title="bbox 209 4488 1780 4558">
    <p class='ocr_par' dir='ltr' id='par_1_60' title="bbox 209 4488 1780 4558">
     <span class='ocr_line' id='line_1_60' title="bbox 209 4488 1780 4558; baseline -0.001 -13"><span class='ocrx_word' id='word_1_439' title='bbox 209 4492 297 4545; x_wconf 82' lang='lat' dir='ltr'><strong>sed</strong></span> <span class='ocrx_word' id='word_1_440' title='bbox 327 4496 772 4558; x_wconf 87' lang='lat' dir='ltr'><strong>argumentorum</strong></span> <span class='ocrx_word' id='word_1_441' title='bbox 822 4489 1032 4558; x_wconf 81' lang='lat' dir='ltr'><strong>judicea</strong></span> <span class='ocrx_word' id='word_1_442' title='bbox 1061 4504 1075 4541; x_wconf 90' lang='lat'><strong>:</strong></span> <span class='ocrx_word' id='word_1_443' title='bbox 1110 4505 1270 4557; x_wconf 79' lang='lat' dir='ltr'><strong>neque</strong></span> <span class='ocrx_word' id='word_1_444' title='bbox 1304 4504 1419 4553; x_wconf 84' lang='lat' dir='ltr'><strong>nos,</strong></span> <span class='ocrx_word' id='word_1_445' title='bbox 1458 4488 1653 4557; x_wconf 88' lang='lat' dir='ltr'><strong>inquit.</strong></span> <span class='ocrx_word' id='word_1_446' title='bbox 1697 4490 1780 4544; x_wconf 85' lang='lat' dir='ltr'><strong>in-</strong></span> 
     </span>
    </p>
   </div>
   <div class='ocr_carea' id='block_1_61' title="bbox 1880 2012 3457 2069">
    <p class='ocr_par' dir='ltr' id='par_1_61' title="bbox 1880 2012 3457 2069">
     <span class='ocr_line' id='line_1_61' title="bbox 1880 2012 3457 2069; baseline 0.001 -3"><span class='ocrx_word' id='word_1_447' title='bbox 1880 2028 1993 2068; x_wconf 88' lang='lat' dir='ltr'><strong>rem</strong></span> <span class='ocrx_word' id='word_1_448' title='bbox 2022 2012 2332 2069; x_wconf 90' lang='lat' dir='ltr'><strong>confirmat.</strong></span> <span class='ocrx_word' id='word_1_449' title='bbox 2366 2012 2499 2067; x_wconf 84' lang='lat' dir='ltr'><strong>Nam</strong></span> <span class='ocrx_word' id='word_1_450' title='bbox 2549 2022 2608 2065; x_wconf 95' lang='lat' dir='ltr'><strong>ut</strong></span> <span class='ocrx_word' id='word_1_451' title='bbox 2644 2013 2826 2067; x_wconf 87' lang='lat' dir='ltr'><strong>Basilii</strong></span> <span class='ocrx_word' id='word_1_452' title='bbox 2872 2013 3158 2067; x_wconf 90' lang='lat' dir='ltr'><strong>commodo</strong></span> <span class='ocrx_word' id='word_1_453' title='bbox 3204 2014 3457 2068; x_wconf 82' lang='lat' dir='ltr'><strong>consule-</strong></span> 
     </span>
    </p>
   </div>
   <div class='ocr_carea' id='block_1_62' title="bbox 1881 2104 3456 2175">
    <p class='ocr_par' dir='ltr' id='par_1_62' title="bbox 1881 2104 3456 2175">
     <span class='ocr_line' id='line_1_62' title="bbox 1881 2104 3456 2175; baseline 0 -16"><span class='ocrx_word' id='word_1_454' title='bbox 1881 2114 2007 2159; x_wconf 88' lang='lat' dir='ltr'><strong>rent</strong></span> <span class='ocrx_word' id='word_1_455' title='bbox 2050 2104 2209 2159; x_wconf 82' lang='lat' dir='ltr'><strong>Ponti</strong></span> <span class='ocrx_word' id='word_1_456' title='bbox 2246 2105 2512 2175; x_wconf 89' lang='lat' dir='ltr'><strong>episcopi.</strong></span> <span class='ocrx_word' id='word_1_457' title='bbox 2548 2112 2608 2158; x_wconf 89' lang='lat' dir='ltr'><strong>ut</strong></span> <span class='ocrx_word' id='word_1_458' title='bbox 2655 2104 2815 2159; x_wconf 89' lang='lat' dir='ltr'><strong>modo</strong></span> <span class='ocrx_word' id='word_1_459' title='bbox 2846 2104 3150 2159; x_wconf 85' lang='lat' dir='ltr'><strong>videbimus</strong></span> <span class='ocrx_word' id='word_1_460' title='bbox 3176 2145 3192 2169; x_wconf 97' lang='lat'><strong>,</strong></span> <span class='ocrx_word' id='word_1_461' title='bbox 3253 2105 3456 2159; x_wconf 85' lang='lat' dir='ltr'><strong>consti-</strong></span> 
     </span>
    </p>
   </div>
   <div class='ocr_carea' id='block_1_63' title="bbox 1880 2195 3453 2265">
    <p class='ocr_par' dir='ltr' id='par_1_63' title="bbox 1880 2195 3453 2265">
     <span class='ocr_line' id='line_1_63' title="bbox 1880 2195 3453 2265; baseline 0 -17"><span class='ocrx_word' id='word_1_462' title='bbox 1880 2204 2101 2249; x_wconf 90' lang='lat' dir='ltr'><strong>tuerunt</strong></span> <span class='ocrx_word' id='word_1_463' title='bbox 2134 2210 2258 2251; x_wconf 89' lang='lat' dir='ltr'><strong>cum</strong></span> <span class='ocrx_word' id='word_1_464' title='bbox 2293 2210 2361 2251; x_wconf 92' lang='lat' dir='ltr'><strong>eo</strong></span> <span class='ocrx_word' id='word_1_465' title='bbox 2410 2195 2690 2265; x_wconf 89' lang='lat' dir='ltr'><strong>congredi,</strong></span> <span class='ocrx_word' id='word_1_466' title='bbox 2724 2195 2813 2250; x_wconf 91' lang='lat' dir='ltr'><strong>ubi</strong></span> <span class='ocrx_word' id='word_1_467' title='bbox 2862 2196 2908 2250; x_wconf 91' lang='lat' dir='ltr'><strong>is</strong></span> <span class='ocrx_word' id='word_1_468' title='bbox 2956 2195 3250 2264; x_wconf 73' lang='lat' dir='ltr'><strong>parmciam</strong></span> <span class='ocrx_word' id='word_1_469' title='bbox 3299 2211 3453 2250; x_wconf 86' lang='lat' dir='ltr'><strong>suam</strong></span> 
     </span>
    </p>
   </div>
   <div class='ocr_carea' id='block_1_64' title="bbox 1879 2286 3451 2344">
    <p class='ocr_par' dir='ltr' id='par_1_64' title="bbox 1879 2286 3451 2344">
     <span class='ocr_line' id='line_1_64' title="bbox 1879 2286 3451 2344; baseline 0.002 -6"><span class='ocrx_word' id='word_1_470' title='bbox 1879 2286 2113 2340; x_wconf 86' lang='lat' dir='ltr'><strong>visitans</strong></span> <span class='ocrx_word' id='word_1_471' title='bbox 2142 2287 2209 2341; x_wconf 88' lang='lat' dir='ltr'><strong>ad</strong></span> <span class='ocrx_word' id='word_1_472' title='bbox 2244 2288 2379 2342; x_wconf 88' lang='lat' dir='ltr'><strong>fines</strong></span> <span class='ocrx_word' id='word_1_473' title='bbox 2408 2286 2738 2344; x_wconf 90' lang='lat' dir='ltr'><strong>Comanicos</strong></span> <span class='ocrx_word' id='word_1_474' title='bbox 2788 2288 3050 2343; x_wconf 87' lang='lat' dir='ltr'><strong>venisset.</strong></span> <span class='ocrx_word' id='word_1_475' title='bbox 3108 2288 3240 2343; x_wconf 85' lang='lat' dir='ltr'><strong>Erat</strong></span> <span class='ocrx_word' id='word_1_476' title='bbox 3270 2298 3451 2343; x_wconf 87' lang='lat' dir='ltr'><strong>autem</strong></span> 
     </span>
    </p>
   </div>
   <div class='ocr_carea' id='block_1_65' title="bbox 1879 2375 2651 2433">
    <p class='ocr_par' dir='ltr' id='par_1_65' title="bbox 1879 2375 2651 2433">
     <span class='ocr_line' id='line_1_65' title="bbox 1879 2375 2651 2433; baseline 0.004 -4"><span class='ocrx_word' id='word_1_477' title='bbox 1879 2375 2134 2431; x_wconf 86' lang='lat' dir='ltr'><strong>Dazimon</strong></span> <span class='ocrx_word' id='word_1_478' title='bbox 2167 2377 2305 2431; x_wconf 87' lang='lat' dir='ltr'><strong>infra</strong></span> <span class='ocrx_word' id='word_1_479' title='bbox 2335 2377 2651 2433; x_wconf 87' lang='lat' dir='ltr'><strong>Comanam.</strong></span> 
     </span>
    </p>
   </div>
   <div class='ocr_carea' id='block_1_66' title="bbox 1950 2464 3454 2540">
    <p class='ocr_par' dir='ltr' id='par_1_66' title="bbox 1950 2464 3454 2540">
     <span class='ocr_line' id='line_1_66' title="bbox 1950 2464 3454 2540; baseline 0.005 -20"><span class='ocrx_word' id='word_1_480' title='bbox 1950 2464 2164 2536; x_wconf 89' lang='lat' dir='ltr'><strong>Scripta</strong></span> <span class='ocrx_word' id='word_1_481' title='bbox 2214 2468 2424 2522; x_wconf 88' lang='lat' dir='ltr'><strong>videtur</strong></span> <span class='ocrx_word' id='word_1_482' title='bbox 2494 2468 2723 2539; x_wconf 89' lang='lat' dir='ltr'><strong>epistola</strong></span> <span class='ocrx_word' id='word_1_483' title='bbox 2778 2468 2884 2525; x_wconf 78' lang='grc'><strong>205</strong></span> <span class='ocrx_word' id='word_1_484' title='bbox 2932 2481 3054 2540; x_wconf 91' lang='lat' dir='ltr'><strong>post</strong></span> <span class='ocrx_word' id='word_1_485' title='bbox 3110 2473 3342 2527; x_wconf 78' lang='lat' dir='ltr'><strong>reditum</strong></span> <span class='ocrx_word' id='word_1_486' title='bbox 3386 2487 3454 2528; x_wconf 80' lang='lat' dir='ltr'><strong>ex</strong></span> 
     </span>
    </p>
   </div>
   <div class='ocr_carea' id='block_1_67' title="bbox 1880 2557 3443 2634">
    <p class='ocr_par' dir='ltr' id='par_1_67' title="bbox 1880 2557 3443 2634">
     <span class='ocr_line' id='line_1_67' title="bbox 1880 2557 3443 2634; baseline 0.004 -22"><span class='ocrx_word' id='word_1_487' title='bbox 1880 2557 2106 2614; x_wconf 89' lang='lat' dir='ltr'><strong>Pisidia.</strong></span> <span class='ocrx_word' id='word_1_488' title='bbox 2159 2558 2296 2614; x_wconf 86' lang='lat' dir='ltr'><strong>Nam</strong></span> <span class='ocrx_word' id='word_1_489' title='bbox 2329 2575 2451 2616; x_wconf 91' lang='lat' dir='ltr'><strong>eum</strong></span> <span class='ocrx_word' id='word_1_490' title='bbox 2483 2562 2679 2619; x_wconf 88' lang='lat' dir='ltr'><strong>Petrus</strong></span> <span class='ocrx_word' id='word_1_491' title='bbox 2727 2574 2912 2633; x_wconf 87' lang='lat' dir='ltr'><strong>optata</strong></span> <span class='ocrx_word' id='word_1_492' title='bbox 2941 2580 3199 2634; x_wconf 89' lang='lat' dir='ltr'><strong>responsa</strong></span> <span class='ocrx_word' id='word_1_493' title='bbox 3232 2567 3443 2621; x_wconf 78' lang='lat' dir='ltr'><strong>retulis-</strong></span> 
     </span>
    </p>
   </div>
   <div class='ocr_carea' id='block_1_68' title="bbox 1879 2651 3449 2728">
    <p class='ocr_par' dir='ltr' id='par_1_68' title="bbox 1879 2651 3449 2728">
     <span class='ocr_line' id='line_1_68' title="bbox 1879 2651 3449 2728; baseline 0.004 -21"><span class='ocrx_word' id='word_1_494' title='bbox 1879 2660 1983 2717; x_wconf 87' lang='lat' dir='ltr'><strong>set,</strong></span> <span class='ocrx_word' id='word_1_495' title='bbox 2019 2651 2251 2708; x_wconf 86' lang='lat' dir='ltr'><strong>Basilius</strong></span> <span class='ocrx_word' id='word_1_496' title='bbox 2297 2654 2490 2709; x_wconf 85' lang='lat' dir='ltr'><strong>iterum</strong></span> <span class='ocrx_word' id='word_1_497' title='bbox 2538 2654 2808 2711; x_wconf 82' lang='lat' dir='ltr'><strong>Meletium</strong></span> <span class='ocrx_word' id='word_1_498' title='bbox 2855 2658 3229 2728; x_wconf 81' lang='lat' dir='ltr'><strong>presbyterum</strong></span> <span class='ocrx_word' id='word_1_499' title='bbox 3277 2659 3449 2719; x_wconf 88' lang='lat' dir='ltr'><strong>misit.</strong></span> 
     </span>
    </p>
   </div>
   <div class='ocr_carea' id='block_1_69' title="bbox 1880 2745 3459 2821">
    <p class='ocr_par' dir='ltr' id='par_1_69' title="bbox 1880 2745 3459 2821">
     <span class='ocr_line' id='line_1_69' title="bbox 1880 2745 3459 2821; baseline 0.006 -22"><span class='ocrx_word' id='word_1_500' title='bbox 1880 2759 1944 2799; x_wconf 92' lang='lat' dir='ltr'><strong>ac</strong></span> <span class='ocrx_word' id='word_1_501' title='bbox 1975 2745 2257 2817; x_wconf 84' lang='lat' dir='ltr'><strong>episcopos</strong></span> <span class='ocrx_word' id='word_1_502' title='bbox 2301 2749 2370 2801; x_wconf 89' lang='lat' dir='ltr'><strong>oh</strong></span> <span class='ocrx_word' id='word_1_503' title='bbox 2410 2748 2660 2815; x_wconf 91' lang='lat' dir='ltr'><strong>corporis</strong></span> <span class='ocrx_word' id='word_1_504' title='bbox 2714 2749 3085 2805; x_wconf 87' lang='lat' dir='ltr'><strong>infirmitatem</strong></span> <span class='ocrx_word' id='word_1_505' title='bbox 3114 2750 3343 2821; x_wconf 85' lang='lat' dir='ltr'><strong>rogavit,</strong></span> <span class='ocrx_word' id='word_1_506' title='bbox 3396 2760 3459 2809; x_wconf 82' lang='lat' dir='ltr'><strong>ut</strong></span> 
     </span>
    </p>
   </div>
   <div class='ocr_carea' id='block_1_70' title="bbox 1884 2836 3456 2909">
    <p class='ocr_par' dir='ltr' id='par_1_70' title="bbox 1884 2836 3456 2909">
     <span class='ocr_line' id='line_1_70' title="bbox 1884 2836 3456 2909; baseline 0.006 -21"><span class='ocrx_word' id='word_1_507' title='bbox 1884 2843 2011 2889; x_wconf 82' lang='lat' dir='ltr'><strong>tunc</strong></span> <span class='ocrx_word' id='word_1_508' title='bbox 2034 2851 2358 2906; x_wconf 86' lang='lat' dir='ltr'><strong>congressus</strong></span> <span class='ocrx_word' id='word_1_509' title='bbox 2386 2836 2562 2907; x_wconf 87' lang='lat' dir='ltr'><strong>fleret,</strong></span> <span class='ocrx_word' id='word_1_510' title='bbox 2597 2855 2719 2894; x_wconf 92' lang='lat' dir='ltr'><strong>cum</strong></span> <span class='ocrx_word' id='word_1_511' title='bbox 2768 2840 2883 2909; x_wconf 87' lang='lat' dir='ltr'><strong>ipse</strong></span> <span class='ocrx_word' id='word_1_512' title='bbox 2931 2843 2983 2895; x_wconf 91' lang='lat' dir='ltr'><strong>in</strong></span> <span class='ocrx_word' id='word_1_513' title='bbox 3035 2842 3167 2897; x_wconf 86' lang='lat' dir='ltr'><strong>fines</strong></span> <span class='ocrx_word' id='word_1_514' title='bbox 3197 2844 3456 2898; x_wconf 87' lang='lat' dir='ltr'><strong>Comani-</strong></span> 
     </span>
    </p>
   </div>
   <div class='ocr_carea' id='block_1_71' title="bbox 1883 2931 3447 3003">
    <p class='ocr_par' dir='ltr' id='par_1_71' title="bbox 1883 2931 3447 3003">
     <span class='ocr_line' id='line_1_71' title="bbox 1883 2931 3447 3003; baseline 0.006 -24"><span class='ocrx_word' id='word_1_515' title='bbox 1883 2940 1997 2989; x_wconf 85' lang='lat' dir='ltr'><strong>cos.</strong></span> <span class='ocrx_word' id='word_1_516' title='bbox 2038 2931 2333 2996; x_wconf 74' lang='lat' dir='ltr'><strong>parmciam</strong></span> <span class='ocrx_word' id='word_1_517' title='bbox 2380 2948 2533 2985; x_wconf 82' lang='lat' dir='ltr'><strong>suam</strong></span> <span class='ocrx_word' id='word_1_518' title='bbox 2588 2933 2879 2994; x_wconf 83' lang='lat' dir='ltr'><strong>visitando.</strong></span> <span class='ocrx_word' id='word_1_519' title='bbox 2933 2935 3294 3003; x_wconf 87' lang='lat' dir='ltr'><strong>pervenisset.</strong></span> <span class='ocrx_word' id='word_1_520' title='bbox 3331 2933 3447 2988; x_wconf 85' lang='lat' dir='ltr'><strong>Non</strong></span> 
     </span>
    </p>
   </div>
   <div class='ocr_carea' id='block_1_72' title="bbox 1881 3020 3456 3093">
    <p class='ocr_par' dir='ltr' id='par_1_72' title="bbox 1881 3020 3456 3093">
     <span class='ocr_line' id='line_1_72' title="bbox 1881 3020 3456 3093; baseline 0.005 -19"><span class='ocrx_word' id='word_1_521' title='bbox 1881 3033 2010 3091; x_wconf 90' lang='lat' dir='ltr'><strong>ergo</strong></span> <span class='ocrx_word' id='word_1_522' title='bbox 2044 3020 2185 3076; x_wconf 90' lang='lat' dir='ltr'><strong>aliud</strong></span> <span class='ocrx_word' id='word_1_523' title='bbox 2220 3022 2322 3077; x_wconf 90' lang='lat' dir='ltr'><strong>iter</strong></span> <span class='ocrx_word' id='word_1_524' title='bbox 2350 3025 2738 3089; x_wconf 85' lang='lat' dir='ltr'><strong>meditabatur,</strong></span> <span class='ocrx_word' id='word_1_525' title='bbox 2762 3040 2885 3079; x_wconf 91' lang='lat' dir='ltr'><strong>cum</strong></span> <span class='ocrx_word' id='word_1_526' title='bbox 2916 3027 3029 3080; x_wconf 68' lang='lat' dir='ltr'><strong>haec</strong></span> <span class='ocrx_word' id='word_1_527' title='bbox 3060 3024 3349 3093; x_wconf 85' lang='lat' dir='ltr'><strong>scriberet,</strong></span> <span class='ocrx_word' id='word_1_528' title='bbox 3391 3042 3456 3082; x_wconf 85' lang='lat' dir='ltr'><strong>ac</strong></span> 
     </span>
    </p>
   </div>
   <div class='ocr_carea' id='block_1_73' title="bbox 1884 3115 3460 3189">
    <p class='ocr_par' dir='ltr' id='par_1_73' title="bbox 1884 3115 3460 3189">
     <span class='ocr_line' id='line_1_73' title="bbox 1884 3115 3460 3189; baseline 0.003 -19"><span class='ocrx_word' id='word_1_529' title='bbox 1884 3115 2068 3172; x_wconf 74' lang='lat' dir='ltr'><strong>itineri</strong></span> <span class='ocrx_word' id='word_1_530' title='bbox 2101 3115 2348 3181; x_wconf 88' lang='lat' dir='ltr'><strong>Pontico,</strong></span> <span class='ocrx_word' id='word_1_531' title='bbox 2418 3117 2572 3187; x_wconf 87' lang='lat' dir='ltr'><strong>cujus</strong></span> <span class='ocrx_word' id='word_1_532' title='bbox 2607 3118 2939 3188; x_wconf 89' lang='lat' dir='ltr'><strong>suscipiendi</strong></span> <span class='ocrx_word' id='word_1_533' title='bbox 2970 3118 3305 3189; x_wconf 63' lang='lat' dir='ltr'><strong>gravissima</strong></span> <span class='ocrx_word' id='word_1_534' title='bbox 3336 3120 3460 3175; x_wconf 85' lang='lat' dir='ltr'><strong>sub-</strong></span> 
     </span>
    </p>
   </div>
   <div class='ocr_carea' id='block_1_74' title="bbox 1888 3207 3277 3273">
    <p class='ocr_par' dir='ltr' id='par_1_74' title="bbox 1888 3207 3277 3273">
     <span class='ocr_line' id='line_1_74' title="bbox 1888 3207 3277 3273; baseline 0.001 -12"><span class='ocrx_word' id='word_1_535' title='bbox 1888 3216 2044 3263; x_wconf 87' lang='lat' dir='ltr'><strong>erant</strong></span> <span class='ocrx_word' id='word_1_536' title='bbox 2074 3223 2274 3273; x_wconf 71' lang='lat' dir='ltr'><strong>causae,</strong></span> <span class='ocrx_word' id='word_1_537' title='bbox 2314 3223 2496 3263; x_wconf 90' lang='lat' dir='ltr'><strong>moras</strong></span> <span class='ocrx_word' id='word_1_538' title='bbox 2524 3207 2742 3263; x_wconf 76' lang='lat' dir='ltr'><strong>afferret</strong></span> <span class='ocrx_word' id='word_1_539' title='bbox 2766 3210 2977 3263; x_wconf 89' lang='lat' dir='ltr'><strong>infirma</strong></span> <span class='ocrx_word' id='word_1_540' title='bbox 3004 3209 3277 3266; x_wconf 89' lang='lat' dir='ltr'><strong>valetudo.</strong></span> 
     </span>
    </p>
   </div>
   <div class='ocr_carea' id='block_1_75' title="bbox 1953 3298 3455 3368">
    <p class='ocr_par' dir='ltr' id='par_1_75' title="bbox 1953 3298 3455 3368">
     <span class='ocr_line' id='line_1_75' title="bbox 1953 3298 3455 3368; baseline 0.003 -16"><span class='ocrx_word' id='word_1_541' title='bbox 1953 3298 2021 3353; x_wconf 87' lang='lat' dir='ltr'><strong>ll.</strong></span> <span class='ocrx_word' id='word_1_542' title='bbox 2053 3298 2224 3353; x_wconf 75' lang='lat' dir='ltr'><strong>Multo</strong></span> <span class='ocrx_word' id='word_1_543' title='bbox 2257 3300 2540 3368; x_wconf 85' lang='lat' dir='ltr'><strong>graviores</strong></span> <span class='ocrx_word' id='word_1_544' title='bbox 2568 3298 2770 3354; x_wconf 85' lang='lat' dir='ltr'><strong>Basilio</strong></span> <span class='ocrx_word' id='word_1_545' title='bbox 2804 3299 3068 3354; x_wconf 59' lang='lat' dir='ltr'><strong>molestia:</strong></span> <span class='ocrx_word' id='word_1_546' title='bbox 3088 3300 3403 3355; x_wconf 83' lang='lat' dir='ltr'><strong>acciderunt</strong></span> <span class='ocrx_word' id='word_1_547' title='bbox 3424 3315 3455 3356; x_wconf 85' lang='lat' dir='ltr'><strong>a</strong></span> 
     </span>
    </p>
   </div>
   <div class='ocr_carea' id='block_1_76' title="bbox 1881 3388 3452 3459">
    <p class='ocr_par' dir='ltr' id='par_1_76' title="bbox 1881 3388 3452 3459">
     <span class='ocr_line' id='line_1_76' title="bbox 1881 3388 3452 3459; baseline 0.004 -17"><span class='ocrx_word' id='word_1_548' title='bbox 1881 3388 2433 3454; x_wconf 64' lang='lat' dir='ltr'><strong>Neocaesariensibus,</strong></span> <span class='ocrx_word' id='word_1_549' title='bbox 2469 3405 2631 3459; x_wconf 90' lang='lat' dir='ltr'><strong>quam</strong></span> <span class='ocrx_word' id='word_1_550' title='bbox 2672 3390 2741 3443; x_wconf 90' lang='lat' dir='ltr'><strong>ab</strong></span> <span class='ocrx_word' id='word_1_551' title='bbox 2781 3391 2903 3445; x_wconf 90' lang='lat' dir='ltr'><strong>aliis</strong></span> <span class='ocrx_word' id='word_1_552' title='bbox 2932 3390 3089 3446; x_wconf 87' lang='lat' dir='ltr'><strong>Ponti</strong></span> <span class='ocrx_word' id='word_1_553' title='bbox 3116 3393 3452 3449; x_wconf 82' lang='lat' dir='ltr'><strong>civitatibus.</strong></span> 
     </span>
    </p>
   </div>
   <div class='ocr_carea' id='block_1_77' title="bbox 1881 3480 3453 3555">
    <p class='ocr_par' dir='ltr' id='par_1_77' title="bbox 1881 3480 3453 3555">
     <span class='ocr_line' id='line_1_77' title="bbox 1881 3480 3453 3555; baseline 0.005 -20"><span class='ocrx_word' id='word_1_554' title='bbox 1881 3480 2045 3535; x_wconf 87' lang='lat' dir='ltr'><strong>Erant</strong></span> <span class='ocrx_word' id='word_1_555' title='bbox 2084 3480 2285 3538; x_wconf 89' lang='lat' dir='ltr'><strong>Basilio</strong></span> <span class='ocrx_word' id='word_1_556' title='bbox 2315 3498 2436 3537; x_wconf 91' lang='lat' dir='ltr'><strong>cum</strong></span> <span class='ocrx_word' id='word_1_557' title='bbox 2474 3484 2575 3538; x_wconf 88' lang='lat' dir='ltr'><strong>hac</strong></span> <span class='ocrx_word' id='word_1_558' title='bbox 2603 3484 2738 3538; x_wconf 85' lang='lat' dir='ltr'><strong>urbe</strong></span> <span class='ocrx_word' id='word_1_559' title='bbox 2770 3500 2979 3555; x_wconf 67' lang='lat' dir='ltr'><strong>magna:</strong></span> <span class='ocrx_word' id='word_1_560' title='bbox 3008 3487 3453 3543; x_wconf 85' lang='lat' dir='ltr'><strong>necessitudines.</strong></span> 
     </span>
    </p>
   </div>
   <div class='ocr_carea' id='block_1_78' title="bbox 1880 3572 3457 3651">
    <p class='ocr_par' dir='ltr' id='par_1_78' title="bbox 1880 3572 3457 3651">
     <span class='ocr_line' id='line_1_78' title="bbox 1880 3572 3457 3651; baseline 0.003 -23"><span class='ocrx_word' id='word_1_561' title='bbox 1880 3572 2119 3628; x_wconf 86' lang='lat' dir='ltr'><strong>Patriam</strong></span> <span class='ocrx_word' id='word_1_562' title='bbox 2154 3590 2331 3640; x_wconf 78' lang='lat' dir='ltr'><strong>suam,</strong></span> <span class='ocrx_word' id='word_1_563' title='bbox 2371 3586 2429 3629; x_wconf 90' lang='lat' dir='ltr'><strong>ut</strong></span> <span class='ocrx_word' id='word_1_564' title='bbox 2468 3592 2629 3646; x_wconf 84' lang='lat' dir='ltr'><strong>supra</strong></span> <span class='ocrx_word' id='word_1_565' title='bbox 2686 3578 2756 3647; x_wconf 90' lang='lat' dir='ltr'><strong>(e)</strong></span> <span class='ocrx_word' id='word_1_566' title='bbox 2808 3578 3064 3641; x_wconf 89' lang='lat' dir='ltr'><strong>vidimus,</strong></span> <span class='ocrx_word' id='word_1_567' title='bbox 3098 3578 3326 3633; x_wconf 88' lang='lat' dir='ltr'><strong>Pontum</strong></span> <span class='ocrx_word' id='word_1_568' title='bbox 3361 3594 3457 3651; x_wconf 85' lang='lat' dir='ltr'><strong>ap-</strong></span> 
     </span>
    </p>
   </div>
   <div class='ocr_carea' id='block_1_79' title="bbox 1880 3663 3454 3740">
    <p class='ocr_par' dir='ltr' id='par_1_79' title="bbox 1880 3663 3454 3740">
     <span class='ocr_line' id='line_1_79' title="bbox 1880 3663 3454 3740; baseline 0.008 -25"><span class='ocrx_word' id='word_1_569' title='bbox 1880 3663 2063 3731; x_wconf 90' lang='lat' dir='ltr'><strong>pellat,</strong></span> <span class='ocrx_word' id='word_1_570' title='bbox 2094 3666 2217 3732; x_wconf 91' lang='lat' dir='ltr'><strong>quia</strong></span> <span class='ocrx_word' id='word_1_571' title='bbox 2252 3666 2514 3733; x_wconf 89' lang='lat' dir='ltr'><strong>puerilem</strong></span> <span class='ocrx_word' id='word_1_572' title='bbox 2576 3666 2973 3723; x_wconf 88' lang='lat' dir='ltr'><strong>institutionem</strong></span> <span class='ocrx_word' id='word_1_573' title='bbox 3022 3685 3187 3740; x_wconf 87' lang='lat' dir='ltr'><strong>prope</strong></span> <span class='ocrx_word' id='word_1_574' title='bbox 3236 3670 3454 3727; x_wconf 59' lang='grc' dir='ltr'><strong>Νεοθε-</strong></span> 
     </span>
    </p>
   </div>
   <div class='ocr_carea' id='block_1_80' title="bbox 1881 3757 3456 3835">
    <p class='ocr_par' dir='ltr' id='par_1_80' title="bbox 1881 3757 3456 3835">
     <span class='ocr_line' id='line_1_80' title="bbox 1881 3757 3456 3835; baseline 0.007 -26"><span class='ocrx_word' id='word_1_575' title='bbox 1881 3768 2093 3810; x_wconf 87' lang='lat' dir='ltr'><strong>saream</strong></span> <span class='ocrx_word' id='word_1_576' title='bbox 2120 3766 2417 3824; x_wconf 91' lang='lat' dir='ltr'><strong>acceperat</strong></span> <span class='ocrx_word' id='word_1_577' title='bbox 2448 3757 2516 3813; x_wconf 90' lang='lat' dir='ltr'><strong>ab</strong></span> <span class='ocrx_word' id='word_1_578' title='bbox 2546 3759 2669 3813; x_wconf 87' lang='lat' dir='ltr'><strong>avia</strong></span> <span class='ocrx_word' id='word_1_579' title='bbox 2704 3758 2965 3825; x_wconf 72' lang='lat' dir='ltr'><strong>Macrina,</strong></span> <span class='ocrx_word' id='word_1_580' title='bbox 3004 3778 3124 3833; x_wconf 65' lang='lat' dir='ltr'><strong>quae</strong></span> <span class='ocrx_word' id='word_1_581' title='bbox 3149 3764 3218 3834; x_wconf 72' lang='grc' dir='ltr'><strong>(Γ)</strong></span> <span class='ocrx_word' id='word_1_582' title='bbox 3253 3763 3456 3835; x_wconf 86' lang='lat' dir='ltr'><strong>Grego-</strong></span> 
     </span>
    </p>
   </div>
   <div class='ocr_carea' id='block_1_81' title="bbox 1888 3846 3457 3924">
    <p class='ocr_par' dir='ltr' id='par_1_81' title="bbox 1888 3846 3457 3924">
     <span class='ocr_line' id='line_1_81' title="bbox 1888 3846 3457 3924; baseline 0.008 -25"><span class='ocrx_word' id='word_1_583' title='bbox 1888 3846 2025 3900; x_wconf 93' lang='lat' dir='ltr'><strong>rium</strong></span> <span class='ocrx_word' id='word_1_584' title='bbox 2104 3848 2331 3919; x_wconf 87' lang='lat' dir='ltr'><strong>ejusque</strong></span> <span class='ocrx_word' id='word_1_585' title='bbox 2393 3864 2738 3906; x_wconf 88' lang='lat' dir='ltr'><strong>successores</strong></span> <span class='ocrx_word' id='word_1_586' title='bbox 2804 3854 3095 3924; x_wconf 86' lang='lat' dir='ltr'><strong>magistros</strong></span> <span class='ocrx_word' id='word_1_587' title='bbox 3143 3870 3207 3911; x_wconf 91' lang='lat' dir='ltr'><strong>ac</strong></span> <span class='ocrx_word' id='word_1_588' title='bbox 3274 3868 3457 3924; x_wconf 85' lang='lat' dir='ltr'><strong>patres</strong></span> 
     </span>
    </p>
   </div>
   <div class='ocr_carea' id='block_1_82' title="bbox 1885 3936 3454 4003">
    <p class='ocr_par' dir='ltr' id='par_1_82' title="bbox 1885 3936 3454 4003">
     <span class='ocr_line' id='line_1_82' title="bbox 1885 3936 3454 4003; baseline 0.008 -12"><span class='ocrx_word' id='word_1_589' title='bbox 1885 3936 2167 3995; x_wconf 89' lang='lat' dir='ltr'><strong>habuerat.</strong></span> <span class='ocrx_word' id='word_1_590' title='bbox 2202 3940 2463 3996; x_wconf 89' lang='lat' dir='ltr'><strong>Basilium</strong></span> <span class='ocrx_word' id='word_1_591' title='bbox 2493 3940 2727 3997; x_wconf 81' lang='lat' dir='ltr'><strong>Athenis</strong></span> <span class='ocrx_word' id='word_1_592' title='bbox 2756 3944 3007 3998; x_wconf 90' lang='lat' dir='ltr'><strong>reducem</strong></span> <span class='ocrx_word' id='word_1_593' title='bbox 3038 3961 3159 3999; x_wconf 92' lang='lat' dir='ltr'><strong>cum</strong></span> <span class='ocrx_word' id='word_1_594' title='bbox 3206 3947 3356 4001; x_wconf 85' lang='lat' dir='ltr'><strong>missi</strong></span> <span class='ocrx_word' id='word_1_595' title='bbox 3386 3962 3454 4003; x_wconf 90' lang='lat' dir='ltr'><strong>ex</strong></span> 
     </span>
    </p>
   </div>
   <div class='ocr_carea' id='block_1_83' title="bbox 1884 4032 3457 4105">
    <p class='ocr_par' dir='ltr' id='par_1_83' title="bbox 1884 4032 3457 4105">
     <span class='ocr_line' id='line_1_83' title="bbox 1884 4032 3457 4105; baseline 0.008 -21"><span class='ocrx_word' id='word_1_596' title='bbox 1884 4032 2289 4103; x_wconf 87' lang='lat' dir='ltr'><strong>magistratibus</strong></span> <span class='ocrx_word' id='word_1_597' title='bbox 2338 4033 2499 4103; x_wconf 81' lang='lat' dir='ltr'><strong>legati</strong></span> <span class='ocrx_word' id='word_1_598' title='bbox 2549 4033 2646 4104; x_wconf 88' lang='lat' dir='ltr'><strong>(g),</strong></span> <span class='ocrx_word' id='word_1_599' title='bbox 2685 4041 2798 4088; x_wconf 92' lang='lat' dir='ltr'><strong>tum</strong></span> <span class='ocrx_word' id='word_1_600' title='bbox 2856 4046 3045 4105; x_wconf 85' lang='lat' dir='ltr'><strong>postea</strong></span> <span class='ocrx_word' id='word_1_601' title='bbox 3102 4046 3212 4092; x_wconf 91' lang='lat' dir='ltr'><strong>tota</strong></span> <span class='ocrx_word' id='word_1_602' title='bbox 3260 4039 3457 4097; x_wconf 84' lang='lat' dir='ltr'><strong>civitas</strong></span> 
     </span>
    </p>
   </div>
   <div class='ocr_carea' id='block_1_84' title="bbox 1881 4124 3453 4188">
    <p class='ocr_par' dir='ltr' id='par_1_84' title="bbox 1881 4124 3453 4188">
     <span class='ocr_line' id='line_1_84' title="bbox 1881 4124 3453 4188; baseline 0.008 -12"><span class='ocrx_word' id='word_1_603' title='bbox 1881 4124 2210 4178; x_wconf 85' lang='lat' dir='ltr'><strong>circumfusa</strong></span> <span class='ocrx_word' id='word_1_604' title='bbox 2284 4125 2535 4182; x_wconf 77' lang='lat' dir='ltr'><strong>maximis</strong></span> <span class='ocrx_word' id='word_1_605' title='bbox 2610 4127 2906 4185; x_wconf 87' lang='lat' dir='ltr'><strong>honoribus</strong></span> <span class='ocrx_word' id='word_1_606' title='bbox 2992 4130 3213 4185; x_wconf 89' lang='lat' dir='ltr'><strong>allicere</strong></span> <span class='ocrx_word' id='word_1_607' title='bbox 3262 4144 3453 4188; x_wconf 89' lang='lat' dir='ltr'><strong>conata</strong></span> 
     </span>
    </p>
   </div>
   <div class='ocr_carea' id='block_1_85' title="bbox 1881 4212 3451 4293">
    <p class='ocr_par' dir='ltr' id='par_1_85' title="bbox 1881 4212 3451 4293">
     <span class='ocr_line' id='line_1_85' title="bbox 1881 4212 3451 4293; baseline 0.006 -27"><span class='ocrx_word' id='word_1_608' title='bbox 1881 4212 2079 4277; x_wconf 90' lang='lat' dir='ltr'><strong>fuerat,</strong></span> <span class='ocrx_word' id='word_1_609' title='bbox 2104 4224 2163 4268; x_wconf 91' lang='lat' dir='ltr'><strong>ut</strong></span> <span class='ocrx_word' id='word_1_610' title='bbox 2180 4214 2481 4282; x_wconf 83' lang='lat' dir='ltr'><strong>iuventutis</strong></span> <span class='ocrx_word' id='word_1_611' title='bbox 2503 4220 2814 4274; x_wconf 66' lang='lat' dir='ltr'><strong>erudiendae</strong></span> <span class='ocrx_word' id='word_1_612' title='bbox 2843 4221 3180 4288; x_wconf 85' lang='lat' dir='ltr'><strong>provinciam</strong></span> <span class='ocrx_word' id='word_1_613' title='bbox 3208 4224 3451 4293; x_wconf 66' lang='lat' dir='ltr'><strong>suscipe-</strong></span> 
     </span>
    </p>
   </div>
   <div class='ocr_carea' id='block_1_86' title="bbox 1881 4304 3455 4379">
    <p class='ocr_par' dir='ltr' id='par_1_86' title="bbox 1881 4304 3455 4379">
     <span class='ocr_line' id='line_1_86' title="bbox 1881 4304 3455 4379; baseline 0.004 -21"><span class='ocrx_word' id='word_1_614' title='bbox 1881 4312 1983 4359; x_wconf 90' lang='lat' dir='ltr'><strong>ret.</strong></span> <span class='ocrx_word' id='word_1_615' title='bbox 2035 4304 2304 4362; x_wconf 66' lang='lat' dir='ltr'><strong>Prmterea</strong></span> <span class='ocrx_word' id='word_1_616' title='bbox 2333 4307 2409 4379; x_wconf 76' lang='lat' dir='ltr'><strong>(It)</strong></span> <span class='ocrx_word' id='word_1_617' title='bbox 2446 4322 2656 4363; x_wconf 89' lang='lat' dir='ltr'><strong>summa</strong></span> <span class='ocrx_word' id='word_1_618' title='bbox 2714 4322 2933 4378; x_wconf 87' lang='lat' dir='ltr'><strong>semper</strong></span> <span class='ocrx_word' id='word_1_619' title='bbox 2983 4311 3275 4365; x_wconf 86' lang='lat' dir='ltr'><strong>exstiterat</strong></span> <span class='ocrx_word' id='word_1_620' title='bbox 3314 4311 3455 4367; x_wconf 92' lang='lat' dir='ltr'><strong>inter</strong></span> 
     </span>
    </p>
   </div>
   <div class='ocr_carea' id='block_1_87' title="bbox 1880 4398 3453 4467">
    <p class='ocr_par' dir='ltr' id='par_1_87' title="bbox 1880 4398 3453 4467">
     <span class='ocr_line' id='line_1_87' title="bbox 1880 4398 3453 4467; baseline 0.008 -20"><span class='ocrx_word' id='word_1_621' title='bbox 1880 4403 2166 4467; x_wconf 90' lang='lat' dir='ltr'><strong>utramque</strong></span> <span class='ocrx_word' id='word_1_622' title='bbox 2191 4398 2516 4463; x_wconf 87' lang='lat' dir='ltr'><strong>Ecclesiam,</strong></span> <span class='ocrx_word' id='word_1_623' title='bbox 2539 4398 2931 4457; x_wconf 64' lang='lat' dir='ltr'><strong>Cresariensem</strong></span> <span class='ocrx_word' id='word_1_624' title='bbox 2961 4408 3017 4456; x_wconf 92' lang='lat' dir='ltr'><strong>et</strong></span> <span class='ocrx_word' id='word_1_625' title='bbox 3049 4402 3453 4459; x_wconf 70' lang='lat' dir='ltr'><strong>Neocaesarien-</strong></span> 
     </span>
    </p>
   </div>
   <div class='ocr_carea' id='block_1_88' title="bbox 1881 4489 3454 4565">
    <p class='ocr_par' dir='ltr' id='par_1_88' title="bbox 1881 4489 3454 4565">
     <span class='ocr_line' id='line_1_88' title="bbox 1881 4489 3454 4565; baseline 0.006 -24"><span class='ocrx_word' id='word_1_626' title='bbox 1881 4501 2018 4552; x_wconf 86' lang='lat' dir='ltr'><strong>sem,</strong></span> <span class='ocrx_word' id='word_1_627' title='bbox 2070 4489 2373 4545; x_wconf 90' lang='lat' dir='ltr'><strong>animorum</strong></span> <span class='ocrx_word' id='word_1_628' title='bbox 2429 4489 2743 4557; x_wconf 88' lang='lat' dir='ltr'><strong>conjunctio</strong></span> <span class='ocrx_word' id='word_1_629' title='bbox 2787 4509 2802 4546; x_wconf 90' lang='lat'><strong>:</strong></span> <span class='ocrx_word' id='word_1_630' title='bbox 2856 4492 3143 4565; x_wconf 84' lang='lat' dir='ltr'><strong>utriusque</strong></span> <span class='ocrx_word' id='word_1_631' title='bbox 3173 4494 3352 4551; x_wconf 89' lang='lat' dir='ltr'><strong>clerus</strong></span> <span class='ocrx_word' id='word_1_632' title='bbox 3388 4510 3454 4551; x_wconf 88' lang='lat' dir='ltr'><strong>ac</strong></span> 
     </span>
    </p>
   </div>
   <div class='ocr_carea' id='block_1_89' title="bbox 209 4578 3449 4669">
    <p class='ocr_par' dir='ltr' id='par_1_89' title="bbox 209 4578 3449 4669">
     <span class='ocr_line' id='line_1_89' title="bbox 209 4578 3449 4669; baseline 0.002 -35"><span class='ocrx_word' id='word_1_633' title='bbox 209 4582 377 4635; x_wconf 70' lang='lat' dir='ltr'><strong>arati</strong></span> <span class='ocrx_word' id='word_1_634' title='bbox 419 4581 797 4651; x_wconf 79' lang='lat' dir='ltr'><strong>relinquantur,</strong></span> <span class='ocrx_word' id='word_1_635' title='bbox 845 4588 1023 4635; x_wconf 80' lang='lat' dir='ltr'><strong>nostro</strong></span> <span class='ocrx_word' id='word_1_636' title='bbox 1077 4581 1225 4635; x_wconf 82' lang='lat' dir='ltr'><strong>nobis</strong></span> <span class='ocrx_word' id='word_1_637' title='bbox 1258 4597 1360 4635; x_wconf 84' lang='lat' dir='ltr'><strong>non</strong></span> <span class='ocrx_word' id='word_1_638' title='bbox 1403 4579 1637 4633; x_wconf 83' lang='lat' dir='ltr'><strong>indicato</strong></span> <span class='ocrx_word' id='word_1_639' title='bbox 1686 4580 1776 4634; x_wconf 86' lang='lat' dir='ltr'><strong>de-</strong></span> <span class='ocrx_word' id='word_1_640' title='bbox 1809 4614 1852 4669; x_wconf 70' lang='grc' dir='ltr'>υ</span> <span class='ocrx_word' id='word_1_641' title='bbox 1880 4578 2110 4647; x_wconf 88' lang='lat' dir='ltr'><strong>populus</strong></span> <span class='ocrx_word' id='word_1_642' title='bbox 2133 4594 2274 4649; x_wconf 78' lang='lat' dir='ltr'><strong>saepe</strong></span> <span class='ocrx_word' id='word_1_643' title='bbox 2295 4580 2486 4634; x_wconf 89' lang='lat' dir='ltr'><strong>diebus</strong></span> <span class='ocrx_word' id='word_1_644' title='bbox 2516 4579 2668 4635; x_wconf 90' lang='lat' dir='ltr'><strong>festis</strong></span> <span class='ocrx_word' id='word_1_645' title='bbox 2689 4581 2953 4639; x_wconf 90' lang='lat' dir='ltr'><strong>obeundis</strong></span> <span class='ocrx_word' id='word_1_646' title='bbox 2984 4585 3449 4655; x_wconf 85' lang='lat' dir='ltr'><strong>permiscebatur:</strong></span> 
     </span>
    </p>
   </div>
   <div class='ocr_carea' id='block_1_90' title="bbox 208 4670 3449 4744">
    <p class='ocr_par' dir='ltr' id='par_1_90' title="bbox 208 4670 3449 4744">
     <span class='ocr_line' id='line_1_90' title="bbox 208 4670 3449 4744; baseline 0.002 -17"><span class='ocrx_word' id='word_1_647' title='bbox 208 4675 348 4728; x_wconf 81' lang='lat' dir='ltr'><strong>ficto.</strong></span> <span class='ocrx_word' id='word_1_648' title='bbox 404 4672 537 4729; x_wconf 90' lang='lat' dir='ltr'><strong>Sive</strong></span> <span class='ocrx_word' id='word_1_649' title='bbox 566 4676 727 4743; x_wconf 89' lang='lat' dir='ltr'><strong>igitur</strong></span> <span class='ocrx_word' id='word_1_650' title='bbox 758 4671 811 4726; x_wconf 92' lang='lat' dir='ltr'><strong>in</strong></span> <span class='ocrx_word' id='word_1_651' title='bbox 845 4670 1239 4741; x_wconf 86' lang='lat' dir='ltr'><strong>Cappadociam</strong></span> <span class='ocrx_word' id='word_1_652' title='bbox 1289 4672 1473 4727; x_wconf 91' lang='lat' dir='ltr'><strong>venire</strong></span> <span class='ocrx_word' id='word_1_653' title='bbox 1500 4671 1687 4737; x_wconf 89' lang='lat' dir='ltr'><strong>velint,</strong></span> <span class='ocrx_word' id='word_1_654' title='bbox 1724 4684 1779 4728; x_wconf 89' lang='lat' dir='ltr'><strong>et</strong></span> <span class='ocrx_word' id='word_1_655' title='bbox 1880 4670 1982 4738; x_wconf 91' lang='lat' dir='ltr'><strong>ipsi</strong></span> <span class='ocrx_word' id='word_1_656' title='bbox 2014 4682 2255 4740; x_wconf 84' lang='lat' dir='ltr'><strong>pastores</strong></span> <span class='ocrx_word' id='word_1_657' title='bbox 2276 4670 2348 4724; x_wconf 88' lang='lat' dir='ltr'><strong>ita</strong></span> <span class='ocrx_word' id='word_1_658' title='bbox 2378 4670 2521 4726; x_wconf 91' lang='lat' dir='ltr'><strong>inter</strong></span> <span class='ocrx_word' id='word_1_659' title='bbox 2545 4688 2604 4727; x_wconf 90' lang='lat' dir='ltr'><strong>se</strong></span> <span class='ocrx_word' id='word_1_660' title='bbox 2631 4673 3021 4744; x_wconf 88' lang='lat' dir='ltr'><strong>diligebant,ut</strong></span> <span class='ocrx_word' id='word_1_661' title='bbox 3046 4678 3275 4733; x_wconf 87' lang='lat' dir='ltr'><strong>alterum</strong></span> <span class='ocrx_word' id='word_1_662' title='bbox 3299 4688 3449 4734; x_wconf 91' lang='lat' dir='ltr'><strong>uter-</strong></span> 
     </span>
    </p>
   </div>
   <div class='ocr_carea' id='block_1_91' title="bbox 210 4767 1782 4841">
    <p class='ocr_par' dir='ltr' id='par_1_91' title="bbox 210 4767 1782 4841">
     <span class='ocr_line' id='line_1_91' title="bbox 210 4767 1782 4841; baseline -0.003 -14"><span class='ocrx_word' id='word_1_663' title='bbox 210 4771 377 4841; x_wconf 88' lang='lat' dir='ltr'><strong>ipsius</strong></span> <span class='ocrx_word' id='word_1_664' title='bbox 407 4779 633 4839; x_wconf 89' lang='lat' dir='ltr'><strong>peccata</strong></span> <span class='ocrx_word' id='word_1_665' title='bbox 684 4768 934 4831; x_wconf 83' lang='lat' dir='ltr'><strong>scrutari,</strong></span> <span class='ocrx_word' id='word_1_666' title='bbox 966 4777 1148 4823; x_wconf 86' lang='lat' dir='ltr'><strong>utrum</strong></span> <span class='ocrx_word' id='word_1_667' title='bbox 1181 4767 1306 4821; x_wconf 89' lang='lat' dir='ltr'><strong>talia</strong></span> <span class='ocrx_word' id='word_1_668' title='bbox 1336 4769 1443 4823; x_wconf 87' lang='lat' dir='ltr'><strong>sint</strong></span> <span class='ocrx_word' id='word_1_669' title='bbox 1470 4767 1653 4838; x_wconf 88' lang='lat' dir='ltr'><strong>qualia</strong></span> <span class='ocrx_word' id='word_1_670' title='bbox 1686 4784 1782 4822; x_wconf 87' lang='lat' dir='ltr'><strong>au-</strong></span> 
     </span>
    </p>
   </div>
   <div class='ocr_carea' id='block_1_92' title="bbox 209 4860 1781 4930">
    <p class='ocr_par' dir='ltr' id='par_1_92' title="bbox 209 4860 1781 4930">
     <span class='ocr_line' id='line_1_92' title="bbox 209 4860 1781 4930; baseline -0.004 -10"><span class='ocrx_word' id='word_1_671' title='bbox 209 4864 427 4920; x_wconf 83' lang='lat' dir='ltr'><strong>dierunt</strong></span> <span class='ocrx_word' id='word_1_672' title='bbox 456 4876 473 4926; x_wconf 86' lang='lat'><strong>;</strong></span> <span class='ocrx_word' id='word_1_673' title='bbox 503 4861 784 4930; x_wconf 91' lang='lat' dir='ltr'><strong>pollicetur</strong></span> <span class='ocrx_word' id='word_1_674' title='bbox 806 4874 863 4915; x_wconf 86' lang='lat' dir='ltr'><strong>se</strong></span> <span class='ocrx_word' id='word_1_675' title='bbox 892 4871 986 4913; x_wconf 89' lang='lat' dir='ltr'><strong>eos</strong></span> <span class='ocrx_word' id='word_1_676' title='bbox 1013 4860 1220 4929; x_wconf 90' lang='lat' dir='ltr'><strong>supinis</strong></span> <span class='ocrx_word' id='word_1_677' title='bbox 1256 4860 1511 4926; x_wconf 81' lang='lat' dir='ltr'><strong>manibus</strong></span> <span class='ocrx_word' id='word_1_678' title='bbox 1532 4870 1781 4928; x_wconf 84' lang='lat' dir='ltr'><strong>exceptu-</strong></span> 
     </span>
    </p>
   </div>
   <div class='ocr_carea' id='block_1_93' title="bbox 212 4948 1766 5022">
    <p class='ocr_par' dir='ltr' id='par_1_93' title="bbox 212 4948 1766 5022">
     <span class='ocr_line' id='line_1_93' title="bbox 212 4948 1766 5022; baseline -0.004 -9"><span class='ocrx_word' id='word_1_679' title='bbox 212 4974 350 5013; x_wconf 87' lang='lat' dir='ltr'><strong>rum.</strong></span> <span class='ocrx_word' id='word_1_680' title='bbox 381 4954 513 5011; x_wconf 91' lang='lat' dir='ltr'><strong>Sive</strong></span> <span class='ocrx_word' id='word_1_681' title='bbox 557 4952 732 5007; x_wconf 92' lang='lat' dir='ltr'><strong>locum</strong></span> <span class='ocrx_word' id='word_1_682' title='bbox 780 4951 1013 5022; x_wconf 89' lang='lat' dir='ltr'><strong>aliquem</strong></span> <span class='ocrx_word' id='word_1_683' title='bbox 1045 4950 1097 5003; x_wconf 93' lang='lat' dir='ltr'><strong>in</strong></span> <span class='ocrx_word' id='word_1_684' title='bbox 1127 4948 1296 5005; x_wconf 91' lang='lat' dir='ltr'><strong>Ponto</strong></span> <span class='ocrx_word' id='word_1_685' title='bbox 1323 4951 1607 5022; x_wconf 86' lang='lat' dir='ltr'><strong>designare</strong></span> <span class='ocrx_word' id='word_1_686' title='bbox 1650 4968 1766 5007; x_wconf 90' lang='lat' dir='ltr'><strong>ma-</strong></span> 
     </span>
    </p>
   </div>
   <div class='ocr_carea' id='block_1_94' title="bbox 212 5043 1779 5115">
    <p class='ocr_par' dir='ltr' id='par_1_94' title="bbox 212 5043 1779 5115">
     <span class='ocr_line' id='line_1_94' title="bbox 212 5043 1779 5115; baseline -0.002 -11"><span class='ocrx_word' id='word_1_687' title='bbox 212 5050 430 5115; x_wconf 79' lang='lat' dir='ltr'><strong>luerint,</strong></span> <span class='ocrx_word' id='word_1_688' title='bbox 460 5046 695 5100; x_wconf 90' lang='lat' dir='ltr'><strong>libenter</strong></span> <span class='ocrx_word' id='word_1_689' title='bbox 722 5059 781 5099; x_wconf 88' lang='lat' dir='ltr'><strong>se</strong></span> <span class='ocrx_word' id='word_1_690' title='bbox 815 5059 880 5099; x_wconf 89' lang='lat' dir='ltr'><strong>eo</strong></span> <span class='ocrx_word' id='word_1_691' title='bbox 905 5050 1191 5098; x_wconf 89' lang='lat' dir='ltr'><strong>venturum</strong></span> <span class='ocrx_word' id='word_1_692' title='bbox 1214 5082 1229 5107; x_wconf 93' lang='lat'><strong>,</strong></span> <span class='ocrx_word' id='word_1_693' title='bbox 1272 5051 1329 5097; x_wconf 87' lang='lat' dir='ltr'><strong>ut</strong></span> <span class='ocrx_word' id='word_1_694' title='bbox 1358 5043 1691 5113; x_wconf 91' lang='lat' dir='ltr'><strong>probandum</strong></span> <span class='ocrx_word' id='word_1_695' title='bbox 1720 5058 1779 5101; x_wconf 87' lang='lat' dir='ltr'><strong>se</strong></span> 
     </span>
    </p>
   </div>
   <div class='ocr_carea' id='block_1_95' title="bbox 212 5134 1020 5195">
    <p class='ocr_par' dir='ltr' id='par_1_95' title="bbox 212 5134 1020 5195">
     <span class='ocr_line' id='line_1_95' title="bbox 212 5134 1020 5195; baseline -0.009 0"><span class='ocrx_word' id='word_1_696' title='bbox 212 5150 267 5195; x_wconf 86' lang='lat' dir='ltr'><strong>et</strong></span> <span class='ocrx_word' id='word_1_697' title='bbox 294 5134 715 5194; x_wconf 88' lang='lat' dir='ltr'><strong>examinandum</strong></span> <span class='ocrx_word' id='word_1_698' title='bbox 745 5134 1020 5189; x_wconf 84' lang='lat' dir='ltr'><strong>exhibeat.</strong></span> 
     </span>
    </p>
   </div>
   <div class='ocr_carea' id='block_1_96' title="bbox 283 5223 1777 5295">
    <p class='ocr_par' dir='ltr' id='par_1_96' title="bbox 283 5223 1777 5295">
     <span class='ocr_line' id='line_1_96' title="bbox 283 5223 1777 5295; baseline -0.002 -12"><span class='ocrx_word' id='word_1_699' title='bbox 283 5230 358 5286; x_wconf 89' lang='lat' dir='ltr'><strong>De</strong></span> <span class='ocrx_word' id='word_1_700' title='bbox 413 5237 639 5283; x_wconf 90' lang='lat' dir='ltr'><strong>auctore</strong></span> <span class='ocrx_word' id='word_1_701' title='bbox 687 5223 1077 5279; x_wconf 87' lang='lat' dir='ltr'><strong>calumniarum</strong></span> <span class='ocrx_word' id='word_1_702' title='bbox 1112 5226 1192 5281; x_wconf 87' lang='lat' dir='ltr'><strong>sic</strong></span> <span class='ocrx_word' id='word_1_703' title='bbox 1241 5225 1475 5295; x_wconf 87' lang='lat' dir='ltr'><strong>loquitur</strong></span> <span class='ocrx_word' id='word_1_704' title='bbox 1504 5224 1734 5281; x_wconf 88' lang='lat' dir='ltr'><strong>Basilius</strong></span> <span class='ocrx_word' id='word_1_705' title='bbox 1760 5265 1777 5291; x_wconf 88' lang='lat'><strong>,</strong></span> 
     </span>
    </p>
   </div>
   <div class='ocr_carea' id='block_1_97' title="bbox 216 5315 1779 5389">
    <p class='ocr_par' dir='ltr' id='par_1_97' title="bbox 216 5315 1779 5389">
     <span class='ocr_line' id='line_1_97' title="bbox 216 5315 1779 5389; baseline -0.001 -16"><span class='ocrx_word' id='word_1_706' title='bbox 216 5322 365 5389; x_wconf 87' lang='lat' dir='ltr'><strong>quasi</strong></span> <span class='ocrx_word' id='word_1_707' title='bbox 397 5333 521 5375; x_wconf 90' lang='lat' dir='ltr'><strong>eum</strong></span> <span class='ocrx_word' id='word_1_708' title='bbox 553 5332 659 5372; x_wconf 93' lang='lat' dir='ltr'><strong>non</strong></span> <span class='ocrx_word' id='word_1_709' title='bbox 689 5323 896 5378; x_wconf 86' lang='lat' dir='ltr'><strong>nosset,</strong></span> <span class='ocrx_word' id='word_1_710' title='bbox 924 5326 1018 5369; x_wconf 91' lang='lat' dir='ltr'><strong>aut</strong></span> <span class='ocrx_word' id='word_1_711' title='bbox 1042 5332 1206 5369; x_wconf 92' lang='lat' dir='ltr'><strong>unum</strong></span> <span class='ocrx_word' id='word_1_712' title='bbox 1250 5316 1481 5386; x_wconf 91' lang='lat' dir='ltr'><strong>aliquem</strong></span> <span class='ocrx_word' id='word_1_713' title='bbox 1522 5332 1588 5372; x_wconf 90' lang='lat' dir='ltr'><strong>ex</strong></span> <span class='ocrx_word' id='word_1_714' title='bbox 1618 5315 1779 5372; x_wconf 90' lang='lat' dir='ltr'><strong>Ponti</strong></span> 
     </span>
    </p>
   </div>
   <div class='ocr_carea' id='block_1_98' title="bbox 216 5408 1771 5485">
    <p class='ocr_par' dir='ltr' id='par_1_98' title="bbox 216 5408 1771 5485">
     <span class='ocr_line' id='line_1_98' title="bbox 216 5408 1771 5485; baseline -0.005 -15"><span class='ocrx_word' id='word_1_715' title='bbox 216 5416 476 5485; x_wconf 84' lang='lat' dir='ltr'><strong>episcopis</strong></span> <span class='ocrx_word' id='word_1_716' title='bbox 492 5426 614 5468; x_wconf 86' lang='lat' dir='ltr'><strong>esse</strong></span> <span class='ocrx_word' id='word_1_717' title='bbox 644 5412 1039 5483; x_wconf 87' lang='lat' dir='ltr'><strong>suspicaretur.</strong></span> <span class='ocrx_word' id='word_1_718' title='bbox 1070 5409 1311 5466; x_wconf 88' lang='lat' dir='ltr'><strong>Postulat</strong></span> <span class='ocrx_word' id='word_1_719' title='bbox 1332 5408 1477 5465; x_wconf 91' lang='lat' dir='ltr'><strong>enim</strong></span> <span class='ocrx_word' id='word_1_720' title='bbox 1502 5418 1559 5465; x_wconf 93' lang='lat' dir='ltr'><strong>ut</strong></span> <span class='ocrx_word' id='word_1_721' title='bbox 1582 5417 1771 5478; x_wconf 89' lang='lat' dir='ltr'><strong>aperta</strong></span> 
     </span>
    </p>
   </div>
   <div class='ocr_carea' id='block_1_99' title="bbox 284 5595 883 5669">
    <p class='ocr_par' dir='ltr' id='par_1_99' title="bbox 284 5595 883 5669">
     <span class='ocr_line' id='line_1_99' title="bbox 284 5595 883 5669; baseline -0.005 -17"><span class='ocrx_word' id='word_1_722' title='bbox 284 5598 355 5669; x_wconf 76' lang='lat' dir='ltr'><strong>(a)</strong></span> <span class='ocrx_word' id='word_1_723' title='bbox 383 5595 713 5669; x_wconf 42' lang='grc' dir='ltr'><strong>βρίθῃ-ξοδ,</strong></span> <span class='ocrx_word' id='word_1_724' title='bbox 746 5613 800 5653; x_wconf 91' lang='lat' dir='ltr'><strong>n.</strong></span> <span class='ocrx_word' id='word_1_725' title='bbox 833 5597 883 5651; x_wconf 88' lang='lat' dir='ltr'><strong>l.</strong></span> 
     </span>
    </p>
   </div>
   <div class='ocr_carea' id='block_1_100' title="bbox 282 5666 645 5805">
    <p class='ocr_par' dir='ltr' id='par_1_100' title="bbox 282 5666 645 5805">
     <span class='ocr_line' id='line_1_100' title="bbox 282 5666 645 5805; baseline -0.008 -17"><span class='ocrx_word' id='word_1_726' title='bbox 282 5666 353 5805; x_wconf 58' lang='lat' dir='ltr'><strong>if?</strong></span> <span class='ocrx_word' id='word_1_727' title='bbox 372 5668 490 5805; x_wconf 59' lang='lat' dir='ltr'><strong>Et:</strong></span> <span class='ocrx_word' id='word_1_728' title='bbox 512 5666 645 5787; x_wconf 65' lang='lat'><strong>3‘33:</strong></span> 
     </span>
    </p>
   </div>
   <div class='ocr_carea' id='block_1_101' title="bbox 282 5792 798 5873">
    <p class='ocr_par' dir='ltr' id='par_1_101' title="bbox 282 5792 798 5873">
     <span class='ocr_line' id='line_1_101' title="bbox 282 5792 798 5873; baseline -0.002 -18"><span class='ocrx_word' id='word_1_729' title='bbox 282 5792 355 5873; x_wconf 71' lang='grc' dir='ltr'><strong>ία)</strong></span> <span class='ocrx_word' id='word_1_730' title='bbox 377 5792 474 5872; x_wconf 68' lang='grc' dir='ltr'><strong>εί».</strong></span> <span class='ocrx_word' id='word_1_731' title='bbox 501 5804 631 5873; x_wconf 71' lang='lat' dir='ltr'><strong>eos.</strong></span> <span class='ocrx_word' id='word_1_732' title='bbox 660 5820 715 5858; x_wconf 79' lang='grc' dir='ltr'><strong>ιι.</strong></span> <span class='ocrx_word' id='word_1_733' title='bbox 746 5804 798 5855; x_wconf 79' lang='lat' dir='ltr'><strong>s.</strong></span> 
     </span>
    </p>
   </div>
   <div class='ocr_carea' id='block_1_102' title="bbox 277 5871 589 5943">
    <p class='ocr_par' dir='ltr' id='par_1_102' title="bbox 277 5871 589 5943">
     <span class='ocr_line' id='line_1_102' title="bbox 277 5871 589 5943; baseline -0.026 -16"><span class='ocrx_word' id='word_1_734' title='bbox 277 5871 344 5943; x_wconf 72' lang='lat' dir='ltr'><strong>(ej</strong></span> <span class='ocrx_word' id='word_1_735' title='bbox 372 5871 507 5940; x_wconf 69' lang='lat' dir='ltr'><strong>cap.</strong></span> <span class='ocrx_word' id='word_1_736' title='bbox 541 5871 589 5921; x_wconf 80' lang='grc'><strong>1.</strong></span> 
     </span>
    </p>
   </div>
   <div class='ocr_carea' id='block_1_103' title="bbox 1877 4763 3451 4833">
    <p class='ocr_par' dir='ltr' id='par_1_103' title="bbox 1877 4763 3451 4833">
     <span class='ocr_line' id='line_1_103' title="bbox 1877 4763 3451 4833; baseline 0.008 -19"><span class='ocrx_word' id='word_1_737' title='bbox 1877 4777 1982 4831; x_wconf 92' lang='lat' dir='ltr'><strong>que</strong></span> <span class='ocrx_word' id='word_1_738' title='bbox 2033 4763 2207 4816; x_wconf 89' lang='lat' dir='ltr'><strong>instar</strong></span> <span class='ocrx_word' id='word_1_739' title='bbox 2268 4765 2508 4833; x_wconf 83' lang='lat' dir='ltr'><strong>magistri</strong></span> <span class='ocrx_word' id='word_1_740' title='bbox 2564 4779 2628 4819; x_wconf 88' lang='lat' dir='ltr'><strong>ac</strong></span> <span class='ocrx_word' id='word_1_741' title='bbox 2686 4767 2841 4821; x_wconf 92' lang='lat' dir='ltr'><strong>ducis</strong></span> <span class='ocrx_word' id='word_1_742' title='bbox 2900 4768 3129 4824; x_wconf 87' lang='lat' dir='ltr'><strong>haberet</strong></span> <span class='ocrx_word' id='word_1_743' title='bbox 3222 4770 3451 4827; x_wconf 82' lang='lat' dir='ltr'><strong>Videtur</strong></span> 
     </span>
    </p>
   </div>
   <div class='ocr_carea' id='block_1_104' title="bbox 1876 4851 3446 4925">
    <p class='ocr_par' dir='ltr' id='par_1_104' title="bbox 1876 4851 3446 4925">
     <span class='ocr_line' id='line_1_104' title="bbox 1876 4851 3446 4925; baseline 0.005 -19"><span class='ocrx_word' id='word_1_744' title='bbox 1876 4867 2092 4906; x_wconf 85' lang='lat' dir='ltr'><strong>summa</strong></span> <span class='ocrx_word' id='word_1_745' title='bbox 2128 4851 2219 4906; x_wconf 92' lang='lat' dir='ltr'><strong>illa</strong></span> <span class='ocrx_word' id='word_1_746' title='bbox 2243 4855 2483 4911; x_wconf 88' lang='lat' dir='ltr'><strong>charitas</strong></span> <span class='ocrx_word' id='word_1_747' title='bbox 2520 4855 2855 4925; x_wconf 88' lang='lat' dir='ltr'><strong>aliquantum</strong></span> <span class='ocrx_word' id='word_1_748' title='bbox 2887 4857 3170 4915; x_wconf 89' lang='lat' dir='ltr'><strong>refrixisse</strong></span> <span class='ocrx_word' id='word_1_749' title='bbox 3196 4862 3297 4915; x_wconf 89' lang='lat' dir='ltr'><strong>sub</strong></span> <span class='ocrx_word' id='word_1_750' title='bbox 3328 4860 3446 4914; x_wconf 76' lang='lat' dir='ltr'><strong>Mu-</strong></span> 
     </span>
    </p>
   </div>
   <div class='ocr_carea' id='block_1_105' title="bbox 1878 4944 3447 5023">
    <p class='ocr_par' dir='ltr' id='par_1_105' title="bbox 1878 4944 3447 5023">
     <span class='ocr_line' id='line_1_105' title="bbox 1878 4944 3447 5023; baseline 0.007 -25"><span class='ocrx_word' id='word_1_751' title='bbox 1878 4944 2054 4998; x_wconf 90' lang='lat' dir='ltr'><strong>sonio.</strong></span> <span class='ocrx_word' id='word_1_752' title='bbox 2093 4945 2414 5018; x_wconf 76' lang='lat' dir='ltr'><strong>Quanquam</strong></span> <span class='ocrx_word' id='word_1_753' title='bbox 2469 4949 2537 5014; x_wconf 90' lang='lat' dir='ltr'><strong>is,</strong></span> <span class='ocrx_word' id='word_1_754' title='bbox 2590 4949 2690 5004; x_wconf 86' lang='lat' dir='ltr'><strong>etsi</strong></span> <span class='ocrx_word' id='word_1_755' title='bbox 2754 4966 2907 5005; x_wconf 82' lang='lat' dir='ltr'><strong>suam</strong></span> <span class='ocrx_word' id='word_1_756' title='bbox 2975 4953 3175 5008; x_wconf 89' lang='lat' dir='ltr'><strong>Basilio</strong></span> <span class='ocrx_word' id='word_1_757' title='bbox 3227 4967 3447 5023; x_wconf 89' lang='lat' dir='ltr'><strong>operam</strong></span> 
     </span>
    </p>
   </div>
   <div class='ocr_carea' id='block_1_106' title="bbox 1878 5039 3451 5113">
    <p class='ocr_par' dir='ltr' id='par_1_106' title="bbox 1878 5039 3451 5113">
     <span class='ocr_line' id='line_1_106' title="bbox 1878 5039 3451 5113; baseline 0.004 -20"><span class='ocrx_word' id='word_1_758' title='bbox 1878 5039 1932 5094; x_wconf 90' lang='lat' dir='ltr'><strong>in</strong></span> <span class='ocrx_word' id='word_1_759' title='bbox 1959 5039 2300 5096; x_wconf 90' lang='lat' dir='ltr'><strong>concilianda</strong></span> <span class='ocrx_word' id='word_1_760' title='bbox 2333 5040 2702 5098; x_wconf 88' lang='lat' dir='ltr'><strong>Ecclesiarum</strong></span> <span class='ocrx_word' id='word_1_761' title='bbox 2738 5060 2870 5113; x_wconf 89' lang='lat' dir='ltr'><strong>pace</strong></span> <span class='ocrx_word' id='word_1_762' title='bbox 2894 5060 2999 5099; x_wconf 92' lang='lat' dir='ltr'><strong>non</strong></span> <span class='ocrx_word' id='word_1_763' title='bbox 3030 5046 3288 5111; x_wconf 87' lang='lat' dir='ltr'><strong>navabat,</strong></span> <span class='ocrx_word' id='word_1_764' title='bbox 3322 5064 3451 5101; x_wconf 84' lang='lat' dir='ltr'><strong>nun-</strong></span> 
     </span>
    </p>
   </div>
   <div class='ocr_carea' id='block_1_107' title="bbox 1874 5134 3450 5200">
    <p class='ocr_par' dir='ltr' id='par_1_107' title="bbox 1874 5134 3450 5200">
     <span class='ocr_line' id='line_1_107' title="bbox 1874 5134 3450 5200; baseline 0.004 -16"><span class='ocrx_word' id='word_1_765' title='bbox 1874 5146 2034 5200; x_wconf 89' lang='lat' dir='ltr'><strong>quam</strong></span> <span class='ocrx_word' id='word_1_766' title='bbox 2068 5141 2248 5187; x_wconf 89' lang='lat' dir='ltr'><strong>tamen</strong></span> <span class='ocrx_word' id='word_1_767' title='bbox 2300 5148 2419 5189; x_wconf 91' lang='lat' dir='ltr'><strong>eam</strong></span> <span class='ocrx_word' id='word_1_768' title='bbox 2475 5135 2540 5188; x_wconf 91' lang='lat' dir='ltr'><strong>ad</strong></span> <span class='ocrx_word' id='word_1_769' title='bbox 2574 5134 2924 5190; x_wconf 86' lang='lat' dir='ltr'><strong>debellandos</strong></span> <span class='ocrx_word' id='word_1_770' title='bbox 2971 5136 3254 5193; x_wconf 67' lang='lat' dir='ltr'><strong>haereticos</strong></span> <span class='ocrx_word' id='word_1_771' title='bbox 3287 5136 3450 5191; x_wconf 82' lang='lat' dir='ltr'><strong>dene-</strong></span> 
     </span>
    </p>
   </div>
   <div class='ocr_carea' id='block_1_108' title="bbox 1874 5224 3451 5295">
    <p class='ocr_par' dir='ltr' id='par_1_108' title="bbox 1874 5224 3451 5295">
     <span class='ocr_line' id='line_1_108' title="bbox 1874 5224 3451 5295; baseline 0.004 -19"><span class='ocrx_word' id='word_1_772' title='bbox 1874 5233 2140 5293; x_wconf 87' lang='lat' dir='ltr'><strong>gaverat:</strong></span> <span class='ocrx_word' id='word_1_773' title='bbox 2193 5224 2419 5295; x_wconf 86' lang='lat' dir='ltr'><strong>ejusque</strong></span> <span class='ocrx_word' id='word_1_774' title='bbox 2476 5235 2650 5281; x_wconf 92' lang='lat' dir='ltr'><strong>morte</strong></span> <span class='ocrx_word' id='word_1_775' title='bbox 2707 5226 2938 5284; x_wconf 75' lang='lat' dir='ltr'><strong>afflictos</strong></span> <span class='ocrx_word' id='word_1_776' title='bbox 2982 5227 3451 5283; x_wconf 68' lang='lat' dir='ltr'><strong>Neocmsarienses</strong></span> 
     </span>
    </p>
   </div>
   <div class='ocr_carea' id='block_1_109' title="bbox 1875 5316 3447 5389">
    <p class='ocr_par' dir='ltr' id='par_1_109' title="bbox 1875 5316 3447 5389">
     <span class='ocr_line' id='line_1_109' title="bbox 1875 5316 3447 5389; baseline 0.002 -18"><span class='ocrx_word' id='word_1_777' title='bbox 1875 5316 2237 5373; x_wconf 83' lang='lat' dir='ltr'><strong>disertissima</strong></span> <span class='ocrx_word' id='word_1_778' title='bbox 2284 5319 2511 5389; x_wconf 88' lang='lat' dir='ltr'><strong>epistola</strong></span> <span class='ocrx_word' id='word_1_779' title='bbox 2568 5320 2880 5377; x_wconf 88' lang='lat' dir='ltr'><strong>consolatus</strong></span> <span class='ocrx_word' id='word_1_780' title='bbox 2922 5332 3007 5377; x_wconf 89' lang='lat' dir='ltr'><strong>est</strong></span> <span class='ocrx_word' id='word_1_781' title='bbox 3074 5319 3308 5374; x_wconf 86' lang='lat' dir='ltr'><strong>Basilius</strong></span> <span class='ocrx_word' id='word_1_782' title='bbox 3359 5318 3447 5387; x_wconf 72' lang='lat' dir='ltr'><strong>(ii.</strong></span> 
     </span>
    </p>
   </div>
   <div class='ocr_carea' id='block_1_110' title="bbox 1878 5409 3447 5484">
    <p class='ocr_par' dir='ltr' id='par_1_110' title="bbox 1878 5409 3447 5484">
     <span class='ocr_line' id='line_1_110' title="bbox 1878 5409 3447 5484; baseline -0.001 -20"><span class='ocrx_word' id='word_1_783' title='bbox 1878 5409 1983 5464; x_wconf 84' lang='lat' dir='ltr'><strong>Sed</strong></span> <span class='ocrx_word' id='word_1_784' title='bbox 2006 5410 2119 5479; x_wconf 90' lang='lat' dir='ltr'><strong>jam</strong></span> <span class='ocrx_word' id='word_1_785' title='bbox 2156 5420 2267 5465; x_wconf 93' lang='lat' dir='ltr'><strong>tum</strong></span> <span class='ocrx_word' id='word_1_786' title='bbox 2298 5414 2572 5467; x_wconf 89' lang='lat' dir='ltr'><strong>metuebat</strong></span> <span class='ocrx_word' id='word_1_787' title='bbox 2626 5428 2694 5469; x_wconf 94' lang='lat' dir='ltr'><strong>ne</strong></span> <span class='ocrx_word' id='word_1_788' title='bbox 2738 5414 2860 5484; x_wconf 90' lang='lat' dir='ltr'><strong>quis</strong></span> <span class='ocrx_word' id='word_1_789' title='bbox 2899 5429 2965 5469; x_wconf 93' lang='lat' dir='ltr'><strong>ex</strong></span> <span class='ocrx_word' id='word_1_790' title='bbox 3001 5412 3312 5468; x_wconf 89' lang='lat' dir='ltr'><strong>hominibus</strong></span> <span class='ocrx_word' id='word_1_791' title='bbox 3343 5410 3447 5465; x_wconf 89' lang='lat' dir='ltr'><strong>sibi</strong></span> 
     </span>
    </p>
   </div>
   <div class='ocr_carea' id='block_1_111' title="bbox 1956 5590 2491 5659">
    <p class='ocr_par' dir='ltr' id='par_1_111' title="bbox 1956 5590 2491 5659">
     <span class='ocr_line' id='line_1_111' title="bbox 1956 5590 2491 5659; baseline 0.002 -17"><span class='ocrx_word' id='word_1_792' title='bbox 1956 5592 2023 5659; x_wconf 68' lang='grc' dir='ltr'><strong>(Γ)</strong></span> <span class='ocrx_word' id='word_1_793' title='bbox 2058 5591 2156 5658; x_wconf 78' lang='lat' dir='ltr'><strong>Ep.</strong></span> <span class='ocrx_word' id='word_1_794' title='bbox 2198 5590 2321 5651; x_wconf 63' lang='lat'><strong>20$,</strong></span> <span class='ocrx_word' id='word_1_795' title='bbox 2351 5608 2404 5643; x_wconf 91' lang='lat' dir='ltr'><strong>n.</strong></span> <span class='ocrx_word' id='word_1_796' title='bbox 2440 5590 2491 5643; x_wconf 81' lang='grc'><strong>6.</strong></span> 
     </span>
    </p>
   </div>
   <div class='ocr_carea' id='block_1_112' title="bbox 1975 5660 2534 5727">
    <p class='ocr_par' dir='ltr' id='par_1_112' title="bbox 1975 5660 2534 5727">
     <span class='ocr_line' id='line_1_112' title="bbox 1975 5660 2534 5727; baseline -0.005 -16"><span class='ocrx_word' id='word_1_797' title='bbox 1975 5663 2026 5727; x_wconf 85' lang='lat' dir='ltr'><strong>g)</strong></span> <span class='ocrx_word' id='word_1_798' title='bbox 2056 5662 2223 5725; x_wconf 83' lang='lat' dir='ltr'><strong>Epist.</strong></span> <span class='ocrx_word' id='word_1_799' title='bbox 2249 5662 2369 5721; x_wconf 65' lang='lat' dir='ltr'><strong>2ft),</strong></span> <span class='ocrx_word' id='word_1_800' title='bbox 2406 5677 2454 5710; x_wconf 91' lang='lat' dir='ltr'><strong>n.</strong></span> <span class='ocrx_word' id='word_1_801' title='bbox 2482 5660 2534 5710; x_wconf 70' lang='lat'><strong>‘2.</strong></span> 
     </span>
    </p>
   </div>
   <div class='ocr_carea' id='block_1_113' title="bbox 1950 5669 2542 5793">
    <p class='ocr_par' dir='ltr' id='par_1_113' title="bbox 1950 5669 2542 5793">
     <span class='ocr_line' id='line_1_113' title="bbox 1975 5669 2534 5727; baseline -0.005 -16"><span class='ocrx_word' id='word_1_802' title='bbox 1975 5669 2026 5727; x_wconf 85' lang='lat' dir='ltr'><strong>g)</strong></span> <span class='ocrx_word' id='word_1_803' title='bbox 2056 5669 2223 5725; x_wconf 77' lang='lat' dir='ltr'><strong>Epist.</strong></span> <span class='ocrx_word' id='word_1_804' title='bbox 2249 5669 2369 5721; x_wconf 64' lang='lat' dir='ltr'><strong>“1w,</strong></span> <span class='ocrx_word' id='word_1_805' title='bbox 2406 5677 2454 5710; x_wconf 91' lang='lat' dir='ltr'><strong>n.</strong></span> <span class='ocrx_word' id='word_1_806' title='bbox 2482 5669 2534 5710; x_wconf 68' lang='lat'><strong>2.</strong></span> 
     </span>
     <span class='ocr_line' id='line_1_114' title="bbox 1950 5669 2542 5793; baseline 0.005 -18"><span class='ocrx_word' id='word_1_807' title='bbox 1950 5669 2025 5793; x_wconf 42' lang='grc' dir='ltr'><strong>ἑή)</strong></span> <span class='ocrx_word' id='word_1_808' title='bbox 2062 5730 2223 5791; x_wconf 67' lang='lat' dir='ltr'><strong>Epist.</strong></span> <span class='ocrx_word' id='word_1_809' title='bbox 2248 5730 2372 5790; x_wconf 59' lang='grc' dir='ltr'><strong>⁴ἑοὶ,</strong></span> <span class='ocrx_word' id='word_1_810' title='bbox 2404 5744 2455 5777; x_wconf 89' lang='lat' dir='ltr'><strong>tt.</strong></span> <span class='ocrx_word' id='word_1_811' title='bbox 2494 5727 2542 5778; x_wconf 82' lang='grc'><strong>7.</strong></span> 
     </span>
    </p>
   </div>
   <div class='ocr_carea' id='block_1_114' title="bbox 1947 5794 2247 5861">
    <p class='ocr_par' dir='ltr' id='par_1_114' title="bbox 1947 5794 2247 5861">
     <span class='ocr_line' id='line_1_115' title="bbox 1947 5794 2247 5861; baseline 0.017 -18"><span class='ocrx_word' id='word_1_812' title='bbox 1947 5795 2005 5861; x_wconf 74' lang='lat' dir='ltr'><strong>ft)</strong></span> <span class='ocrx_word' id='word_1_813' title='bbox 2041 5797 2131 5859; x_wconf 71' lang='lat' dir='ltr'><strong>Eli.</strong></span> <span class='ocrx_word' id='word_1_814' title='bbox 2161 5794 2247 5848; x_wconf 65' lang='lat'><strong>‘28.</strong></span> 
     </span>
    </p>
   </div>
  </div>
