4214 6488
754 437 937 481 (ΞΣῘΧΙΙ

2094 413 2625 472 PROLEGOMENA.

756 553 864 595 non
896 534 1087 591 amicis
1128 534 1183 589 in
1234 532 1377 587 hanc
1427 530 1607 587 sedem
1639 527 2005 586 eveheretur:
2040 530 2322 587 denuntiat
2356 535 2396 592 Α
2424 532 2527 586 mis
2550 529 2831 588 lacessitus
2857 528 3090 600 injuriis,
3120 531 3342 599 supplex
3367 531 3508 587 ultro
3529 530 3759 597 veniret,
3786 541 3841 587 et
3865 547 3991 587 cum

756 632 900 685 enim
929 624 1463 682 Neoczsariensibus
1484 638 1635 679 suam
1670 636 1797 678 cum
1829 621 1938 679 illis
1982 620 2321 690 conjunctio-

758 737 903 788 nem,
936 726 1094 790 prout
1118 717 1217 773 sibi
1243 717 1554 787 episcopum
1574 716 1796 785 eligent,
1833 724 1930 770 aut
1955 715 2156 771 arctius
2185 728 2319 770 con-

757 815 1006 866 strictum
1030 808 1118 873 iri,
1152 815 1246 861 aut
1277 805 1494 876 penitus
1525 804 1849 859 relaxatum.

832 903 939 958 Usu
1000 901 1175 957 evenit
1222 898 1366 969 quod
1421 896 1658 952 Basilius
1706 899 1980 952 metuebat
2023 915 2038 951 :
2082 910 2256 967 neque
2292 913 2321 952 a

754 992 1306 1055 Neocmsariensibus,
1337 1006 1405 1046 ex
1446 1005 1555 1059 qtto
1612 1005 1809 1044 novum
1861 991 2173 1059 episcopum
2224 990 2323 1043 ha-

755 1090 942 1152 buere,
970 1087 1111 1141 ullas
1133 1084 1336 1140 amoris
1364 1092 1420 1138 et
1446 1081 1847 1136 communionis
1897 1081 2325 1153 significationes

755 1181 981 1250 accepit.
1016 1179 1169 1235 Unde
1215 1175 1465 1247 queritur
1490 1173 1599 1246 (a),
1637 1172 1781 1242 quod
1830 1187 2019 1228 eorum
2048 1172 2323 1227 iracundia

757 1283 922 1328 totam
962 1270 1199 1325 hominis
1252 1276 1465 1322 atatem
1514 1266 1772 1337 perduret
1815 1283 1830 1320 :
1864 1280 2085 1321 causam
2125 1266 2326 1333 ubique

755 1366 808 1419 in
834 1364 1145 1432 episcopum
1181 1360 1401 1430 rejicit:
1431 1357 1732 1427 expostulat
1756 1356 1832 1427 (ὸ)
1876 1373 1998 1412 cum
2020 1356 2309 1412 Neocresa-

754 1454 1052 1515 riensibus,
1083 1451 1226 1521 quod
1284 1448 1409 1503 belli
1469 1449 1572 1503 sibi
1623 1447 1757 1503 illati
1820 1448 2010 1504 ducem
2041 1463 2231 1502 omnes
2256 1447 2322 1500 ad

752 1560 919 1599 unum
947 1551 1268 1612 sequantur.
1302 1540 1697 1608 'l'empestatem
1730 1539 1883 1595 abiis
1906 1539 1997 1608 qui
2025 1540 2091 1592 ad
2108 1540 2319 1594 clavum

751 1634 943 1689 sedent
971 1631 1194 1687 excitari
1244 1631 1320 1685 ait
1348 1630 1444 1701 (ο).
1476 1628 1649 1700 Supra
1679 1630 1989 1699 episcopum
2042 1627 2321 1684 Neocaesa-

754 1723 991 1776 riensem
1023 1719 1371 1791 probavimus
1397 1732 1517 1773 esse
1546 1717 1829 1773 Atarbium
1874 1717 2046 1781 illum,
2078 1718 2169 1788 qui
2198 1734 2320 1772 cum

752 1812 1011 1869 Basilium
1045 1810 1388 1883 gravissimis
1436 1807 1739 1863 maledictis
1770 1810 1823 1861 in
1859 1808 2034 1863 media
2094 1808 2319 1863 ecclesia

2425 623 2727 680 hominibus
2756 623 3133 694 arrogantibus
3158 623 3387 679 demisse
3408 638 3468 680 se
3505 633 3736 693 gereret,
3770 623 3994 693 scripsit

2424 712 2492 768 ad
2516 715 2857 787 presbyteros
2883 714 3348 770 Neoeesarienses
3369 753 3385 779 ,
3422 729 3488 770 ac
3527 729 3624 785 per
3664 730 3760 771 eos
3803 715 3868 771 ad
3900 725 3991 771 to-

2426 816 2535 860 tam
2563 806 2837 863 civitatem
2865 807 3024 876 epist.
3057 806 3184 861 20$.
3215 806 3472 875 Queritur
3494 808 3639 876 quod
3668 824 3791 863 cum
3823 818 3992 863 totae

2430 909 2609 954 tantas
2647 914 2769 953 cum
2804 898 2884 954 eis
2912 899 3111 955 habeat
3157 900 3577 955 necessitudinis
3605 914 3834 965 causas,
3864 912 3993 955 tan-

2424 991 2514 1045 diu
2552 992 2758 1046 invisus
2780 990 2861 1047 eis
2882 992 2975 1057 sit,
3006 1006 3071 1046 ac
3093 1001 3378 1061 utramque
3408 1006 3591 1047 aurem
3634 991 3990 1047 calumniato-

2426 1081 2573 1137 ribus
2607 1082 2905 1151 praebeant.
2929 1080 3210 1137 Humiliter
3235 1081 3506 1137 fateturse
3525 1081 3690 1136 multa
3716 1096 3979 1152 peccare;

2426 1174 2517 1227 sed
2552 1183 2725 1243 rogat,
2751 1184 2810 1229 ut
2836 1173 2879 1229 si
2909 1174 3020 1228 vita
3053 1189 3150 1230 sua
3191 1175 3244 1230 in
3274 1174 3480 1230 crimen
3514 1182 3737 1229 vocetur
3758 1212 3774 1238 ,
3804 1188 3993 1228 coram

2426 1265 2711 1333 episcopis,
2733 1276 2827 1321 aut
2851 1281 3037 1321 coram
3060 1266 3474 1335 spectatissimis
3491 1280 3555 1319 ex
3586 1264 3851 1334 cujusque
3882 1264 3992 1319 Ec-

2424 1356 2599 1412 clesia:
2628 1357 2771 1413 clero
2800 1373 2888 1413 res
2936 1356 3277 1424 dijudicetur.
3328 1356 3479 1424 Quod
3510 1358 3554 1412 si
3584 1357 3718 1412 tides
3745 1371 3840 1411 sua
3868 1370 3995 1410 sus-

2427 1460 2576 1518 cepta
2622 1452 2711 1513 sit,
2751 1450 2985 1519 postulat
3011 1458 3068 1503 ut
3097 1448 3353 1517 scriptum
3379 1450 3701 1518 proferatur,
3725 1460 3781 1504 et
3811 1457 3867 1501 ut
3893 1463 3994 1508 nar

2426 1552 2510 1596 est
2536 1541 2892 1596 examinetur.
2950 1540 3026 1597 Ac
3054 1556 3120 1596 ne
3149 1541 3419 1594 videretur
3445 1555 3671 1595 examen
3700 1542 3983 1597 subterfu-

2426 1646 2573 1701 gere.
2605 1647 2701 1687 sna
2735 1632 2931 1702 scripta
2974 1647 3161 1687 eorum
3191 1631 3391 1699 judicio
3443 1633 3721 1699 permittit.
3773 1630 3988 1699 Scripta

2427 1722 2636 1777 videtur
2663 1723 2779 1777 ham
2811 1722 3033 1791 epistola
3061 1724 3202 1777 circa
3230 1722 3368 1777 idem
3403 1731 3612 1790 tempus
3638 1738 3701 1777 ac
3732 1724 3993 1778 ducente-

2424 1811 2562 1865 sima
2599 1812 2779 1866 tertia.
2836 1810 3141 1866 Verisimile
3198 1821 3280 1867 est
3334 1811 3477 1866 enim
3532 1810 3824 1875 Basilium,
3862 1826 3989 1866 cum

754 1877 1133 1966 Iacerasse,vet
1159 1900 1337 1957 errori
1382 1896 1692 1953 Sabelliano
1718 1898 1878 1954 aliine
1906 1899 2105 1969 aliquid
2127 1900 2322 1967 prtedi-
2356 1877 2395 1931 Β
2426 1902 2581 1959 Ponti
2607 1904 2983 1975 episcoporum
3026 1903 3453 1959 benevolentiam
3484 1902 3795 1974 recolligere
3820 1918 3986 1959 cona-

752 2012 911 2052 casse
940 1995 1239 2057 diceretur,
1266 1992 1564 2047 accersitus
1598 2006 1628 2046 a
1653 1989 1874 2056 Basilio,
1907 2005 2009 2044 non
2033 1990 2193 2045 modo
2216 2005 2320 2044 non

750 2087 954 2159 paruit,
994 2086 1090 2142 sed
1121 2085 1287 2141 etiam
1336 2080 1522 2137 Basilii
1574 2082 1741 2135 vitam
1789 2090 1842 2135 et
1891 2081 2191 2136 doctrinam
2242 2082 2325 2133 in-

756 2178 979 2244 sectari,
999 2176 1158 2232 fanda
1181 2185 1234 2231 et
1256 2172 1483 2229 infanda
1510 2172 1563 2227 in
1580 2188 1701 2226 eum
1724 2172 2033 2227 concionari
2063 2172 2320 2241 perrexit,

747 2282 912 2339 atque
940 2267 1019 2341 (ἀ)
1049 2268 1209 2323 etiam
1245 2266 1492 2321 mercede
1540 2263 1816 2328 conduxit,
1838 2264 1926 2333 qui
1948 2264 2155 2318 somnia
2183 2263 2325 2319 illius

749 2360 907 2415 fama:
935 2358 1215 2427 iniuriosa,
1236 2356 1448 2419 ctelitus
1461 2355 1564 2411 sibi
1585 2354 1761 2411 oblata
1786 2370 1911 2411 esse
1931 2356 2195 2426 ﬁngerent
2221 2354 2317 2428 (ε).

746 2450 963 2520 Scripta
992 2450 1204 2513 Basilii,
1233 2458 1295 2504 ut
1327 2447 1610 2519 profanam
1640 2447 1961 2514 sapientiam
1997 2448 2319 2514 redolentia,

746 2540 1100 2613 exagitabat:
1148 2555 1213 2595 ac
1270 2539 1597 2595 criminandi
1652 2554 1837 2595 ansam
1883 2554 1952 2593 ex
2007 2539 2150 2593 illius
2196 2554 2320 2594 cum

747 2632 1037 2689 Eustathio
1083 2631 1466 2687 communione
1521 2629 1739 2685 videtur
1812 2630 2129 2699 arripuisse.
2182 2629 2321 2685 Cau-

749 2741 866 2780 sam
902 2723 978 2796 (Ῑ)
1028 2723 1373 2794 inexpiabilis
1418 2722 1527 2777 odii
1556 2723 1883 2794 praetexebat
1917 2720 2173 2775 ttonnulla
2199 2720 2319 2775 Cat-

748 2819 1010 2873 sariensis
1033 2818 1293 2872 Ecclesia:
1329 2815 1602 2884 instituta,
1644 2817 1789 2873 velut
1824 2814 2082 2886 psallendi
2133 2816 2315 2882 ritum,

748 2919 806 2964 et
830 2910 1069 2964 virorum
1110 2922 1175 2961 ac
1203 2907 1473 2976 virginum
1502 2909 1852 2972 monasteria,
1904 2922 2026 2977 quae
2076 2922 2177 2963 nec
2218 2906 2321 2963 Ec-

745 3000 926 3055 clesia:
979 2997 1407 3055 Neocaesariensi
1462 3007 1588 3053 nota
1641 3010 1848 3064 erant,
1906 3014 2008 3055 nec
2072 2998 2316 3070 Gregorii

749 3104 995 3163 tempore
1047 3090 1267 3147 fuerant
1317 3088 1538 3146 usitata.
1568 3088 1878 3156 Quinetiam
1910 3089 1987 3161 (g)
2030 3090 2317 3159 impudens

2425 2005 2593 2060 retur,
2626 2010 2732 2050 non
2771 1993 3077 2067 neglexisse
3107 1996 3301 2050 similia
3347 1995 3429 2051 vel
3473 1994 3653 2064 potius
3683 1993 3838 2063 longe
3867 2011 3994 2065 gra-

2422 2087 2573 2141 viora
2600 2087 2654 2141 in
2681 2086 3197 2142 Neoczesariensium
3228 2088 3421 2143 animis
3454 2086 3698 2142 vulnera.
3729 2083 3836 2141 Sed
3862 2101 3990 2142 cum

2423 2177 2649 2233 diversae
2674 2187 2859 2234 essent
2886 2179 2939 2233 in
2971 2180 3217 2250 utrisque
3238 2177 3553 2236 offensionis
3581 2193 3784 2244 causae,
3819 2176 3993 2234 diver-

2422 2269 2500 2323 sis
2527 2285 2661 2339 opus
2694 2270 2794 2324 fuit
2816 2270 3040 2326 litteris.

2494 2359 2579 2415 Ill.
2604 2360 2785 2415 Basilii
2822 2361 3051 2430 epistola
3096 2361 3161 2415 ad
3204 2360 3359 2418 Ponti
3396 2363 3700 2435 episcopos,
3739 2363 3830 2419 cui
3878 2378 3990 2419 non

2423 2468 2611 2523 parum
2644 2451 2877 2507 addebat
2904 2451 3160 2522 ponderis
3177 2452 3321 2508 Petri
3351 2458 3646 2528 presbyteri
3674 2455 3990 2528 prudentia,

2419 2546 2503 2600 sic
2531 2543 2741 2599 animos
2771 2544 3056 2614 permovit,
3100 2554 3158 2599 ut
3186 2548 3361 2614 parati
3405 2549 3471 2601 ad
3504 2550 3878 2618 deponendam
3907 2548 3994 2604 of-

2420 2638 2717 2695 fensionem
2767 2636 3097 2693 viderentur.
3131 2637 3311 2705 Quare
3356 2638 3587 2695 Basilius
3623 2641 3815 2696 iterum
3843 2642 3994 2698 misit

2420 2716 2543 2786 cum
2584 2730 2779 2787 litteris
2826 2728 3108 2786 Meletium
3172 2730 3546 2801 presbyterum
3580 2732 3647 2786 ad
3672 2732 3940 2800 Elpidium
3971 2772 3989 2799 ,

2420 2836 2586 2877 unum
2632 2837 2699 2879 ex
2749 2823 3018 2893 episcopis
3062 2820 3241 2887 Ponti,
3277 2823 3373 2878 sed
3407 2821 3550 2877 forte
3578 2838 3686 2878 non
3708 2837 3774 2878 ex
3801 2837 3991 2880 eorum

2420 2928 2669 2981 numero,
2692 2915 2782 2984 qui
2816 2914 2885 2969 ab
2919 2914 3176 2971 Ecclesia:
3221 2914 3573 2970 Caesariensis
3611 2915 3995 2971 communione

2420 3007 2801 3064 discesserant.
2832 3007 3033 3063 Basilio
3058 3009 3205 3063 enim
3235 3011 3468 3065 amicum
3501 3010 3555 3065 in
3606 3010 3797 3079 primis
3826 3009 3995 3067 fuisse

2419 3110 2567 3169 patet
2598 3116 2666 3155 ex
2692 3102 2794 3157 hac
2822 3112 2875 3158 et
2897 3103 3147 3172 sequenti
3184 3102 3433 3172 epistola.
3468 3103 3641 3175 Rogat
3680 3118 3806 3160 eum
3838 3103 3995 3159 Basi-

749 3185 880 3240 illud
917 3199 981 3240 os
1027 3185 1094 3240 de
1109 3183 1409 3255 virginibus
1448 3180 1630 3237 Basilii
1659 3182 1911 3237 nonnulla
1937 3182 2161 3236 licenter
2187 3179 2316 3285 «ξιτατ
2347 3220 2391 3279 C
2423 3195 2525 3250 lius
2548 3206 2625 3258 ιιι,
2666 3198 2710 3251 εί
2760 3200 3099 3253 necessarius
3143 3198 3192 3252 ei
3227 3199 3437 3255 videtur
3465 3215 3810 3271 congressus,
3848 3202 3995 3257 desi.

750 3276 938 3341 tiebat,
990 3291 1109 3344 quae
1160 3288 1319 3331 antea
1374 3290 1443 3332 ne
1488 3274 1721 3331 Satanas
1768 3275 1989 3346 quidem
2050 3273 2321 3328 mendacii

749 3378 903 3437 pater
935 3366 1179 3437 proferre
1201 3382 1364 3422 ausus
1379 3367 1577 3423 fuerat.

823 3457 993 3517 Veras
1020 3459 1129 3516 odii
1165 3473 1358 3515 causas
1387 3457 1621 3516 Basilius
1674 3459 1754 3532 (It)
1801 3460 1937 3517 duas
1984 3459 2324 3529 potissimum

752 3558 947 3624 refert,
974 3555 1234 3611 invidiam
1258 3570 1403 3611 caeco
1427 3555 1550 3626 igne
1581 3565 1918 3625 carpentem,
1939 3564 1995 3609 et
2028 3562 2229 3609 metum
2257 3567 2325 3608 ne

754 3668 786 3705 a
807 3650 1009 3704 Basilio
1031 3648 1322 3703 Sabelliani
1355 3650 1561 3705 erroris
1593 3658 1935 3719 argueretur.
1980 3647 2183 3702 Invidia
2216 3661 2322 3700 non

756 3740 807 3794 in
840 3737 1013 3795 solum
1060 3736 1317 3793 Basilium
1357 3749 1609 3806 eruperat
1641 3756 1657 3791 :
1709 3741 1805 3793 sed
1841 3740 1943 3795 hoc
1984 3740 2175 3794 morbo
2210 3746 2322 3793 tota

756 3832 991 3887 hominis
1020 3831 1125 3885 vita
1162 3830 1467 3885 laborabat.
1516 3828 1820 3898 lmpietatis
1854 3839 2030 3883 autem
2063 3830 2165 3883 sibi
2192 3844 2325 3884 con-

750 3925 899 3979 scius
938 3923 1118 3978 Basilii
1149 3936 1504 3991 congressum
1567 3932 1724 3975 caute
1758 3919 2017 3991 fugiebat.
2046 3918 2149 3974 Vix
2180 3920 2323 3974 enim

753 4032 953 4087 negare
994 4020 1298 4089 potuisset,
1328 4033 1451 4069 eum
1509 4026 1675 4072 testes
1716 4016 1862 4071 illius
1905 4029 2213 4069 sermonum
2239 4029 2325 4069 es-

750 4121 871 4167 sent
904 4125 1011 4165 non
1044 4108 1220 4179 pauci.
1266 4108 1524 4162 Auditum
1562 4118 1681 4162 erat
1733 4124 1799 4161 ex
1834 4123 1920 4172 eo,
1970 4122 2090 4161 cum
2120 4108 2325 4162 diceret

752 4198 830 4267 (ιι.
865 4198 920 4268 3)
950 4213 1142 4253 nomen
1190 4196 1489 4251 adversarii
1533 4196 1789 4250 traditum
1837 4211 1990 4259 esse,
2044 4195 2321 4267 Unigeniti

750 4304 881 4343 vero
905 4305 1260 4359 nequaquam.
1292 4288 1415 4344 llaec
1441 4288 1645 4343 Basilio
1681 4289 1937 4359 pudorem
1963 4287 2317 4352 incutiebant,

753 4379 882 4448 quia
914 4380 1352 4449 consanguineus
1396 4380 1543 4435 illius
1593 4389 1713 4435 erat
1760 4378 2055 4449 impietatis
2107 4387 2321 4432 auctor.

749 4470 886 4525 Cum
918 4477 1097 4523 autem
1131 4477 1272 4523 esset
1298 4468 1389 4523 ille
1416 4468 1500 4523 vir
1528 4469 1965 4534 iudoctissimus,
1998 4478 2054 4521 ut
2088 4466 2321 4522 Basilius

2426 3294 2554 3356 gnet
2580 3286 2755 3342 locum
2787 3296 2843 3342 et
2875 3296 3105 3357 tempus,
3144 3305 3311 3359 seque
3336 3300 3390 3347 et
3430 3290 3588 3347 Ponti
3612 3293 3901 3364 episcopos
3929 3308 3995 3349 ea

2425 3380 2491 3433 de
2523 3393 2579 3432 re
2601 3381 2883 3435 certiorent
2917 3378 3101 3433 faciat.
3133 3378 3361 3445 Quidam
3382 3395 3449 3434 ex
3480 3383 3582 3437 hoc
3607 3384 3993 3439 convocando-

2427 3487 2543 3526 rum
2567 3471 2944 3543 episcoporum
2989 3486 3212 3526 munere
3231 3509 3248 3539 ,
3292 3488 3401 3541 quo
3432 3473 3743 3541 perfunctus
3776 3485 3862 3530 est
3893 3478 3998 3534 hoc

2425 3563 2477 3618 in
2512 3561 2732 3632 negotio
2753 3561 3016 3631 Elpidius,
3044 3562 3424 3617 concluserunt
3455 3577 3578 3618 eum
3622 3566 3997 3633 metropolita-

2425 3667 2553 3705 num
2582 3650 2749 3706 fuisse
2787 3650 2967 3717 Ponti,
3000 3662 3163 3722 atque
3191 3658 3327 3707 adeo
3356 3654 3668 3723 episcopum
3720 3651 3998 3711 Neoczesa.

2426 3742 2659 3796 riensem
2690 3750 2745 3795 et
2788 3740 3021 3795 Musonii
3079 3755 3474 3798 successorem.
3506 3742 3613 3798 Sed
3648 3741 3766 3797 haec
3810 3744 3997 3814 Opinio

2422 3831 2725 3887 consistere
2750 3847 2856 3887 non
2895 3842 3073 3902 potest
3096 3848 3219 3886 cum
3252 3834 3317 3887 iis
3349 3849 3469 3904 qua:
3497 3836 3563 3890 de
3581 3836 3836 3908 episcopo
3857 3834 3998 3891 Neo-

2431 3920 2739 3975 caesariensi
2769 3920 3026 3973 diximus.
3054 3920 3233 3975 Potuit
3252 3924 3467 3990 quidem
3494 3923 3757 3993 Elpidius,
3786 3933 3846 3980 ut
3877 3934 3997 3981 erat

2424 4019 2585 4064 aetate
2618 4017 2925 4077 provectus,
2962 4006 3041 4078 (It)
3071 4012 3467 4078 metropolitani
3496 4015 3813 4083 dignitatem
3852 4017 3996 4073 obti-

2425 4118 2575 4171 nere,
2618 4117 2738 4173 quxe
2779 4101 2833 4156 in
2892 4099 3066 4155 Ponto
3116 4104 3260 4157 aetati
3314 4102 3676 4173 deferebatur,
3725 4107 3996 4163 interdum

2423 4196 2587 4251 etiam
2618 4195 2803 4249 virtuti
2836 4193 2913 4265 (ι)
2934 4209 2952 4261 ;
3002 4203 3060 4249 ut
3096 4192 3342 4251 Musonio
3377 4194 3606 4250 delatam
3663 4214 3826 4266 supra
3860 4201 3998 4255 vidi-

2426 4303 2564 4343 mus.
2617 4288 2724 4342 Sed
2751 4325 2767 4352 ,
2802 4289 3135 4343 utobservat
3177 4286 3574 4353 Tillemontius,
3625 4303 3747 4343 cum
3776 4302 3997 4360 rogetur

2427 4378 2664 4447 Etpidius
2708 4389 2766 4433 ut
2786 4387 2843 4434 et
2860 4379 3056 4435 Basilio
3075 4389 3131 4435 et
3154 4380 3416 4448 episcopis
3428 4378 3579 4435 Ponti
3598 4380 3843 4451 designet
3862 4393 3997 4438 tem-

2424 4484 2524 4538 pus
2555 4478 2610 4522 et
2642 4470 2814 4525 locum
2843 4485 3201 4541 congressus;
3246 4473 3702 4541 quemadmodum
3727 4475 3853 4530 inde
3875 4477 3991 4531 col-

749 4559 814 4631 (i)
850 4574 957 4614 non
991 4560 1224 4614 obscure
1248 4558 1473 4623 indicat,
1505 4573 1568 4613 ac
1598 4558 1777 4626 impiis
1809 4560 1921 4614 suis
1951 4556 2318 4613 cavillationl-
2360 4575 2401 4629 ο
2428 4562 2513 4631 ligi
2542 4579 2646 4618 non
2680 4574 2857 4637 potest
2887 4580 3010 4619 eum
3035 4566 3088 4620 in
3121 4566 3375 4623 Basiliutn
3411 4569 3532 4640 jura
3572 4571 3991 4638 metropolitana

751 4650 853 4705 bus
873 4666 942 4705 ne
975 4651 1456 4706 verisimilitudinis
1477 4649 1694 4720 quidem
1726 4648 1961 4704 colorem
1988 4650 2195 4705 illinere
2228 4664 2321 4703 va-

753 4738 889 4793 leret
915 4736 1003 4807 (ji,
1040 4756 1252 4794 errores
1280 4754 1406 4794 suos
1458 4742 1639 4810 inepto
1687 4739 1899 4795 cuidam
1935 4740 2137 4809 scripto
2170 4755 2323 4793 tuan-

752 4831 993 4895 daverat,
1026 4830 1168 4898 quod
1200 4831 1265 4884 ad
1296 4830 1565 4887 Meletium
1598 4831 1847 4895 missum,
1917 4839 1972 4885 et
2023 4842 2319 4886 retrorsum

752 4936 783 4973 a
814 4931 1002 4976 sancto
1024 4921 1163 4986 viro,
1188 4931 1245 4975 ut
1272 4936 1367 4991 par
1389 4933 1528 4987 erat,
1554 4923 1830 4991 reiectum,
1858 4922 1972 4992 ipse
1992 4922 2043 4976 in
2064 4924 2318 4988 tenebris,

755 5010 894 5065 velut
926 5023 1126 5065 matres
1159 5026 1278 5080 quae
1304 5022 1540 5066 monstra
1593 5020 1957 5082 pepererunt,
1990 5013 2187 5071 alebat.
2222 5012 2324 5067 Pe-

755 5102 1019 5156 riclitatus
1069 5103 1230 5156 etiam
1262 5101 1435 5157 fuerat
1486 5102 1540 5155 in
1566 5094 1817 5173 quadam
1861 5103 2089 5173 epistola
2129 5102 2322 5158 Anthi-

756 5208 899 5247 mum
928 5194 1282 5265 Tyanensem,
1334 5195 1613 5266 proposito
1647 5195 1881 5265 quodam
1906 5195 2153 5266 Gregorii
2184 5195 2320 5251 Neo-

755 5287 1091 5342 czesariensis
1120 5288 1453 5345 testimonio.

825 5374 1077 5442 Basilius,
1100 5378 1272 5448 quise
1302 5379 1617 5435 dedecorari
1650 5394 1753 5435 non
1795 5383 2037 5449 putabat,
2069 5384 2111 5438 si
2148 5382 2318 5436 maxi-

823 5492 901 5700 ἓαζ
934 5492 1031 5561 Ep.
1057 5495 1181 5558 204,
1215 5512 1269 5550 ιι.
1300 5497 1351 5551 1.

850 5566 875 5616 b
941 5564 1039 5631 Ep.
1063 5566 1191 5631 207,
1224 5583 1277 5621 ιι.
1319 5569 1343 5619 1

849 5638 894 5699 ε)
926 5633 1024 5700 Ep.
1053 5634 1177 5695 2l0.
1205 5655 1259 5689 ιι.
1289 5638 1342 5690 2.

850 5564 899 5631 ο)
941 5564 1039 5631 Ep.
1063 5566 1191 5631 207,
1224 5583 1277 5621 ιι.
1319 5569 1370 5620 ι.

849 5638 894 5699 ε)
926 5633 1024 5702 Ep.
1053 5634 1177 5695 2l0.
1205 5655 1259 5689 ιι.
1289 5638 1342 5690 2.

827 5704 903 5772 (ά)
944 5707 1037 5771 Ep.
1069 5706 1194 5770 207,
1230 5723 1281 5758 tt.
1314 5711 1338 5758 1

831 5776 897 5839 te}
930 5774 1022 5840 Ep.
1046 5774 1174 5836 294,
1207 5791 1260 5826 ιι.
1288 5775 1340 5827 5.

830 5842 895 5906 (ι’)
933 5840 1029 5908 Ep.
1056 5843 1183 5906 207,
1211 5859 1263 5895 ιι.
1292 5843 1349 5898 ἳ.

2430 4654 2705 4722 habuisse,
2738 4656 2813 4711 ita
2838 4654 3171 4726 probabilius
3207 4669 3291 4716 est
3339 4676 3444 4715 non
3484 4661 3618 4715 alias
3641 4674 3763 4715 eum
3799 4663 3903 4719 hac
3943 4666 3995 4720 in

2430 4762 2487 4802 re
2516 4764 2675 4819 quam
2701 4747 2861 4804 amici
2894 4757 2947 4804 et
2977 4750 3291 4823 interpretis
3319 4753 3463 4807 vices
3490 4751 3817 4811 defendisse.

2496 4838 2721 4895 Diﬂlcile
2743 4839 2811 4895 ad
2835 4841 3210 4912 explicandum
3241 4843 3412 4912 prima
3437 4843 3617 4911 specie
3643 4844 3874 4909 videtur,
3897 4861 3996 4901 cur

2426 4924 2655 4979 Basilius
2673 4923 3027 4982 dicatiterum
3053 4942 3081 4980 a
3104 4942 3163 4982 se
3193 4925 3464 4981 Meletium
3490 4930 3994 5000 compresbyterum

2427 5017 2586 5070 mitti.
2621 5014 2737 5071 Non
2782 5016 2926 5073 enim
2978 5018 3124 5072 illum
3166 5027 3327 5073 antea
3368 5020 3607 5088 miserat,
3648 5020 3744 5077 sed
3774 5020 3991 5075 Petrum

2426 5110 2817 5178 presbyterum.
2843 5108 2948 5164 Sed
2978 5109 3270 5164 verisimile
3306 5120 3389 5166 cst
3413 5127 3535 5166 eum
3564 5112 3724 5167 simul
3746 5125 3867 5165 cum
3892 5112 3993 5169 Pe-

2425 5208 2508 5253 tro
2538 5200 2758 5254 missum
2786 5200 2951 5255 fuisse
2974 5244 2987 5262 .
3024 5200 3123 5256 etsi
3155 5200 3327 5255 solum
3368 5201 3585 5256 Petrum
3616 5200 3857 5257 nominat
3884 5202 3988 5258 Ba-

2427 5292 2581 5347 silius
2610 5292 2664 5346 in
2692 5292 2850 5363 epist.
2873 5292 2997 5347 203.
3029 5291 3142 5347 Mos
3171 5295 3315 5348 enim
3348 5303 3464 5348 erat
3491 5308 3656 5348 unum
3686 5294 3991 5362 nominare,

2429 5383 2677 5455 quamvis
2708 5385 2813 5439 duo
2836 5386 3195 5452 mitterentur,
3226 5398 3281 5441 ut
3301 5386 3711 5444 observavimus
3733 5385 3801 5444 ad
3834 5391 3993 5462 epist.

2496 5499 2576 5567 (9)
2611 5498 2705 5567 Ep.
2728 5499 2856 5564 207,
2883 5516 2937 5554 ιι.
2972 5501 3028 5554 2.

2498 5570 2573 5638 (It)
2611 5568 2706 5640 Ep.
2744 5572 2867 5631 2l8,
2902 5589 2956 5623 ιι.
2980 5572 3036 5625 2.

2724 5640 2854 5712 20$,
2890 5659 2941 5694 tt.
2974 5644 3027 5702 5,
3056 5650 3108 5696 et
3128 5642 3255 5712 207,
3292 5661 3343 5699 ιι.
3370 5645 3415 5697 ι.

2499 5710 2566 5777 (j)
2602 5709 2697 5776 Ep.
2726 5710 2829 5764 2l0
2852 5752 2864 5773 ,
2900 5728 2952 5766 ιι.
2982 5712 3038 5769 5.

2500 5780 2573 5847 (k)
2607 5779 2703 5847 Ep.
2737 5779 2864 5836 206.

2504 5851 2563 5917 (ι)
2594 5850 2688 5917 Ep.
2714 5849 2803 5904 25.
