4214 6540
1531 453 1690 513 ἮΤΑ
1731 455 1788 511 S.
1826 451 2091 511 BASILII.

3227 463 3435 509 CK!XIII

208 581 314 638 243.
350 582 484 637 Eum
513 576 679 648 paulo
706 590 836 637 ante
857 579 1095 651 ejusdem
1122 580 1333 636 itineris
1359 579 1572 639 labores
1597 586 1766 637 susti-
1802 589 1840 645 Α
1875 580 2081 650 ptione.
2116 581 2208 633 sed
2240 577 2406 641 liquet
2431 578 2692 649 scriptam
2723 593 2845 635 esse
2886 576 3085 634 homini
3131 577 3311 649 praelia
3342 590 3441 649 pro

212 676 399 734 nuisse,
433 670 562 725 inde
585 673 753 727 etiam
782 673 1091 728 confirmari
1128 684 1325 742 potest,
1361 673 1505 740 quod
1541 672 1773 727 Basilius

1875 670 2078 726 Basilio
2106 666 2423 731 sustinenti,
2448 681 2503 725 et
2535 670 2674 725 inter
2696 668 2971 725 hominum
2992 682 3159 739 genus
3182 668 3439 730 versanti,

212 765 253 815 ei
280 774 503 827 parcere
541 769 814 816 statuerat
844 760 915 813 ob
943 762 1125 817 carnis
1166 761 1535 814 infirmitatem
1561 800 1576 825 ,
1611 775 1772 830 quam
1873 765 1963 833 qni
1989 760 2191 816 Basilio
2221 759 2375 813 valde
2415 762 2825 817 succensebant.
2878 762 3033 817 Unde
3062 767 3311 829 precatur
3335 757 3439 812 Ba-

215 852 302 904 sibi
333 864 529 918 sponte
558 853 889 912 adsciverat,
931 866 1149 907 carnem
1198 851 1250 902 in
1284 851 1597 904 servitutem
1636 851 1774 905 redi-

216 955 335 1009 gens
359 943 431 997 ob
456 941 806 1011 Evangelium
836 942 1073 1009 ChriSti;
1112 942 1204 997 sed
1239 956 1360 994 cum
1380 941 1482 996 sibi
1512 940 1773 997 decorum

217 1048 325 1089 esse
365 1036 690 1102 intelligeret
734 1032 995 1101 Elpidium
1040 1048 1135 1101 per
1186 1030 1451 1099 ejusmodi
1502 1033 1775 1089 hominem

218 1125 463 1183 salutare,
499 1136 562 1175 ac
590 1121 705 1191 ipse
734 1121 999 1189 Mcletius,
1020 1138 1084 1176 ex
1102 1137 1207 1191 quo
1231 1134 1453 1179 noverat
1481 1123 1775 1193 Elpidium,

220 1229 406 1283 magno
444 1212 589 1265 illius
621 1213 833 1266 videndi
876 1212 1142 1266 desiderio
1188 1222 1496 1278 teneretur;
1540 1213 1781 1267 exoravit

218 1317 329 1357 eum
372 1301 625 1364 Basilius,
652 1311 710 1356 ut
734 1302 930 1355 iterum
958 1302 1010 1357 in
1052 1302 1281 1358 Pontum
1321 1305 1776 1374 proficisceretur.

282 1392 544 1458 Quamvis
580 1393 807 1448 Basilius
831 1410 927 1464 pro
962 1411 1173 1451 summa
1215 1414 1307 1451 sua
1361 1398 1665 1454 urbanitate
1702 1398 1782 1453 lo~

220 1494 419 1538 cumet
464 1493 674 1554 tempus
723 1502 1044 1558 congressus
1085 1488 1291 1556 Elpidio
1342 1490 1779 1545 constituendum

224 1580 483 1647 relinquat
512 1621 527 1645 ,
566 1580 707 1635 dedit
734 1592 906 1635 tamen
941 1583 992 1633 itt
1024 1583 1288 1637 mandatis
1319 1581 1554 1647 Meletio,
1591 1591 1649 1635 ut
1672 1584 1784 1651 epi-

221 1672 395 1741 scopis
446 1676 780 1727 demonstret
846 1673 1281 1739 percommodntn
1347 1674 1452 1728 sibi
1498 1671 1676 1726 locum
1731 1683 1786 1728 et

225 1775 431 1832 tempus
460 1764 600 1825 fore,
632 1764 676 1816 si
713 1772 840 1816 tunc
876 1778 1194 1835 congressus
1240 1765 1415 1828 ﬁeret,
1446 1778 1567 1818 cum
1605 1778 1784 1833 parm-

222 1856 311 1907 cia:
350 1871 465 1906 suae
493 1867 659 1921 pagos
706 1854 927 1908 visitans
966 1856 1031 1907 ad
1059 1854 1383 1908 Comanicos
1429 1854 1564 1910 lines
1590 1870 1784 1926 perve-

1876 852 2045 917 silius,
2078 860 2138 906 ut
2166 860 2221 907 et
2258 848 2348 904 ille
2390 848 2532 903 idem
2572 859 2907 917 permaneat,
2940 861 2994 904 et
3042 848 3130 905 isti
3189 850 3441 904 meliores

1879 942 2029 996 ﬁanL

1953 1031 2015 1087 γ.
2046 1034 2345 1104 Antequam
2365 1029 2596 1087 Basilius
2624 1032 2675 1086 itt
2715 1028 2940 1088 Pontum
2983 1031 3440 1103 proficisceretur,

1880 1124 2339 1180 celebravitdiem
2380 1122 2577 1179 festum
2607 1121 2667 1179 S.
2698 1122 3005 1193 Eupsychii,
3057 1124 3144 1179 cui
3199 1123 3443 1178 interfuit

1880 1215 2314 1286 Amphilochius,
2364 1225 2423 1270 ut
2445 1213 2761 1283 jamdudum
2789 1228 3001 1283 rogatus
3032 1233 3061 1271 a
3097 1215 3297 1270 Basilio
3325 1215 3444 1271 ineo

1882 1316 1985 1361 rat.
2009 1306 2128 1362 Jam
2152 1308 2737 1373 absolutumeratopns
2754 1306 2818 1359 de
2841 1303 3040 1374 Spiritu
3066 1319 3271 1369 saneto,
3303 1309 3447 1376 quod

1882 1397 2115 1455 Basilius
2149 1400 2315 1469 ipsius
2338 1400 2555 1454 hortatu
2584 1407 2899 1467 susceperat
2919 1404 2958 1462 ς*
2980 1401 3072 1453 sed
3107 1403 3317 1456 videtur
3350 1395 3449 1454 Ba~

1884 1490 2040 1547 silius
2069 1491 2197 1545 illud
2237 1490 2478 1561 relegere
2510 1498 2563 1544 et
2589 1499 2888 1544 extremam
2926 1505 3138 1542 manum
3165 1491 3445 1561 imponere

1888 1581 2149 1644 voluisse,
2180 1596 2244 1635 ac
2294 1582 2498 1636 idcirco
2530 1578 2878 1635 auferendum
2915 1580 3292 1650 Amphilochia
3338 1599 3447 1639 non

1885 1674 2115 1729 dedisse.
2152 1671 2289 1737 Quin
2330 1670 2493 1725 etiam
2522 1688 2642 1725 cum
2683 1680 2867 1741 postea
2902 1672 3057 1726 vellet
3090 1674 3321 1736 mittere,
3341 1690 3454 1727 mo-

1887 1778 2003 1818 ram
2040 1761 2341 1815 attulerunt
2372 1762 2492 1827 data
2522 1760 2760 1815 librariis
2789 1760 2857 1814 ab
2889 1758 3265 1829 Amphilochia
3294 1776 3449 1814 mana-

1889 1858 2035 1921 data,
2092 1865 2149 1909 ut
2182 1853 2329 1907 hunc
2377 1853 2572 1906 librum
2608 1853 2659 1906 in
2695 1853 3026 1908 membranis
3060 1853 3450 1910 describerent.

223 1946 405 1996 uisset.
433 1942 489 1996 id
516 1945 659 1997 enim
692 1945 758 1997 ab
792 1945 1057 2012 episcopis
1090 1943 1320 2002 Basilius
1362 1948 1584 2016 petiisse
1616 1964 1674 2003 se
1704 1949 1784 2001 di-
1818 1936 1858 1990 Β
1892 1945 2011 1999 Haec
2041 1946 2397 2016 perspicimus
2425 1958 2490 1997 ex
2531 1942 2707 1996 verbis
2730 1944 2966 2011 epistolae
2993 1945 3117 2009 251,
3147 1960 3266 2014 qua:
3289 1960 3449 2013 supra

223 2034 286 2087 cit
320 2036 373 2087 in
415 2036 643 2105 epistola
690 2037 960 2104 sequenti,
996 2052 1199 2108 eosque
1232 2041 1488 2095 annuisse
1537 2049 1685 2110 patet
1716 2054 1782 2095 ex

222 2133 403 2181 eadem
438 2130 696 2198 epistola,
728 2126 781 2180 in
809 2143 910 2198 qua
946 2130 1211 2199 Elpidium
1251 2135 1462 2201 nepotis
1490 2143 1665 2189 morte
1705 2133 1787 2189 af-

223 2218 423 2275 ﬂictum
467 2221 792 2287 consolatur,
829 2240 893 2279 ac
938 2237 1088 2295 rogat
1127 2238 1184 2280 ut
1231 2243 1296 2282 ne
1324 2229 1467 2282 illius
1492 2230 1643 2283 dolor
1671 2247 1786 2300 spe-

225 2322 394 2363 ratum
417 2314 481 2365 ad
505 2312 827 2370 Comanicos
856 2316 986 2368 lines
1013 2331 1360 2384 congressum
1387 2318 1712 2387 interpellet.

286 2405 373 2462 IV.
402 2405 625 2462 Litteris
657 2407 839 2461 Basilii
892 2407 1022 2460 nihil
1064 2387 1457 2477 responderunt
1487 2411 1786 2481 presbyteri

222 2494 707 2561 Neocaesarienses,
750 2511 814 2552 ac
851 2496 1066 2552 silentio
1111 2513 1209 2553 suo
1257 2500 1486 2569 gratiam
1537 2516 1596 2556 se
1651 2504 1790 2557 inire

223 2590 378 2643 malle
407 2589 477 2643 ab
506 2589 761 2657 episcopo
796 2604 915 2657 suo,
942 2604 1103 2661 quam
1144 2607 1331 2662 mquos
1348 2608 1406 2647 se
1424 2591 1622 2649 Basilio
1652 2610 1792 2665 prae-

224 2680 346 2733 bere
375 2680 772 2749 significarunt.
800 2680 922 2736 Haec
949 2683 1145 2754 agendi
1189 2685 1329 2740 ratio
1370 2687 1651 2742 videbatur
1684 2688 1789 2743 Ba-

224 2772 399 2825 siliutn
434 2774 731 2838 adhortari,
761 2784 818 2827 ut
845 2776 1081 2829 vicissim
1107 2778 1220 2846 ipse
1249 2781 1657 2834 conticesceret.
1684 2782 1789 2836 Sed

224 2876 341 2916 cum
373 2863 665 2918 calumniis
689 2879 748 2918 se
780 2867 954 2935 appeti
982 2867 1214 2933 videret,
1251 2883 1312 2922 ac
1335 2879 1595 2938 praterea
1632 2871 1789 2927 fidem

223 2951 289 3003 ab
340 2950 601 3021 episcopo
657 2950 1077 3009 Neocaesariensi
1126 2960 1394 3024 perverti,
1454 2960 1624 3013 satius
1673 2976 1794 3017 esse

224 3044 373 3097 duxit
401 3044 710 3098 animarum
730 3045 886 3102 saluti
915 3046 1219 3103 consulere.
1248 3046 1449 3105 Scribit
1481 3052 1665 3121 itaque
1686 3052 1793 3108 cle-

226 3136 352 3189 ricis
381 3133 939 3203 Neoczesariensibus,
981 3153 1183 3210 eosque
1217 3142 1467 3196 hortatur
1495 3154 1553 3197 ut
1587 3162 1652 3199 ne
1675 3146 1790 3213 ple-

224 3226 342 3278 bem
414 3229 596 3293 pravis
666 3229 946 3282 erroribus
1001 3230 1221 3284 Sabellii
1274 3234 1440 3285 imbui
1500 3236 1789 3302 patiantur.

1897 2036 2198 2089 retulimus.
2228 2036 2483 2091 Basilinm
2522 2034 2902 2089 Tillemontius
2931 2046 3053 2090 ante
3082 2038 3219 2091 diem
3253 2036 3449 2092 festum

1894 2125 1952 2182 S.
1985 2127 2272 2197 Eupsychii
2305 2129 2355 2181 in
2386 2127 2613 2181 Pontum
2649 2126 2925 2180 existimat
2962 2128 3257 2196 profectum
3306 2141 3447 2185 esse.

1896 2218 2002 2273 Sed
2039 2219 2154 2273 haec
2198 2219 2464 2271 sententia
2502 2218 2779 2272 conciliari
2827 2231 2929 2272 non
2969 2229 3142 2287 potest
3178 2236 3297 2273 cum
3340 2236 3454 2290 ept-

1893 2309 2029 2365 stola
2057 2308 2184 2374 215,
2217 2308 2396 2363 statim
2422 2319 2541 2378 post
2565 2310 2788 2364 reditum
2818 2310 3045 2379 scripta,
3092 2312 3143 2365 in
3173 2327 3274 2381 qna
3304 2311 3457 2367 Basi-

1896 2401 1999 2456 lius
2038 2401 2315 2455 denuntiat
2341 2398 2610 2455 Dorotheo
2645 2400 2869 2454 Romam
2902 2403 3184 2471 cogitanti,
3212 2405 3311 2457 hoc
3356 2405 3456 2458 iter

1904 2492 2081 2545 hieme
2106 2492 2294 2545 confici
2324 2508 2426 2545 non
2457 2506 2616 2562 posse
2643 2509 2657 2558 ;
2690 2493 2831 2561 quod
2860 2494 3076 2562 quidem
3107 2495 3337 2550 absurde
3370 2496 3455 2549 tli-

1897 2594 2039 2636 etum
2070 2584 2261 2638 fuisset
2294 2596 2416 2639 ante
2454 2602 2689 2642 mensem
2724 2585 3117 2657 Septembrem.
3155 2588 3246 2643 Sic
3290 2590 3451 2643 etiam

1899 2676 1951 2731 in
1991 2677 2211 2747 epistola
2232 2677 2358 2735 215.
2384 2692 2545 2746 quam
2581 2679 2750 2732 reditu
2786 2696 2883 2733 suo
2937 2682 3181 2747 protinus
3220 2681 3457 2750 scripsit,

1897 2781 2017 2821 cum
2073 2776 2291 2835 rogatus
2347 2766 2540 2822 fuisset
2585 2776 2641 2820 ut
2688 2767 2739 2820 in
2778 2766 3211 2837 Mesopotamiam
3246 2784 3304 2823 se
3328 2784 3459 2823 con-

1900 2859 2065 2913 ferret
2095 2901 2108 2925 ,
2139 2877 2333 2929 corpus
2356 2878 2509 2915 suum
2539 2860 2662 2916 huic
2685 2860 2863 2915 itineri
2892 2860 3334 2917 hietne‘faciendo
3365 2864 3461 2917 lm-

1900 2964 1997 3018 par
2021 2965 2142 3003 esse
2174 2950 2323 3004 dicit.
2352 2950 2615 3004 Praeterea
2654 2952 2706 3005 in
2739 2954 3002 3019 prooemio
3030 2952 3269 3021 epistolae
3288 2954 3463 3007 tertiae

1900 3041 2196 3104 canonica,
2247 3041 2387 3109 quod
2440 3039 2671 3093 Basilius
2718 3040 2912 3095 itinere
2962 3038 3184 3095 Pontico
3214 3041 3463 3098 defessus

1902 3131 2191 3193 scribebat,
2225 3146 2476 3199 magnum
2512 3130 2723 3184 videndi
2752 3130 3111 3201 Amphilochil
3138 3133 3461 3190 desiderium

1901 3224 2196 3295 significat,
2248 3237 2414 3292 seque
2450 3223 2681 3277 libenter
2728 3224 3144 3293 Euphemiadem
3172 3232 3458 3281 vcntdrum

224 3315 573 3370 Demonstrat
608 3331 956 3387 congressum
996 3336 1149 3375 suum
1186 3337 1290 3375 non
1330 3324 1436 3377 alio
1474 3326 1699 3379 consilio
1731 3330 1797 3380 ab
1826 3297 1868 3354 Ο

1826 3297 1868 3354 (ἶ
1905 3316 2195 3386 promittit,
2227 3312 2273 3369 si
2301 3330 2365 3368 eo
2402 3313 2813 3383 Amphilochius
2852 3314 3108 3367 accedere
3128 3328 3233 3367 non
3273 3329 3462 3381 grave.-

221 3422 409 3463 eorum
440 3410 703 3480 episcopo
728 3410 1004 3474 declinari,
1034 3412 1132 3465 nisi
1171 3415 1313 3483 quod
1345 3425 1569 3479 metuat,
1593 3432 1798 3485 nepra-

221 3513 414 3554 verum
445 3502 761 3570 dogtnatum
789 3502 1006 3556 nomine
1032 3514 1310 3572 arguatur.
1331 3504 1477 3559 illius
1507 3506 1797 3574 impuden-

228 3592 356 3643 tiam
388 3594 658 3661 exagitat,
694 3596 835 3663 qnod
869 3595 1076 3649 somnia
1116 3606 1168 3650 et
1200 3598 1310 3651 visa
1344 3596 1546 3667 fingere
1574 3600 1795 3666 audeat,

226 3692 281 3733 ut
307 3678 496 3734 Basilii
530 3684 809 3750 doctrinam,
836 3696 1088 3756 tanquam
1121 3688 1460 3757 perniciosae,
1489 3689 1667 3745 odium
1694 3690 1798 3745 im-

225 3781 427 3842 portet.
460 3773 597 3827 Cum
634 3774 756 3828 belli
789 3776 1145 3844 implacabilis
1173 3793 1352 3832 causae
1387 3781 1574 3833 inanes
1599 3782 1800 3849 prol'er-

226 3874 435 3925 rentur,
475 3862 737 3931 psallendi
773 3865 909 3919 ritus
943 3876 997 3917 et
1025 3868 1345 3920 monasteria
1370 3906 1385 3931 ,
1426 3870 1663 3922 declarat
1696 3870 1801 3923 Ba-

226 3954 381 4007 silius
407 3968 468 4008 se
500 3953 612 4007 haec
640 3953 884 4007 instituta
910 3970 1116 4022 magna:
1152 3955 1295 4010 laudi
1321 3958 1521 4011 ducere
1549 3971 1565 4011 :
1601 3968 1798 4013 etcum

227 4046 528 4113 objicerent
551 4047 665 4099 hac
693 4045 940 4116 Gregorii
978 4058 1221 4117 tempore
1262 4063 1366 4101 non
1401 4048 1594 4117 fuisse,
1622 4049 1800 4106 oblata

226 4140 517 4193 cccasione
537 4140 889 4201 demonstrat,
912 4125 1176 4208 qu'antutn
1204 4156 1391 4195 eorum
1413 4154 1589 4195 mores
1612 4154 1641 4193 a
1672 4140 1804 4195 Grec

228 4229 365 4298 gnrii
398 4231 579 4299 magni
613 4230 856 4283 moribus
879 4230 1215 4286 deﬂexerint.
1258 4232 1523 4287 Cteterutn
1554 4242 1801 4302 paratum

229 4336 287 4374 se
320 4336 445 4375 esse
484 4322 729 4377 declarat
769 4322 1010 4392 privatas
1065 4322 1295 4391 injurias
1328 4324 1628 4378 voluntaria
1662 4324 1802 4379 obli‘

229 4414 387 4466 vione
416 4424 722 4480 conterere,
762 4416 917 4467 modo
964 4412 1094 4467 fides
1122 4416 1185 4473 in
1213 4425 1326 4469 tuto
1354 4417 1444 4480 sit,
1480 4416 1801 4485 hypostases

232 4518 335 4557 non
370 4514 708 4570 evertantur,
750 4506 950 4562 Christi
985 4521 1176 4560 nomen
1207 4522 1309 4559 tton
1343 4506 1655 4574 abnegetur,
1704 4522 1801 4564 nec

228 4591 474 4663 Gregorii
511 4596 673 4646 verba
704 4596 886 4663 pravis
910 4596 1449 4665 interpretationibus
1480 4608 1797 4665 pervertan-
1829 4635 1872 4691 ι)

231 4690 317 4735 tur
354 4700 369 4737 :
401 4682 602 4752 quibus
625 4685 803 4738 verbis
833 4685 1386 4740 subindicatBasilius
1412 4701 1530 4754 qua:
1558 4688 1798 4756 apertius

229 4778 451 4841 exponit
486 4774 539 4828 in
576 4774 803 4843 epistola
829 4776 954 4843 210,
985 4792 1040 4831 n.
1066 4777 1121 4841 ὅ,
1146 4778 1211 4831 de
1236 4777 1492 4846 episcopo
1518 4775 1801 4831 Neocaesa-

230 4864 418 4933 riensi,
445 4880 515 4921 ex
543 4880 650 4936 quo
679 4867 919 4921 auditum
957 4868 1154 4932 fuerat,
1194 4885 1316 4924 cum
1343 4870 1571 4935 diceret,
1603 4885 1797 4925 nomen

235 4954 512 5027 Unigeniti
545 4957 805 5012 traditum
841 4972 944 5012 non
966 4974 1108 5024 esse,
1132 4962 1225 5015 sed
1261 4975 1454 5015 nomen
1478 4961 1795 5015 adversarii.

302 5051 431 5104 Dua:
457 5060 746 5119 sequentes
776 5051 1016 5119 epistolae
1045 5054 1293 5106 videntur
1322 5054 1388 5107 ad
1422 5053 1552 5107 illud
1578 5064 1797 5125 tempus

232 5144 525 5211 pertinere,
554 5159 660 5212 quo
688 5142 1032 5197 Neocaesarea
1051 5144 1243 5199 bellum
1275 5146 1540 5202 inferebat
1568 5147 1796 5202 Basilio.

233 5235 413 5289 Prima
442 5235 649 5303 scripta
674 5246 758 5289 est
786 5233 1045 5289 Eulancio
1074 5236 1149 5308 (a)
1172 5276 1189 5301 ,
1228 5240 1479 5307 sophista:
1514 5238 1794 5293 Neocaesa-

234 5326 417 5389 riensi,
443 5327 535 5395 qui
568 5340 690 5379 cunt
722 5326 923 5395 jamdiu
952 5327 1086 5380 nihil
1124 5330 1385 5383 scriberet
1418 5330 1637 5394 Basilio,
1678 5345 1791 5384 tne-

235 5420 411 5474 tuendi
438 5422 621 5474 locum
665 5418 945 5485 aﬂ'erebat,
990 5436 1058 5476 ne
1095 5420 1353 5475 Basiliam
1388 5420 1795 5475 Neoczesarien-

231 5517 370 5567 sium
408 5531 577 5570 causa
609 5515 789 5569 odisse
812 5519 1085 5586 cmpisset,
1111 5518 1201 5587 qui
1230 5527 1383 5572 antea
1416 5516 1594 5570 Basilii
1629 5532 1792 5573 causa

232 5605 758 5661 Neocaesariensibus
788 5607 989 5660 invisus
1019 5622 1156 5664 erat.
1195 5608 1377 5664 Altera
1416 5620 1573 5665 caret
1598 5605 1793 5665 inseri;

296 5782 372 5924 Ea)
399 5782 495 5850 Ep.

319 5860 369 5921 tt)
404 5854 503 5923 Ep.
536 5850 647 5905 252

319 5860 369 5921 υ)
404 5854 503 5923 Ep.
536 5850 665 5905 252.

546 5947 820 6007 Panos.
852 5946 967 6005 Gtt.
1012 5945 1059 6006 Χ
1074 5942 1241 6008 XIX.

1901 3416 2005 3459 tur.
2044 3407 2149 3463 Sed
2196 3406 2239 3462 si
2294 3404 2527 3460 instabat
2565 3405 2682 3460 dies
2729 3404 2897 3459 festus
2941 3403 2999 3457 S.
3032 3404 3337 3478 Enpsychii,
3364 3416 3465 3461 cur

1902 3510 2005 3548 non
2038 3496 2231 3548 iterum
2274 3495 2704 3564 Amphilochium
2756 3494 2990 3549 invitat?
3041 3493 3157 3548 Jam
3184 3497 3325 3549 enim
3374 3498 3463 3550 in-

1900 3587 2161 3640 vitaverat
2190 3585 2348 3653 panlo
2372 3595 2494 3654 post
2522 3585 2748 3641 Pascha.
2775 3586 2905 3639 Nam
2928 3586 3093 3641 etiam
3128 3588 3170 3641 si
3201 3592 3304 3641 iter
3325 3585 3464 3642 Ροη⁸

1903 3679 2061 3732 ticum
2091 3686 2215 3732 ante
2238 3676 2611 3746 Septembrem
2639 3678 2890 3732 collocari
2939 3689 3145 3748 posset,
3184 3689 3328 3734 certe
3360 3697 3463 3735 non

1902 3771 2068 3824 multo
2097 3782 2221 3825 ante
2254 3789 2267 3827 :
2310 3772 2579 3841 siquidem
2613 3773 2845 3825 maxima
2879 3785 3004 3840 pars
3032 3773 3291 3837 temporis
3326 3789 3353 3826 a
3378 3774 3464 3827 die

1900 3858 2120 3915 Pascha;
2162 3877 2333 3932 usque
2368 3863 2433 3915 ad
2466 3864 2567 3915 hoc
2602 3871 2812 3931 tempus
2841 3863 2893 3916 in
2940 3863 3153 3926 itinere,
3193 3864 3334 3933 quod
3366 3864 3464 3917 ha-

1898 3956 2013 4007 buit
2052 3952 2283 4009 Basilius
2317 3954 2367 4008 in
2416 3953 2695 4017 Pisidiam,
2744 3954 2937 4007 deinde
2982 3953 3033 4007 in
3070 3953 3352 4010 visitandis
3376 3968 3468 4025 pa-

1900 4048 2083 4101 rtncire
2120 4046 2392 4112 ecclesiis,
2438 4047 2489 4101 in
2531 4046 2870 4102 conficiendo
2904 4045 3097 4100 itinere
3130 4045 3354 4102 Pontico
3384 4048 3466 4101 inc

1900 4136 2037 4189 sumi
2071 4137 2362 4192 debuisset.

1974 4226 2195 4280 Videtur
2222 4227 2453 4284 Basilius
2485 4245 2548 4284 es
2592 4228 2694 4283 hoc
2737 4228 2930 4284 itinere
2974 4239 3188 4299 optatos
3220 4228 3370 4299 pacis
3407 4235 3464 4284 et

1901 4320 2202 4374 concordia:
2230 4321 2437 4375 fructus
2467 4321 2795 4391 percepisse.
2840 4323 2997 4375 Anno
3041 4322 3184 4376 enim
3218 4322 3464 4391 sequenti

1903 4413 2095 4467 invitat
2137 4410 2291 4466 Ponti
2333 4414 2614 4483 episcopos
2659 4413 2759 4483 (b).
2792 4424 2850 4467 ut
2880 4415 3158 4483 antiquam
3193 4416 3466 4469 memoriae

1902 4502 1960 4558 S.
2007 4503 2299 4574 Enpsychii
2350 4506 2614 4558 obeunda:
2660 4504 3106 4558 consuetudinem
3144 4505 3211 4559 de
3256 4506 3466 4574 integro

1904 4606 2167 4665 repetant.
2186 4596 2355 4648 Aliam
2376 4612 2597 4650 causam
2634 4596 2783 4649 addit
2814 4594 3209 4659 Tillemontius,
3241 4596 3383 4665 qttod
3406 4610 3466 4652 se

1906 4689 2232 4740 madet-riter
2247 4687 2488 4757 amictum
2507 4703 2536 4742 e
2556 4687 2725 4741 Ponto
2750 4687 2975 4741 rediisse
2988 4686 3130 4740 dicat
3154 4687 3248 4757 (r):
3274 4703 3337 4743 ex
3360 4704 3467 4758 quo

1905 4778 2108 4848 colligit
2134 4779 2479 4833 doctissimus
2513 4778 2747 4847 scriptor
2788 4776 3254 4834 Neoczesarienses
3296 4782 3463 4835 mole-

1904 4871 2039 4926 stias
2068 4871 2249 4941 aliquo
2277 4888 2306 4925 a
2352 4872 2638 4927 maritimis
2677 4871 2944 4941 episcopis
2978 4872 3172 4927 solatio
3212 4890 3465 4946 compen-

1906 4974 2053 5018 satas
2086 4965 2293 5027 fuisse;
2340 4965 2537 5034 alioqui
2579 4978 2683 5017 non
2729 4964 3052 5019 mediocrem
3102 4965 3283 5021 Basilii
3321 4967 3466 5022 futu-

1907 5070 2024 5108 rum
2061 5056 2248 5121 fuisse,
2272 5057 2365 5111 sed
2394 5058 2686 5110 maximum
2730 5071 3037 5112 maerorem.
3078 5058 3277 5113 Verum
3336 5062 3465 5117 illud

1908 5147 2161 5219 μετρίως,
2188 5149 2329 5216 quod
2362 5148 2539 5201 fucum
2571 5147 2698 5203 fecit
2728 5146 3095 5214 Ttllemontio,
3133 5166 3237 5204 non
3263 5152 3468 5205 medio-

1905 5253 2074 5301 crem,
2106 5240 2199 5291 sed
2227 5252 2447 5308 gravent
2484 5239 2722 5293 dolorem
2750 5240 3045 5309 significat,
3076 5250 3132 5294 ut
3155 5241 3207 5295 in
3237 5250 3362 5295 nota
3398 5244 3463 5298 ad

1904 5326 2047 5381 hunc
2074 5327 2247 5383 locum
2271 5329 2701 5386 observavimus.

1975 5418 2089 5473 Non
2119 5419 2259 5473 enim
2303 5420 2624 5475 mediocrem
2671 5421 2908 5476 dolorem
2958 5423 3175 5478 inurere
3215 5430 3466 5493 poterant

1902 5521 2022 5579 qua:
2049 5509 2412 5567 Neocresarea:
2447 5513 2499 5565 in
2522 5511 2780 5567 Basilium
2812 5515 3271 5582 commissajsunt.
3304 5513 3467 5571 Post-

1904 5620 2063 5674 quam
2093 5607 2202 5676 egit
2236 5622 2356 5660 cum
2380 5607 2650 5677 episcopis
2677 5606 2968 5665 maritimis
2991 5622 3109 5678 qua:
3132 5608 3232 5665 sibi
3268 5622 3469 5679 propo~

1980 5782 2048 5852 (ο)
2082 5785 2173 5855 Ep.
2204 5782 2329 5840 217.
