4214 6492
741 468 939 504 (ἉΝλΙν

2080 435 2605 492 PROLEGUMENA.

741 570 916 616 suerat
943 597 960 621 ,
990 555 1396 624 respirationem
1421 552 1652 619 aliquam
1674 565 1703 603 a
1727 552 1959 621 negotiis
1983 561 2169 604 nactus
2196 548 2292 616 (a),
2326 554 2371 606 Α
2402 562 2516 597 mm
2567 538 3044 597 exercitationibus
3086 541 3274 603 eharo,
3324 546 3375 589 et
3407 537 3458 590 in
3487 554 3711 610 corpore
3744 537 3962 595 infirmo

738 651 965 706 contulit
1004 663 1061 702 se
1090 648 1155 700 ad
1194 647 1337 700 aedes
1368 645 1550 699 fratris
1585 642 1754 707 Petri,
1787 661 1907 713 qum
1938 658 2102 711 prope
2140 642 2293 694 Neo—

740 756 1029 798 caesaream
1056 739 1171 793 sitae
1200 748 1376 791 erant.
1402 736 1555 791 Hunc
1584 737 1725 790 enim
1756 736 1929 790 locum
1950 738 2000 789 in
2024 732 2299 787 amoribus

743 832 1151 893 habebat,'tum
1186 828 1312 895 quia
1349 825 1417 877 ibi
1454 826 1595 892 apud
1639 826 1814 879 aviam
1845 821 2069 879 matrem
2101 822 2300 875 educa-

745 934 830 975 tus
860 918 1037 979 infans
1089 919 1287 978 fuerat,
1336 930 1400 969 ac
1447 928 1631 985 postea
1679 915 1861 983 plures
1902 929 2071 969 annos
2103 913 2297 965 ibidem

744 1010 927 1081 procul
958 1026 986 1063 a
1015 1011 1261 1064 civilibus
1287 1008 1446 1064 undis
1475 1006 1903 1078 philosophando
1941 1007 2251 1059 traduxerat
2281 1047 2296 1069 ,

747 1113 855 1153 tum
904 1099 1028 1168 quia
1080 1098 1145 1151 ibi
1198 1098 1430 1150 instituti
1480 1096 1545 1147 ab
1583 1109 1650 1150 eo
1698 1094 1946 1151 monachi
1974 1094 2072 1147 sub
2118 1091 2301 1145 fratris

745 1192 886 1246 Petri
917 1190 1197 1259 disciplina
1215 1189 1503 1257 degebant.
1529 1188 1598 1242 Αι
1616 1190 1703 1243 ubi
1730 1186 1981 1239 Basilinm
2007 1200 2070 1238 eo
2094 1183 2303 1237 venisse

747 1280 1269 1336 Νεοςεεδπίθιιμὶὺιιε
1293 1278 1595 1332 nuntiatum
1625 1287 1728 1340 est,
1774 1286 1885 1327 tum
1920 1290 2045 1329 vero
2085 1273 2300 1342 quidam

745 1374 1011 1429 mendacii
1051 1372 1289 1427 artiﬁces
1321 1370 1670 1424 clamitarunt
1704 1368 1959 1423 Basilium
2010 1368 2063 1421 in
2115 1366 2299 1419 urbem

744 1474 1054 1531 venturum,
1086 1462 1363 1517 uterroris
1394 1470 1643 1531 argueret
1686 1474 1823 1527 quos
1861 1473 1925 1513 eo
1970 1456 2188 1511 nomine
2214 1470 2303 1508 su-

745 1557 1047 1625 periorihns
1083 1554 1275 1607 litteris
1303 1561 1672 1615 accusaverat,
1705 1565 1867 1616 seque
1892 1549 2087 1618 populo
2117 1546 2306 1601 vendi-

748 1654 906 1699 taret.
942 1645 1124 1710 Itaque
1153 1644 1383 1695 tumultu
1414 1642 1608 1696 civitas
1646 1640 1873 1708 repleta,
1904 1639 2024 1693 aliis
2047 1636 2305 1707 fugienti-

747 1742 869 1803 bus,
905 1737 1025 1789 aliis
1074 1735 1379 1789 clanculum
1417 1733 1862 1803 egredientibus:
1910 1740 1965 1786 et
2011 1729 2199 1785 harioli
2242 1744 2305 1782 ac

748 1826 1082 1883 somniorum
1113 1827 1437 1893 interpretes
1469 1832 1730 1875 terrorem
1753 1829 2092 1890 sparserunt.
2124 1833 2184 1872 ac
2206 1816 2307 1872 Ba-

2402 638 2637 691 animum
2666 642 2996 687 constantem
3037 646 3101 684 ac
3140 632 3190 685 in
3226 644 3408 686 amore
3434 633 3678 687 veritatis
3704 630 3959 687 stabilem

2400 728 2624 801 gerenti.
2665 728 2769 782 Sed
2804 726 2987 796 paucis
3018 725 3207 779 diebus
3233 740 3513 795 postquam
3549 728 3770 783 advenit
3798 726 3953 781 Basi—

2407 825 2531 884 lius,
2565 821 2827 875 llilarium
2884 819 3079 871 abiisse
3109 818 3312 873 didicit.
3358 821 3412 874 ld
3457 834 3521 873 eo
3575 820 3746 885 magis
3794 820 3966 875 doluit

2404 912 2624 969 Basilio,
2653 910 2796 979 quod
2835 908 3061 961 libenter
3095 906 3398 972 aperuisset
3430 906 3633 962 Hilario
3662 907 3966 971 molestias,

2402 1017 2520 1072 qure
2550 1000 2648 1054 sibi
2682 1001 3000 1054 accidebant
3056 996 3123 1051 ab
3160 996 3444 1050 Eustathio
3479 1009 3535 1053 et
3584 1002 3651 1053 ab
3680 998 3967 1054 Anomoais

2402 1105 2455 1148 et
2488 1092 3034 1147 Pneumatomaehis:
3073 1104 3136 1143 ex
3168 1087 3362 1157 quibus
3394 1089 3743 1154 Eustathius,
3798 1103 3961 1157 quem

2404 1186 2630 1240 Basilius
2660 1182 2833 1252 majus
2861 1184 3136 1251 quidpiam
3161 1196 3280 1235 esse
3319 1180 3657 1246 crediderat,
3686 1197 3849 1253 quam
3880 1180 3967 1233 fe-

2407 1287 2488 1331 rat
2528 1278 2761 1329 humana
2796 1283 3010 1337 natura,
3044 1273 3121 1324 sic
3153 1286 3274 1324 eum
3332 1271 3529 1336 ubique
3592 1281 3854 1325 terrarum
3905 1284 3974 1324 ac

2409 1367 2636 1420 marium
2680 1364 3102 1421 decantaverat,
3136 1370 3189 1411 ιιι
3220 1359 3350 1411 nihil
3396 1358 3575 1412 Basilii
3618 1364 3836 1417 nomine
3878 1361 3979 1414 de—

2408 1459 2706 1513 testabilius
2762 1464 2903 1507 esset
2941 1453 3079 1522 apud
3113 1453 3247 1518 pios.
3275 1451 3523 1504 Anomaai
3566 1451 3727 1504 etiam
3772 1453 3975 1506 Basilio

2407 1551 2599 1604 bellum
2620 1546 2936 1607 inferebant,
2962 1545 3050 1598 sed
3069 1544 3332 1611 praecipue
3351 1542 3822 1595 Pneumatomacbi
3848 1560 3973 1596 eum

2407 1641 2668 1696 conviciis
2718 1637 3039 1709 perfundere
3094 1645 3148 1687 et
3201 1634 3442 1688 insidiari
3474 1648 3577 1687 non
3608 1633 3973 1696 desinebant,

2410 1750 2717 1803 quanquam
2769 1734 3034 1787 hactenus
3060 1744 3243 1782 eorum
3278 1738 3503 1781 conatus
3530 1726 3749 1781 inutiles
3789 1725 3977 1778 Domi-

2412 1840 2510 1879 nus
2538 1824 2866 1876 reddiderat.
2920 1821 3193 1882 Hilarius,
3229 1827 3286 1872 ut
3334 1819 3587 1873 Ecclesiae
3614 1831 3775 1872 causa
3808 1815 3976 1869 vehe-

747 1914 927 1968 silium
957 1912 1239 1966 acerrimis
1289 1910 1588 1965 maledictis
1631 1910 1885 1976 fixerunt,
1930 1910 2003 1963 ita
2046 1908 2178 1963 utin
2204 1923 2307 1977 pu-
2338 1896 2381 1955 Β

2338 1896 2381 1955 Β
2411 1924 2618 1971 menter
2661 1915 2958 1983 cupiebat,
3011 1913 3210 1967 Basilio
3269 1912 3334 1966 de
3386 1913 3547 1964 rebus
3589 1907 3979 1964 ecclesiasticis

748 2007 905 2061 hlicis
933 2004 1191 2059 conviviis
1215 2002 1393 2059 fabula
1420 2004 1594 2059 fieret.

819 2094 963 2149 Nihil
996 2110 1125 2150 sane
1157 2096 1379 2165 cogebat
1409 2093 1661 2147 Basilium
1700 2089 1965 2162 ejusmodi
2004 2090 2309 2146 hominibus

750 2187 963 2243 consilii
997 2186 1079 2241 sui
1116 2186 1376 2239 rationem
1406 2197 1676 2253 exponere
1710 2199 1723 2234 :
1763 2184 1856 2237 sed
1889 2192 2069 2236 tamen
2099 2196 2308 2236 summa

752 2276 899 2331 illum
932 2276 1171 2330 charitas
1204 2274 1438 2343 impulit,
1465 2284 1521 2326 ut
1544 2275 1683 2328 hanc
1713 2275 1928 2344 quoq’ue
1950 2274 2087 2326 viam
2120 2272 2184 2325 ad
2218 2286 2311 2326 eos

752 2368 1020 2424 sanandos
1059 2374 1313 2422 tentaret.
1351 2364 1582 2435 Scripsit
1604 2366 1783 2434 itaque
1815 2365 2142 2434 primoribus
2174 2363 2311 2417 civi-

754 2462 884 2515 tatis
904 2458 1180 2529 epistolam
1203 2459 1329 2525 210,
1354 2459 1407 2511 in
1431 2473 1534 2526 qua
1554 2456 1793 2510 declarat
1814 2470 1917 2509 non
1938 2469 2060 2509 eum
2087 2469 2146 2510 se
2169 2468 2312 2521 esse,

751 2552 842 2621 qui
870 2566 990 2603 cum
1022 2550 1148 2603 olim
1183 2551 1250 2602 ah
1279 2550 1358 2603 eis
1394 2546 1788 2617 perhonorifice
1834 2556 2057 2603 vocatus
2113 2547 2300 2603 venire

753 2639 1007 2703 noluerit,
1048 2652 1191 2693 nunc
1223 2637 1505 2692 invocatus
1534 2652 1593 2692 se
1622 2637 1903 2700 obtrudat,
1940 2646 1995 2689 et
2038 2635 2311 2703 navigium

755 2733 1115 2798 gubernatore
1143 2730 1457 2784 destitutum
1484 2729 1689 2799 ingredi
1719 2728 1864 2781 velit.
1896 2726 2074 2780 Facta:
2110 2726 2212 2780 sibi
2240 2724 2316 2777 in-

748 2824 908 2891 jurias
941 2837 1158 2876 causam
1197 2822 1391 2889 repetit
1426 2836 1491 2873 ex
1525 2820 1677 2872 ducis
1717 2832 1904 2871 eorum
1960 2817 2198 2881 invidia,
2254 2830 2318 2871 ac

755 2912 1066 2968 inducenda:
1092 2909 1309 2965 hazresis
1327 2909 1639 2963 Sabellianae
1662 2909 1936 2979 proposito
1968 2928 1981 2964 :
2006 2919 2059 2965 et
2078 2911 2321 2979 quamvis

756 3021 883 3061 eum
924 3005 1295 3059 vehementius
1322 3018 1482 3071 quam
1533 3001 1585 3055 in
1630 3002 1901 3070 prioribus
1937 3002 2132 3057 litteris
2164 3016 2321 3055 accn—

760 3108 866 3161 set,
894 3096 1164 3149 lenitatem
1195 3104 1371 3147 tamen
1394 3109 1458 3147 eo
1486 3093 1749 3162 perducit,
1786 3103 1843 3147 ut
1870 3108 1989 3147 eum
2024 3094 2127 3148 sibi
2162 3092 2323 3147 satis-

759 3187 1033 3242 facturum
1071 3185 1235 3246 dicat,
1284 3185 1328 3237 si
1362 3200 1602 3237 errorem
1657 3198 1812 3237 suum
1877 3195 1932 3237 et
1968 3184 2127 3252 impie
2151 3183 2316 3245 dicta,

758 3296 877 3349 qua:
901 3294 965 3332 ex
988 3291 1053 3330 eo
1075 3275 1254 3329 audita
1280 3274 1512 3339 fuerant,
1545 3284 1703 3345 neget
1737 3292 1751 3326 :
1803 3274 1946 3342 quod
1976 3275 2021 3326 si
2064 3286 2314 3340 perseve-

761 3382 866 3434 ret,
913 3368 1239 3435 scripturum
1294 3380 1352 3419 se
1397 3365 1464 3417 ad
1516 3364 1651 3417 alias
1710 3363 2005 3417 Ecclesias.
2052 3360 2317 3417 Cxeterum

759 3460 966 3513 somnia
998 3457 1082 3510 illa
1119 3472 1223 3509 non
1266 3470 1297 3508 a
1339 3457 1445 3508 Deo
1469 3470 1593 3508 esse
1623 3455 1804 3515 docet.
1834 3455 1929 3509 sed
1976 3470 2004 3506 a
2056 3455 2180 3508 vino
2223 3468 2319 3506 ex-

746 3558 1022 3613 aestuante
1045 3564 1060 3613 ;
1087 3557 1245 3617 atque
1266 3547 1479 3601 etiamsi
1512 3555 1697 3600 essent
1724 3544 2011 3617 Evangelia
2034 3555 2321 3600 consenta-

766 3657 893 3705 nea,
926 3642 1050 3707 quia
1080 3650 1255 3694 tamen
1284 3638 1604 3693 charitatem
1634 3637 1852 3703 laadunt,
1884 3639 1948 3692 iis
1982 3653 2202 3708 prorsus
2232 3653 2325 3691 su-

765 3734 1156 3803 persedendum
1180 3747 1317 3786 esse.
1346 3732 1590 3786 Nondum
1614 3747 1645 3787 e
1676 3732 1861 3787 fratris
1887 3733 2090 3787 aedibus
2120 3733 2324 3787 disces-

762 3835 910 3879 serat
942 3822 1204 3885 Basilius,
1249 3838 1372 3875 cum
1436 3824 1574 3877 hanc
1619 3825 1841 3892 scripsit
1891 3826 2213 3895 epistolam,
2269 3834 2329 3879 ut

766 3923 913 3983 patet
937 3928 1003 3968 ex
1037 3914 1331 3980 primordio
1364 3930 1378 3966 :
1417 3910 1587 3966 Plane
1621 3915 1756 3967 nihil
1790 3932 1915 3982 opus
1943 3927 2079 3979 erat,
2126 3917 2321 3985 inquit,

766 4017 821 4060 ut
848 4021 1015 4059 meum
1040 4004 1180 4082 uobis
1203 4006 1527 4082 enuntiarem
1546 4005 1845 4069 consilium,
1867 4016 1957 4057 aut
1980 4008 2171 4075 quibus
2191 4024 2327 4060 nunc

766 4105 831 4150 de
858 4081 1113 4150 causis-in
1140 4098 1220 4148 liis
1249 4098 1345 4148 sim
1376 4081 1505 4149 locis
1529 4112 1857 4161 exponerem.

837 4186 974 4241 Cum
1004 4186 1057 4240 in
1086 4185 1169 4239 his
1192 4185 1455 4254 angustiis
1481 4196 1792 4239 versaretur
1812 4185 2061 4249 Basilius,
2084 4200 2329 4254 percom-

770 4282 928 4335 mode
978 4279 1255 4350 Olympius
1298 4277 1371 4347 (b)
1422 4279 1647 4349 insignis
1689 4280 1827 4333 inter
1865 4278 2329 4333 Neocaesarienses

769 4373 925 4435 civis,
954 4386 1083 4425 suos
1108 4373 1172 4423 ad
1206 4385 1328 4425 eum
1354 4370 1489 4425 lllios
1518 4386 1638 4424 cum
1670 4370 1865 4425 litteris
1892 4373 2055 4425 misit.
2075 4371 2326 4438 Magnum

770 4465 821 4517 id
846 4461 1099 4515 solatium
1135 4461 1233 4514 fuit
1256 4461 1474 4524 Basilio,
1509 4463 1600 4530 qui
1623 4471 1904 4531 postquam
1926 4462 2134 4518 litteras
2154 4463 2332 4533 Olym-

2414 2009 2739 2077 scripserat;
2766 2019 2996 2074 cumque
3023 2004 3156 2057 nihil
3186 2003 3427 2073 responsi
3468 2001 3761 2071 acciperet,
3790 2000 3979 2053 admo-

2411 2102 2526 2155 nnit
2584 2098 2875 2161 Basilium;
2915 2096 3009 2149 sed
3040 2096 3176 2149 hanc
3208 2093 3490 2160 epistolam
3546 2091 3647 2147 sibi
3705 2091 3978 2145 redditam

2412 2208 2517 2245 non
2550 2190 2715 2245 fuisse
2748 2188 2979 2242 Basilius
3022 2196 3271 2241 testatur.

2486 2281 2567 2337 Vl.
2595 2282 2858 2337 Redeunti
2912 2294 2942 2333 e
2988 2278 3160 2332 Ponto
3191 2264 3391 2329 Basilio
3419 2287 3522 2325 non
3550 2273 3665 2327 sine
3698 2272 3861 2324 multa
3890 2272 3980 2324 in-

2416 2375 2673 2429 firmitate
2696 2390 2760 2428 ex
2787 2374 3051 2427 imbribus
3074 2382 3128 2425 et
3156 2370 3419 2425 molestiis
3440 2367 3665 2422 collecta
3696 2365 3890 2420 littera:
3913 2380 3983 2418 ex

2414 2467 2640 2521 Oriente
2666 2464 2837 2517 allata:
2859 2471 2983 2517 sunt
3005 2477 3067 2514 ac
3093 2462 3238 2513 varia
3276 2460 3489 2529 negotia
3525 2464 3980 2526 supervenerunt.

2416 2558 2549 2611 Tum
2577 2568 2697 2608 cum
2727 2552 2871 2605 enim
2902 2552 3291 2606 constituendae
3326 2552 3377 2601 in
3403 2549 3575 2602 Ponto
3616 2546 3731 2615 paci
3757 2560 3981 2615 operam

2416 2648 2605 2709 daret,
2639 2644 2874 2698 limretiei
2912 2643 2964 2696 in
3006 2642 3124 2696 aula
3156 2642 3328 2697 solitis
3372 2640 3597 2696 nocendi
3621 2639 3832 2694 artibus
3858 2650 3984 2692 ute—

2416 2738 2633 2794 bantur.
2672 2738 2855 2805 Itaque
2901 2737 3141 2792 redeunti
3181 2735 3484 2789 nuntiatum
3534 2743 3655 2795 est,
3685 2733 3835 2787 brevi
3859 2747 3983 2786 eum

2419 2831 2471 2884 in
2513 2831 2686 2885 aulam
2716 2829 2793 2899 (tl)
2843 2830 2989 2897 pacis
3019 2833 3241 2883 obtentu
3276 2837 3522 2881 vocatum
3558 2824 3645 2879 iri.
3677 2823 3834 2890 Quod
3864 2823 3984 2891 qni-

2421 2927 2541 2978 dem
2568 2923 2655 2977 ubi
2690 2922 2877 2976 didicit
2906 2922 3191 2988 episcopus
3223 2921 3459 2987 quidam,
3488 2933 3647 2986 quem
3703 2915 3979 2969 Meletinm

2423 3028 2543 3068 esse
2600 3011 2920 3079 conjicitnus
2969 3025 3034 3062 ex
3068 3008 3220 3061 initio
3271 3006 3511 3074 epistola:
3561 3004 3691 3067 216,
3725 3003 3984 3057 Basilium

2429 3119 2527 3173 per
2564 3103 2774 3156 litteras
2807 3104 3054 3156 hortatus
3080 3109 3183 3161 est,
3222 3106 3279 3150 nt
3305 3095 3623 3150 festinanter
3660 3095 3711 3148 iu
3736 3092 3987 3162 Mesopo-

2423 3193 2644 3246 tamiam
2673 3194 2895 3247 tendens
2923 3232 2939 3257 ,
2994 3189 3064 3245 ihi
3094 3188 3338 3245 veritatis
3365 3186 3677 3246 defensores
3715 3184 3771 3244 in
3816 3201 3987 3245 unum

2422 3298 2662 3358 cogeret,
2704 3304 2765 3342 ac
2802 3286 2961 3341 simul
3002 3301 3125 3340 cum
3151 3286 3282 3354 ipsis
3309 3286 3374 3339 ad
3401 3285 3780 3354 imperatorem
3820 3284 3989 3353 proﬂ—

2422 3376 2740 3428 ciseeretur.
2778 3373 2909 3428 Rem
2960 3375 3321 3428 necessariam
3353 3373 3587 3429 Basilius
3611 3389 3713 3429 non
3770 3374 3989 3442 judica-

2424 3467 2539 3531 bat,
2575 3482 2637 3520 ac
2671 3478 2929 3535 praeterea
2960 3465 3151 3520 itinere
3178 3463 3401 3519 Pontico
3429 3466 3632 3520 fractus
3660 3476 3716 3520 et
3740 3466 3991 3519 debilita-

2436 3567 2538 3621 tns,
2571 3559 2740 3626 impar
2769 3558 2874 3611 sihi
2908 3557 2973 3609 ad
3022 3572 3215 3610 novum
3250 3558 3425 3611 hieme
3462 3557 3856 3612 conficiendum
3900 3557 3989 3609 vi-

2428 3650 2671 3703 debatur.
2726 3648 2829 3702 Sed
2870 3657 3046 3701 tamen
3093 3647 3219 3714 quid
3264 3647 3409 3701 facto
3446 3662 3579 3715 Opus
3616 3650 3729 3712 sit,
3759 3662 3827 3702 ex
3879 3648 3990 3703 alio

2429 3743 2661 3810 quodam
2705 3738 2955 3809 episcOpo
2998 3739 3329 3801 sciscitatur,
3363 3738 3514 3803 cujus
3540 3739 3732 3795 litterae
3766 3742 3990 3795 Neocae-

2427 3831 2655 3888 sariensi
2701 3832 2926 3885 tumultu
2949 3828 3202 3884 aﬂlictam
3232 3840 3626 3885 recreaverant.
3646 3829 3828 3900 Neque
3844 3835 3988 3887 enim

2428 3927 2584 3981 aliam
2608 3924 2809 3979 doloris
2836 3939 3058 3979 causam
3084 3924 3320 3978 indicant
3352 3924 3468 3978 haec
3488 3925 3648 3979 verba
3678 3923 3750 3997 (e)
3784 3945 3797 3980 :
3825 3924 3989 3980 Eram

2426 4018 2564 4069 enim
2602 4014 2985 4082 quodammodo
3038 4014 3176 4067 male
3228 4015 3447 4082 a/I‘ectus
3482 4016 3657 4067 animo
3692 4054 3710 4080 ,
3766 4032 3886 4068 cum
3936 4016 3991 4070 in

2427 4120 2615 4171 magna
2645 4102 2913 4154 hominum
2941 4103 3278 4155 multitudine
3322 4102 3551 4168 ferinam
3593 4104 3880 4173 quamdam
3928 4120 3990 4157 ac

2428 4193 2647 4245 rationis
2672 4193 2881 4243 omnino
2915 4201 3174 4257 expertem
3203 4193 3445 4245 vidissent
3475 4194 3794 4257 socordiam,
3817 4204 3866 4248 et
3892 4197 3990 4247 du-

2427 4294 2627 4337 ctorum
2656 4282 2992 4335 inveteratam
3022 4284 3205 4351 uixque
3232 4285 3602 4337 emendabilem
3629 4284 3755 4337 mali
3774 4301 3991 4339 consue-

2429 4375 2678 4428 tudinem.
2718 4372 2870 4427 Unde
2926 4374 3092 4425 mirur
3136 4374 3279 4427 hunc
3339 4384 3589 4428 eventum
3636 4387 3799 4444 atqtte
3853 4377 3988 4429 hanc

2429 4464 2751 4532 epistolam,
2786 4478 2905 4528 qua:
2961 4473 3067 4515 tam
3124 4462 3423 4517 manifestis
3482 4462 3643 4529 hujus
3674 4464 3803 4516 anni
3847 4463 3989 4516 notis

771 4554 842 4620 pii
870 4552 1016 4621 legit,
1042 4561 1242 4604 etcum
1274 4552 1391 4620 ejus
1424 4552 1547 4605 filiis
1580 4553 1876 4605 collocutus
1908 4564 2014 4619 est,
2047 4553 2201 4607 facile
2234 4552 2327 4606 ob—
2359 4565 2403 4620 ι)
2432 4557 2638 4624 signata
2674 4566 2801 4609 sunt
2828 4593 2844 4619 ,
2899 4555 2964 4608 ad
3016 4570 3215 4608 annum
3256 4554 3360 4608 575
3413 4569 3444 4609 a
3495 4554 3837 4609 Tillemontio
3905 4569 3991 4606 re-

772 4642 897 4697 litus
926 4652 1011 4697 est
1052 4642 1265 4707 veneni,
1294 4643 1433 4712 quod
1481 4644 1813 4696 somniorum
1863 4658 2135 4713 caupones
2184 4645 2324 4713 apud

770 4733 1170 4789 Neocaesaream
1195 4733 1670 4799 circumferebant,
1705 4745 1761 4789 ut
1782 4738 1849 4790 ab
1878 4738 1943 4790 iis
1969 4738 2059 4807 qui
2090 4753 2183 4792 eos
2207 4752 2328 4791 con-

770 4828 1057 4891 duxerant,
1098 4828 1327 4895 gratiam
1380 4827 1841 4885 inirent..Narrat
1876 4844 1937 4885 se
1963 4829 2169 4883 litteras
2201 4830 2324 4898 qni-

770 4918 890 4972 dem
925 4918 1059 4971 alias
1096 4919 1397 4987 scripsisse,
1453 4919 1587 4974 alias
1627 4935 1755 4974 vero
1798 4922 2146 4993 scripturum,
2179 4924 2223 4975 si
2254 4922 2327 4976 ita

769 5014 1015 5067 videatur
1044 5011 1313 5082 Olympio.
1351 5012 1583 5066 Tantum
1613 5024 1865 5083 precatur
1910 5022 1968 5067 ut
1993 5016 2199 5084 prosint
2237 5030 2331 5069 ac-

771 5103 1114 5172 cipientibus.
1150 5100 1374 5155 Videtur
1416 5104 1559 5156 inter
1604 5104 1702 5157 has
1741 5103 1946 5159 litteras
1998 5106 2326 5158 numeranda

771 5193 994 5263 epistola
1022 5192 1149 5249 210.
1183 5191 1485 5247 Verisimile
1511 5194 1655 5247 enim
1686 5205 1767 5247 est
1796 5193 2029 5264 Olympii
2056 5194 2213 5258 filios,
2234 5196 2325 5263 qui

769 5282 954 5339 Basilii
990 5284 1224 5337 animam
1255 5282 1389 5337 adeo
1415 5280 1668 5335 afllictam
1702 5282 2060 5347 invenerunt,
2109 5294 2233 5337 tunc
2262 5284 2328 5339 ad

769 5390 892 5429 eum
924 5374 1135 5429 venisse
1162 5389 1280 5429 cum
1312 5373 1487 5428 adhuc
1513 5386 1816 5427 moraretur
1850 5376 1987 5441 apud
2015 5374 2259 5430 fratrem.

841 5462 1168 5531 Speraverat
1218 5461 1446 5517 Basilius
1480 5478 1539 5517 se
1578 5463 1653 5531 (ι)
1706 5462 1996 5517 Dazimone
2055 5464 2105 5517 in
2162 5465 2327 5518 collo-

771 5552 956 5622 quium
998 5551 1207 5609 Hilario
1241 5563 1525 5609 venturum
1557 5594 1572 5623 ,
1613 5554 1815 5609 homini
1841 5554 1908 5609 ab
1948 5555 2081 5625 ipsis
2114 5556 2332 5611 schola-

838 5710 920 5779 (α)
950 5708 1045 5776 Ep.
1075 5708 1177 5762 207
1214 5709 1423 5766 et215.

842 5778 917 5848 (b)
956 5780 1049 5848 E1).
1071 5780 1196 5848 an.

842 5778 895 5845 (b
956 5780 1049 5848 E1).
1071 5780 1171 5831 su

841 5778 917 5921 (ιζ
939 5848 1034 5918 Ep.
1058 5847 1181 5903 212.

2433 4648 2585 4701 ferri.

2505 4736 2895 4805 Significahant
2919 4737 3103 4790 eadem
3137 4737 3420 4790 Antiochia
3457 4736 3629 4791 allata:
3668 4736 3863 4790 littera:
3899 4736 3988 4807 (Π,

2432 4829 2655 4885 Paulino
2674 4831 2883 4885 venisse
2914 4821 3087 4883 Roma
3116 4829 3395 4897 epistolam
3424 4830 3732 4897 quamdam,
3771 4843 3892 4897 qua
3940 4831 3989 4884 ei

2432 4923 2797 4989 episcopatum
2848 4920 3241 4973 Antiochenam
3275 4920 3588 4985 deferebat,
3633 4930 3688 4973 et
3714 4918 3985 4973 Meletium

2433 5010 2815 5074 frnstrahatur,
2859 5009 3117 5082 valdeque
3163 5009 3342 5065 efferri
3397 5010 3553 5076 hujus
3603 5011 3772 5079 partis
3819 5011 3983 5063 duces

2434 5112 2489 5159 et
2512 5102 2733 5171 gloriari
2761 5103 2825 5155 de
2849 5101 2946 5154 hac
2974 5102 3199 5170 epistola
3234 5120 3249 5155 :
3280 5103 3468 5156 deinde
3515 5104 3678 5156 etiam
3709 5102 3866 5156 fidem
3893 5115 3989 5155 eos

2434 5206 2732 5262 proponere
2758 5232 2774 5257 ,
2802 5202 2852 5244 et
2874 5196 3102 5259 'paratos
3124 5209 3243 5249 esse
3266 5208 3326 5247 ea
3358 5196 3691 5261 conditione,
3718 5196 3768 5248 id
3796 5204 3902 5258 est,
3942 5194 3988 5249 si

2433 5284 2565 5339 nihil
2601 5284 2829 5351 amplius
2851 5285 2918 5338 ab
2956 5286 3036 5339 eis
3058 5296 3349 5354 peteretur,
3370 5303 3489 5340 cum
3518 5286 3712 5342 Meletii
3748 5287 3989 5342 Ecclesia

2433 5373 2703 5443 conjungi.
2760 5374 2899 5441 Quin
2931 5377 3115 5442 etiam,
3144 5379 3284 5446 quod
3328 5377 3525 5432 Basilio
3556 5380 3795 5433 acriores
3824 5393 3991 5431 cura-

2435 5482 2553 5520 rum
2588 5467 2837 5521 stimulos
2863 5467 3118 5532 admovit,
3151 5469 3462 5524 Terentium
3492 5471 3748 5524 comitem
3775 5469 3828 5523 in
3862 5484 3990 5525 suas

2436 5566 2616 5627 partes
2640 5558 2857 5614 trahere
2889 5560 3245 5629 conabantur,
3271 5572 3326 5618 et
3357 5578 3481 5618 cum
3510 5578 3576 5619 eo
3610 5564 3845 5634 egebant
3871 5602 3890 5631 ,
3935 5573 3991 5618 ut

2510 5715 2585 5784 (ά)
2619 5714 2715 5783 Ep.
2744 5716 2872 5770 215.

2505 5787 2577 5853 (e)
2614 5785 2745 5839 Ibid.

2504 5855 2573 5926 (ο
2613 5856 2705 5924 Ep.
2737 5856 2841 5911 ευ.
2864 5856 3058 5926 etate.
