4214 6494
792 449 986 491 CXXXVI

2139 441 2669 498 PROLEGOMENA.

796 550 956 605 sitam
1005 547 1051 601 ei
1088 543 1294 607 fuisse.
1351 544 1418 600 de
1475 560 1577 615 qua
1632 547 1760 615 quid
1808 548 2009 604 sentiat
2058 566 2163 605 non
2210 555 2351 609 edis-
2384 562 2430 618 Α
2457 557 2583 607 dum
2622 551 2993 620 Amphilochio
3017 549 3353 619 perscribere
3376 549 3618 605 voluerat
3646 590 3662 614 ,
3708 552 3801 606 sed
3834 552 4019 607 nescio

799 643 967 707 serit,
1014 640 1139 710 quia
1190 639 1361 693 satius
1417 639 1697 694 videbatur
1750 655 1861 694 rem
1926 642 2054 696 tanti
2107 646 2355 699 momenti

797 734 1007 791 arcanis
1074 733 1339 788 mandatis
1405 732 1669 799 nuntiari,
1732 748 1892 802 quam
1945 735 2144 790 chartae
2210 750 2355 791 com-

802 826 966 881 mitti.

877 913 981 970 νη.
1008 913 1142 969 Cum
1179 913 1425 967 rediisset
1453 912 1702 975 Basilius.
1726 923 1784 967 ut
1815 913 2068 977 vidimus,
2102 923 2151 969 el
2177 914 2357 968 animo

796 1007 1025 1063 afﬂictus
1074 1015 1130 1061 et
1183 1019 1408 1076 corpore
1462 1005 1826 1072 confractus;
1885 1007 2064 1062 subito
2111 1007 2353 1059 omnium

798 1096 1000 1152 oblitus
1024 1107 1126 1158 est,
1154 1097 1241 1150 ubi
1266 1096 1398 1149 vidit
1422 1094 1630 1150 litteras
1654 1097 2009 1163 Amphilochii
2037 1098 2102 1150 ab
2136 1096 2353 1151 Eliano

797 1189 1025 1258 quodam
1056 1187 1241 1242 allatas
1269 1186 1363 1258 (a),
1394 1202 1552 1255 quem
1580 1186 1777 1243 Basilio
1794 1191 2201 1244 commendabat
2228 1190 2357 1242 Am-

798 1280 1123 1349 philochius,
1148 1294 1210 1333 ac
1240 1278 1460 1349 rogabat
1492 1285 1547 1330 ut
1581 1277 1644 1330 ad
1689 1279 1922 1347 negotia,
1956 1294 2074 1347 qure
2095 1278 2355 1332 Caesareae

800 1373 1051 1434 habebat,
1075 1370 1430 1441 patrocinium
1470 1384 1620 1422 suum
1676 1369 2032 1439 impenderet.
2080 1370 2124 1422 Is
2172 1368 2352 1421 Basilii

797 1464 1097 1535 patrocinio
1127 1478 1260 1531 Opus
1285 1477 1386 1515 non
1415 1460 1600 1515 habuit
1622 1504 1637 1526 ,
1692 1462 1783 1513 sed
1820 1459 2078 1515 confectis
2124 1459 2353 1527 negotiis

798 1560 933 1612 duas
967 1556 1034 1610 ab
1059 1571 1123 1611 eo
1144 1555 1395 1623 epistolas
1417 1556 1481 1609 ad
1507 1552 1938 1620 Amphilochium
1966 1551 2194 1620 accepit,
2220 1566 2354 1619 qua-

803 1666 920 1704 rum
948 1650 1111 1703 altera
1145 1657 1225 1701 est
1247 1646 1538 1700 centesima
1568 1644 1770 1696 decima
1803 1645 2028 1712 septima
2056 1684 2071 1709 ,
2098 1645 2209 1698 sive
2262 1659 2353 1699 ca-

799 1738 992 1792 nonica
1043 1736 1199 1790 tertia
1230 1776 1244 1799 ,
1299 1734 1466 1786 altera
1537 1732 1828 1785 centesima
1880 1733 2085 1787 decima
2132 1744 2348 1789 octava.

796 1828 1094 1894 Utramque
1136 1825 1277 1876 enim
1304 1820 1580 1891 epistolam
1612 1822 1767 1876 simul
1812 1824 2030 1877 missam
2069 1823 2234 1877 fuisse
2260 1840 2351 1892 pa-

798 1928 894 1981 tet,
920 1932 1023 1972 non
1056 1915 1225 1969 solum
1256 1912 1375 1980 quia
1412 1914 1463 1964 in
1504 1918 1729 1979 utraque
1770 1911 2051 1964 collectum
2099 1925 2163 1965 ex
2213 1910 2351 1964 Pon-
2386 1901 2424 1953 Β

794 2011 903 2066 lico
949 2009 1137 2061 itinere
1190 2005 1431 2059 morbum
1477 2012 1879 2065 commemorat,
1920 2002 2010 2055 sed
2043 2002 2201 2055 etiam
2229 2001 2351 2069 quia

797 2101 953 2171 paulo
987 2110 1104 2168 post
1132 2097 1313 2150 Basilii
1360 2094 1587 2148 reditum
1640 2093 1803 2146 multa
1842 2102 2179 2156 evenerunt,
2234 2106 2353 2158 qua:

798 2192 1027 2247 Basilius
1080 2190 1190 2257 ipse
1238 2188 1290 2239 in
1340 2186 1497 2253 epist.
1540 2183 1640 2237 εει
1691 2185 2017 2250 scripturum
2075 2198 2133 2237 se
2187 2182 2352 2235 fuisse

795 2283 1165 2353 Amphilochia
1192 2279 1450 2341 declarat,
1481 2277 1525 2329 si
1580 2291 1683 2344 qua
1718 2274 1907 2329 fuisset
1945 2274 2166 2329 occasio
2211 2275 2349 2327 scri-

790 2377 970 2431 bendi.
996 2375 1231 2441 Utraque
1262 2388 1389 2440 ergo
1420 2368 1642 2439 epistola
1669 2368 1920 2438 praecedit
1953 2367 2072 2422 illos
2100 2376 2346 2433 eventus,

791 2482 927 2538 quos
968 2466 1125 2520 modo
1155 2464 1519 2517 narrabimus.

864 2558 918 2612 In
954 2556 1172 2611 exordio
1199 2556 1436 2624 epistolae
1473 2555 1739 2609 canonicre
1769 2553 1938 2606 tertize
1993 2565 2243 2619 magnum
2273 2549 2348 2601 vi-

792 2649 952 2704 dendi
1002 2648 1359 2718 Amphilochii
1396 2646 1717 2701 desiderium
1751 2645 2023 2712 significat
2072 2640 2305 2695 Basilius
2330 2680 2345 2705 ,

792 2739 1210 2807 sequeJibenter
1233 2738 1297 2791 ad
1352 2737 1493 2789 illius
1520 2737 1659 2789 aedes
1689 2773 1703 2797 ,
1739 2751 1854 2801 qua».
1899 2735 1949 2786 in
1986 2732 2349 2801 Euphemiade

792 2831 907 2886 sitze
929 2839 1101 2891 erant,
1136 2844 1497 2890 accessurum,
1523 2829 1565 2883 si
1596 2841 1660 2881 eo
1703 2825 2108 2895 Amphilochius
2160 2823 2345 2875 venire

791 2940 898 2977 non
929 2932 1200 2993 gravetur.
1240 2920 1600 2991 Praeterquam
1636 2919 1775 2988 quod
1809 2916 2067 2970 molestiis
2100 2953 2114 2977 ,
2151 2914 2349 2983 quibus

790 3014 1049 3067 Cursarem
1102 3012 1464 3080 premebatur,
1511 3010 1735 3064 libenter
1776 3023 1834 3062 se
1870 3004 2157 3075 eripuisset
2204 3012 2258 3057 et
2283 3002 2348 3057 ad

790 3100 1225 3168 Amphilochium
1282 3098 1638 3162 festinasset;
1692 3094 2069 3162 suSpicabatur
2125 3105 2348 3145 necesse

792 3189 892 3243 sibi
923 3188 1155 3241 futurtnn
1193 3185 1517 3242 Nazianzum
1551 3185 1821 3255 proﬁcisci
1846 3225 1861 3247 ,
1899 3185 2019 3251 quia
2055 3184 2347 3253 Gregorius

790 3297 855 3335 ex
889 3282 987 3334 hac
1019 3280 1150 3333 urbe
1185 3279 1361 3333 subito
1392 3278 1737 3335 discesserat,
1771 3290 1835 3327 ne
1863 3275 1977 3343 ipso
2005 3274 2217 3341 quidem
2252 3270 2345 3326 ad-
2377 3245 2419 3301 ο

796 3372 1000 3426 ηιαείῑο
1034 3370 1251 3434 Basilio,
1285 3368 1375 3437 qui
1416 3367 1609 3435 quibus
1637 3366 1700 3421 de
1725 3366 1901 3418 causis
1934 3365 1981 3417 id
2013 3362 2217 3416 consilii
2243 3376 2345 3417 cm-

789 3461 955 3530 pissct
992 3458 1528 3529 Gregorius,fatetnr
1560 3471 1618 3511 se
1656 3456 1883 3509 nescire.
1920 3452 2115 3506 Narrat
2149 3451 2341 3505 ibidem

790 3548 1017 3604 Basilius
1043 3586 1057 3611 ,
1091 3562 1249 3615 quem
1284 3562 1339 3601 se
1388 3548 1673 3601 missurum
1713 3543 2086 3613 Amphilochio
2144 3541 2344 3610 promi-

791 3652 937 3696 serat
987 3650 1047 3694 ut
1100 3641 1382 3708 episcopus
1428 3636 1867 3697 constitueretur,
1903 3648 2025 3686 eum
2086 3645 2140 3686 et
2174 3635 2341 3686 veteri

788 3732 1136 3803 egritudine,
1168 3742 1221 3785 et
1276 3729 1474 3784 recenti
1530 3727 1807 3782 oculorum
1865 3724 2052 3777 morbo
2084 3724 2344 3791 imparem

790 3825 1133 3893 episcOpatus
1187 3822 1335 3873 oneri
1389 3818 1706 3873 sustinendo
1755 3815 1953 3869 factum
1996 3827 2137 3867 esse.
2165 3814 2345 3878 Quare

790 3914 890 3969 etsi
920 3914 1233 3968 electionem
1275 3909 1473 3979 judicio
1510 3910 1689 3962 Basilii
1728 3919 1780 3963 et
1810 3906 2172 3978 Amphilochii
2202 3921 2346 3957 com-

790 4009 1043 4063 miserant
1074 4006 1264 4066 lsauri,
1287 4002 1559 4058 existimat
1585 4001 1814 4055 Basilius
1837 3997 2208 4054 necessitatem
2237 3998 2347 4047 haec

788 4100 951 4155 verba
984 4113 1048 4152 ex
1072 4098 1151 4151 eis
1176 4094 1526 4163 expressisse,
1556 4092 1648 4145 sed
1697 4107 1819 4145 vere
1849 4100 1905 4145 et
1936 4107 1998 4143 ex
2044 4090 2224 4143 animo
2252 4098 2345 4139 eos

787 4203 1004 4260 aptasse
1042 4191 1093 4244 id
1122 4190 1263 4259 quod
1296 4182 1450 4241 initio
1486 4193 1861 4255 poposcerant,
1898 4195 1955 4237 ut
1996 4197 2214 4237 suorum
2248 4177 2349 4231 ali-

789 4281 911 4352 quis
946 4280 1347 4349 prmﬁceretur;
1386 4277 1555 4330 satius
1601 4289 1730 4343 ergo
1781 4285 1901 4326 esse
1946 4288 2009 4324 ex
2066 4268 2346 4338 neophytis

788 4375 1021 4443 aliquem
1056 4372 1361 4439 episcopum
1396 4370 1647 4423 ordinare
1674 4406 1689 4430 ,
1738 4366 1851 4420 sive
1904 4363 2219 4417 Macedonio
2271 4362 2343 4415 ita

786 4467 1048 4529 videatur,
1104 4465 1217 4518 sive
1259 4476 1382 4515 non.
1417 4459 1650 4527 Epistola
1682 4458 1942 4512 canonica
1989 4454 2143 4509 tertia
2198 4469 2339 4522 pra:-

787 4557 943 4627 cipue
972 4556 1254 4609 insumitur
1286 4552 1338 4605 in
1386 4550 1741 4604 decernendis
1776 4546 2105 4619 pagriitentia:
2143 4549 2297 4600 annis
2324 4588 2338 4610 ,

787 4662 925 4718 quos
948 4646 1138 4713 cuique
1160 4653 1381 4715 peccato
1414 4657 1511 4711 par
1542 4652 1660 4695 erat
1691 4639 1877 4709 inﬂigi.
1904 4639 2013 4693 llos
2042 4647 2217 4691 autem
2246 4652 2341 4690 ca—

790 4754 957 4794 nones
992 4738 1218 4792 Basilius
1277 4750 1378 4789 non
1430 4736 1526 4790 soli
1570 4733 1832 4789 lconiensi
1861 4732 2128 4787 condebat
2160 4730 2338 4784 Eccle-

787 4830 903 4895 sim,
953 4830 1047 4885 sed
1078 4843 1171 4883 eos
1206 4828 1270 4880 ad
1300 4825 1650 4881 Caesariensis
1681 4823 1932 4878 Ecclesize
1966 4836 2121 4876 nsum
2158 4821 2343 4890 vulga-

790 4922 885 4977 vit.
910 4922 1307 4976 Commemorat
1332 4917 1472 4972 enim
1505 4918 1554 4969 in
1582 4914 1808 4985 epistola
1842 4913 1966 4978 270,
2013 4928 2273 4969 canouem
2306 4929 2335 4966 a

790 5024 850 5066 se
908 5011 974 5064 de
1022 5010 1328 5080 raptoribus
1358 5016 1516 5061 antea
1556 5005 1851 5075 vulgatum.
1906 5002 2038 5058 llinc
2087 5005 2244 5056 etiam
2295 5004 2344 5057 in

788 5101 1012 5171 epistola
1040 5100 1296 5155 canonica
1341 5098 1573 5155 secunda
1609 5097 1688 5151 sic
1718 5094 1953 5164 loquitur
1976 5095 2047 5167 (ὸ)
2078 5112 2089 5148 :
2122 5094 2273 5160 Quod
2300 5094 2345 5146 si

789 5194 929 5262 apud
959 5210 1044 5247 vos
1094 5192 1351 5261 prohibita
1403 5202 1476 5245 est
1522 5188 1864 5258 rebaptizatio
1892 5225 1906 5249 ,
1934 5190 2066 5241 sicut
2111 5200 2158 5243 et
2201 5188 2340 5253 apud

790 5285 1081 5349 Romanos,
1115 5284 1408 5339 wconomire
1439 5282 1665 5351 alicujus
1706 5282 1915 5349 gratia;
1956 5294 2127 5335 nostra
2169 5292 2344 5336 tamen

791 5380 926 5434 ratio
960 5379 1062 5433 vim
1085 5377 1330 5433 obtineat.

859 5470 914 5526 ln
945 5468 1163 5538 epistola
1176 5468 1299 5530 218.
1324 5482 1441 5537 quae
1465 5466 1626 5520 simul
1652 5481 1813 5520 niissa
1839 5474 1919 5519 est
1943 5478 2061 5519 cum
2083 5467 2341 5521 canonica

787 5560 969 5627 tertia,
997 5560 1107 5630 agit
1128 5557 1354 5613 Basilius
1386 5557 1451 5611 de
1473 5573 1528 5611 re
1549 5557 1726 5627 magni
1754 5555 2029 5617 momenti.
2066 5572 2226 5626 quam
2252 5558 2345 5610 du-

863 5736 936 5805 (α)
966 5736 1208 5805 Ep.217.
1241 5735 1363 5790 2l8.

863 5808 937 5877 (ὁ)
1104 5807 1225 5873 199,
1252 5822 1373 5861 can.
1408 5804 1494 5859 47.

2460 660 2564 713 quo
2615 656 2779 713 pacto
2812 642 3006 697 oblitus
3057 650 3158 696 est.
3184 642 3408 707 Quidam
3438 658 3501 697 ex
3550 643 3632 695 his
3658 645 3748 711 qui
3791 658 3821 697 e
3852 642 4016 713 Lycia

2456 736 2751 792 Caesaream
2777 736 3078 797 veniebant,
3107 734 3447 790 nuntiaverat
3466 734 3663 789 Basilio
3695 735 3877 803 plures
3892 751 4018 791 esse

2458 827 2509 881 in
2536 826 2635 879 hac
2658 824 2956 895 provincia,
2994 822 3083 891 qui
3116 823 3182 877 ab
3202 824 3520 877 Asianorum
3554 824 3821 877 sententia
3850 824 4016 879 alicui

2457 927 2673 982 essent,
2720 926 2771 969 et
2813 916 3242 971 communionem
3273 914 3454 968 Basilii
3492 924 3752 982 cuperent
3811 914 4020 983 amplc—

2460 1008 2552 1061 cti.
2588 1008 2758 1079 Rogat
2785 1022 2914 1077 ergo
2942 1008 3371 1075 Amphilochium
3393 1048 3408 1073 ,
3438 1016 3496 1060 ut
3526 1013 3749 1074 probum
3778 1006 4017 1073 aliquem

2457 1101 2631 1151 virum
2662 1102 2839 1152 mittat
2869 1100 2921 1152 in
2958 1098 3201 1165 Lyciam.
3230 1097 3409 1151 Primo
3436 1097 3581 1151 enim
3604 1110 3696 1150 eos
3726 1096 3847 1149 sine
3872 1095 4018 1147 litte—

2459 1190 2532 1244 ris
2565 1192 2944 1257 explorandos,
2981 1190 3194 1251 deinde.
3232 1204 3287 1243 re
3318 1199 3617 1259 perspecta,
3662 1188 4013 1243 scribendum

2457 1291 2509 1335 et
2531 1284 2597 1335 de
2632 1295 2929 1350 congressu
2965 1283 3245 1353 agendum.
3277 1280 3331 1334 Si
3355 1284 3474 1351 quis
3502 1291 3680 1335 autem
3708 1280 3883 1334 iturus
3913 1280 4012 1343 sit,

2454 1373 2503 1426 ei
2525 1386 2711 1427 auctor
2735 1382 2819 1426 est
2855 1373 3084 1427 Basilius
3105 1413 3120 1438 ,
3151 1383 3206 1426 ut
3238 1372 3512 1441 perquirat
3563 1371 3852 1442 Corydalis
3884 1370 4015 1424 Ale-

2455 1465 2716 1516 xandrum
2760 1480 2821 1517 ex
2856 1467 3113 1518 monacho
3145 1466 3484 1533 episcopum;
3535 1464 3764 1534 Limyrae
3825 1461 4012 1515 Diali-

2456 1569 2622 1616 mum,
2653 1554 2806 1623 Cyris
2854 1551 3131 1607 Talianam
3184 1564 3238 1607 et
3296 1553 3576 1606 Polemona
3612 1564 3665 1605 et
3710 1552 4010 1606 Macarinm

2455 1647 2826 1714 presbyteros;
2854 1643 3061 1698 Pataris
3089 1645 3378 1700 Eudemum
3402 1644 3706 1711 episcopum
3734 1684 3749 1709 ,
3773 1641 4010 1698 Telmesi

2455 1736 2715 1789 Hilarium
2752 1738 3057 1805 episcOpum
3088 1776 3103 1801 ,
3141 1735 3287 1788 Pheli
3332 1735 3624 1789 Lollianum
3673 1736 4008 1804 episcopum.

2455 1825 2560 1879 Hos
2581 1835 2634 1880 et
2668 1826 2845 1892 plures
2889 1826 3020 1880 alios
3055 1826 3245 1894 aliquis
3274 1828 3607 1882 nuntiaverat
3633 1826 3698 1881 de
3727 1827 3832 1882 fide
3863 1840 4012 1886 recte

2454 1918 2671 1970 sentire.
2709 1917 2855 1973 Unde
2894 1916 3121 1972 Basilius
3156 1918 3414 1987 plurimas
3468 1918 3575 1973 Deo
3602 1920 3801 1988 gratias
3845 1934 4012 1987 agen-

2456 2007 2548 2059 das
2573 2007 2758 2071 duxit,
2815 2010 2859 2063 si
2917 2010 3006 2077 qui
3057 2009 3276 2063 omnino
3308 2010 3357 2061 in
3406 2008 3605 2065 Asiano
3649 2019 3821 2063 tractu
3858 2024 4011 2066 extra

2454 2096 2624 2150 labem
2654 2098 3023 2155 haereticorum
3051 2111 3250 2155 essent.

2525 2189 2653 2244 V'lll.
2680 2188 2863 2243 Nullus
2896 2201 3013 2243 erat
3049 2192 3098 2243 in
3146 2192 3277 2244 orbe
3316 2200 3580 2246 terrarum
3621 2193 3789 2258 locus,
3822 2193 3875 2246 in
3906 2207 4014 2261 quo

2454 2282 2625 2350 major
2669 2281 2953 2334 enituisset
2975 2291 3027 2333 et
3073 2282 3199 2334 cleri
3227 2293 3279 2336 et
3313 2283 3723 2353 magistratuum
3750 2294 3803 2339 et
3828 2286 4012 2354 pupuli

2452 2388 2753 2429 consensus
2805 2373 2871 2426 ad
2900 2371 3020 2425 lidei
3050 2371 3410 2429 defensionem
3439 2413 3454 2438 ,
3497 2392 3657 2444 quam
3686 2376 4012 2432 Samosatis.

2451 2466 2556 2520 Sed
2591 2465 2889 2520 communis
2918 2465 3038 2518 vitae
3067 2466 3308 2518 humanm
3343 2466 3532 2531 hostis,
3557 2482 3675 2522 cum
3708 2484 3796 2523 eos
3826 2483 4017 2538 perse-

2449 2568 2696 2610 cutorum
2746 2556 2951 2609 viribus
2985 2556 3198 2608 vincere
3229 2570 3331 2608 non
3369 2558 3669 2623 potuisset,
3709 2560 4015 2615 discordia-

2452 2663 2566 2700 rum
2597 2649 2800 2702 semina
2850 2648 2984 2701 inter
3029 2660 3120 2701 eos
3154 2646 3392 2713 sparsit,
3422 2661 3541 2715 quae
3590 2648 3741 2701 initio
3791 2654 4009 2717 quidem

2451 2754 2612 2807 parva
2665 2749 2719 2794 et
2763 2738 2919 2793 facile
2972 2738 3230 2793 sanabilia
3261 2777 3277 2801 ,
3340 2737 3390 2791 in
3454 2738 3652 2792 malum
3715 2741 4016 2797 insanabile

2451 2844 2731 2895 emergere
2781 2841 3053 2896 poterant,
3086 2831 3188 2886 nisi
3221 2838 3434 2884 mature
3462 2831 3753 2885 remedium
3784 2832 4010 2889 afferre-

2455 2930 2561 2971 tur.
2594 2919 2771 2985 Quare
2822 2919 2879 2973 S.
2923 2920 3185 2976 Eusebius
3234 2922 3286 2976 in
3330 2937 3386 2977 re
3421 2922 3552 2976 tanti
3598 2926 3856 2978 momenti
3909 2942 4015 2981 non

2452 3012 2706 3074 cessavit,
2739 3010 2831 3063 sed
2860 3025 2920 3063 ea
2949 3013 3166 3078 scripsit
3190 3014 3440 3069 Ecclesia:
3467 3030 3599 3079 suae,
3624 3030 3743 3085 qua
3774 3032 3874 3086 par
3897 3027 4019 3073 erat

2450 3118 2478 3153 a
2505 3110 2610 3155 tam
2638 3111 2825 3156 sancto
2869 3100 3122 3170 episcopo
3161 3108 3490 3171 exspectari.
3522 3107 3749 3165 Basilius
3801 3120 4011 3176 autem,

2450 3208 2570 3248 cum
2619 3209 2649 3248 a
2685 3192 2971 3248 Theodoro
3011 3193 3338 3247 subdiacono
3377 3197 3654 3255 didicisset
3709 3202 4012 3258 Ecclesiam

2454 3285 2880 3341 Samosatensem
2907 3285 3230 3356 perturbari,
3270 3283 3474 3342 intimis
3499 3293 3744 3348 sensibus
3772 3295 4015 3350 dolorem

2456 3375 2641 3439 traxit,
2671 3390 2834 3440 seque
2866 3376 3148 3429 Samosata
3173 3375 3529 3441 contulisset,
3562 3380 3606 3431 si
3648 3390 3891 3451 letttpora
3942 3388 4018 3439 εί-

2452 3471 2675 3523 vissent.
2711 3467 2815 3523 Sed
2848 3483 2967 3523 cum
3000 3471 3237 3526 scribere
3266 3471 3401 3524 nihil
3453 3481 3661 3525 vetaret
3691 3512 3707 3535 ,
3742 3488 3809 3528 eo
3842 3474 4020 3529 liben-

2455 3562 2561 3615 tius
2591 3562 2691 3615 hoc
2715 3560 3035 3615 adhortandi
3064 3560 3238 3617 olIicio
3266 3563 3625 3633 perfungitur,
3653 3566 3798 3634 quod
3825 3604 3842 3630 ,
3890 3582 4014 3621 cum

2452 3654 2623 3707 exsilii
2674 3656 2830 3705 mina:
2855 3654 2903 3706 ei
2939 3654 3353 3721 intentarentur,
3406 3658 3641 3715 incertus
3671 3668 3790 3713 erat
3817 3676 3886 3715 an
3931 3676 4019 3714 se-

2453 3744 2555 3796 mel
2587 3745 2948 3811 prirtertnissa
2970 3747 3186 3798 occasio
3224 3749 3493 3803 scribendi
3534 3765 3818 3805 reversura
3847 3762 4013 3809 esset.

2454 3832 2827 3886 Subdiaconus
2874 3832 2963 3887 ille
3016 3832 3333 3889 Theodorus
3366 3838 3419 3890 in
3446 3837 3730 3895 Thraciam
3768 3844 3835 3895 ad
3890 3860 4016 3900 san—

2451 3934 2596 3980 ctum
2648 3924 2936 3979 Eusebium
3002 3927 3411 3982 contendebat:
3446 3929 3584 3984 unde
3631 3931 3868 3989 Basilius
3908 3953 4014 3991 non

2453 4020 2658 4072 dubitat
2684 4021 2811 4087 quin
2870 4021 3064 4074 iterum
3117 4019 3417 4090 scripturus
3443 4030 3586 4076 esset
3618 4020 4017 4083 Samosatensi-

2454 4106 2552 4159 bus
2577 4109 2857 4163 Eusebius.

2525 4198 2638 4253 Non
2686 4214 2750 4253 eo
2794 4212 3079 4255 contentus
3124 4203 3336 4256 videtur
3372 4203 3535 4260 fuisse
3581 4216 3801 4261 sanctus
3848 4206 4017 4262 Euse-

2454 4288 2591 4351 bius,
2623 4299 2679 4343 ut
2708 4293 2898 4347 litteris
2932 4294 3044 4345 suis
3077 4304 3380 4349 nascentem
3432 4296 3482 4351 in
3519 4297 3756 4354 Ecclesia
3780 4314 3877 4355 sua
3904 4302 4017 4355 dis-

2452 4381 2685 4434 cordiam
2733 4386 3129 4451 exstingueret;
3162 4386 3254 4440 sed
3299 4388 3463 4442 etiam
3499 4404 3560 4443 ea
3598 4404 3757 4443 causa
3798 4391 4013 4447 videtur

2452 4471 2769 4527 Antiochum
2802 4472 2985 4528 fratris
3012 4473 3178 4529 lilium
3204 4478 3433 4533 misisse.
3469 4479 3620 4534 Hunc
3647 4481 3791 4535 enim
3823 4482 4012 4541 Samo-

2452 4563 2579 4617 satis
2610 4565 2917 4617 redeuntem
2942 4566 3242 4623 videbimus
3271 4586 3411 4626 anno
3444 4571 3574 4635 576,
3601 4570 3745 4626 circa
3778 4588 4004 4631 vernum

2454 4664 2684 4724 tempus,
2708 4669 2771 4709 ex
2798 4671 2903 4727 quo
2930 4660 3212 4728 cunjicitur
3233 4663 3330 4717 has
3356 4663 3716 4719 dissensiones
3742 4682 3884 4721 anno
3907 4670 4010 4723 3‘75

2450 4746 2715 4799 evenisse.
2754 4745 2866 4801 lluc
2898 4751 3103 4803 accedit
3134 4752 3298 4819 quod,
3331 4766 3450 4806 cum
3490 4753 3686 4819 scripta
3716 4766 3800 4810 est
3828 4756 4008 4810 Basilii

2447 4836 2514 4889 ad
2554 4836 2958 4894 Samosatenses
2981 4841 3223 4910 epistola,
3252 4842 3362 4911 jam
3400 4844 3699 4900 immineret
3725 4848 4010 4915 Cappado-

2450 4930 2544 4981 cia:
2571 4928 2885 4996 gravissima
2922 4941 3232 5001 tempestas,
3268 4942 3324 4987 ut
3356 4936 3485 4989 satis
3521 4937 3717 4990 indicat
3751 4936 4005 5002 Basilius,

2449 5017 2537 5084 qui
2579 5031 2638 5069 se
2671 5017 2873 5073 idcirco
2904 5019 3183 5076 Samosata
3219 5038 3322 5076 non
3358 5026 3566 5081 venisse
3599 5026 3726 5079 dicit
3761 5026 3859 5098 (ιι.
3900 5029 4007 5100 l):

2454 5105 2589 5171 Quia
2621 5106 2674 5157 id
2706 5120 2934 5176 tempora
2967 5127 3065 5164 non
3096 5113 3294 5166 sinunt.
3328 5111 3417 5169 Sic
3443 5119 3604 5169 etiam
3630 5131 3749 5170 cum
3781 5116 3858 5170 ait
3887 5135 3900 5171 :
3935 5121 4008 5174 Eo

2451 5199 2589 5266 quod
2618 5198 2788 5252 adhuc
2812 5217 3107 5255 concessum
3135 5203 3225 5267 sit,
3260 5214 3312 5256 ut
3344 5205 3484 5258 vobis
3510 5209 3777 5285 propiores
3822 5211 4006 5277 simus,

2452 5287 2535 5342 bis
2569 5289 2746 5344 verbis
2781 5291 2917 5345 inest
2947 5308 3052 5346 non
3085 5295 3312 5350 obscura
3343 5297 3515 5351 exsilii
3558 5302 3915 5368 exspectatio.

2528 5377 2621 5432 Vix
2654 5393 2829 5435 autem
2870 5382 3085 5436 dubium
3118 5397 3199 5439 est
3231 5390 3357 5456 quin
3395 5389 3531 5445 hanc
3574 5390 3754 5445 Basilii
3804 5396 4008 5462 episto—

2453 5466 2556 5519 lam
2599 5468 2649 5521 in
2683 5468 2957 5524 Orientem
2996 5474 3277 5542 pertulerit
3330 5478 3467 5532 idem
3519 5481 3770 5546 Aeacius,
3802 5488 3894 5555 qui
3931 5485 4006 5555 (τ)

2450 5567 2504 5611 et
2547 5561 2705 5613 trium
2755 5562 2981 5616 aliarum
3030 5565 3240 5637 baiulus
3280 5567 3399 5627 fuit.
3453 5570 3504 5627 Is
3549 5582 3666 5629 erat
3702 5573 4005 5645 Czesarew,

2528 5737 2598 5810 (ε)
2639 5738 2733 5809 Ep.
2764 5738 2881 5795 2l5.
