4214 6496
1513 410 1671 465 γιτΑ
1712 410 1771 466 S.
1810 408 2069 465 BASlLIl.

3192 426 3436 470 CIX‘VXI'

185 550 295 593 cum
326 520 557 587 Basilius
587 532 753 587 rediit
782 548 811 587 e
837 532 1039 595 Ponto,
1072 530 1162 600 qui
1197 544 1317 584 cum
1360 544 1479 584 eum
1512 530 1649 599 apud
1692 543 1749 583 se
1778 535 1825 591 Α
1853 530 2150 583 clarissima
2184 527 2301 584 luce
2341 537 2395 581 et
2430 528 2669 582 omnium
2712 528 2880 584 oculis
2914 539 3228 599 exponeret.
3264 530 3412 586 lianc

189 625 488 695 aliquandiu
524 625 729 677 habere
770 624 947 691 vellet,
984 623 1153 677 noluit
1186 637 1356 690 usque
1400 624 1465 675 ad
1504 623 1617 687 ejus
1658 637 1744 676 re-

187 719 346 773 ditum
400 714 618 771 diﬂerre
665 715 895 781 litteras,
944 730 1076 783 quas
1118 714 1371 769 Terentio
1424 716 1633 784 magnis
1680 716 1747 770 de

189 812 342 864 rebus
369 810 667 863 scribebat.
699 808 893 863 Missus
927 808 1027 861 fuit
1056 806 1283 861 Aeacius
1323 822 1445 861 cunt
1479 807 1747 861 nonnullis

189 903 299 957 aliis
327 916 391 955 ex
423 904 611 955 eodem
640 900 806 962 clero,
836 914 899 952 ac
933 898 1138 952 litteras
1168 899 1418 975 Ecclesiae
1443 898 1748 953 Bermensis

188 995 357 1048 attulit
388 992 611 1047 Basilio.
647 991 812 1059 Hujus
844 993 991 1044 urbis
1024 992 1310 1061 episcopus
1343 1000 1461 1045 erat
1496 989 1745 1046 Theodo-

192 1097 287 1150 lus,
323 1086 387 1138 ad
437 1099 599 1155 quem
634 1097 793 1152 supra
822 1091 996 1136 exstat
1030 1080 1210 1135 Basilii
1242 1081 1488 1148 epistola,
1532 1082 1623 1136 sed
1664 1084 1743 1146 is,

190 1188 243 1231 ut
271 1176 425 1230 multi
467 1176 557 1229 alii
598 1174 959 1235 confessores,
996 1174 1047 1226 in
1089 1172 1277 1227 exsilio
1314 1172 1505 1239 agebat
1535 1192 1549 1227 :
1580 1174 1748 1241 siqui-

189 1270 299 1323 dem
332 1268 476 1321 nulla
506 1267 650 1321 illius
678 1266 875 1319 mentio
901 1266 952 1318 in
979 1266 1060 1319 Itis
1086 1264 1292 1317 duabus
1321 1264 1537 1317 litteris.
1570 1265 1749 1319 Pasto-

190 1362 258 1413 ris
304 1358 556 1413 absentia
609 1357 739 1410 nihil
783 1354 984 1425 proluit
1036 1357 1174 1424 lupis
1224 1356 1288 1407 ad
1334 1356 1744 1424 dispergendum

188 1468 420 1521 gregem.
469 1449 605 1503 Nam
639 1464 845 1503 summa
891 1449 1083 1503 enituit
1123 1457 1179 1500 et
1221 1446 1347 1501 cieri
1390 1456 1446 1499 et
1488 1446 1663 1516 populi
1696 1455 1749 1501 et

190 1546 594 1613 magistratuum
628 1539 705 1609 (ιι)
743 1542 795 1594 in
830 1539 1221 1594 certaminibus
1248 1539 1487 1607 quotidie
1517 1554 1612 1607 pro
1646 1538 1749 1593 llde

188 1633 449 1687 obeundis
478 1633 803 1697 constantia,
827 1646 1040 1685 summa
1068 1633 1121 1684 itt
1145 1633 1398 1684 omnibus
1429 1631 1587 1685 rebus
1620 1646 1749 1686 con-

184 1722 362 1776 cordia
393 1739 408 1774 :
444 1736 564 1789 quae
596 1736 717 1775 cum
752 1720 981 1775 Basilius
1013 1722 1355 1789 cognovisset
1393 1734 1460 1776 ex
1501 1732 1749 1774 sermone

182 1812 361 1866 Acacii
421 1820 475 1866 et
520 1812 716 1865 litteris
761 1811 1015 1866 Ecclesia:
1060 1811 1389 1877 Bermensis,
1444 1813 1636 1864 mirum
1694 1812 1745 1865 itt

185 1905 399 1959 modum
429 1904 569 1959 hanc
602 1902 901 1958 Ecclesiam
929 1902 1142 1957 beatam
1168 1902 1496 1971 praedicavit,
1527 1916 1589 1957 ac
1615 1902 1742 1955 dua-

186 1996 283 2050 bus
318 1996 585 2065 epistolis,
622 2010 849 2066 quarum
892 1996 1063 2064 prima
1108 1994 1173 2045 ad
1205 1994 1429 2058 clerum,
1467 1992 1633 2047 altera
1678 1993 1745 2047 ad

184 2090 388 2158 plebem
425 2089 627 2158 scripta
662 2098 766 2153 est,
798 2089 864 2141 ad
897 2085 1352 2154 perseverantiam
1377 2100 1470 2140 eos
1499 2086 1745 2140 hortatus

181 2190 281 2236 est.

250 2272 463 2340 Scripta
503 2270 554 2322 in
585 2268 827 2322 eamdem
875 2267 1224 2334 sententiam,
1268 2282 1331 2321 ac
1383 2270 1570 2323 eodem
1611 2277 1748 2323 tem-

182 2379 327 2433 pore,
357 2361 441 2415 vel
472 2359 651 2429 potius
680 2374 775 2428 per
811 2360 1004 2429 ipsum,
1043 2371 1099 2415 ut
1143 2361 1436 2415 verisimile
1473 2370 1577 2421 est,
1605 2362 1747 2413 Aca-

182 2456 318 2507 cium
353 2452 519 2507 missa
550 2450 775 2521 epistola
796 2450 903 2504 222
937 2452 1003 2505 ad
1051 2452 1451 2507 Chalcidenses.
1486 2452 1577 2507 Ait
1603 2451 1746 2504 enim

186 2545 413 2597 Basilius
436 2558 496 2597 se
522 2544 756 2610 acceptis
781 2558 964 2597 eorum
991 2543 1183 2597 litteris
1210 2545 1504 2611 respirasse
1530 2556 1591 2595 ex
1624 2556 1751 2596 con-

187 2634 345 2689 tinuis
376 2636 787 2701 tentationibus,
817 2644 872 2689 et
904 2636 1259 2691 certaminum
1303 2637 1585 2698 memoria,
1629 2648 1749 2703 quae

186 2744 282 2799 pio
333 2729 441 2783 ﬁde
488 2728 868 2783 Chalcidenses
911 2730 1295 2793 sustinuerant,
1341 2728 1748 2781 corroboratum

186 2837 303 2875 esse
349 2822 417 2874 ad
458 2821 791 2889 propositum
826 2832 1097 2875 certamen
1144 2819 1352 2873 fortiter
1394 2817 1747 2871 subeundum.

186 2912 488 2975 Enimvero,
517 2913 687 2980 inquit
712 2952 727 2978 ,
749 2914 1044 2965 incendium
1066 2915 1202 2980 quod
1224 2913 1491 2979 plerasque
1519 2908 1749 2969 Orientis

186 3014 354 3071 partes
386 3004 695 3067 devastatvit,
723 3002 879 3069 serpit
896 3002 1009 3066 jam
1040 3012 1087 3052 et
1117 3000 1170 3051 in
1204 3014 1431 3052 nostrum
1466 3005 1747 3071 regionem,

186 3109 285 3148 etc.
320 3093 435 3148 Non
467 3105 690 3163 possunt
716 3096 826 3145 haec
855 3091 1042 3143 relerri
1068 3091 1135 3144 ad
1161 3106 1278 3145 eam
1302 3096 1746 3163 persecutionem,

188 3202 343 3249 quam
375 3184 571 3236 Valens
602 3183 652 3234 itt
676 3179 1011 3251 Cappadocia
1042 3184 1223 3237 multis
1245 3188 1353 3253 jam
1380 3187 1597 3241 vastatis
1622 3206 1745 3257 pro-

190 3276 398 3337 vinclis,
446 3288 589 3327 anno
633 3273 727 3325 37l
779 3276 1039 3327 exercuit.
1088 3274 1239 3330 Tunc
1276 3278 1419 3332 enim
1453 3282 1756 3347 persecutio

191 3384 250 3421 es
318 3367 454 3420 locis
503 3364 1020 3433 Constantinopolim
1070 3366 1209 3421 inter
1264 3378 1317 3421 et
1362 3368 1755 3438 Cappadociam

194 3458 515 3527 ittterjectis,
553 3472 657 3510 non
684 3497 699 3521 ,
735 3467 793 3510 ut
830 3459 929 3511 hoc
957 3472 1097 3509 anno
1123 3459 1249 3522 375,
1278 3474 1341 3511 ex
1384 3458 1603 3513 Oriente
1630 3475 1755 3529 gra-

204 3551 464 3605 liebatur.
511 3548 704 3601 Mirum
746 3558 923 3601 autem
958 3548 1125 3600 videri
1164 3564 1265 3601 non
1302 3549 1456 3602 debet
1504 3565 1601 3599 cur
1638 3551 1758 3604 dum

194 3641 559 3709 pra-cedentes
604 3637 794 3689 littere
837 3636 968 3689 nihil
1016 3636 1245 3689 habeant
1295 3638 1357 3691 de
1406 3648 1654 3706 serpente
1705 3640 1755 3693 in

194 3730 584 3799 Cappadociam
633 3727 1027 3795 persecutione.
1087 3725 1217 3779 Nam
1272 3742 1391 3781 cum
1455 3728 1760 3786 Berteensis

192 3821 443 3883 Ecclesiae
472 3820 753 3890 presbyter
776 3827 917 3875 esset
948 3821 1177 3875 Aeacius
1204 3862 1217 3882 .
1256 3824 1474 3876 dubium
1504 3839 1609 3877 non
1642 3834 1759 3877 erat

195 3914 319 3981 quin
349 3911 735 3966 Berteensibus
776 3913 1051 3967 nuntiaret
1075 3927 1193 3981 qua:
1222 3913 1273 3965 in
1306 3913 1641 3982 Cappadocia
1676 3916 1757 3969 vi-

195 4006 366 4065 derat,
398 4018 501 4058 nec
542 4004 763 4073 proinde
790 4018 1008 4057 necesse
1038 4015 1155 4057 erat
1186 4005 1365 4057 omnia
1404 4005 1607 4058 chartis
1631 4020 1759 4059 con-

196 4112 429 4173 signare.

714 4164 938 4221 CAPUT
982 4164 1220 4219 XXXIV.

197 4260 236 4315 1.
268 4259 465 4315 Scribit
493 4256 1249 4327 sanctusiBasiliusAndversus
1284 4256 1619 4312 Eustathium
1644 4260 1739 4327 cpi.

263 4332 426 4384 stolas
461 4328 567 4382 223
599 4338 644 4378 et
675 4326 799 4378 224.
859 4327 919 4380 ll.
960 4324 1323 4381 Demos/lienes
1354 4330 1582 4382 vicarius
1617 4324 1763 4383 Pon-

269 4404 388 4453 ticce
434 4398 718 4479 @cclesiam
744 4401 1099 4479 persequitur.
1142 4396 1436 4479 Concilium
1487 4401 1761 4479 ltmretico~

270 4487 388 4522 rem
424 4470 645 4537 Ancyra:
682 4468 838 4537 cogit.
882 4465 1162 4536 Gregorius
1205 4465 1477 4537 Nyssenus
1524 4484 1550 4520 e
1590 4470 1761 4521 mani-

1846 622 1986 675 enim
2018 620 2245 673 Basilius
2278 620 2553 687 rumpendi
2594 620 2790 674 silentii
2818 635 3035 676 causam
3068 620 3324 677 habuisse
3347 636 3409 678 se

1847 712 1998 772 dicit,
2025 709 2168 779 quod
2210 710 2412 763 videret
2446 706 2520 778 (b)
2561 709 2891 762 inimicitiam
2932 709 3091 763 simul
3127 726 3243 763 cum
3282 721 3413 765 tem-

1846 821 1968 872 pore
1996 804 2257 874 progredi,
2292 819 2382 856 nec
2409 803 2526 855 illos
2554 804 2801 866 paenitere
2819 818 3000 858 eorum
3025 820 3136 872 qua
3163 806 3228 857 ab
3257 806 3411 860 initio

1849 898 2116 963 dixerunt,
2158 912 2249 950 nec
2282 898 2541 965 quomodo
2581 900 2847 963 praterita
2881 906 3089 960 sanent,
3129 897 3412 966 cogitatio-

1851 1006 1965 1043 nem
1997 990 2156 1041 ullam
2183 990 2464 1057 suscipere,
2493 992 2583 1045 sed
2617 1005 2745 1042 nona
2770 1004 2927 1057 opera
2956 998 3004 1042 et
3041 988 3181 1058 facta
3206 988 3412 1059 agmine

1850 1081 1906 1133 in
1942 1080 1994 1133 id
2027 1081 2341 1145 incumbere,
2378 1082 2516 1151 quod
2548 1080 2651 1134 sibi
2700 1081 2764 1134 ab
2796 1081 2945 1133 initio
2982 1096 3318 1148 proposuere,
3352 1090 3411 1135 stt

1852 1172 2011 1224 vitam
2042 1173 2206 1239 ipsius
2245 1174 2473 1243 afﬂigant
2513 1185 2559 1227 et
2595 1175 3031 1229 existimationem
3053 1178 3193 1244 apud
3222 1176 3411 1245 fratres

1850 1264 2095 1330 artiﬁciis
2122 1266 2233 1317 suis
2278 1266 2656 1322 contaminent.
2695 1266 2864 1333 Quam
2895 1268 3053 1336 justas
3080 1268 3189 1322 sint
3224 1269 3406 1326 Basilii

1846 1356 2080 1425 querelae
2125 1356 2279 1411 testis
2317 1368 2399 1411 est
2436 1358 2741 1414 Dazimonis
2790 1359 2955 1428 regio,
3003 1360 3055 1413 in
3089 1374 3190 1428 qua
3224 1361 3414 1415 Eusta-

1853 1449 1998 1502 thius
2048 1449 2246 1502 multos
2300 1463 2328 1502 a
2385 1447 2570 1502 Basilii
2621 1450 3001 1503 communione
3048 1450 3407 1507 abstraxerat.

1852 1537 2192 1591 Metuentlum
2222 1548 2341 1592 erat
2372 1553 2437 1591 ne
2464 1536 2727 1605 ejusmodi
2758 1547 2904 1591 artes
2930 1536 3221 1593 vaferrimo
3255 1539 3407 1609 inge-

1850 1634 1940 1683 uio
1976 1630 2027 1683 itt
2069 1630 2191 1684 aliis
2234 1630 2367 1685 locis
2411 1631 2778 1684 succederent.
2814 1627 2997 1697 Itaque
3037 1628 3236 1684 silentii
3264 1645 3414 1684 rum-

1849 1722 2008 1789 pendi
2041 1731 2251 1790 tempus
2280 1736 2402 1777 esse
2437 1722 2873 1776 animadvertens
2903 1718 3157 1787 Basilius,
3196 1723 3414 1793 scripsit

1851 1813 2112 1867 adversus
2162 1813 2500 1868 Eustathium
2550 1813 2831 1882 epistolam
2873 1812 2999 1880 225,
3054 1814 3103 1867 in
3151 1828 3257 1883 qua
3302 1829 3416 1869 sua

1852 1916 1973 1956 cum
2002 1902 2091 1957 illo
2118 1901 2511 1971 coniunctionis
2530 1903 2792 1972 originem
2819 1904 3031 1973 repetit,
3057 1903 3253 1957 violata
3277 1903 3415 1958 ιιιηί-

1852 1998 1993 2051 citite
2018 1995 2139 2063 jura
2173 1997 2440 2065 queritur,
2476 1996 2630 2050 fictas
2658 2006 2712 2050 et
2741 1996 2930 2050 inanes
2960 1995 3253 2051 inimicitia:
3285 2011 3414 2051 cau-

1854 2104 1943 2144 sas
1970 2087 2187 2151 relellit,
2222 2101 2284 2141 ac
2312 2086 2672 2141 certissimam
2710 2085 2868 2154 hujus
2914 2087 2989 2141 rei
3032 2102 3252 2141 causam
3293 2100 3415 2142 esse

1855 2182 2209 2245 demonstrat,
2254 2176 2489 2234 studium
2549 2178 2735 2246 gratiae
2801 2178 2939 2247 apud
3001 2178 3285 2234 haereticos
3334 2178 3417 2235 in-

1854 2273 2057 2327 euntlaa.

1926 2360 2136 2431 Scripta
2168 2375 2272 2415 non
2308 2358 2477 2415 multo
2506 2366 2627 2428 post
2653 2357 2721 2413 ad
2759 2357 3097 2414 Genelhlium
3132 2363 3413 2433 presbyte-

1858 2467 1975 2506 rum
2012 2452 2259 2519 epistola,
2286 2452 2375 2520 qui
2404 2466 2463 2505 se
2490 2466 2610 2505 cum
2642 2450 2839 2506 Basilio
2864 2454 3066 2507 sentire
3094 2468 3188 2522 per
3211 2453 3418 2511 litteras

1858 2547 2277 2616 signiﬁcaverat,
2305 2555 2359 2599 et
2402 2544 2609 2614 repudii
2640 2545 2874 2599 libellum
2916 2546 3183 2602 Eustatbii
3215 2549 3409 2603 adver-

1858 2654 1950 2693 sus
2005 2639 2263 2693 Basilium
2309 2637 2507 2707 scripta
2564 2636 2945 2707 appellaverat.
3000 2638 3224 2692 Brevius
3273 2641 3419 2709 cogit

1857 2729 2084 2783 Basilius
2118 2743 2236 2796 quae
2272 2728 2324 2780 in
2356 2726 2634 2796 superiore
2664 2725 2892 2789 epistola
2928 2727 3259 2781 disseruerat
3286 2733 3420 2783 ube-

1858 2823 1989 2883 rius,
2029 2834 2254 2888 eamque
2302 2818 2700 2872 satislacturam
2758 2828 2963 2883 monet,
3014 2818 3056 2874 si
3100 2820 3223 2887 quis
3268 2822 3421 2889 plura

1857 2912 2147 2965 desideret.

1932 3002 2227 3071 Utramque
2268 3000 2551 3071 epistolam
2603 3011 2729 3055 ante
2762 2999 3100 3054 manifestam
3150 2999 3419 3058 Eustalhii

1859 3110 1981 3150 cum
2038 3096 2257 3150 Alienis
2307 3094 2761 3162 coajunctionem,
2823 3093 3188 3147 collocandam
3246 3094 3413 3161 duxi,

1861 3186 2104 3255 quamvis
2134 3186 2479 3239 Tillemontio
2520 3201 2675 3240 secus
2698 3186 2961 3239 videatur.
2995 3184 3165 3255 Ilujus
3198 3185 3421 3254 (δοκιμω-

1861 3276 2076 3338 ctionis,
2103 3291 2220 3344 quae
2263 3275 2587 3329 uberrimam
2618 3276 2873 3342 arguendi
2924 3275 3188 3329 Eustathii
3243 3288 3421 3331 mate-

1863 3360 1994 3420 Fiam
2046 3368 2207 3428 dedit,
2242 3366 2381 3417 nulla
2419 3382 2637 3434 prorsus
2675 3369 2874 3421 mentio
2908 3367 2961 3421 in
3006 3368 3089 3422 his
3133 3368 3377 3436 epistolis
3405 3409 3418 3435 ,

1859 3455 2106 3523 quamvis
2137 3455 2317 3507 nullibi
2340 3456 2516 3523 aptius
2546 3456 2658 3509 lieri
2690 3458 2926 3525 potuisse
2958 3459 3222 3516 videatur,
3257 3474 3419 3527 quant

1862 3546 1914 3598 in
1943 3544 2169 3613 epistola
2195 3546 2319 3611 225,
2347 3562 2447 3598 non
2474 3548 2539 3600 ad
2562 3562 2723 3599 unum
2753 3546 2983 3614 aliquem
3014 3548 3304 3612 hominem,
3328 3551 3421 3602 sed

1862 3637 1927 3690 ad
1954 3636 2211 3705 plurimas
2244 3637 2511 3691 Ecclesias
2561 3640 2744 3692 missa.
2780 3640 2891 3693 Non
2924 3640 3091 3693 utitur
3132 3639 3233 3694 hoc
3264 3655 3421 3709 argu.

1863 3741 2063 3794 ntenlo,
2098 3744 2217 3782 cum
2264 3727 2526 3781 Eustatltii
2566 3731 2977 3784 inconstantiam
3008 3731 3220 3800 probat,
3248 3733 3340 3785 sed
3373 3732 3420 3785 ei

1862 3832 2064 3877 tantum
2096 3819 2279 3888 objicit
2312 3819 2384 3888 (ε)
2432 3818 2715 3873 formulam
2751 3820 2870 3874 lidei
2906 3822 3157 3873 traditam
3188 3820 3420 3876 Gelasio.

1860 3915 1997 3981 Quin
2022 3912 2184 3967 etiam
2222 3912 2297 3983 (tl)
2330 3912 2377 3966 ci
2422 3927 2525 3965 non
2569 3912 2728 3967 audet
2752 3914 2965 3967 crimini
3000 3923 3226 3977 vertere,
3271 3913 3413 3981 quod

1859 4009 1970 4061 Arii
2004 4005 2317 4073 discipulus,
2347 4017 2396 4058 et
2426 4006 2585 4066 Aetii,
2616 4020 2708 4058 seu
2743 4006 2920 4075 potius
2952 4004 3115 4065 Aerii,
3152 4005 3406 4074 magister

1860 4098 2072 4152 luisset.
2108 4097 2212 4150 Sed
2239 4096 2376 4165 quod
2406 4110 2515 4147 rem
2540 4110 2862 4163 causamque
2894 4097 3126 4149 maxime
3160 4098 3421 4161 continet,

1862 4189 2095 4246 studium
2122 4188 2362 4259 placendi
2392 4185 2783 4257 potentioribus
2812 4185 3024 4239 Arianis
3054 4200 3159 4239 non
3184 4186 3422 4255 exagitat

1862 4280 2092 4335 Basilius
2123 4282 2173 4334 in
2212 4280 2510 4345 Eustathio,
2557 4288 2615 4331 ιιι
2647 4294 2756 4332 rem
2784 4278 3023 4331 omnium
3052 4279 3223 4331 oculis
3253 4287 3419 4331 testa-

1862 4382 1993 4437 tatu,
2027 4374 2120 4427 sed
2151 4383 2207 4426 ut
2237 4373 2478 4425 morbum
2511 4372 2751 4437 pluribus
2788 4370 3055 4424 occultum
3083 4370 3279 4440 detegit
3312 4384 3416 4423 non

1861 4471 1976 4523 sine
2001 4469 2175 4537 aliqua
2218 4466 2559 4521 verecundia.
2590 4466 2679 4518 Sic
2705 4464 2845 4517 euitn
2874 4463 3109 4531 loquitur
3132 4465 3235 4518 sub
3258 4464 3418 4517 linem

266 4541 361 4625 bus
410 4536 1164 4625 's‘atellitum,fugit,.ejusque
1198 4536 1357 4620 causa
1394 4538 1755 4625 scr‘iibitnBasi-
1788 4562 1831 4617 ο
1856 4559 1930 4625 cpi

1788 4562 1831 4617 ι)
1856 4536 2275 4625 ερίδιοιειέ22ὖι
2310 4556 2375 4607 At
2416 4562 2548 4607 enim
2604 4553 2823 4621 epistola
2868 4553 3211 4621 separationis
3258 4570 3420 4608 causa

267 4608 371 4659 lius
401 4609 753 4663 Drmostheni.
784 4606 863 4659 Ill.
894 4605 1113 4659 Interest
1141 4609 1262 4661 huic
1295 4608 1515 4661 concilio
1556 4606 1753 4661 Eusta-

268 4678 435 4747 tltius.
453 4679 645 4731 Scribit
670 4675 897 4747 Basilius
921 4675 1163 4747 adversus
1187 4696 1303 4730 eum
1327 4678 1599 4747 epistolam
1626 4679 1749 4732 226.

272 4744 360 4801 IV.
397 4746 731 4811 Euphronius
764 4745 1090 4800 Coloniensis
1123 4750 1191 4799 ad
1222 4744 1391 4801 sedem
1433 4745 1755 4808 Nicopolim-

269 4832 391 4873 nam
442 4819 693 4886 evehitur.
727 4817 966 4880 Quatuor
997 4830 1057 4865 ea
1097 4818 1159 4867 de
1194 4835 1246 4870 re
1276 4819 1510 4886 epistolrc
1540 4815 1753 4886 Basilii.

272 4888 336 4943 ν.
368 4886 529 4939 Aliud
567 4884 754 4954 Nysaee
779 4886 1054 4939 concilium
1079 4884 1460 4940 luereticbrum.
1499 4886 1583 4939 Vl.
1619 4884 1753 4941 Pro-

272 4963 427 5012 batur
452 4966 725 5024 utramque
751 4960 1005 5027 synodum
1034 4968 1155 5008 ante
1174 4974 1366 5010 annum
1394 4958 1496 5012 376
1522 4958 1752 5013 habitant

272 5031 450 5101 fuisse.

273 5121 311 5175 Ι.
354 5121 631 5175 llactenus
675 5120 886 5172 tacebat
938 5118 1186 5183 Basilius,
1246 5135 1365 5172 cum
1418 5119 1754 5177 Eustathium

204 5213 485 5280 opprobria
544 5219 942 5265 recantalnruut
998 5220 1257 5276 speraret,
1315 5226 1379 5265 ac
1426 5214 1758 5281 ignoratione

207 5303 370 5373 magis
390 5302 635 5357 veritatis
664 5314 822 5369 quam
850 5301 1051 5355 malitia
1079 5314 1332 5371 peccasse
1358 5304 1621 5356 crederet.
1655 5303 1761 5358 Sed

210 5395 417 5446 tandem
463 5393 578 5463 ipse
609 5391 941 5453 Eustathius,
980 5394 1192 5446 cumulo
1233 5391 1501 5460 prioribus
1554 5393 1759 5447 facino-

212 5484 352 5539 ribus
380 5486 583 5545 addito.
618 5484 757 5539 hanc
783 5485 831 5539 ei
863 5485 1239 5538 necessitatem
1270 5482 1539 5552 imposuit,
1580 5495 1637 5539 ut
1675 5488 1757 5539 itt-

209 5574 501 5629 nocenliatn
554 5588 707 5626 suam
731 5583 785 5628 et
817 5572 1249 5629 adversariorum
1276 5572 1669 5639 improbitatem
1705 5575 1757 5629 in

272 5760 344 5826 (a)
384 5759 555 5828 Epist.
588 5759 698 5813 220
732 5765 783 5813 et
814 5759 938 5815 221.

269 5831 338 5898 (b)
378 5831 476 5900 Ep.
507 5828 633 5893 2‘23,
670 5849 724 5885 ιι.
764 5833 807 5881 l.

1860 4666 1961 4702 non
2004 4657 2078 4700 est
2108 4662 2123 4699 :
2152 4664 2322 4701 verum
2374 4647 2479 4699 alia
2528 4657 2602 4697 est
2654 4646 3030 4713 disjunctionis
3069 4647 3226 4710 ratio,
3266 4663 3425 4715 quant

1862 4741 2099 4809 equidem
2130 4740 2319 4807 referre
2344 4738 2659 4790 verecundor
2683 4753 2744 4789 ac
2787 4753 2987 4806 semper
3015 4738 3292 4801 siluissem,
3321 4740 3424 4793 nisi

1856 4848 1917 4886 ea
1957 4850 2073 4903 qua:
2107 4848 2242 4885 nunc
2279 4840 2421 4899 gestu
2456 4840 2600 4893 sunt,
2651 4832 3002 4885 necessitatem
3046 4832 3173 4884 milli
3212 4831 3422 4884 attulis-

1860 4939 1968 4979 sent
2018 4926 2175 4977 totius
2217 4938 2393 4975 eorum
2446 4922 2649 4975 consilii
2710 4922 2772 4975 ob
2818 4924 3095 4974 multorum
3147 4921 3425 4975 utilitatem

1867 5016 2030 5067 oculis
2087 5014 2396 5081 exponendi.
2447 5012 2828 5067 Existimarunt
2876 5013 2996 5064 boni
3050 5012 3147 5066 riri
3198 5015 3417 5083 impedi-

1868 5119 2039 5160 mento
2074 5108 2170 5159 sibi
2204 5123 2312 5159 esse
2339 5106 2406 5159 ad
2432 5106 2867 5173 recuperationem
2894 5105 3168 5172 potestatis
3191 5121 3425 5158 commu—

1866 5200 2071 5252 nionem
2120 5207 2419 5251 nestram...
2466 5195 2547 5248 Ne
2593 5198 2715 5263 quid
2750 5210 2815 5248 ea:
2853 5194 2948 5248 illa
2993 5196 3311 5262 confessione
3350 5198 3429 5250 vi-

1864 5290 2074 5343 deretur
2100 5289 2202 5341 illis
2229 5288 2576 5355 impedimenti
2603 5302 2894 5350 occurrere,
2915 5286 3193 5357 quominus
3221 5288 3284 5340 ab
3314 5290 3417 5353 his,

1862 5385 1949 5451 qui
2000 5396 2135 5434 nunc
2183 5382 2542 5440 dominantur,
2571 5378 2966 5446 suscipiantur;
3015 5380 3423 5433 communionem

1865 5473 2010 5525 nobis
2044 5472 2427 5524 renuntiarunt.
2464 5456 2555 5522 llis
2580 5483 2709 5537 ergo
2736 5471 2932 5533 verbis,
2956 5485 3071 5537 quae
3106 5486 3240 5523 nunc
3276 5480 3422 5539 gesta

1864 5579 2007 5635 sunt,
2040 5583 2141 5621 non
2175 5562 2458 5619 manifesta
2499 5577 2621 5615 cunt
2663 5562 2875 5616 Arianis
2923 5560 3256 5629 coniunctio,
3291 5558 3419 5627 sed,

1942 5755 2015 5823 (ε)
2058 5754 2153 5822 sp.
2188 5752 2310 5815 est,
2344 5769 2392 5803 η.
2428 5750 2477 5823 gs,

1941 5818 2017 5894 (ά)
2188 5823 2309 5887 225,
2344 5838 2394 5873 ιι.
2429 5818 2483 5871 5.
