4214 6486
787 410 1023 469 αιιιγηί

2115 400 2641 456 PROLEGUMENA.

786 532 847 577 ut
900 521 1058 576 initio
1090 519 1351 590 epistolae,
1395 518 1519 577 novi
1568 518 1830 571 Enstatltii
1886 521 1951 571 ad
2007 519 2343 588 allligendam
2372 529 2417 582 Α
2448 536 2509 573 ac
2541 528 2793 588 praeterea
2835 532 3021 572 renum
3062 515 3373 572 infirmitate
3404 518 3473 573 ob
3515 518 3792 572 collectum
3827 518 4001 587 frigus

785 614 969 677 Basilii
1000 613 1163 667 vitam
1199 620 1425 667 conatus
1462 610 1793 674 indicantur,
1822 625 1887 664 ex
1921 611 2114 680 quibus
2150 604 2341 665 Eusta-

791 706 886 761 thii
929 704 1209 761 consilium
1242 703 1519 761 evidenter
1550 703 1798 773 cognosci
1837 702 1891 758 in
1927 703 2168 773 epistola:
2196 703 2343 759 clau-

790 794 909 862 sula
932 794 1187 857 declarat,

863 886 926 945 ll.
956 886 1198 945 Providit
1222 883 1367 941 velut
1392 900 1458 941 ex
1484 884 1717 956 quadam
1743 883 2222 955 specula.Basllius
2250 887 2345 939 im-

794 977 1085 1043 minentem
1122 975 1483 1046 Cappadocia:~
1517 986 1571 1029 et
1616 977 1809 1030 vicinis
1853 976 2110 1031 Ecclesiis
2143 986 2348 1045 tempe-

791 1080 1005 1124 statem.
1034 1066 1164 1123 Nam
1209 1068 1262 1121 in
1294 1066 1519 1143 epistola
1544 1066 1672 1130 221,
1709 1083 1869 1137 quam
1900 1067 2344 1123 Chalcidensibus

788 1175 896 1213 non
926 1160 1091 1214 multo
1130 1169 1247 1235 post
1282 1160 1509 1212 reditum
1557 1174 1624 1211 ex
1671 1158 1840 1212 Ponto
1882 1159 2119 1225 scripsit,
2154 1159 2341 1212 incen-

786 1251 955 1315 dium,
990 1254 1127 1320 quod
1173 1253 1455 1321 plerasque
1480 1251 1717 1307 Orientis
1747 1250 2015 1304 Ecclesias
2061 1252 2343 1318 depastum

787 1342 982 1404 fuerat,
1008 1341 1120 1417 jam
1153 1341 1204 1396 in
1239 1340 1629 1414 Cappadociam
1661 1355 1877 1410 serpere
1912 1340 2196 1411 significat.
2224 1339 2343 1393 Pri~

785 1448 930 1486 mum
953 1431 1029 1504 (α)
1079 1442 1135 1487 et
1186 1433 1479 1487 maximum
1528 1434 1883 1503 Cappadocia:
1928 1433 2201 1488 malorum
2242 1432 2343 1488 fuit

784 1524 1023 1576 vicarius
1051 1521 1460 1590 Demosthenes,
1493 1537 1599 1591 quo
1634 1532 1811 1576 tamen
1843 1522 2204 1592 gubernacula
2240 1537 2337 1576 ca-

784 1621 1035 1694 pessente
1079 1615 1280 1682 gratias
1329 1616 1438 1682 egit
1486 1614 1595 1668 Deo
1636 1613 1887 1678 Basilius,
1915 1616 2055 1682 quod
2106 1615 2336 1681 patriam

786 1706 995 1760 videret
1020 1705 1365 1760 commissam
1409 1706 1527 1759 viro
1560 1706 1654 1775 (b),
1688 1706 1913 1772 primum
1947 1706 2156 1774 quidem
2186 1703 2341 1759 Chri-

783 1798 979 1861 stiano,
1010 1799 1197 1852 deinde
1224 1799 1457 1851 moribus
1482 1807 1639 1861 recto,
1672 1807 1721 1850 et
1751 1796 1919 1866 legum
1966 1808 2210 1851 accurato
2246 1814 2338 1850 cn-

2444 610 2778 665 lahorantem
2814 611 3166 666 inexorabiles
3204 611 3395 664 milites
3434 610 3759 673 detinerent,
3808 625 3997 663 eorum

2440 702 2691 754 manibus
2718 701 2949 769 elapsus,
2978 702 3031 755 in
3057 704 3300 771 quietum
3329 701 3556 768 aliquem
3584 699 3758 753 locum
3785 698 3995 769 ell‘ugit.

2511 789 2827 846 Crediderat
2860 791 3085 855 Basilius
3116 793 3351 860 seipsum
3383 790 3705 844 accersitum
3750 790 3837 852 iri,
3889 805 3997 843 non

2444 897 2571 937 vero
2605 882 2847 938 fratrem.
2876 882 2978 936 Sed
3005 884 3092 936 ubi
3124 884 3257 937 vidit
3282 882 3333 934 in
3372 880 3511 933 illius
3538 881 3874 948 potissimum
3906 896 4001 933 ca—

2444 986 2537 1043 put
2568 975 2938 1029 btereticorum
2976 975 3265 1043 nequitiam
3293 972 3558 1040 erupisse,
3585 974 3863 1041 ipsumque
3899 988 3999 1025 au-

2445 1066 2673 1135 fugisse;
2703 1076 2811 1119 tum
2836 1080 2965 1119 vero
2991 1077 3234 1119 metuens
3261 1079 3327 1119 ne
3350 1065 3489 1118 illius
3512 1062 3633 1131 fuga
3659 1066 3998 1119 stomachum

2445 1156 2784 1211 Demostheni
2821 1156 3055 1219 faceret,
3089 1155 3299 1224 placare
3329 1157 3583 1209 vicarium
3613 1166 3779 1210 tentat
3803 1160 4000 1227 perho-

2445 1246 2675 1303 norilicis
2732 1248 2923 1301 litteris
2974 1247 3064 1316 (ἢ,
3120 1262 3183 1300 ac
3236 1246 3569 1302 demonstrat
3630 1248 3794 1301 dilato
3858 1250 3998 1304 Gre—

2445 1337 2576 1405 gorii
2605 1352 2829 1391 occursu
2861 1352 2961 1391 nec
2989 1336 3227 1405 publicas
3255 1351 3341 1391 res
3370 1338 3507 1401 laedi,
3541 1352 3638 1391 nec
3670 1338 3998 1393 ecclesiasti-

2443 1442 2565 1493 cas;
2623 1440 2841 1497 paratos
2888 1430 3029 1482 enim
3083 1442 3203 1482 esse
3248 1430 3481 1496 pecuniae
3528 1444 3697 1484 sacra:
3744 1431 4000 1484 custodes

2445 1520 2706 1574 rationem
2738 1522 2959 1574 reddere
2990 1538 3004 1574 :
3033 1529 3088 1573 et
3120 1534 3185 1574 ex
3222 1521 3361 1573 beati
3402 1522 3634 1590 episcopi
3661 1522 3877 1590 scriptis
3908 1536 4001 1575 ve-

2443 1612 2653 1665 ritatem
2693 1613 3030 1667 manifestam
3066 1613 3265 1667 facere.
3300 1613 3450 1677 Quod
3489 1626 3663 1668 autem
3694 1624 3903 1685 spectat
3932 1615 4002 1668 ad

2444 1703 2837 1759 ordinationem
2872 1702 3158 1773 Gregoriii,
3208 1704 3252 1757 si
3285 1712 3459 1756 tamen
3493 1702 3575 1757 his
3608 1705 3672 1757 de
3705 1707 3863 1760 rebus
3895 1706 4003 1759 De.

2444 1796 2752 1850 msSthenes
2774 1794 3030 1863 judicium
3056 1796 3154 1849 sibi
3182 1808 3436 1863 arrogare
3458 1794 3618 1859 velit,
3643 1810 3850 1863 aequum
3878 1811 4003 1851 esse

783 1887 943 1949 studi.
985 1886 1090 1941 Sed
1127 1887 1172 1941 si
1220 1887 1303 1941 his
1344 1885 1587 1941 laudibus
1630 1888 1821 1956 dignus
1866 1887 2018 1940 initio
2058 1888 2341 1940 videbatur
2371 1880 2412 1934 Β
2444 1896 2500 1939 ut
2527 1900 2714 1939 omnes
2748 1885 2979 1954 episcopi
3010 1886 3350 1951 conveniant,
3381 1899 3501 1938 cum
3531 1899 3713 1937 eorum
3742 1886 3899 1954 culpa
3926 1890 3999 1942 sit

786 1976 1196 2040 Demosthenes,
1241 1992 1303 2032 ac
1332 1993 1435 2032 non
1468 1979 1643 2047 potius
1692 1979 1893 2032 monita
1923 1987 1975 2031 et
2006 1978 2179 2034 honor
2219 1979 2341 2047 qui-

785 2064 910 2123 dam
946 2068 1195 2136 potestati
1225 2068 1439 2128 debitus
1465 2068 1765 2124 existimari
1801 2070 1993 2130 debent
2018 2086 2032 2133 ;
2057 2078 2208 2122 certe
2235 2070 2343 2123 cito

790 2171 913 2220 sese
945 2158 1158 2227 aperuit
1186 2169 1241 2211 et
1280 2159 1502 2214 nudavit
1534 2174 1597 2215 ac
1625 2174 1748 2229 spes
1784 2174 1973 2221 omnes
2016 2161 2081 2213 de
2112 2174 2171 2212 se
2214 2176 2343 2212 con-

790 2257 972 2317 ceptas
996 2249 1248 2302 mentitus
1270 2259 1373 2303 est.
1399 2248 1591 2303 Utrum
1616 2250 1907 2304 hzereticus
1931 2250 2199 2303 sententia
2225 2250 2342 2304 fue-

785 2340 876 2406 rit,
918 2355 1022 2395 nou
1057 2352 1329 2396 asseverat
1360 2342 1590 2403 Basilius
1622 2341 1715 2411 (c).
1754 2342 1903 2397 lllum
1933 2343 2075 2403 enim
2109 2343 2344 2398 arbitra-

783 2432 943 2492 batur
986 2435 1163 2491 omnis
1216 2436 1473 2495 doctrinae
1518 2446 1791 2502 expertem
1839 2450 1978 2503 esse,
2026 2452 2125 2490 nec
2176 2436 2340 2495 ullum

785 2521 1047 2590 ejusmodi
1080 2539 1254 2586 rerum
1306 2527 1536 2581 studium
1564 2538 1656 2583 aut
1702 2543 1856 2588 usum
1898 2527 2121 2593 habere,-
2145 2528 2355 2597 quippe-

785 2628 908 2669 cum
948 2628 1068 2669 eum
1101 2616 1155 2679 in
1204 2616 1324 2671 aliis
1368 2618 1527 2677 rebus
1560 2632 1723 2676 carne
1760 2627 1814 2671 et
1848 2618 2047 2679 animo,
2094 2628 2251 2671 noctu
2288 2626 2342 2670 et

785 2703 1018 2765 interdiu
1067 2717 1387 2778 occupatum
1441 2708 1664 2770 videret.
1718 2707 1823 2761 Sed
1875 2716 2023 2760 certe
2071 2707 2342 2768 hareticis

788 2797 1018 2861 gmicum
1053 2796 1241 2862 fuisse,
1289 2812 1385 2851 nec
1418 2797 1586 2868 magis
1617 2812 1709 2852 eos
1749 2797 2017 2865 dilexisse,
2047 2814 2204 2865 quam
2235 2800 2340 2854 Ca~

786 2887 1015 2943 tholicos
1048 2890 1247 2953 odisse,
1277 2889 1573 2944 conﬁrmat.
1612 2889 1769 2944 Hunc
1806 2892 2018 2943 videtur
2056 2892 2342 2960 designare

783 2979 1037 3047 Basilius,
1110 2998 1234 3037 cum
1295 2982 1622 3037 Doarensem
1691 2981 1991 3036 Ecclesiam
2053 2984 2121 3037 ab
2179 2983 2343 3037 obeso

796 3082 917 3127 ceto
948 3074 1026 3151 (ά)
1052 3074 1353 3143 perturbari
1402 3073 1495 3127 ait.
1543 3072 1683 3135 Alibi
1713 3072 1783 3143 (e)
1831 3073 2077 3142 angelum
2130 3072 2342 3129 Satanae

786 3165 1037 3235 appellat,
1067 3173 1121 3223 et
1149 3165 1368 3227 haeresis
1392 3164 1725 3229 defensorem
1752 3180 1818 3220 ne
1845 3165 2092 3234 sanguini
2123 3165 2336 3237 quidem

789 3256 1022 3323 fidelium
1058 3268 1388 3327 parcentem.
1437 3256 1549 3320 Non
1584 3255 1937 3328 improbabile
1967 3264 2049 3313 est
2091 3258 2335 3310 eumdem

786 3350 955 3413 fuisse
988 3348 1400 3405 Demosthenem
1425 3389 1439 3413 ,
1470 3348 1609 3402 sacri
1644 3348 1824 3415 palatii
1869 3358 2220 3411 castrensem,
2252 3346 2341 3416 qui

789 3455 910 3496 cum
954 3439 1008 3493 in
1036 3437 1234 3497 Basilio
1262 3454 1442 3495 coram
1471 3436 1692 3493 Valente
1728 3439 2059 3506 objurgando
2094 3438 2343 3493 barbari-

786 3546 959 3589 smum
999 3529 1307 3586 admisisset
1331 3526 1397 3601 (f)
1450 3529 1734 3584 subridens
1777 3527 2030 3593 Basilius,
2084 3526 2341 3596 Vidimus,

786 3623 984 3690 inquit,
1014 3622 1174 3674 etiam
1208 3620 1597 3683 Demosthenem
1625 3621 1979 3677 illitteratum.

857 3714 947 3773 Bis
974 3712 1049 3785 (g)
1077 3713 1223 3767 venit
1251 3714 1553 3767 Caesaream
1584 3714 1684 3769 hoc
1727 3729 1868 3768 anno
1908 3712 2340 3769 Demosthenes:

790 3820 913 3862 nam
954 3805 1183 3861 Basilius
1221 3815 1501 3875 postquam
1550 3804 1705 3866 dixit,
1737 3804 1955 3859 Advenit
2007 3805 2155 3862 nobis
2204 3806 2343 3857 vica-

790 3914 919 3963 rius,
936 3906 1066 3966 etc.,
1091 3896 1361 3951 nonnullis
1386 3894 1680 3963 intenjectis
1703 3894 1767 3947 de
1793 3895 1977 3950 eodem
2003 3896 2074 3948 ait
2102 3914 2115 3948 :
2144 3894 2344 3956 Rursus

787 3997 854 4042 ad
886 4005 977 4043 nos
1001 3988 1238 4055 accessit,
1268 3989 1401 4041 iram
1426 3986 1720 4054 eisdemque
1753 3985 1979 4053 spirans.
2006 3976 2157 4055 Quod
2186 4000 2346 4053 argu-

787 4086 966 4132 mento
997 4086 1079 4130 est
1114 4090 1236 4130 eum
1272 4074 1501 4142 primum
1534 4075 1751 4147 quidem
1790 4074 2023 4139 venisse,
2058 4080 2115 4126 ut
2148 4074 2345 4141 guber-

785 4167 975 4226 nacula
1017 4166 1267 4224 ditecesis
1322 4180 1429 4226 suae
1472 4177 1797 4232 capesseret,
1848 4167 2042 4223 deinde
2077 4176 2135 4223 ut
2166 4165 2249 4219 sui
2290 4165 2346 4220 in

785 4260 1091 4316 Catholicos
1121 4259 1230 4314 odii
1254 4259 1523 4328 specimen
1556 4256 1761 4312 ederet.

855 4348 998 4421 Inter
1020 4352 1190 4416 prima
1221 4350 1360 4404 illius
1387 4361 1533 4420 gesta
1568 4347 1836 4403 reccnseri
1866 4346 2021 4403 debet
2060 4347 2343 4403 concilium

788 4440 1099 4511 impiorum,
1143 4458 1275 4511 quos
1300 4442 1472 4497 media
1504 4441 1681 4498 hieme
1708 4443 1976 4511 Ancyram
2008 4442 2341 4497 convocavit.

2446 1973 2533 2041 qui
2580 1972 2922 2036 ordinavere,
2966 1989 3072 2028 non
3114 1973 3256 2028 illius
3298 1975 3381 2027 cui
3418 1974 3664 2042 imposita
3702 1977 3997 2031 necessitas

2446 2064 2726 2119 ministerii
2771 2064 3116 2133 suscipiendi.
3163 2064 3335 2135 Rogat
3365 2065 3541 2135 itaque
3584 2063 3998 2119 Demosthenem

2445 2154 2692 2221 Basilius,
2727 2165 2785 2209 ut
2822 2156 2923 2209 sibi
2954 2157 3192 2210 auditum
3233 2166 3411 2210 servet
3438 2156 3489 2209 iu
3519 2158 3710 2226 patria,
3748 2172 3845 2210 nec
3876 2172 4000 2224 per-

2445 2244 2623 2301 trahat
2665 2246 2718 2298 in
2757 2255 2995 2300 cxteram
3032 2247 3323 2317 regionem.
3372 2263 3473 2303 nec
3519 2249 3811 2303 convenire
3844 2256 4003 2318 cogat

2444 2352 2563 2391 cum
2615 2336 2901 2405 episcopis,
2936 2337 3257 2405 quibuscum
3304 2340 3372 2396 de
3416 2341 3576 2397 rebus
3617 2340 4000 2397 ecclesiasticis

2442 2427 2813 2483 dissentiehat.

2514 2518 2723 2589 Scripta
2751 2521 2864 2574 haec
2888 2518 3108 2589 epistola
3138 2520 3374 2574 omnium
3404 2521 3752 2591 Cappadociae
3782 2524 3997 2593 episco-

2442 2626 2628 2679 porum
2680 2610 2915 2666 nomine.
2975 2609 3218 2665 Venimus
3271 2628 3468 2677 omnes,
3514 2614 3687 2682 inquit
3733 2614 3995 2678 Basilius.

2443 2702 2778 2769 amplitudini
2840 2712 2945 2758 tua:
2992 2704 3271 2772 supplices.
3330 2701 3447 2769 Quo
3504 2718 3729 2759 numero
3787 2706 4005 2761 videtur

2442 2794 2720 2863 utriusque
2781 2793 3128 2863 Cappadocia:
3181 2795 3459 2864 episcopos
3511 2795 3993 2864 comprehendere.

2444 2882 2668 2950 Utrique
2700 2884 2844 2943 enim
2872 2885 3256 2941 ordinaverant
3282 2886 3623 2955 Gregorium,
3654 2888 3851 2957 quippe
3880 2901 4001 2943 cum

2441 2975 2718 3029 ordinatus
2758 2976 2829 3033 sit
2869 2985 2993 3037 ante
3035 2977 3350 3033 divisionem
3395 2977 3763 3047 Cappadociae.
3819 2977 4004 3046 Quare

2445 3074 2789 3133 utrorumque
2841 3082 2925 3120 res
2966 3068 3245 3135 agebatur.
3295 3068 3509 3124 Minime
3547 3084 3677 3139 ergo
3719 3070 3917 3124 mirum
3956 3070 4000 3124 si

2444 3168 2662 3222 operam
2692 3170 2844 3208 suam
2880 3154 3077 3210 Basilio
3108 3158 3211 3211 hac
3244 3158 3297 3211 in
3345 3175 3402 3214 re
3435 3169 3715 3215 navarunt.
3748 3161 3867 3217 Huc
3907 3178 4003 3216 ac-

2442 3244 2584 3298 cedit
2633 3245 2771 3311 quod
2812 3260 2934 3299 cum
2993 3259 3059 3299 eo
3103 3255 3227 3299 ante
3266 3247 3367 3301 hoc
3418 3260 3624 3319 tempus
3664 3252 3716 3305 in
3770 3254 4001 3323 gratiam

2443 3350 2569 3390 vere
2616 3344 2669 3389 et
2719 3352 2783 3390 ex
2840 3336 3019 3391 animo
3054 3336 3344 3390 redierant.
3389 3338 3584 3393 Eorum
3624 3343 3764 3397 enim
3801 3353 4003 3397 metro-

2443 3427 2734 3497 politanum
2782 3426 3091 3481 Anthimum
3153 3435 3305 3482 vocat
3364 3429 3665 3484 unanimem
3723 3446 3881 3485 suum
3946 3434 3999 3486 in

2442 3520 2595 3590 epist.
2630 3519 2755 3585 210,
2788 3535 2840 3572 n.
2873 3518 2926 3573 5.

2512 3610 2567 3663 ln
2602 3612 2786 3668 eodem
2812 3609 3038 3671 concilio
3065 3610 3467 3676 Demosthenes,
3493 3610 3645 3680 cujus
3675 3622 3861 3667 nutum
3889 3615 4003 3683 epi-

2445 3700 2589 3766 scopi
2638 3700 2951 3764 horrebant,
3002 3700 3205 3771 llypsin
3252 3700 3643 3757 l‘arnassenum
3692 3705 4000 3775 episcopum

2442 3789 2728 3859 ejecitlk),
2775 3790 2996 3861 ejusque
3038 3793 3154 3845 loco
3204 3791 3476 3848 Ecdicium
3520 3796 3821 3852 constituit.
3873 3798 4005 3855 Erat

2446 3880 2533 3932 ille
2558 3879 2803 3938 Ecdicius
2837 3880 3046 3949 Euippii
3074 3880 3321 3932 alumnus
3349 3882 3431 3951 (ι),
3464 3883 3515 3935 id
3538 3892 3640 3949 est,
3670 3885 3737 3938 ab
3768 3898 3833 3938 eo
3859 3887 4003 3940 ordi-

2446 3980 2626 4033 natus,
2667 3985 2900 4037 eumque
2943 3984 3064 4023 cum
3094 3969 3297 4038 Anysio
3325 3968 3533 4041 Euippii
3562 3973 3743 4027 itidem
3786 3974 4004 4030 alumno

2447 4061 2499 4113 in
2528 4060 2782 4113 vexandis
2807 4057 3065 4112 Ecclesiis
3093 4059 3393 4114 arctissime
3421 4061 3761 4130 conjunctum
3789 4066 4001 4122 videbi-

2447 4166 2584 4203 mus.
2635 4149 2827 4220 Hypsis
2877 4160 3054 4205 autem
3100 4152 3309 4206 videtur
3353 4149 3402 4204 ei
3445 4157 3790 4223 successisse,
3849 4158 4001 4225 cujus

2447 4251 2619 4296 morte
2653 4242 2900 4298 alllictam
2945 4243 3238 4298 Ecclesiam
3280 4242 3666 4302 Parnassenam
3699 4248 4003 4303 consolatur

2445 4334 2673 4389 Basilius
2702 4335 2753 4389 in
2783 4336 3004 4404 epistola
3027 4335 3114 4390 62.

2519 4426 2603 4481 111.
2646 4419 2893 4481 Interfuit
2924 4428 3048 4481 huic
3075 4426 3303 4481 concilio
3334 4426 3664 4496 Eustathius,
3695 4444 3759 4485 ac
3787 4432 3999 4488 tandem

788 4532 1013 4602 γοιειηι
1043 4534 1187 4589 enim
1238 4545 1294 4588 υι
1324 4536 1390 4588 ιη]
1436 4535 1671 4595 facinora
1721 4551 1814 4589 sua
1846 4536 2054 4604 species
2096 4534 2338 4602 quadam
2372 4542 2416 4593 ι)
2445 4537 2509 4575 ex
2539 4521 2979 4575 dissimulationis
3006 4518 3292 4575 involucris
3336 4522 3389 4575 in
3418 4533 3652 4591 apertam
3685 4537 3805 4575 cum
3839 4524 4000 4579 Aria-

784 4627 1119 4685 auctoritatis
1167 4627 1485 4697 episcopalis
1533 4627 1834 4688 accederet.
1892 4628 1947 4681 ln
1994 4628 2095 4683 hac
2142 4623 2343 4695 synodo

787 4727 1070 4781 accusatus
1100 4718 1388 4786 Gregorius
1417 4716 1684 4787 Nyssenus
1715 4717 1790 4789 (lt)
1816 4733 1845 4770 a
1871 4717 2213 4780 Philuchare,
2245 4715 2338 4777 ho-

787 4812 933 4865 mine
966 4810 1178 4885 ignobili
1206 4811 1266 4877 (ἱ)
1295 4811 1435 4879 quod
1460 4824 1641 4873 sacras
1674 4811 1924 4877 pecunias
1951 4809 2018 4871 ab
2047 4808 2211 4877 ipsius
2247 4808 2341 4863 de-

789 4916 1030 4967 cessore,
1062 4912 1122 4956 ut
1164 4902 1448 4957 verisimile
1480 4913 1591 4968 est,
1639 4901 1854 4963 relictas
1882 4900 2216 4968 dissipasset.
2255 4899 2340 4953 Si-

787 4994 931 5047 milis
964 4992 1227 5049 calumnia
1255 5008 1486 5049 canones
1513 4996 1564 5046 in
1594 4994 1710 5062 ejus
1756 4993 2091 5053 ordinatione
2120 4991 2341 5051 violatos

788 5085 1135 5154 querebatur.
1172 5084 1348 5141 Missis
1381 5085 1558 5153 itaque
1594 5086 1851 5140 militibus
1891 5082 2205 5152 Gregorium
2241 5082 2340 5136 De-

790 5177 1101 5230 mosthenes
1167 5175 1336 5245 abripi
1388 5175 1570 5244 jussit.
1624 5176 1909 5228 MatltiaIO‘
1941 5173 2338 5240 obtemperavit

789 5263 1114 5337 Gregorius:
1147 5267 1241 5321 sed
1266 5281 1388 5323 cum
1426 5281 1547 5320 eum
1574 5264 1757 5319 lateris
1793 5264 1974 5323 dolore
2018 5273 2339 5331 correctum,

860 5409 937 5469 (α)
979 5402 1073 5469 Ep.
1107 5403 1228 5464 237,
1260 5418 1315 5456 n.
1343 5404 1397 5457 Ξ.

887 5474 935 5541 ὑ)
977 5473 1140 5539 Ισῖιιὶει.
1169 5472 1293 5526 225.

885 5546 929 5594 c‘
971 5544 1067 5606 Ep.
1103 5544 1224 5605 257,
1260 5562 1312 5597 ιι.
1351 5543 1404 5598 Ξ.

863 5611 941 5679 (d)
976 5612 1068 5679 Ep.
1099 5612 1223 5665 231.

862 5682 933 5747 (e)
971 5680 1068 5745 Ep.
1096 5682 1219 5734 9.48.

862 5748 931 5885 δι’)
973 5749 1315 5806 Theodoret..
1354 5749 1491 5805 Hist.
1523 5752 1613 5808 lib.
1642 5766 1713 5815 tv,
1742 5768 1858 5817 cap.
1892 5753 1977 5818 19.

893 5830 942 5885 at
988 5818 1080 5885 Ep.
1104 5821 1232 5875 “.257.

893 5830 942 5889 at
988 5818 1080 5887 Et).
1104 5821 1232 5890 “.2157.

2450 4614 2532 4664 nis
2567 4612 3001 4682 conjunctionem
3030 4610 3220 4678 erupit.
3275 4611 3391 4665 Non
3434 4614 3575 4664 enim
3618 4611 3712 4681 (ηπ)
3742 4616 3808 4668 ad
3848 4617 3996 4671 aliud

2449 4716 2656 4776 tempus
2704 4705 2894 4762 referri
2945 4712 3118 4771 potest
3165 4690 3306 4759 illius
3356 4721 3476 4759 cum
3522 4706 3735 4763 Ariauis
3772 4710 4001 4781 Ancyra:

2447 4802 2768 4863 communio,
2800 4798 2867 4854 de
2896 4811 2997 4863 qna
3040 4796 3173 4851 nihil
3198 4798 3395 4851 habent
3423 4798 3725 4864 superiores
3762 4800 4000 4870 epistolae

2445 4890 2548 4946 325
2580 4905 2633 4948 et
2662 4892 2787 4955 221,
2814 4890 2936 4959 quia
2965 4891 3164 4945 scilicet
3194 4889 3423 4943 nondum
3453 4888 3553 4943 hoc
3582 4889 3787 4945 facinus
3816 4892 4000 4946 edide-

2449 4996 2530 5037 rat
2556 4984 2887 5039 Eustathius.
2914 4982 3029 5037 Non
3055 4995 3230 5038 tamen
3256 4997 3375 5035 cum
3401 4982 3479 5036 eis
3504 4984 3920 5037 communicavit
3950 4986 3999 5038 in

2446 5076 2693 5140 ecclesia,
2736 5076 2827 5129 sed
2858 5077 2905 5129 iu
2936 5076 3202 5139 domibus,
3231 5075 3352 5142 quia
3385 5090 3449 5128 ne
3478 5077 3526 5130 id
3551 5076 3765 5144 quidem
3800 5077 3867 5128 ab
3896 5076 3996 5131 illis

2460 5169 2749 5238 impetrare
2778 5168 2977 5236 potuit,
3022 5174 3079 5220 ut
3106 5164 3317 5234 publice
3344 5167 3687 5235 reciperetur.
3728 5163 4000 5220 Vereban-

2450 5270 2536 5315 tur
2564 5259 2703 5313 enim
2722 5257 2796 5329 (η)
2825 5275 2909 5326 ne,
2936 5274 3056 5314 cum
3077 5254 3383 5313 Eustathius
3406 5272 3546 5312 anno
3564 5254 3667 5310 560
3692 5272 3719 5311 a
3743 5258 4006 5328 quingen-

2522 5400 2597 5467 (h)
2638 5400 2731 5468 Ep.
2763 5400 2885 5451 295.

2524 5474 2585 5530 ti)
2636 5467 2733 5538 Ep.
2760 5471 2885 5526 257.
2925 5486 2979 5522 n.
3007 5467 3060 5523 2.

2522 5540 2586 5611 (1)
2627 5542 2719 5607 Et»
2756 5539 2877 5611 3,3252-

2522 5609 2591 5677 (Ii)
2635 5612 2728 5676 Ep.
2758 5609 2882 5661 237.

2523 5680 2582 5735 ll)
2638 5680 2730 5742 Ep.
2762 5680 2886 5728 7.51).

2526 5750 2617 5812 (nt)
2661 5747 2753 5809 I'Lp.
2785 5746 2903 5797 9‘26.

2528 5816 2603 5884 (ιι)
2649 5814 2741 5879 Ep.
2776 5814 2900 5877 Ἡιὶ,
2934 5831 2985 5863 tt.
3016 5816 3067 5871 7,
