4214 6514
1538 430 1697 483 VlTA
1733 428 1790 487 S.
1824 429 2085 486 BASILII.

3245 445 3438 482 ΕΧΧΧΙΧ

202 554 266 610 tis
306 556 577 626 episcopis
626 554 903 622 depositus
951 553 1158 614 fuisset,
1215 567 1403 606 eorum
1464 552 1769 606 auctoritati
1804 558 1845 608 Α
1878 552 2168 603 consilium
2195 551 2433 620 episcopi
2474 548 2677 621 Spiritu
2716 557 2905 601 sancto
2932 547 3229 617 inspirante
3268 552 3428 614 cepis-

202 661 282 702 aut
311 663 537 703 numero
572 662 762 714 parum
796 650 1031 699 tribuere
1063 646 1395 705 viderentur,
1441 644 1483 695 si
1518 659 1637 697 eum
1672 662 1771 713 pu-

203 739 329 791 blice
364 738 683 805 episcopum
714 745 1090 802 agnoscerent.
1117 734 1328 803 Ambigi
1362 735 1527 802 possit
1550 750 1615 788 an
1647 751 1768 789 eum

206 830 338 897 passi
366 830 477 880 sint
501 828 553 881 in
579 830 813 883 concilio
837 828 1043 879 sedere.
1072 826 1329 894 Equidem
1360 840 1462 878 non
1487 836 1613 892 puto
1632 827 1773 879 hunc

204 924 246 973 ei
296 922 561 972 honorem
611 923 931 985 denegatum
983 920 1171 974 fuisse.
1215 917 1467 981 Quamvis
1513 918 1653 969 cuitu
1708 934 1773 969 ne

207 1009 461 1064 Sebastize
489 1014 733 1080 quidem,
764 1008 850 1061 ubi
882 1011 1133 1063 maximis
1167 1009 1233 1060 ab
1262 1023 1327 1059 eo
1351 1008 1642 1061 honoribus
1677 1024 1772 1061 cu-

208 1103 384 1155 mulati
415 1112 563 1165 sunt,
607 1111 844 1171 optatam
876 1106 921 1157 ei
954 1102 1387 1157 communionem
1420 1102 1772 1167 reddiderint,

207 1211 324 1248 mox
356 1206 541 1248 tamen
591 1209 714 1246 cum
742 1209 807 1248 eo
854 1195 1147 1261 Nicopolim
1190 1205 1567 1261 oppugnarunt
1614 1204 1672 1246 ut
1710 1194 1776 1246 ab

210 1287 317 1354 ipso
351 1286 641 1339 Eustatbio
671 1289 976 1354 episcopum
1006 1286 1293 1353 acciperet.
1323 1285 1473 1353 Quod
1512 1288 1553 1337 si
1586 1287 1777 1339 Eusta-

209 1382 346 1434 thius
388 1378 604 1433 concilii
634 1380 898 1448 episcopis
927 1379 1194 1446 ascriptus
1251 1377 1370 1443 fuit,
1400 1378 1614 1433 difficile
1655 1356 1775 1432 cre-

208 1476 315 1525 ditu
355 1482 443 1528 est
481 1487 587 1526 non
621 1490 741 1525 eum
789 1487 883 1540 pro
914 1486 1007 1523 sua
1046 1471 1182 1539 apud
1229 1471 1486 1525 vicarium
1527 1471 1695 1539 gratia
1725 1482 1774 1525 et

208 1565 534 1618 auctoritate
582 1567 870 1618 maximam
916 1576 1123 1632 partem
1174 1578 1357 1618 eorum
1409 1581 1527 1634 qua:
1573 1564 1777 1619 nefarie

213 1662 331 1707 acta
359 1666 489 1709 sunt
521 1653 864 1709 sustinuisse.

276 1741 555 1798 Eustathii
593 1743 833 1797 facinore
884 1760 986 1798 non
1023 1744 1178 1797 valde
1206 1745 1481 1814 obstupuit
1527 1744 1774 1811 Basilius,

210 1838 296 1905 qui
331 1840 539 1892 dudum
598 1835 871 1890 hominem
920 1853 1025 1891 non
1074 1852 1225 1891 naevo
1276 1838 1476 1905 aliquo,
1528 1840 1619 1892 sed
1668 1848 1778 1894 toto

210 1944 438 1997 corpore
486 1938 725 1984 noverat.
780 1931 847 1984 At
902 1931 1227 1983 uberrimam
1270 1931 1453 1985 habuit
1494 1933 1774 1985 materiam

212 2022 350 2076 illius
375 2022 626 2091 nequitite
654 2025 892 2077 omnium
922 2022 1091 2075 oculis
1118 2033 1171 2077 et
1201 2025 1447 2078 manibus
1483 2026 1779 2095 subjicien-

213 2114 312 2165 dze.
348 2115 528 2185 Atque
577 2115 628 2167 id
676 2114 893 2181 quidem
943 2116 1156 2186 egregie
1210 2117 1418 2185 perlicit
1468 2118 1518 2169 in
1555 2116 1778 2183 epistola

208 2202 314 2257 226
347 2206 414 2259 ad
446 2205 741 2259 monachos
779 2220 926 2266 suos,
956 2222 1089 2274 quos
1120 2206 1497 2271 cumjnvisere
1530 2221 1631 2258 non
1656 2221 1779 2274 pos-

210 2306 310 2360 set,
342 2297 492 2350 vices
529 2312 658 2351 suas
686 2300 976 2352 committit
1029 2298 1242 2351 Meletio
1303 2297 1635 2364 pre~bvtero.
1682 2297 1782 2352 De-

213 2397 481 2443 monstrat
515 2403 573 2443 se
604 2400 726 2458 post
764 2391 923 2442 trium
959 2402 1223 2441 annorum
1277 2390 1556 2442 silentium
1587 2391 1652 2443 ad
1685 2391 1779 2443 de-

210 2477 509 2535 fensionem
544 2496 695 2536 suam
748 2492 992 2534 coactum
1030 2495 1145 2534 esse
1193 2495 1511 2551 assurgere;
1560 2484 1652 2537 sed
1710 2483 1780 2537 ita

210 2574 551 2640 perspicuam
576 2588 696 2626 esse
728 2572 1034 2632 veritatcm,
1069 2582 1125 2623 ut
1165 2574 1374 2627 etiarnsi
1432 2574 1545 2642 ipse
1589 2584 1781 2641 taceat,

213 2678 377 2718 nemo
411 2680 530 2717 eam
558 2666 805 2733 ignorare
837 2667 1027 2733 possit,
1068 2671 1225 2719 modo
1268 2669 1573 2721 consideret
1616 2670 1785 2723 actio-

220 2768 321 2807 nes
354 2752 650 2820 Eustathii,
682 2757 771 2824 qui
801 2771 920 2808 cum
954 2767 1106 2810 antea
1143 2767 1248 2810 tam
1282 2758 1570 2811 vehemens
1598 2758 1787 2812 fuisset

214 2844 269 2896 in
317 2846 693 2913 Oppugnandis
740 2846 978 2909 Arianis,
1017 2861 1188 2914 nuper
1216 2848 1375 2900 animi
1427 2848 1508 2901 sui
1568 2858 1785 2902 senten-

212 2935 345 2987 tiam
379 2936 618 3002 nudavit,
645 2951 767 2991 cum
804 2938 880 2991 eis
925 2939 1154 3007 Ancyrae
1185 2938 1235 2992 in
1268 2939 1515 2992 domibus
1541 2953 1785 2991 commu-

214 3026 429 3089 nicans,
463 3028 587 3096 quia
632 3029 864 3081 nondum
907 3029 1116 3096 publice
1152 3030 1219 3081 ab
1254 3031 1332 3084 eis
1370 3039 1616 3099 receptus
1646 3038 1783 3084 erat.

215 3116 436 3184 Scripta
467 3133 598 3187 ergo
646 3118 760 3171 hac
811 3119 1033 3186 epistola
1068 3129 1187 3187 post
1237 3120 1517 3173 concilium
1546 3121 1787 3189 Ancyra-

220 3222 376 3268 num,
433 3210 526 3261 sed
578 3219 862 3275 antequam
895 3208 1123 3263 Arianos
1177 3210 1580 3276 perbmioriftce
1616 3212 1785 3265 Seba-

215 3296 379 3350 stiam
410 3310 710 3352 accerseret
740 3298 1071 3353 Eustathius.
1126 3300 1264 3354 Nihil
1314 3305 1455 3357 enim
1508 3320 1569 3358 ea
1620 3310 1687 3359 de
1736 3320 1793 3358 re

218 3387 422 3455 legitur
456 3388 507 3440 in
541 3404 626 3457 ep.
659 3391 784 3450 226.
812 3408 863 3444 n.
899 3393 953 3445 3.
983 3392 1142 3447 Aliud
1177 3393 1440 3450 Eustathii
1472 3396 1675 3450 facinus
1703 3413 1794 3451 nu-

220 3495 319 3548 per
348 3480 781 3551 deprehenderat
818 3483 1067 3549 Basilius,
1107 3488 1247 3554 quod
1288 3489 1504 3555 quidem
1539 3490 1615 3541 sic
1648 3504 1794 3542 com-

221 3587 533 3628 memorat:
570 3574 643 3627 Hi
702 3592 837 3629 nunc
876 3586 923 3630 et
974 3579 1037 3631 de
1078 3578 1301 3632 Nicwna
1340 3580 1621 3633 detrahunt
1667 3581 1791 3649 ﬁde,

221 3682 420 3733 nosque
451 3677 631 3719 vocant
682 3666 1140 3723 Homoousiastas.
1201 3668 1404 3735 Quibus
1446 3671 1619 3723 verbis
1657 3670 1795 3725 indi-

220 3768 383 3809 catur
405 3757 526 3812 lidei
559 3758 787 3812 formula
820 3758 999 3828 Cyzici
1033 3760 1099 3813 ab
1133 3760 1412 3815 Eustathio
1444 3772 1654 3829 recepta
1694 3763 1794 3831 (α),

221 3850 278 3900 in
315 3865 417 3916 qua
471 3850 928 3905 consuhstantiale
980 3852 1395 3906 condemnabat.
1431 3852 1650 3907 Videtur
1691 3855 1796 3922 Cy-

220 3943 347 3995 zico
381 3943 597 3997 rediens
624 3944 855 4012 Ancyrae
886 3959 1009 3996 cum
1038 3944 1256 3998 Ariauis
1278 3960 1337 3998 se
1368 3945 1735 4011 conjunxisse.

292 4030 383 4084 IV.
414 4034 573 4086 Circa
606 4033 735 4086 illud
769 4044 1003 4101 tempus,
1028 4050 1137 4103 quo
1174 4037 1366 4089 Ariani
1414 4036 1640 4107 Ancyrae
1669 4055 1798 4093 con-

220 4123 568 4182 siliahantur,
606 4124 743 4177 obiit
770 4140 995 4194 magnus
1033 4125 1280 4180 veritatis
1311 4127 1583 4193 defensor,
1617 4131 1796 4187 Theo-

223 4214 387 4267 dotus
434 4213 865 4284 Nicopulitanus.
904 4216 1037 4270 Cum
1088 4226 1269 4270 autem
1327 4218 1467 4272 hanc
1514 4222 1700 4274 urbem
1745 4232 1800 4278 et

223 4304 393 4373 ipsius
424 4306 565 4361 situs
599 4305 737 4375 (erat
783 4309 927 4360 enim
963 4308 1232 4361 Armenia:
1264 4310 1447 4378 caput)
1492 4320 1544 4363 et
1572 4314 1797 4367 Ariano-

224 4409 343 4447 rum
372 4404 615 4462 potestas
639 4396 738 4449 sub
770 4397 1105 4464 nequissimo
1136 4396 1362 4461 vicario,
1402 4397 1452 4449 in
1502 4399 1794 4452 maximum

223 4486 523 4555 periculum
558 4487 901 4551 adduxisset;
961 4486 1239 4540 Ptmnenio
1281 4487 1547 4541 Satalensi
1590 4491 1798 4557 episeo-

1876 652 2015 699 sent.
2056 655 2151 694 nec
2181 642 2357 693 minus
2388 642 2554 708 ipsius
2605 638 2842 694 Coloniae
2872 639 3150 691 securitati
3183 638 3441 706 providis-

1874 744 2195 802 sent,quam
2224 730 2517 799 Nicopolis,
2554 748 2672 801 qum
2704 732 2747 786 si
2789 730 2843 783 in
2882 730 3203 783 Arianorum
3252 744 3443 782 manus

1874 829 2126 887 venisset,
2167 825 2307 878 idem
2351 822 2548 875 malum
2595 825 2695 877 alia
2754 821 3046 891 provinciae
3093 822 3284 888 oppida
3337 834 3440 872 non

1876 916 2213 987 effugissent;
2252 913 2382 966 nihil
2410 923 2583 966 tamen
2618 916 2747 967 tanti
2781 914 2883 967 fuit
2914 910 3341 973 Coloniensibus,
3385 918 3443 963 ut

1878 1008 2107 1075 pastoris
2134 1004 2215 1059 sui
2258 1004 2645 1057 discessionem
2685 1011 2957 1057 moderate
2992 1002 3217 1056 ferrent.
3248 1000 3441 1054 Clerici

1878 1100 1949 1168 (c)
1987 1097 2317 1152 iracundiam
2344 1104 2395 1147 et
2422 1095 2658 1148 dolorem
2692 1107 2757 1146 eo
2790 1096 3175 1160 pcrduxerunt,
3204 1103 3260 1144 ut
3290 1107 3347 1145 se
3377 1092 3442 1143 ad

1881 1189 2169 1241 tribunalia
2200 1186 2444 1256 judicum
2482 1184 2726 1237 abituros
2753 1183 3105 1247 minarentur,
3137 1198 3199 1236 ac
3232 1196 3318 1234 res
3349 1180 3442 1233 ho-

1882 1280 2120 1332 minibus
2150 1277 2559 1335 commissuros,
2590 1275 2785 1341 quibus
2836 1272 3188 1327 ecclesiarum
3236 1271 3445 1327 eversio

1879 1380 2039 1439 caput
2068 1380 2185 1425 erat
2221 1381 2494 1423 votorum.
2532 1367 2793 1420 Videntur
2827 1367 2939 1419 hrcc
2979 1364 3179 1418 dixisse
3208 1368 3259 1419 in
3306 1367 3444 1420 litte~

1881 1467 1955 1519 ris
2006 1465 2071 1517 ad
2128 1464 2381 1516 Basilium
2419 1463 2651 1528 scriptis.
2707 1458 3011 1513 Verisimile
3056 1457 3198 1511 enim
3242 1467 3322 1511 est
3349 1474 3443 1513 eos

1881 1558 2187 1626 scripsisse,
2223 1557 2473 1623 quamvis
2504 1564 2778 1621 acceptam
2806 1552 2872 1603 ab
2897 1553 2980 1605 eis
3023 1548 3303 1615 epistolam
3343 1565 3444 1602 ncu

1882 1656 2276 1706 commemoret
2304 1644 2553 1697 Basilius.
2593 1645 2915 1697 chortatur
2947 1654 3039 1693 eos
3064 1656 3090 1691 a
3119 1649 3226 1691 tam
3264 1638 3447 1689 insana

1884 1739 2236 1809 cogitatione,
2270 1752 2334 1789 ac
2365 1734 2588 1805 Spiritui
2635 1744 2823 1787 sancto
2852 1732 3192 1786 tribuendum
3219 1732 3443 1784 demou-

1882 1844 2020 1890 strat
2054 1833 2432 1903 episcoporum
2484 1825 2792 1889 consilium,
2826 1825 2911 1880 cui
2952 1824 2995 1877 si
3046 1824 3317 1886 resistant,
3355 1820 3448 1873 Dei

1887 1929 2144 1981 resistent
2173 1920 2522 1977 ordinatioui.
2557 1916 2671 1973 Non
2703 1919 2893 1972 decere
2916 1927 2974 1972 ut
3011 1930 3129 1969 cum
3161 1924 3330 1967 matre
3360 1910 3453 1965 Ni-

1886 2018 2059 2079 copoli
2090 2018 2404 2086 delitigent:
2437 2027 2625 2065 eorum
2681 2012 2821 2063 enim
2858 2006 3133 2063 securitati
3181 2002 3451 2074 provisum

1887 2123 2026 2173 esse,
2053 2111 2176 2162 dum
2214 2116 2371 2176 caput
2416 2104 2655 2159 munitur
2687 2104 2953 2154 Armenia:
2992 2119 3005 2153 :
3039 2109 3294 2168 pneterea
3345 2110 3450 2148 non

1888 2202 2199 2272 repudiatos
2230 2200 2297 2252 ab
2345 2194 2654 2265 Euphronio
2680 2192 3049 2256 Colonienses,
3082 2192 3171 2243 sed
3204 2190 3335 2242 alios
3369 2203 3456 2240 as-

1888 2303 2170 2362 sumptos;
2203 2291 2505 2356 suscepisse
2539 2287 2682 2340 illum
2734 2281 3001 2348 Nicopolis
3035 2294 3239 2338 curam,
3285 2286 3339 2329 et
3388 2276 3453 2329 ad

1890 2385 2105 2437 futuras
2136 2382 2244 2436 illic
2276 2378 2666 2435 sollicitudines
2715 2372 3119 2431 Coloniensium
3153 2384 3336 2423 curam
3366 2382 3457 2421 ac-

1890 2488 2185 2529 cessuram.

1962 2611 2017 2664 In
2051 2607 2296 2663 eamdem
2343 2601 2666 2658 sententiam
2697 2598 2915 2667 scripsit
2947 2596 3024 2668 (d)
3054 2592 3457 2665 magistratibus

1892 2700 2329 2761 Coloniensibus,
2360 2696 2450 2765 qui
2478 2696 2544 2748 ad
2587 2708 2708 2746 eum
2742 2692 3091 2758 scripserant.
3136 2688 3341 2742 Laudat
3365 2701 3460 2741 eos

1896 2796 2039 2863 quod
2063 2807 2240 2846 rerum
2273 2788 2607 2858 publicarum
2641 2784 2787 2837 curis
2833 2782 3077 2849 occupati
3134 2780 3462 2835 ecclesiasti-

1896 2898 1988 2936 cas
2022 2899 2125 2935 non
2161 2882 2454 2949 negligant,
2496 2876 2588 2932 sed
2628 2876 2697 2930 de
2744 2874 2823 2927 eis
2854 2872 3065 2927 solliciti
3116 2873 3247 2936 sint,
3285 2881 3343 2924 ut
3395 2872 3462 2925 de

1897 2974 2114 3044 proprio
2140 2973 2365 3041 quisque
2392 2970 2605 3038 negotio
2627 2979 2682 3022 et
2711 2983 2775 3020 ex
2814 2982 2923 3036 quo
2950 2967 3055 3019 vita
3091 2980 3183 3019 sua
3211 2964 3457 3034 pendeat.

1899 3066 2004 3121 Sed
2035 3065 2304 3127 hortatur,
2330 3069 2387 3113 ut
2414 3060 2671 3127 temporis
2687 3058 3049 3111 difficultatem
3073 3066 3128 3109 et
3148 3056 3460 3111 oeconomia:

1902 3161 2279 3215 necessitatem
2312 3153 2723 3209 considerantes
2751 3148 3020 3218 episcopis
3072 3148 3369 3218 ignoscant.
3404 3147 3460 3199 in

1821 3251 1862 3307 C
1900 3263 2127 3317 utraque
2153 3246 2375 3315 epistola
2404 3260 2553 3313 spem
2583 3242 2737 3296 affert
2760 3256 2818 3296 se
2852 3241 2916 3292 ad
2948 3254 3040 3294 eos
3073 3251 3374 3303 venturum,
3408 3248 3463 3290 et

1897 3339 2071 3406 majus
2096 3335 2363 3406 quoddam
2389 3347 2574 3387 eorum
2622 3346 2740 3401 qua:
2773 3339 2889 3384 acta
2933 3328 3171 3391 fuerant,
3211 3326 3459 3379 solatium

1899 3430 2212 3492 allaturum,
2241 3428 2283 3481 si
2324 3428 2371 3480 id
2408 3426 2486 3480 eis
2522 3423 2885 3478 necessarium
2913 3421 3177 3473 videatur.

1971 3545 2202 3613 Scripsit
2230 3542 2393 3597 etiam
2422 3538 2655 3593 Basilius
2687 3534 2757 3605 (c)
2786 3535 2851 3588 ad
2879 3533 3109 3587 clericos
3137 3530 3464 3601 Nicopolita-

1898 3648 2079 3693 noset
2112 3637 2270 3688 aliam
2328 3634 2393 3686 ad
2450 3630 2800 3699 magistratus
2855 3625 3159 3694 epistolam.
3211 3622 3464 3689 Utrisque

1898 3742 2048 3796 Spem
2083 3725 2240 3778 affert
2270 3737 2327 3776 se
2364 3736 2457 3775 eos
2493 3719 2815 3773 invisurum.
2849 3716 3090 3769 Clericos
3112 3714 3377 3773 hortatur,
3409 3721 3467 3765 ut

1900 3820 2097 3871 fratres
2127 3815 2479 3870 Colonienses
2510 3810 2797 3873 deliniant,
2840 3822 2906 3861 ne
2947 3807 3085 3860 forte
3131 3805 3462 3860 iracundiam

1900 3909 2106 3978 longius
2140 3909 2377 3967 tendant,
2400 3904 2442 3957 si
2480 3918 2538 3956 se
2565 3902 2632 3953 ob
2650 3900 2963 3953 tenuitatem
2993 3907 3330 3965 contemptos
3371 3912 3465 3963 pu-

1903 4011 2036 4056 tent.
2070 4002 2274 4053 Auctor
2307 4004 2388 4051 est
2428 3991 2861 4063 magistratibus,
2903 3999 2962 4042 ut
2995 3990 3178 4043 datum
3208 3988 3307 4042 sibi
3353 3989 3467 4056 epi-

1898 4110 2119 4163 scopum
2169 4089 2616 4159 complectantur,
2665 4096 2721 4138 et
2765 4100 2889 4138 cum
2944 4082 3043 4150 ipsi
3103 4081 3171 4136 de
3214 4082 3466 4137 Ecclesiae

1898 4187 2133 4241 utilitate
2152 4184 2362 4251 optime
2397 4180 2652 4242 sentiant,
2684 4174 2920 4229 civitatis
2952 4189 3014 4226 ac
3039 4174 3180 4227 ruris
3212 4175 3464 4242 populum

1900 4276 1955 4330 in
1981 4273 2227 4329 eamdem
2255 4269 2580 4324 sententiam
2610 4268 2874 4321 adducere
2899 4274 3179 4320 conentur.

1972 4388 2096 4441 Haac
2126 4396 2303 4438 autem
2352 4382 2644 4451 contigisse
2692 4383 2835 4435 circa
2890 4378 3019 4434 illud
3068 4387 3282 4447 tempus
3320 4382 3463 4447 quod

1901 4482 2159 4541 diximus,
2194 4488 2429 4545 quatuor
2469 4474 2572 4528 illa:
2611 4475 2985 4527 demonstrant
3018 4469 3277 4539 epistolae.
3313 4468 3465 4536 Quod

223 4592 293 4647 po
324 4576 399 4648 (ὁ)
423 4578 689 4646 optimum
716 4578 997 4635 consilium
1041 4577 1092 4630 in
1131 4586 1363 4630 mentem
1391 4579 1555 4641 venit,
1588 4591 1643 4635 υι
1692 4582 1795 4635 Eu-
1826 4584 1869 4637 ι)
1898 4574 2044 4625 enim
2075 4569 2311 4640 episcOpi
2336 4568 2601 4630 fecerant,
2636 4564 2704 4635 (f)
2730 4574 3033 4631 temporum
3067 4562 3320 4615 tribuitur
3357 4560 3470 4613 dif-

224 4670 493 4738 phrouius
517 4668 856 4724 Coloniensis
895 4670 1180 4738 episcopus
1209 4669 1273 4721 ad
1303 4673 1483 4723 sedem
1527 4672 1797 4743 Nic0poli-

227 4770 410 4814 tanam
440 4762 785 4816 eveheretur.
818 4763 923 4815 Res
962 4760 1163 4830 placuit
1191 4760 1459 4828 episcopis
1485 4767 1797 4831 provinciae,

226 4860 277 4905 et
318 4850 465 4904 clero
486 4867 551 4905 ac
578 4851 773 4920 pepulo
802 4849 1196 4919 Nicopolitano.
1230 4851 1415 4919 Itaque
1450 4852 1592 4905 nulla
1647 4872 1800 4921 pror-

226 4958 321 4998 sus
349 4944 666 5012 interposita
703 4957 851 4996 mora
882 4942 1190 4997 Pmmeuius
1227 4943 1275 4996 id
1320 4943 1461 5011 quod
1506 4948 1801 5013 prudenter

227 5038 657 5104 excogitaverat,
689 5051 897 5091 summa
948 5036 1112 5091 animi
1154 5037 1469 5091 fortitudine
1516 5051 1800 5092 exsecutus

230 5137 337 5194 est,
363 5137 418 5182 et
450 5137 744 5197 antequam
780 5138 988 5200 tempus
1009 5135 1228 5185 daretur
1251 5130 1469 5185 Ariauis
1493 5131 1593 5183 sibi
1619 5131 1801 5199 provi-

230 5222 411 5286 dendi,
446 5221 795 5290 Euphronius
824 5223 1093 5277 communi
1118 5237 1385 5277 consensu
1423 5222 1475 5275 in
1532 5222 1658 5276 sede
1704 5220 1797 5275 Ni-

233 5315 533 5382 copolitana
565 5314 858 5370 collocatus
888 5327 991 5370 est.

303 5405 412 5458 Sed
441 5420 608 5474 quam
637 5414 853 5474 gratum
886 5407 987 5459 hoc
1032 5404 1441 5473 Nicopolitanis,
1475 5413 1582 5457 tam
1630 5404 1798 5470 mole-

233 5508 376 5550 stum
424 5496 627 5551 accidit
678 5496 1111 5551 Coloniensibns.
1183 5496 1437 5560 Quamvis
1490 5494 1628 5547 enim
1700 5495 1800 5547 hoc

299 5673 371 5744 (ιι)
402 5673 501 5743 Ep.
691 5692 742 5728 ιι.
770 5676 803 5730 5
836 5686 889 5733 et
918 5677 977 5743 9;
1019 5692 1102 5745 ep.
1139 5674 1264 5738 255,
1295 5689 1344 5726 η.
1388 5672 1439 5726 εἱ.

302 5748 373 5815 (b)
410 5746 507 5809 Ep.
535 5744 735 5815 229m.
768 5748 816 5801 1.

302 5814 368 5886 (ε)
406 5815 504 5881 Ερ-
533 5814 663 5886 29,7.-

412 5887 511 5955 Ep.
543 5882 665 5937 228.

1906 4663 2155 4719 ficultati.
2190 4661 2441 4728 Quotidie
2486 4658 2559 4730 (g)
2594 4671 2755 4711 aures
2795 4656 3030 4723 undique
3060 4668 3276 4707 rumore
3318 4666 3467 4707 ever-

1905 4772 2087 4811 sarum
2122 4753 2477 4809 ecclesiarum
2506 4746 2968 4817 percutiebantur.
3004 4744 3189 4798 Ariani
3230 4753 3385 4797 erant
3411 4742 3464 4795 in

1905 4848 2115 4903 insidiis
2159 4842 2411 4900 collocati
2443 4840 2541 4911 (Ιι),
2569 4849 2623 4893 et
2656 4838 2858 4892 idcirco
2887 4836 3096 4891 fortiter
3121 4835 3466 4889 antevenien-

1904 4942 2027 4994 dum
2062 4934 2281 4990 videbat
2317 4930 2645 4985 Parthenius.
2696 4925 2864 4981 Nemo
2902 4928 3036 4981 adeo
3082 4941 3280 4995 parvus
3327 4935 3462 4989 erat,

1903 5032 1992 5101 qui
2041 5044 2147 5083 non
2200 5034 2381 5097 posset
2427 5036 2741 5091 magnorum
2804 5019 3063 5073 malorum
3124 5019 3462 5072 occasionem

1898 5119 2320 5177 subministrare
2368 5116 2451 5169 his
2476 5115 2569 5183 qui
2598 5111 2935 5169 occasionem
2962 5110 3296 5178 quaerebant.
3351 5108 3464 5162 Ne-

1898 5231 1994 5283 que
2027 5214 2107 5277 id,
2137 5212 2315 5280 inquit
2347 5207 2601 5271 Basilius,
2634 5222 2697 5259 ea:
2738 5203 3054 5273 conjecturis
3088 5203 3332 5266 dicimus,
3374 5203 3463 5252 sed

1900 5306 2222 5374 experientia
2247 5302 2576 5371 propriorum
2622 5298 2879 5351 malorum
2930 5291 3120 5361 edocti,
3165 5310 3282 5361 qui?
3326 5291 3461 5345 Deus

1902 5399 2083 5453 vestris
2117 5396 2359 5465 precibus
2392 5401 2612 5445 avertat.
2646 5390 2738 5444 liis
2760 5389 2938 5443 verbis
2972 5388 3183 5441 videtur
3229 5386 3461 5439 indicare

1902 5490 2112 5542 facinus
2139 5487 2485 5541 commissum
2518 5484 2566 5535 in
2598 5482 2914 5551 Gregorium
2954 5478 3271 5549 Nyssenum,
3304 5490 3459 5545 quem

1996 5684 2041 5729 et
2082 5666 2174 5732 Ep.
2208 5664 2311 5716 2‘29
2345 5673 2398 5715 et
2426 5662 2549 5715 950.

1999 5742 2040 5807 ί)
2072 5738 2167 5802 Ep.
2204 5735 2304 5807 :27
2335 5743 2385 5785 el
2411 5734 2536 5788 aes.

1998 5805 2047 5876 gi)
2081 5808 2173 5869 Ep.
2198 5805 2320 5876 228.

2001 5874 2054 5929 hi
2094 5876 2192 5931 Εο.
2222 5874 2337 5928 229.

1973 5669 1988 5736 (

1978 5883 1993 5935 ί
