4214 6484
768 438 868 479 εει

2107 412 2640 471 ιίιοιλξποοδιεκλ.

771 534 839 589 ab
876 549 982 589 uno
1008 534 1247 595 homine,
1286 546 1458 603 e0que
1512 534 1758 602 ignobili,
1793 548 2104 591 accusatum
2144 535 2330 589 Demo-
2361 540 2405 594 Α
2438 539 2628 584 ventus
2657 533 2872 581 decreta
2932 526 3201 580 attribuit.
3239 524 3299 579 iii
3336 523 3393 578 S.
3433 524 3753 595 Gregortum
3798 521 3971 591 Nysse

768 628 987 684 sthenes
1028 627 1200 696 abripi
1224 628 1485 694 iusserat.

840 720 1057 777 Elei-tus
1082 734 1211 789 ergo
1237 717 1578 785 Euphronius
1611 728 1731 789 post
1754 717 2043 774 concilium
2091 718 2333 788 Ancyra-

770 827 918 877 nnm,
948 815 1040 867 sed
1074 821 1202 867 ante
1245 810 1641 864 ordinationem
1692 809 2000 871 Frontonis,
2035 821 2162 865 ante
2213 824 2334 878 per-

768 903 1124 968 secutionem,
1200 908 1359 973 quam
1411 901 1553 970 passi
1608 909 1735 956 sunt
1796 900 2170 970 Nicopolitani.
2227 901 2333 954 Res

773 994 907 1047 adeo
931 993 1075 1048 clara
1110 1004 1165 1048 et
1206 993 1514 1062 manifesta,
1540 1003 1597 1047 ut
1626 992 1845 1050 dubiam
1879 993 2223 1050 Tillemontio
2251 995 2333 1045 vi-

770 1100 883 1141 sam
918 1100 1040 1142 esse
1062 1087 1244 1140 mirer.
1277 1085 1589 1157 Tranquilla
1634 1090 1779 1142 enim
1815 1098 1933 1142 erat
1957 1087 2230 1148 Armenia,
2258 1086 2330 1139 ita

767 1186 829 1231 ut
855 1176 1203 1232 Colonienses
1237 1177 1558 1232 Arianorum
1612 1191 1789 1234 motus
1834 1179 2168 1246 ignorarent.
2221 1175 2331 1229 Nos

767 1286 908 1335 raro,
937 1268 1105 1337 inqnit
1136 1268 1366 1322 Basilius
1390 1268 1489 1338 (α),
1544 1272 1633 1340 qui
1675 1272 1726 1325 in
1755 1269 1939 1323 mediis
1972 1275 2122 1325 rebus
2162 1285 2333 1323 versa-

768 1377 907 1419 ntur.
935 1370 981 1413 et
1020 1376 1240 1428 quorum
1299 1376 1452 1413 aures
1500 1364 1728 1431 undique
1759 1377 2067 1431 unoquoque
2112 1362 2196 1413 die
2244 1375 2333 1412 ru-

768 1465 909 1504 mors
971 1464 1271 1502 crersarum
1323 1451 1661 1503 ecclesiarum
1725 1453 2111 1517 percutiuntur,
2183 1449 2332 1502 valde

766 1541 915 1595 anxii
960 1556 1165 1604 sumus,
1209 1556 1271 1593 ne
1317 1540 1455 1608 forte
1514 1545 1803 1597 communis
1850 1544 2013 1597 hostis
2068 1541 2333 1593 diuturna:

765 1632 885 1684 vitis
914 1641 1095 1685 vestra:
1122 1632 1501 1699 tranquillitati
1541 1633 1798 1694 inridens,
1828 1636 1883 1685 in
1927 1632 2105 1685 vestris
2131 1647 2333 1701 quoque

766 1721 892 1778 locis
922 1736 1017 1774 sua
1043 1721 1206 1789 ipsius
1240 1722 1444 1777 zizania
1478 1738 1646 1776 serere
1664 1724 1845 1793 possit,
1874 1725 2124 1793 cedatque
2147 1732 2195 1776 et
2231 1724 2334 1775 Ar-

764 1812 1056 1867 meniorum
1083 1814 1221 1881 regio
1249 1815 1301 1865 in
1332 1828 1505 1869 escam
1534 1814 1870 1869 adversariis.
1909 1813 2115 1868 Laudat
2145 1814 2195 1868 in
2220 1814 2334 1883 epi-

2438 634 2565 672 nnm
2598 619 2990 683 deposuerunt.
3042 612 3317 668 Hactenus
3363 614 3505 666 enim
3538 614 3822 682 judicium,
3858 626 4003 678 quoa

2441 711 2506 764 de
2532 724 2596 763 eo
2619 708 2760 762 ferre
2796 706 3079 760 vulnerant
3114 706 3361 775 Ancyra,
3397 703 3520 772 iuga
3553 715 3607 758 et
3642 704 3868 759 latebris
3902 704 4003 756 dc-

2450 802 2767 855 clinaverat.
2835 798 2938 853 Sed
2983 809 3117 852 tunc
3171 798 3445 852 absentem
3480 794 3799 864 depositum
3834 795 4002 851 fuisse

2434 894 2789 961 perspicimus
2804 907 2868 944 ex
2906 890 2992 944 his
3014 888 3192 943 Basilii
3219 888 3285 940 de
3316 889 3419 944 ltoc
3442 886 3667 943 concilio
3695 888 3874 941 verbis
3901 886 4001 957 (g):

2437 982 2507 1035 lli
2539 999 2673 1039 nunc
2708 983 2921 1051 fratrem
2950 996 3120 1034 meum
3145 974 3320 1047 Nyssa
3356 978 3683 1045 expulerunt,
3729 978 4000 1029 sententia

2433 1090 2527 1128 sua
2554 1075 2826 1130 videlicet.
2851 1071 2985 1125 Nam
3019 1072 3155 1125 nihil
3187 1069 3330 1123 aliud
3368 1080 3614 1137 poterant
3642 1070 3692 1121 in
3722 1068 4001 1121 absentem

2434 1181 2497 1220 ac
2527 1176 2643 1220 tuto
2666 1166 3095 1220 delitescentem.
3132 1163 3257 1232 Ejus
3288 1162 3403 1214 loco
3438 1162 3851 1216 introduxerunt
3899 1159 4002 1212 ho-

2437 1259 2663 1320 minem,
2697 1258 2779 1310 vel
2807 1258 2983 1325 potius
3015 1256 3344 1325 mancipium
3372 1254 3556 1323 paucis
3580 1254 3755 1307 obolis
3784 1250 4001 1314 venale,

2432 1351 2526 1405 sed
2557 1352 2703 1418 quod
2736 1351 2802 1403 ad
2839 1348 2960 1401 lldei
2994 1348 3352 1415 currttplelnttt
3382 1345 3593 1408 attinet,
3622 1346 3726 1413 his,
3757 1344 3848 1417 qui
3870 1357 4005 1399 con-

2431 1444 2681 1505 stituere,
2719 1456 2822 1494 non
2857 1438 3106 1493 inferius.

2511 1535 2598 1603 (It)
2638 1531 2894 1585 Miserum
2929 1530 3089 1582 ctiam
3123 1529 3173 1581 iu
3224 1527 3473 1597 oppidum
3510 1524 3678 1578 Doara
3728 1528 4001 1582 hominem

2434 1625 2795 1690 pestilentem,
2832 1618 3156 1687 pupillorum
3200 1618 3456 1671 latnulum
3505 1626 3559 1669 et
3610 1630 3639 1667 a
3691 1616 3804 1669 suis
3855 1619 4004 1673 heris

2435 1715 2740 1782 lugitivum,
2769 1726 2925 1781 quem
2950 1709 3268 1775 episcopum
3286 1710 3692 1766 ordinaverunt,
3722 1717 3780 1759 ut
3814 1721 4003 1761 assen.

2437 1814 2685 1859 Iarentur
2717 1800 3043 1857 mulierculae
3067 1799 3268 1866 impiae,
3306 1815 3425 1867 qua:
3474 1802 3628 1869 prius
3655 1797 3891 1869 Georgio
3933 1801 4000 1851 ad

764 1901 901 1955 stola
938 1905 1180 1971 sequenti
1232 1903 1308 1973 (b)
1341 1918 1605 1959 summam
1638 1905 1906 1959 Ptemenii
1960 1906 2330 1960 fortitudinem
2364 1898 2407 1955 Β
2437 1894 2723 1948 arbitrium
2759 1906 2919 1946 ειιυιη
2946 1905 3040 1945 usa
3092 1888 3288 1952 fueral,
3325 1898 3377 1941 ει
3430 1900 3615 1958 90816³
3670 1890 3810 1942 hunc
3861 1889 4003 1943 illius

764 1990 953 2052 animi,
1005 1991 1147 2063 quod
1194 2008 1296 2045 non
1336 1992 1549 2048 dederit
1596 2006 1806 2063 tempus
1855 1996 2184 2050 adversariis
2228 1996 2329 2051 sibi

770 2082 1115 2149 providendi,
1150 2098 1324 2151 neque
1385 2100 1572 2139 eorum
1627 2085 1853 2139 insidias
1899 2090 2329 2143 exsuscitaverit.

764 2170 1047 2239 Quomodo
1068 2172 1179 2225 haec
1208 2173 1310 2225 dici
1344 2184 1584 2240 potuere,
1611 2176 1653 2228 si
1680 2175 1791 2246 jatn
1820 2176 2006 2231 Ariani
2036 2176 2329 2249 Nicopolim

765 2263 1171 2332 Oppugnabant.
1208 2272 1259 2317 et
1295 2264 1506 2318 intruso
1538 2281 1634 2333 per
1669 2268 1777 2320 vim
1824 2278 1880 2324 et
1918 2269 2327 2340 impressionem

770 2355 897 2423 lupo
928 2354 1303 2424 gravissimam
1336 2358 1761 2424 persecutionem
1809 2363 2182 2417 exercebant?
2227 2362 2331 2416 De-

767 2450 931 2518 nique
964 2447 1298 2507 Theodotum
1352 2450 1537 2517 paucis
1568 2453 1755 2507 diebus
1798 2454 1997 2507 obiisse
2037 2466 2326 2521 antequam

766 2541 882 2596 inec
906 2539 1163 2594 scriberet
1186 2537 1437 2605 Basilius,
1476 2557 1541 2595 ex
1568 2543 1652 2596 his
1686 2542 1864 2597 verbis
1888 2543 2157 2613 colligitur
2195 2561 2208 2597 :
2242 2544 2331 2598 Si-

766 2632 874 2688 mul
906 2643 1078 2688 autem
1101 2642 1147 2684 et
1174 2632 1320 2685 nobis
1357 2647 1661 2700 prosperum
1686 2633 1787 2685 iter
1816 2636 2109 2702 precemini,
2136 2646 2192 2688 ut
2238 2636 2331 2689 ad-

765 2723 1026 2780 venientes
1065 2723 1326 2777 uobiscum
1368 2723 1693 2790 gaudeamus
1721 2726 1782 2779 de
1809 2728 2051 2790 praesenti
2101 2741 2331 2796 pastore,

768 2830 962 2883 uosque
995 2825 1174 2873 mutuo
1202 2816 1267 2870 de
1296 2814 1438 2869 obitu
1471 2817 1760 2873 communis
1798 2819 1967 2888 patris
2003 2822 2167 2874 nostri
2210 2837 2333 2876 cono

766 2906 1015 2961 solemur.

838 2993 968 3048 'l‘am
1002 2996 1320 3063 praeclarum
1349 2998 1621 3055 Armenia
1649 3001 2025 3070 episcoporum
2046 3002 2329 3056 consilium

767 3097 956 3159 optato
986 3089 1137 3151 exitu
1175 3092 1373 3147 caruit.
1406 3091 1525 3148 Cito
1548 3093 1693 3149 enim
1735 3095 1950 3148 videtur
1991 3092 2332 3163 Euphronius

768 3178 1045 3236 Coloniam
1092 3184 1349 3251 rediisse;
1402 3186 1548 3241 nulla
1595 3186 1742 3241 illius
1783 3186 2042 3255 deinceps
2080 3196 2335 3242 occurret

2437 1986 2700 2041 habuerat
2726 1996 3116 2036 successorem.
3147 1979 3321 2033 Alium
3348 1981 3617 2034 hominem
3637 1982 4001 2050 desperatum,
4093 1978 4097 1979 ί

2436 2081 2487 2130 in
2526 2072 2797 2129 Ecclesias
2841 2072 3165 2132 immissum,
3201 2070 3251 2123 id
3284 2081 3391 2134 est,
3426 2073 3491 2125 ab
3522 2073 3723 2142 Anysio
3750 2085 3806 2128 et
3841 2073 4004 2128 Ecdi-

2434 2176 2519 2227 cio
2540 2173 2874 2237 ordinatum,
2912 2170 3142 2226 Basilius
3175 2172 3226 2221 in
3266 2171 3365 2222 hac
3397 2179 3449 2222 et
3479 2168 3755 2235 superiore
3781 2168 3848 2219 ad
3870 2181 4001 2219 San-

2433 2274 2578 2317 ctum
2609 2264 2903 2318 Eusebium
2928 2261 3155 2330 cpistola
3187 2269 3439 2313 testatur.
3473 2258 3641 2321 Quem
3687 2267 3867 2310 autem
3900 2255 4003 2310 mi-

2433 2366 2621 2408 serunt
2649 2356 2845 2418 Doara,
2879 2354 2927 2407 is
2959 2362 3041 2407 est
3077 2353 3142 2406 de
3165 2366 3272 2421 quo
3312 2348 3541 2402 Basilius
3580 2350 3656 2400 ait
3681 2349 3732 2400 in
3773 2346 3999 2416 epistola

2431 2445 2557 2509 251,
2589 2445 2767 2501 Doara
2809 2448 3079 2511 antiquum
3122 2452 3419 2511 receperunt
3452 2438 3760 2493 Mulionem.
3794 2439 4001 2505 Quibus

2433 2555 2499 2594 ex
2519 2538 2694 2592 verbis
2712 2536 2909 2607 colligit
2926 2536 3297 2590 Tillemontius
3317 2538 3378 2605 (ἱ)
3396 2535 3534 2588 hunc
3552 2530 3820 2586 hominem
3840 2540 3999 2583 antea

2438 2632 2761 2687 Doarensetn
2792 2630 3100 2699 episcopum
3130 2626 3318 2691 fuisse,
3342 2631 3434 2682 sed
3457 2645 3484 2681 a
3508 2625 3800 2681 Catholieis
3814 2621 4001 2691 expul-

2436 2739 2576 2787 sum,
2609 2724 2701 2792 qui
2764 2723 2815 2777 ei
2874 2720 3139 2776 Eulalium
3189 2719 3606 2783 substituernni,
3665 2727 3854 2787 postea
3903 2714 4002 2769 sub

2439 2815 2830 2876 Demosthene,
2857 2814 2978 2867 data
3007 2813 3313 2873 occasione,
3364 2812 3546 2865 sedent
3588 2826 3737 2862 suam
3778 2821 4001 2875 recupe-

2443 2921 2612 2960 rasse.
2669 2903 2969 2959 Conﬁrmat
3004 2903 3141 2956 hanc
3172 2902 3447 2954 historiam
3481 2902 3826 2953 doctissimus
3853 2896 3989 2953 serie

2436 3006 2559 3065 ptor
2580 3012 2642 3049 ex
2669 2995 2915 3049 oratione
2965 2996 3235 3048 tricesima
3267 2992 3440 3047 sancti
3471 2989 3717 3057 Gregorii
3760 2988 4003 3042 Nazian-

2437 3087 2581 3143 xeni.
2612 3088 2717 3141 Sed
2757 3101 2878 3140 cum
2930 3101 3092 3154 supra
3142 3084 3540 3139 ostenderimus
3568 3079 3889 3150 Gregorium
3945 3079 3997 3132 in

2438 3179 2541 3235 hac
2568 3179 2815 3233 oratione
2841 3194 2941 3232 non
2971 3178 3037 3231 de
3058 3176 3283 3246 expulso
3312 3175 3591 3238 haeretica,
3614 3174 3708 3226 sed
3737 3172 3804 3225 de
3835 3169 3999 3225 Eula.

769 3275 1007 3339 mentio;
1048 3250 1344 3344 Nicopolim
1392 3293 1421 3330 a
1468 3278 1801 3351 presbyteris
1833 3250 2044 3348 vigente
2082 3294 2336 3349 persecu-
2362 3250 2403 3307 θ
2440 3272 2512 3325 lio
2543 3273 2595 3326 in
2622 3285 2816 3324 novum
2844 3270 3207 3337 episcopatum
3261 3277 3446 3323 evecto
3475 3279 3665 3333 agere,
3728 3273 3844 3318 ruit
3884 3274 3994 3318 tota

770 3362 913 3418 tione
937 3364 1284 3434 gubernatam
1316 3366 1614 3421 videbimus
1636 3410 1649 3434 ,
1687 3384 1783 3423 nec
1818 3368 2072 3423 Frontoni
2104 3412 2119 3436 ,
2154 3370 2244 3437 qui
2281 3370 2333 3432 in

771 3454 912 3510 hanc
959 3456 1142 3510 sedem
1180 3456 1354 3511 instar
1391 3458 1617 3513 latronis
1677 3460 1896 3523 invasit,
1948 3459 2075 3514 illud
2130 3462 2332 3514 crimen

766 3545 1049 3612 obiicitur,
1079 3548 1220 3617 quod
1258 3548 1556 3619 legitimum
1580 3550 1889 3620 episcopum
1922 3548 2206 3619 expulerit.
2231 3549 2333 3605 Ve—

768 3635 1004 3689 risimile
1049 3646 1133 3690 est
1177 3647 1395 3693 coactos
1445 3639 1611 3694 fuisse
1666 3640 1948 3709 episcopos
1986 3638 2225 3708 querelis
2263 3653 2328 3695 ac

769 3727 932 3782 minis
961 3726 1337 3784 Colonensium
1371 3714 1584 3785 cedere.

842 3818 909 3873 ν.
936 3817 1061 3873 Post
1084 3821 1369 3876 concilium
1405 3821 1749 3891 Ancyranum
1785 3819 2174 3879 Demosthenes
2203 3835 2333 3889 pau-

771 3908 942 3977 lisper
986 3911 1130 3963 circa
1181 3926 1269 3965 res
1301 3910 1564 3966 militares
1603 3923 1918 3983 occupatus,
1969 3928 2157 3968 rursus
2190 3915 2334 3968 venit

771 3999 1072 4054 Cassaream
1104 4000 1204 4071 (c),
1252 4017 1314 4055 ac
1352 4004 1600 4071 protinus
1626 4018 1764 4059 voce
1809 3993 1965 4058 unica
1996 4019 2185 4058 omnes
2226 4005 2332 4059 Ec-

772 4090 949 4145 clesiae
981 4090 1339 4145 Caesariensis
1373 4092 1605 4148 clericos
1634 4094 1797 4148 curia:
1824 4094 2064 4149 tradidit.
2090 4094 2215 4149 inde
2241 4112 2331 4150 ve-

770 4181 851 4235 nit
883 4180 1211 4243 Sebastiam,
1276 4181 1364 4235 ubi
1421 4182 1599 4252 plures
1645 4182 1762 4238 dies
1816 4183 1975 4247 sedit,
2029 4198 2095 4237 ac
2144 4197 2333 4239 omnes

773 4271 833 4331 8.
859 4271 1039 4326 Basilii
1068 4274 1562 4329 communicalnres
1593 4277 1762 4330 curize
1800 4276 2035 4342 addixit,
2066 4275 2331 4333 Eustathii

771 4372 950 4419 autem
986 4364 1189 4419 amicos
1216 4365 1465 4418 maximis
1500 4367 1799 4422 honoribus
1830 4366 1981 4424 fovit.

846 4454 1053 4510 ltursns
1070 4453 1385 4509 Galatarum
1409 4465 1463 4507 et
1494 4453 1837 4511 Ponticorum
1865 4459 2124 4528 synodum
2151 4457 2335 4529 Nyssae

770 4546 933 4614 iussit
965 4546 1251 4601 celebrari.
1283 4547 1337 4601 in
1366 4562 1472 4615 quo
1500 4547 1715 4616 quidem
1758 4564 1977 4618 operam
2031 4551 2083 4604 ei
2117 4552 2335 4607 navavit

780 4636 1119 4701 Eustathius,
1172 4652 1237 4692 ac
1274 4639 1460 4692 vicarii
1502 4639 1768 4694 mandatis
1804 4639 2052 4707 adiunxit
2104 4641 2330 4711 legatio-

772 4741 895 4781 nem
924 4726 1240 4779 selectorum
1286 4726 1364 4797 (ὀ)
1414 4743 1480 4782 ex
1523 4743 1617 4781 sua
1646 4728 1879 4783 Ecclesia
1910 4728 2209 4795 hominum,
2243 4731 2335 4800 qui

772 4816 987 4879 Galatas
1043 4828 1381 4873 accerserent
1442 4835 1506 4874 ac
1560 4821 1945 4890 perhonoriiice
1987 4820 2333 4879 deducerent.

773 4908 1073 4962 Adfuerunt
1108 4912 1266 4963 etiam
1313 4910 1527 4966 Pontici
1584 4912 1839 4981 episcopi.
1888 4912 2021 4967 Nam
2077 4922 2336 4982 utrosque

775 4997 1002 5055 Basilius
1036 4999 1106 5068 (ε)
1138 5001 1399 5055 mandatis
1440 5002 1626 5056 vicarii
1676 5004 1920 5072 paruisse
1969 5012 2217 5057 testatur.
2276 5004 2330 5056 in

775 5090 880 5145 hoc
910 5092 1141 5145 concilio
1165 5094 1421 5147 dominati
1449 5104 1578 5149 sunt
1599 5096 1827 5165 Anysins
1859 5106 1910 5151 et
1928 5094 2173 5150 Ecdicius
2200 5094 2330 5150 Par-

781 5195 1061 5247 nassenus,
1096 5185 1294 5254 quibus
1331 5185 1667 5257 potissimum
1693 5187 1918 5245 Basilius
1937 5188 2004 5259 (ι’)
2028 5188 2172 5257 impii
2202 5202 2335 5243 con-

845 5407 920 5475 (al
950 5406 1182 5473 litum.

848 5477 923 5543 (b)
954 5476 1049 5541 Ep.
1080 5477 1205 5532 229.

848 5545 919 5600 lci
960 5545 1057 5600 Et).
1089 5548 1205 5600 257.

846 5545 1214 5695 $123313};
1240 5637 1291 5673 ιι.
1319 5620 1369 5687 7,
1393 5630 1446 5675 et
1473 5634 1555 5691 ep.
1592 5620 1696 5675 250
1724 5632 1774 5677 et
1805 5622 1933 5688 225i,
1967 5639 2018 5676 η.
2042 5623 2097 5678 5.

852 5686 921 5751 (ε)
954 5686 1045 5751 Ep.
1065 5685 1189 5743 239.

854 5754 926 5847 ςρ
950 5753 1081 5847 ξίέἒίξ·

883 5824 928 5879 'i
952 5824 1081 5883 ibid.

2438 3366 2680 3420 narratio
2709 3362 3062 3417 Tilletnontii.
3087 3365 3266 3429 Quare
3290 3376 3410 3416 cum
3439 3360 3513 3413 ait
3544 3358 3797 3422 Basilius,
3824 3357 3999 3411 Doara

2435 3456 2707 3524 antiquum
2738 3453 3019 3507 Mulionem
3058 3464 3378 3522 receperunt,
3407 3453 3670 3508 nefarium
3714 3453 3855 3504 hunc
3900 3451 3999 3503 ho-

2437 3545 2635 3598 minem
2664 3544 2791 3599 olitn
2836 3543 3029 3599 Doaris
3067 3560 3264 3599 munus
3302 3543 3552 3598 Mulionis
3574 3542 3885 3596 exercuise
3914 3541 3999 3592 in-

2433 3634 2600 3687 dicat.

2506 3724 2583 3795 (j)
2617 3723 2823 3781 Galatas
2854 3724 3039 3779 Ariani
3086 3734 3208 3778 cum
3255 3724 3554 3776 amicorum
3608 3719 3873 3773 Eustathii
3905 3732 3998 3770 (τοι

2435 3820 2646 3883 mitatu,
2681 3816 2851 3888 Nyssa
2874 3814 3077 3885 egressi
3120 3823 3270 3877 sunt,
3323 3821 3377 3866 et
3433 3810 3535 3865 hoc
3592 3809 3850 3864 satellitio
3901 3807 4001 3862 sti-

2435 3912 2568 3982 pati,
2589 3924 2800 3966 omnem
2825 3906 3081 3980 parmcim
3107 3905 3394 3959 Eustatltio
3434 3901 3689 3969 subjectae
3720 3902 3997 3970 regionem

2438 4010 2881 4073 peragraverunt,
2933 4002 3308 4070 episcoporum
3367 3997 3667 4050 honoribus
3708 4004 3761 4049 et
3809 3993 4000 4049 oﬂiciis

2445 4097 2644 4151 ornati.
2687 4096 2985 4152 lntroducti
3019 4104 3196 4148 autem
3221 4100 3345 4146 sunt
3371 4091 3760 4162 perbonorilicc
3787 4090 3837 4141 in
3870 4090 4001 4143 civi-

2451 4196 2639 4250 tatem,
2672 4188 2985 4242 concionem
3019 4185 3274 4238 habentes
3312 4199 3521 4237 summa
3548 4198 3666 4237 cum
3708 4192 3994 4251 potestate.

2435 4275 2692 4331 Traditus
2726 4288 2811 4331 est
2836 4279 2978 4331 enim
3012 4276 3121 4330 illis
3152 4279 3400 4345 populus,
3435 4275 3691 4328 traditum
3726 4273 3919 4334 altare,
3948 4275 3997 4325 in

2440 4382 2547 4437 quo
2571 4369 2711 4421 sacri
2736 4369 3032 4420 lic-avertunt
3053 4367 3149 4433 (lt),
3184 4377 3239 4419 et
3278 4367 3550 4434 proprium
3583 4377 3777 4432 panem
3803 4365 4000 4434 populo

2438 4456 2590 4510 Omni
2625 4455 3045 4508 distribuerunt.
3075 4454 3273 4519 Quales
3318 4463 3498 4507 essent
3535 4453 3799 4520 ejusmodi
3829 4451 4000 4507 homi-

2439 4562 2536 4601 nes
2570 4544 2655 4613 (l),
2683 4552 2739 4599 et
2768 4545 3037 4613 quomodo
3065 4561 3251 4599 eorum
3286 4544 3513 4613 quisque
3569 4546 3847 4600 ordinatus
3889 4559 3904 4595 :
3946 4551 3999 4595 et

2448 4637 2591 4705 quali
2631 4651 2696 4690 ex
2724 4636 2832 4688 vita
2866 4636 2931 4688 ad
2965 4637 3103 4690 hanc
3142 4645 3360 4690 evectus
3404 4644 3745 4703 potestatem,
3785 4636 3998 4689 silentio

2452 4728 2701 4793 Basilius,
2739 4738 2797 4781 ut
2824 4737 3007 4782 notum
3053 4729 3301 4783 omnibus
3336 4727 3453 4798 (in),
3483 4729 3573 4796 qtti
3615 4744 3733 4782 cum
3762 4728 3843 4781 eis
3882 4737 3998 4783 tan-

2451 4821 2619 4888 tisper
2645 4820 2841 4874 versati
2874 4819 3110 4882 fuerant,
3138 4821 3654 4888 praetermittendum
3697 4819 3994 4874 existimat.

2441 4912 2547 4967 Sed
2581 4920 2761 4965 tamen
2797 4920 2917 4979 post
2949 4921 3056 4965 tam
3109 4911 3340 4979 insignia
3369 4911 3573 4966 venalis
3617 4918 3668 4963 et
3708 4909 3995 4979 turpificati

2439 5005 2604 5059 animi
2646 5004 2961 5073 specitnina,
2994 5018 3181 5056 eorum
3216 5004 3283 5057 ad
3328 5018 3386 5058 se
3408 5003 3839 5058 communionem
3893 5003 3997 5057 En-

2441 5097 2675 5151 stathius
2696 5112 2800 5150 non
2830 5096 3053 5151 retraxit
3079 5095 3177 5165 (η).
3229 5096 3381 5162 Quod
3425 5096 3504 5151 eis
3558 5095 3720 5149 dabat
3768 5096 3997 5164 accipie-

2442 5191 2602 5255 bant;
2637 5189 2730 5244 sed
2760 5186 3055 5243 nihil‘tanti
3086 5189 3166 5243 eis
3208 5188 3329 5254 luit,
3384 5198 3444 5243 ut
3481 5189 3549 5244 ab
3595 5188 3993 5259 episcoporum,

2504 5410 2578 5478 (ft)
2616 5409 2711 5477 Ep.
2732 5410 2857 5463 259.

2498 5485 2560 5547 (ι)
2592 5480 2744 5532 Tom.
2773 5480 2861 5544 lX,
2888 5498 2936 5550 p.
2963 5482 3086 5535 3M.

2602 5552 2694 5615 Ep.
2719 5550 2843 5609 251,
2880 5570 2932 5607 tt.
2962 5553 3014 5603 ’5.

2502 5623 2576 5688 (lt)
2600 5620 2695 5687 Ep.
2724 5619 2847 5691 244,
2884 5639 2938 5677 η.
2969 5623 3089 5683 7,ct
3112 5636 3195 5691 ep.
3228 5621 3347 5673 “230.

2507 5694 2570 5755 (Ι)
2604 5693 2694 5753 lip.
2723 5689 2846 5751 244,
2874 5707 2925 5742 n.
2954 5692 3005 5743 ’1.

2504 5761 2598 5825 (nt)
2632 5760 2724 5824 Ep.
2748 5760 2875 5826 251,
2910 5776 2962 5812 n.
3001 5760 3052 5815 5.

2504 5836 2579 5899 (η)
2610 5830 2737 5883 Ibid.
