4214 6488
1531 424 1691 483 VITA
1729 425 1788 483 ὃ.
1822 425 2089 485 BASILU.

3320 446 3382 487 οι
3391 445 3443 486 ιι

196 546 280 617 qui
310 544 657 603 Eustathinm
720 544 1110 613 deposuerant,
1164 545 1487 601 auctoritate
1528 547 1770 605 discede-
1796 552 1844 612 Α
1878 546 2244 617 Cappadocia,
2268 558 2321 603 et
2355 562 2479 621 post
2510 547 2719 604 Pascha
2763 547 3039 613 stevtebat,
3067 554 3137 601 ut‘
3163 560 3304 601 anno
3336 546 3443 604 375

200 650 313 693 rent
344 640 448 711 (a).
471 640 612 693 Cum
648 638 754 691 hoc
782 639 995 709 agutine
1016 636 1327 692 Eustathius
1355 638 1646 710 Nicopolim
1673 658 1770 699 ve-

200 735 295 797 nit,
320 744 379 788 ut
412 743 468 787 et
504 732 699 785 vicarii
751 742 809 786 et
855 731 1181 786 Arianorum
1212 740 1480 800 potestate
1510 735 1769 801 munitus,

199 825 323 878 huic
374 820 657 887 Ecclesiae,
701 837 821 890 qua:
857 834 1028 887 nuper
1067 824 1386 891 episcopum
1438 817 1766 878 Theodotum

201 916 479 975 amiserat,
509 913 677 967 alium
718 912 1033 980 episcopum
1059 912 1232 967 daret.

268 1006 355 1059 \‘l.
380 1004 496 1060 Non
536 1007 763 1062 multum
800 1005 1089 1058 habuimus
1122 1003 1319 1073 negmii
1352 1003 1403 1057 in
1436 1003 1767 1066 disponenda

194 1098 463 1165 ejusmodi
491 1108 786 1155 eventuum
818 1099 980 1154 serie.
1016 1096 1107 1151 Sic
1135 1098 1277 1149 enim
1309 1098 1376 1151 ab
1419 1098 1534 1168 ipso
1567 1099 1768 1153 Basilio

192 1190 382 1245 ordine
413 1202 704 1246 narrantur
735 1190 788 1245 in
818 1190 1061 1259 epistolis
1107 1187 1214 1242 257
1239 1199 1293 1242 et
1314 1189 1441 1244 239.
1483 1191 1586 1245 Sed
1629 1188 1765 1242 dim-

192 1284 352 1341 cilius
398 1296 487 1342 est
534 1296 796 1346 statuere,
830 1293 1008 1335 utrum
1068 1296 1208 1336 anno
1250 1283 1354 1339 375
1398 1294 1665 1345 exeunte,
1699 1298 1765 1335 an

194 1379 414 1433 ineunte
442 1380 573 1440 376,
628 1378 977 1447 contigerint.
1037 1379 1422 1435 Tillemontius
1471 1387 1526 1431 et
1578 1386 1767 1430 auctor

189 1470 534 1525 Bibliotheca:
562 1469 930 1526 ecclesiastica:
959 1473 1025 1528 ad
1082 1473 1294 1528 initium
1320 1469 1447 1525 anni
1499 1468 1761 1535 referunt,

189 1554 420 1627 excepto
457 1572 636 1617 tamen
670 1564 904 1619 concilio
963 1567 1276 1637 Aucyrano,
1334 1565 1478 1634 quod
1525 1562 1765 1617 fatentur

190 1654 288 1708 sub
319 1654 487 1707 finem
521 1657 645 1710 anni
674 1656 781 1712 375
800 1666 1159 1712 convocatum
1202 1656 1392 1711 fuisse.
1427 1656 1560 1711 Cum
1596 1653 1762 1710 Tille-

188 1750 392 1802 montio
437 1748 616 1802 facere
662 1749 914 1803 videntur
958 1748 1106 1816 plura
1154 1750 1417 1801 rationmn
1454 1758 1758 1815 momenta;

192 1841 331 1905 quod
364 1842 607 1908 synodus
642 1842 955 1910 Ancyraua,
989 1856 1151 1910 quam
1194 1840 1283 1893 alii
1317 1850 1542 1895 eventus
1574 1857 1760 1896 conse-

191 1930 297 1983 cuti
328 1939 478 1990 snnt,
520 1932 692 1984 media
730 1932 904 1986 hieme
937 1933 989 1985 in
1019 1934 1179 2002 epist.
1208 1932 1313 1987 237
1361 1933 1544 1987 habita
1592 1933 1758 1988 fuisse

187 2021 381 2091 legitur
412 2038 427 2073 :
481 2022 626 2090 quod
671 2022 991 2079 Eustathius
1022 2026 1181 2080 annis
1219 2027 1405 2082 decem
1441 2037 1497 2079 et
1552 2034 1757 2095 septem

183 2122 286 2159 non
315 2111 527 2166 exactis
556 2122 679 2183 post
696 2114 982 2169 concilium
1013 2115 1069 2171 C.
1098 2114 1156 2170 P.
1192 2117 1318 2170 anni
1347 2116 1471 2181 560,
1501 2132 1619 2172 sese
1636 2130 1758 2169 cum

183 2197 423 2267 Arianis,
462 2214 523 2258 ut
570 2206 825 2275 opinatur
869 2207 1272 2272 Tillemomius,
1306 2220 1493 2279 aperte
1529 2208 1758 2277 conjun-

180 2291 334 2343 xisse
362 2295 567 2348 dicitur
596 2298 652 2351 in
672 2299 898 2366 epistola
929 2298 1054 2364 251,
1087 2316 1141 2352 ιι.
1163 2298 1218 2353 2.

252 2380 358 2435 Sed
420 2384 504 2436 his
550 2386 873 2454 coniecturis
928 2388 1085 2457 longe
1142 2388 1477 2457 praeferenda
1521 2392 1758 2459 epistola!

178 2471 277 2527 251
321 2478 646 2542 auctoritas,
692 2494 811 2550 qua:
838 2490 963 2533 ante
994 2480 1177 2535 natale
1206 2480 1439 2548 Domini,
1475 2491 1534 2535 ut
1568 2492 1755 2550 postea

182 2568 509 2635 videbimus,
546 2571 770 2640 scripta,
804 2571 1055 2627 Ecclesia:
1084 2572 1374 2629 Doarensis
1397 2575 1757 2646 perturbatio-

182 2671 303 2709 nem
338 2671 393 2713 et
420 2663 734 2731 episcopum
772 2666 817 2716 ei
856 2665 1168 2733 impositum
1211 2667 1587 2737 Amphilochio
1620 2684 1759 2724 nun-

182 2747 301 2801 tiat.
331 2748 450 2802 Jam
484 2767 615 2821 ergo
645 2756 896 2809 accersiti
931 2772 962 2809 e
1000 2755 1210 2811 Galatia
1242 2759 1451 2824 Ariani,
1484 2758 1595 2826 jam
1622 2760 1756 2830 Nys-

184 2856 316 2894 sena
342 2844 583 2912 synodus
602 2847 940 2912 pestilentem
975 2851 1249 2904 hominem
1285 2851 1337 2903 in
1367 2852 1469 2905 hoc
1503 2853 1754 2921 oppidum

187 2934 436 2989 miserat.
476 2935 667 2992 Utrum
696 2940 857 2995 iidem
882 2942 1069 2997 Ariani
1102 2941 1413 2997 Sebastiam
1463 2944 1756 2998 introducti

182 3022 411 3091 fuerint,
453 3042 577 3081 cum
641 3028 781 3085 hanc
833 3032 1118 3102 epistolam
1173 3032 1438 3087 scriberet
1501 3031 1755 3097 Basilius,

179 3115 434 3181 equidem
461 3128 702 3174 statuere
742 3137 847 3176 non
881 3138 1123 3191 possum.
1178 3123 1283 3179 Bes
1333 3122 1534 3178 differri
1581 3132 1758 3193 potest

179 3219 352 3270 usque
374 3208 442 3259 ad
462 3207 680 3263 initium
715 3214 840 3265 anni
874 3214 997 3267 576.
1036 3214 1181 3267 Satis
1200 3223 1283 3269 est
1317 3215 1383 3268 ad
1414 3213 1751 3269 conciliamla

1871 640 2299 695 observavimus.
2327 640 2437 699 Nec
2472 643 2667 699 mirum
2700 641 2926 710 proinde
2954 640 3001 697 si
3035 639 3303 694 interdum
3333 639 3445 695 cito

1870 732 2136 788 veniebat.

1942 825 2057 881 Non
2091 823 2307 879 adhibui
2344 836 2741 894 argumentum,
2766 825 2910 893 quod
2940 824 3041 879 sibi
3078 822 3240 889 objicn
3273 834 3435 892 posse

1869 918 2039 971 sensit
2086 914 2482 970 Tillemontius.
2531 915 2585 969 ln
2638 916 2862 986 epistola
2896 915 3023 981 251,
3072 931 3192 986 quae
3233 917 3436 984 scripta

1869 1018 1949 1062 est
2001 1021 2143 1061 anno
2185 1007 2310 1069 3'76,
2362 1008 2440 1061 ait
2493 1006 2720 1063 Basilius
2755 1009 2989 1063 Arianos
3038 1008 3107 1061 ab
3154 1007 3441 1061 Eustatbiu

1868 1098 2160 1153 accersitos
2204 1111 2234 1151 e
2266 1096 2472 1152 Galatia
2529 1112 2672 1150 anno
2726 1101 3000 1167 praeterito
3053 1096 3241 1157 fuisse.
3285 1097 3439 1154 Unde

1870 1190 2039 1246 facilis
2084 1190 2361 1247 conclusio
2406 1191 2456 1243 id
2490 1191 2783 1261 contigisse
2829 1209 2969 1248 anno
3009 1191 3135 1249 375.
3187 1191 3277 1247 Sic
3322 1206 3437 1246 rem

1865 1284 2077 1348 expedit
2114 1282 2513 1337 Tillemontius.
2563 1283 2761 1337 Statuit
2823 1283 2959 1342 hanc
3002 1285 3285 1357 epistolam
3331 1284 3431 1338 251

1868 1386 2052 1426 mense
2086 1372 2326 1440 Octobri,
2359 1388 2503 1429 anno
2534 1372 2657 1440 376,
2686 1375 2939 1444 scriptam
2988 1393 3137 1445 esse;
3173 1376 3299 1431 anni
3343 1390 3440 1429 au-

1867 1473 1974 1518 tem
2016 1464 2229 1519 initium
2285 1467 2425 1535 apud
2476 1466 2781 1521 Orientales
2826 1482 2854 1520 a
2892 1481 3076 1522 mense
3127 1468 3436 1540 Septembri

1864 1553 2007 1608 duci.
2044 1553 2179 1610 Hinc
2214 1557 2416 1627 colligit
2458 1558 2740 1621 Basiliam,
2788 1573 2909 1612 cum
2939 1559 3206 1613 scriberet
3233 1564 3436 1631 episto-

1863 1650 1966 1702 lam
2004 1647 2131 1714 251,
2158 1665 2344 1706 mense
2380 1649 2620 1717 Octobri,
2668 1653 2734 1707 ad
2766 1668 2964 1707 annum
3000 1656 3330 1723 praeteritum
3369 1670 3433 1710 ea

1862 1740 2066 1797 referre
2091 1743 2328 1811 potuisse
2349 1760 2469 1813 quae
2490 1760 2672 1801 mense
2692 1746 2951 1802 Januario
2981 1747 3226 1815 proxime
3247 1747 3433 1816 elapso

1860 1836 2218 1907 contigerant.
2268 1835 2375 1891 Sed
2411 1838 2476 1892 de
2513 1837 2596 1891 Itis
2635 1853 2861 1908 agemus
2907 1838 3266 1909 coniecturis,
3310 1853 3434 1897 cum

1790 1908 1833 1966 Β
1865 1931 1930 1984 ad
1956 1928 2240 2001 epistolam
2270 1929 2367 1985 251
2406 1930 2732 1984 venerimus.

2408 2045 2635 2103 CAPUT
2678 2045 2887 2100 XXXV.

1860 2134 1900 2191 1.
1940 2137 2303 2208 ρηψΙιὶΙοεΙιὶο
2341 2140 2604 2207 signiﬁcat
2641 2137 2870 2193 Basilius
2902 2154 2961 2192 ea
3005 2155 3119 2207 qua
3160 2146 3430 2208 geruntur.

1934 2204 2220 2272 Respondet
2267 2213 2319 2262 in
2351 2204 2715 2276 alia'epistola
2768 2210 2908 2262 illius
2953 2204 3141 2260 litteris
3161 2204 3222 2261 vet
3252 2224 3435 2261 mune-

1931 2279 2077 2331 ribus
2106 2279 2174 2330 ad
2208 2279 2400 2333 Natale
2432 2280 2642 2335 Domini
2686 2280 2878 2332 missis.
2918 2278 3081 2331 Mittit
3110 2288 3432 2332 commenta-

1932 2350 2070 2401 rium
2120 2350 2174 2401 in
2214 2364 2315 2418 quo
2368 2350 2515 2401 solvit
2565 2352 2706 2403 illius
2751 2351 3078 2418 questions.
3121 2346 3200 2418 Il._
3233 2344 3434 2399 Fronto

1929 2430 2193 2472 mercatur
2227 2416 2588 2483 episconatum
2637 2423 2699 2474 ab
2749 2422 2978 2471 Arionis.
3031 2417 3116 2471 Ill.
3166 2416 3430 2469 Resistunt

1929 2490 2124 2542 acriter
2161 2488 2540 2558 Nic0politaui.
2578 2487 2667 2541 IV.
2710 2489 2784 2543 De
2822 2489 3051 2558 epistolis
3093 2486 3329 2558 25³124]
3364 2489 3433 2558 ad

1932 2558 2216 2613 Eusebium
2248 2554 2307 2613 et
2335 2560 2402 2612 ad
2438 2554 2859 2625 Nicopolitanos.
2893 2556 2954 2610 V.
2983 2555 3162 2625 Legati
3195 2558 3250 2609 in
3280 2554 3434 2625 Οςςξ-

1930 2628 2131 2697 dentem
2173 2629 2464 2684 Dorotheus
2508 2623 2968 2684 et'Sanctissimus
3001 2623 3306 2697 presbyteri.
3340 2623 3431 2680 Ἢ.

1928 2694 2196 2749 Probatur
2230 2716 2315 2751 eos
2361 2700 2457 2751 hoc
2488 2716 2625 2752 anno
2660 2702 2803 2754 circa
2842 2694 3086 2764 Pascha,
3137 2694 3240 2751 non
3276 2697 3431 2751 citius

1926 2768 2184 2837 profectos
2213 2769 2393 2836 fuisse.

1928 2861 1966 2916 Ι.
2000 2861 2147 2915 Inter
2178 2860 2279 2916 has
2326 2876 2617 2922 aerumnas.
2651 2870 2708 2915 ιιι
2740 2876 2965 2931 qua-que
3001 2875 3085 2915 res
3120 2860 3429 2923 eveniebat,

1860 2952 2091 3008 libenter
2151 2954 2531 3025 Ampliilochio
2591 2952 2837 3023 protinus
2918 2950 3221 3005 nuntiasset
3276 2948 3431 3002 Basi-

1860 3046 1963 3099 lius
1983 3044 2083 3114 (c),
2114 3056 2224 3099 tum
2258 3055 2316 3099 ut
2345 3047 2457 3116 ipse
2488 3046 2775 3099 narrandis
2800 3042 2978 3099 amico
3013 3044 3175 3098 rebus
3199 3042 3311 3096 suis
3340 3056 3432 3096 ac-

1859 3137 2197 3205 quiesceret,
2253 3145 2362 3191 tum
2417 3139 2542 3207 quia
2596 3139 2883 3191 maximam
2938 3152 2997 3191 se
3051 3150 3173 3191 esse
3223 3134 3433 3190 sciebat

1857 3220 2218 3293 Amphilochii
2262 3238 2471 3279 curam.
2506 3226 2612 3279 Sed
2648 3226 2871 3279 deerant
2918 3225 3009 3294 qui
3054 3224 3263 3279 litteras
3308 3237 3431 3295 per-

181 3291 365 3346 Basilii
403 3297 736 3363 testimonia,
769 3311 828 3354 ut
859 3305 1094 3373 synodus
1139 3303 1380 3374 Nyssena
1431 3306 1497 3357 ad
1552 3322 1750 3359 annum
1780 3307 1822 3366 C
1863 3291 2103 3382 ferrent;
2135 3329 2386 3385 magnum
2416 3314 2557 3369 enim
2591 3330 2694 3367 non
2722 3326 2835 3368 era'
2866 3291 3257 3385 Cappadociam
3290 3291 3433 3369 inter

182 3386 289 3440 375
316 3398 605 3443 exeuntem
636 3389 931 3447 referatur.
959 3395 1193 3448 Arianos
1238 3396 1381 3450 enim
1430 3394 1662 3447 Basilius
1698 3396 1750 3448 in

180 3476 410 3545 epistola
460 3478 589 3543 251,
630 3484 925 3538 accersitos
953 3499 983 3539 e
1027 3483 1234 3539 Galatia
1278 3499 1421 3539 anno
1475 3484 1754 3555 praeterito

182 3567 348 3623 fuisse
398 3571 533 3624 dicit
591 3588 608 3629 :
654 3572 992 3631 introductos
1042 3578 1093 3631 in
1149 3579 1338 3632 urbem
1375 3578 1564 3633 eodem
1610 3592 1754 3633 anno

179 3656 351 3714 fuisse
378 3676 483 3715 non
507 3662 660 3717 dicit.

251 3751 431 3809 Minus
472 3758 857 3815 animadvertit
899 3761 1297 3829 Tillemontius,
1327 3778 1450 3818 cum
1496 3762 1751 3818 Basiliam

177 3849 455 3901 existimat
480 3863 509 3900 a
535 3851 768 3907 concilio
801 3853 1407 3925 ConstantinOpolitauo
1431 3854 1496 3907 ad
1526 3852 1753 3923 conjun-

178 3938 415 3992 etionem
452 3938 719 3996 Eustatbii
747 3959 868 3997 cum
901 3945 1123 3998 Arianis
1150 3960 1320 3998 annos
1358 3946 1545 3998 decem
1584 3955 1639 3999 et
1668 3958 1751 3998 se-

177 4041 325 4098 ptem
353 4045 465 4085 non
492 4030 677 4098 plenos
713 4050 1019 4089 numerare.
1053 4034 1297 4089 Totidem
1331 4037 1475 4090 enim
1505 4043 1755 4089 numerat

178 4136 349 4191 usque
404 4123 475 4176 ad
538 4123 666 4179 illud
701 4134 928 4195 tempus,
966 4141 1073 4195 quo
1127 4127 1265 4182 hanc
1313 4128 1751 4198 conjunctionem

180 4214 469 4271 Eustathio
536 4220 923 4285 exprobrabat,
982 4222 1203 4275 minime
1270 4235 1398 4275 vero
1454 4236 1626 4289 usque
1685 4220 1752 4275 ad

179 4307 350 4377 ipsam
380 4310 845 4375 coniunctionem,
879 4328 998 4381 qua:
1047 4329 1151 4367 non
1208 4313 1367 4383 paulo
1406 4314 1645 4368 anterior
1669 4322 1754 4368 est

176 4395 403 4462 epistola
438 4397 564 4452 251.
619 4397 753 4453 Tota
807 4417 892 4455 res
936 4402 1092 4457 facile
1147 4404 1471 4473 perspicitur
1502 4419 1566 4457 ex
1621 4404 1751 4472 ipsis

179 4485 367 4542 Basilii
406 4489 610 4547 verbis.
661 4489 788 4544 Haec
839 4501 1013 4545 autem
1052 4505 1349 4561 evenerunt,
1414 4495 1589 4563 inquit
1631 4496 1748 4563 (ὁ),

1854 3416 1907 3459 et
1934 3403 2185 3459 Pisidiam
2215 3406 2620 3459 commercium.
2651 3403 2852 3459 Nactus
2879 3408 3095 3469 tandem
3130 3404 3421 3473 Elpidium,

1854 3495 1946 3563 qui
1978 3494 2044 3547 ad
2082 3494 2271 3549 herum
2308 3511 2464 3548 suum
2494 3499 2840 3563 properabat,
2869 3505 2926 3549 ut
2956 3504 3193 3549 structas
3225 3493 3325 3547 sibi
3360 3493 3430 3548 ab

1855 3585 2088 3641 inimicis
2126 3584 2425 3639 calumnias
2466 3586 2696 3639 dilueret
2730 3626 2745 3650 ,
2784 3586 2951 3641 utitur
3000 3587 3101 3642 hac
3155 3586 3426 3643 scribendi

1852 3677 2158 3733 occasione.
2183 3677 2533 3732 Commendat
2574 3679 2839 3746 Elpidiuin
2871 3681 3267 3748 Amphilochio,
3308 3683 3431 3734 bre-

1852 3770 1992 3823 viter
2039 3778 2227 3822 narrat
2268 3768 2336 3822 de
2387 3766 2575 3825 fratris
2628 3770 2839 3833 exsilio,
2889 3782 2941 3823 et
2992 3769 3059 3823 de
3111 3780 3430 3841 tempestate

1856 3861 2045 3915 bearis
2071 3860 2328 3924 excitata,
2357 3875 2421 3913 ac
2449 3860 2518 3914 de
2551 3860 2763 3915 insidiis
2802 3862 2900 3915 sibi
2948 3862 2998 3916 in
3028 3862 3147 3916 aula
3182 3866 3425 3930 structis,

1855 3967 1992 4021 quas
2043 3962 2221 4005 tamen
2271 3965 2331 4005 se
2387 3951 2476 4005 Dei
2527 3953 2728 4005 auxilio
2776 3964 3155 4022 superaturum
3217 3963 3422 4024 sperat.

1855 4043 2145 4097 Absolutus
2183 4050 2299 4096 erat
2342 4042 2478 4097 liber
2526 4041 2601 4096 De
2640 4041 2845 4108 Spiritu
2902 4054 3117 4109 sancto,
3161 4053 3221 4096 ut
3264 4059 3425 4113 supra

1854 4133 2109 4197 diximus,
2161 4147 2334 4202 neque
2364 4132 2416 4186 id
2449 4133 2649 4186 latebat
2674 4134 3133 4199 Amphilochium.
3160 4132 3265 4188 Sed
3300 4149 3423 4189 cum

1855 4226 1901 4279 is
1933 4224 2173 4279 librariis
2201 4223 2380 4277 Basilii
2416 4223 2780 4293 praecepisset,
2808 4232 2864 4276 ιιι
2895 4224 2996 4277 hoc
3022 4240 3153 4292 opus
3181 4225 3233 4279 in
3264 4240 3428 4279 mem-

1856 4316 2042 4369 branis
2075 4314 2465 4377 describerent,
2499 4311 2730 4366 Basilius
2764 4312 2997 4381 cognitis
3024 4313 3167 4367 illius
3202 4313 3427 4366 manda-

1857 4408 1944 4471 tis,
1974 4406 2185 4476 Elpidio
2212 4402 2591 4473 perferendum
2623 4418 2729 4457 non
2763 4405 2930 4465 dedit,
2976 4406 3071 4458 sed
3115 4403 3263 4457 brevi
3302 4403 3427 4457 mis-

1854 4512 2040 4551 surum
2091 4512 2150 4552 se
2205 4497 2498 4566 promittit,
2555 4496 2713 4551 modo
2763 4498 3132 4561 nanciscatur,
3187 4494 3273 4551 cui
3314 4505 3428 4551 tuto

179 4598 372 4652 nempe
413 4582 682 4637 Enstatbii
708 4585 973 4655 depositio
1008 4586 1061 4639 in
1085 4586 1317 4641 cencilio
1356 4584 1751 4643 Constantino-
1783 4654 1817 4660 _
1857 4593 2025 4660 possit
2056 4591 2335 4646 committi.

178 4674 446 4741 politano,
482 4672 707 4743 ejusque
760 4654 1022 4729 adversus
1054 4677 1190 4730 hanc
1224 4677 1491 4746 synodum
1533 4676 1747 4737 litterae,
1782 4654 1828 4709 D
1858 4654 1872 4660 ’
1930 4683 2143 4751 Scripta
2174 4692 2258 4737 est
2292 4684 2405 4739 haec
2439 4685 2662 4753 epistola
2686 4681 2814 4747 251,
2854 4696 2994 4735 anno
3023 4680 3127 4736 575
3160 4688 3389 4735 exeunte
3410 4722 3424 4735 .

177 4774 295 4817 ante
320 4767 499 4818 decem
530 4776 582 4819 et
602 4776 792 4835 septem
825 4784 926 4820 non
956 4778 1167 4821 exactos
1182 4782 1369 4819 annos.
1419 4764 1749 4821 Numerandi

179 4868 308 4922 ergo
352 4857 430 4910 illi
460 4861 648 4911 decem
693 4867 749 4911 et
796 4868 1001 4928 septem
1047 4858 1171 4914 anni
1210 4871 1381 4927 usque
1412 4859 1480 4913 ad
1514 4870 1748 4928 tempus,

178 4962 284 5019 quo
312 4948 586 5003 scribebat
616 4947 845 5003 Basilius
882 4951 1159 5018 epistolam
1186 4949 1312 5005 251.

245 5038 587 5095 Probabilior
615 5052 761 5095 esset
804 5043 964 5096 ducta
1002 5045 1136 5097 ratio
1174 5059 1238 5098 ex
1289 5044 1519 5100 concilio
1569 5042 1746 5099 media

177 5130 354 5186 hieme
384 5144 705 5196 convocato,
735 5135 779 5189 si
833 5134 949 5189 haec
980 5134 1139 5189 verba
1184 5135 1348 5191 latius
1400 5135 1745 5206 interpretari

182 5239 284 5278 non
334 5226 547 5281 lieeret.
573 5230 643 5282 At
697 5230 853 5284 facile
898 5240 981 5282 est
1033 5229 1135 5285 hoc
1192 5230 1310 5285 loco
1357 5246 1461 5285 non
1518 5229 1749 5285 mediam

183 5314 375 5371 hiemis
406 5330 639 5388 partem,
667 5324 761 5374 sed
790 5322 1047 5386 medium,
1082 5322 1132 5375 id
1159 5332 1265 5384 est,
1293 5323 1547 5376 acerbum
1580 5321 1751 5392 frigus

182 5405 499 5478 intelligere.
557 5410 744 5465 Hiems
792 5414 935 5467 enim
986 5414 1182 5467 dicitur
1228 5416 1476 5467 acerbum
1534 5412 1742 5483 frigus;

182 5501 318 5555 unde
344 5500 577 5556 Basilius
608 5501 975 5571 longissimam
1002 5517 1127 5557 csse
1161 5502 1391 5557 hiemem
1418 5503 1662 5572 queritur
1692 5503 1745 5557 in

180 5592 333 5659 epist.
362 5597 483 5651 121.
538 5595 816 5651 Interdum
851 5614 971 5654 sero
1016 5598 1302 5654 admodum
1348 5596 1642 5653 decedebat
1692 5598 1744 5652 in

266 5775 316 5844 α)
352 5775 445 5844 Ep.
474 5777 602 5831 257.

266 5792 294 5825 a
352 5775 445 5844 Ep.
474 5777 602 5831 257.

240 5774 316 5917 ξιξ
346 5848 442 5918 Ep.
473 5848 603 5915 2υ1,
630 5864 663 5901 ιι
708 5849 764 5901 2.

1857 4784 1940 4830 est
1971 4775 2115 4830 enim
2150 4776 2416 4830 vetuStior
2445 4775 2811 4829 ducentesima
2851 4774 3125 4827 tricesima
3162 4773 3446 4836 secunda,

1856 4880 1973 4935 quae
2014 4866 2193 4921 missis
2229 4866 2296 4921 ab
2338 4866 2714 4933 Amphilochio
2756 4866 2823 4919 ad
2867 4864 3057 4918 Natale
3090 4864 3295 4917 Domini
3342 4862 3427 4916 lit-

1857 4958 1988 5010 teris
2037 4958 2346 5026 respondet.
2399 4954 2494 5010 His
2534 4956 2730 5011 litteris
2774 4955 3184 5024 Amphilochius
3231 4952 3423 5021 adjun-

1854 5058 2009 5102 xerat
2052 5047 2389 5115 munuscula,
2432 5063 2623 5114 nempe
2655 5048 2929 5116 Iampenas
2956 5058 3009 5102 et
3043 5047 3286 5101 bellaria.
3322 5044 3428 5098 Re-

1855 5139 2083 5209 spondet
2113 5138 2341 5194 Basilius
2380 5140 2481 5193 sibi
2531 5139 2672 5194 diem
2716 5137 2909 5193 festum
2940 5151 3085 5199 esse,
3118 5137 3427 5206 quicunque

1856 5230 2065 5287 litteras
2150 5231 2338 5287 atferat
2395 5232 2792 5301 Amphilochii;
2846 5232 2940 5287 sed
2994 5230 3263 5298 adiunctis
3319 5228 3426 5282 diei

1860 5320 1982 5377 festi
2016 5324 2273 5393 symbolis
2316 5325 2509 5379 festum
2562 5325 2819 5381 festorum
2850 5338 2990 5390 esse,
3034 5332 3095 5377 ut
3139 5321 3280 5392 apud
3326 5318 3423 5374 Ju-

1855 5414 2001 5469 dteos
2034 5415 2267 5471 Sabbata
2314 5413 2693 5473 Sabbatorum.
2737 5416 2912 5471 Etiam
2945 5426 3110 5485 atque
3138 5415 3301 5469 etiam
3337 5427 3423 5468 ro-

1854 5515 1945 5573 gat
1986 5513 2043 5559 ut
2084 5520 2142 5562 se
2178 5508 2409 5563 invisere
2439 5524 2542 5562 non
2575 5518 2849 5576 gravetur.
2889 5506 3035 5561 Illius
3067 5517 3253 5560 autem
3300 5521 3421 5557 mn-

1855 5614 1984 5653 nera
2041 5598 2121 5655 sic
2172 5601 2578 5671 interpretatur,
2640 5602 2795 5672 quasi
2848 5601 3076 5656 validam
3137 5597 3417 5669 Amphiloo

1930 5782 1999 5852 (ς)
2040 5782 2135 5853 Ep.
2163 5782 2287 5839 ast.
