4214 6490
751 448 892 487 CXLI!

2097 421 2615 492 PROLEGOMENA.

754 552 911 609 chius
952 559 1205 619 precatus
1235 561 1381 606 esset
1424 562 1772 618 senectutem,
1813 554 2073 619 latnpenis
2109 557 2321 625 quidem
2354 562 2397 617 Α
2432 557 2658 609 tuemlos
2689 553 2870 607 vicarii
2902 562 3059 606 nutus
3086 550 3461 605 adducturum.
3492 551 3619 605 Erat
3650 548 3763 603 hare
3795 550 3993 607 civitas

757 643 1023 696 hortando
1067 642 1133 697 ad
1198 653 1491 698 nocturnos
1559 644 1801 709 labores,
1858 644 2090 699 bellariis
2138 660 2313 699 autem

754 734 985 786 νςιΗόυηι
1039 749 1156 788 esse
1201 737 1447 789 omnibus
1498 738 1754 792 membris
1798 746 1849 790 et
1901 740 2176 793 robustum
2226 738 2315 804 ju-

753 824 946 875 h‘endo.
969 823 1085 877 Jam
1109 824 1250 877 enim
1282 826 1613 893 praeterierat
1641 840 1769 882 tetas
1796 829 1859 881 ad
1893 830 2126 884 rodenda
2158 828 2317 883 bella-

755 914 857 978 ria,
887 916 1083 968 dudum
1116 918 1364 971 contritis
1396 918 1579 972 morbo
1607 930 1661 973 et
1687 930 1949 974 vetustate
1978 924 2243 977 dentibus.

824 1006 1136 1061 Gratulatnr
1193 1010 1451 1072 Basilius,
1507 1013 1649 1079 quod
1704 1023 1757 1067 et
1818 1026 1947 1065 sano
2000 1028 2222 1080 corpore
2264 1022 2317 1066 et

754 1098 932 1163 quieta
987 1096 1229 1150 Ecclesia
1291 1098 1699 1166 Amphilochius
1749 1101 2002 1159 salutaris
2061 1106 2316 1157 lncarna-

755 1189 916 1243 tionis
958 1193 1269 1243 memoriam
1302 1192 1677 1247 celebraverit.
1720 1193 1872 1247 Unde
1905 1198 2099 1266 conjici
2140 1205 2319 1265 posset

752 1280 1031 1348 scripsisse
1076 1282 1504 1346 Amphilochium
1553 1293 1668 1353 post
1704 1282 1888 1337 Natale
1939 1286 2168 1339 Domini.
2209 1283 2315 1337 Sed

754 1371 907 1436 longe
947 1373 1269 1438 probabilius
1314 1382 1396 1426 est
1433 1373 1683 1429 Basiliam
1722 1374 1833 1428 haec
1866 1376 2118 1445 gratulari
2155 1376 2314 1429 ducta

753 1479 816 1515 ex
853 1463 1045 1516 litteris
1088 1466 1245 1533 paulo
1286 1479 1411 1518 ante
1442 1466 1629 1519 Natale
1672 1464 1881 1520 Domini
1924 1467 2138 1533 scriptis
2185 1483 2318 1520 con—

753 1554 977 1607 iectura.
1008 1553 1139 1609 Nam
1176 1557 1289 1623 ipsa
1322 1556 1676 1625 Amphilochii
1718 1573 1939 1610 munera
1969 1558 2220 1610 videntur
2248 1559 2317 1612 ad

754 1645 927 1713 ipsum
980 1645 1121 1701 diem
1174 1646 1373 1712 missa,
1407 1658 1461 1703 et
1504 1649 1605 1701 diei
1670 1647 1908 1702 Iretitiam
1973 1664 2075 1701 non
2131 1664 2318 1717 parum

753 1735 988 1798 auxisse,
1017 1745 1073 1787 ut
1111 1740 1433 1806 perspicitur
1462 1754 1526 1792 ex
1560 1738 1645 1801 his
1678 1756 1796 1807 qua:
1823 1755 1983 1807 supra
2016 1740 2318 1793 retulimus.

755 1827 966 1895 Scripta
998 1844 1129 1899 ergo
1162 1831 1272 1885 hanc
1300 1831 1521 1898 epistola
1567 1830 1691 1895 259.,
1724 1832 1805 1884 vel
1851 1832 1948 1884 sub
1992 1830 2148 1884 linem
2193 1833 2319 1886 anni

2425 649 2599 715 magni
2651 649 2719 700 ad
2753 662 2863 700 rem
2899 644 3314 699 ecclesiasticam
3368 642 3649 704 momenti.
3707 650 3816 693 tum
3864 646 3989 707 quia

2424 749 2581 806 caput
2612 748 2731 791 erat
2758 738 3046 795 Armeniae.
3078 745 3188 788 tum
3224 734 3345 801 quia
3379 747 3671 805 martyrum
3706 732 3833 787 olim
3871 747 3993 782 sau-

2424 830 2583 897 guine
2617 829 2904 891 illustrala,
2942 838 2997 882 et
3039 840 3066 878 a
3114 824 3571 893 przesumtissiuiis
3598 823 3860 894 episcOpis
3894 823 3991 874 ha-

2422 930 2612 973 ctenus
2642 921 2961 989 guhernata,
2989 915 3165 970 nutrix
3190 924 3305 968 erat
3337 914 3551 981 pietatis
3577 926 3629 967 et
3654 916 3814 968 veluti
3842 926 3991 966 same

2424 1011 2685 1065 doctrinae
2725 1008 3058 1075 metropolis,
3088 1017 3145 1061 ut
3178 1004 3414 1075 appellat
3442 1004 3669 1059 Basilius
3691 1006 3788 1075 (ὁ).
3823 1006 3990 1073 Digna

2423 1115 2550 1169 ergo
2597 1099 2708 1151 visa
2747 1108 2828 1152 est
2869 1098 3117 1161 Arianis,
3167 1110 3325 1163 quam
3375 1096 3426 1149 in
3462 1105 3784 1163 potestatem
3836 1109 3990 1151 suam

2426 1195 2747 1262 redigerent,
2780 1201 2871 1243 aut
2914 1191 3059 1244 omni
3110 1190 3314 1245 scelere
3363 1188 3752 1258 perturbarent.
3788 1188 3994 1241 Fronto

2429 1301 2571 1339 unus
2596 1300 2660 1338 ex
2698 1282 3031 1352 presbyteris
3063 1284 3318 1349 civitatis,
3352 1283 3439 1351 qui
3470 1282 3711 1335 veritatis
3739 1281 3992 1333 defensor

2425 1377 2569 1428 visus
2621 1376 2882 1426 hactenus
2930 1372 3101 1424 fuerat
3142 1373 3210 1442 (ε)
3239 1414 3253 1439 ,
3298 1384 3577 1442 postquam
3630 1370 3859 1425 Arianos
3908 1372 3990 1423 τί-

2425 1468 2555 1521 carii
2592 1466 2912 1519 auctoritate
2948 1464 3111 1518 fretos
3142 1466 3208 1516 ad
3241 1467 3471 1519 dandum
3509 1466 3624 1519 urbi
3676 1464 3989 1529 episcOpum

2426 1562 2634 1614 venisse
2674 1558 2940 1628 cognovit,
2978 1557 3149 1609 victus
3204 1556 3497 1609 ambitione
3545 1556 3761 1608 tradidit
3795 1570 3853 1608 se
3888 1554 3992 1605 iui-

2427 1655 2579 1707 micis
2612 1652 2828 1714 Christi,
2860 1660 2913 1703 et
2945 1651 3151 1719 ejurata
3180 1648 3282 1702 ﬂde
3324 1648 3583 1701 catholica
3612 1649 3982 1717 episcopatum

2425 1746 2493 1798 ab
2526 1745 2627 1797 illis
2662 1749 2927 1796 mercatus
2953 1750 3053 1794 est.

2500 1835 2609 1889 Hoc
2648 1836 2789 1889 enim
2835 1834 3006 1903 pretio
3047 1833 3415 1903 episcopatum
3462 1830 3532 1884 illi
3568 1832 3876 1887 constitisse
3922 1850 3989 1889 ex

752 1917 880 1982 575,
921 1922 967 1975 si
1004 1931 1128 1974 tunc
1159 1922 1341 1976 Natale
1382 1921 1589 1975 Domini
1624 1924 1707 1975 die
1744 1923 2051 1977 Decembris
2080 1922 2149 1976 25
2180 1923 2320 1977 cele-
2352 1924 2395 1979 Β
2424 1928 2662 1995 pluribus
2700 1926 2879 1980 Basilii
2926 1927 3241 1980 testimoniis
3287 1924 3629 1994 perspicitur.
3689 1925 3853 1981 Miser
3897 1927 3994 1981 ille

753 2007 1049 2072 brabatur;
1085 2010 1163 2063 vel
1208 2011 1422 2065 ineunte
1462 2026 1606 2064 anno
1635 2012 1758 2075 576,
1791 2013 1832 2065 si
1862 2012 1978 2064 dies
2032 2013 2117 2065 ille
2150 2011 2323 2067 festus

755 2116 875 2155 cum
908 2101 1199 2170 Epiphania
1244 2102 1691 2172 conjungebatur.
1722 2103 1882 2158 Certe
1926 2105 2193 2171 posterior
2242 2116 2325 2163 est

756 2191 954 2255 litteris,
980 2207 1074 2261 per
1120 2192 1381 2262 Elpidium
1421 2195 1619 2255 missis,
1666 2194 1717 2246 in
1764 2194 1957 2262 quibus
2002 2194 2231 2250 Basilius
2271 2200 2324 2248 e’t

753 2284 962 2336 veniam
994 2288 1145 2352 petit,
1196 2287 1338 2354 quod
1380 2286 1586 2355 jamdiu
1632 2302 1734 2339 non
1784 2288 2111 2356 scripsisset,
2155 2298 2212 2342 et
2258 2289 2323 2341 de

754 2376 1132 2443 persecutione
1178 2376 1434 2445 loquitur,
1483 2387 1542 2431 ut
1588 2378 1653 2431 de
1697 2394 1755 2432 re
1806 2380 2130 2434 uberrimam
2183 2379 2322 2432 scri-

755 2466 913 2521 bendi
945 2468 1225 2522 materiam
1263 2468 1658 2538 suppeditante,
1691 2471 1784 2523 sed
1820 2480 1991 2524 tamen
2039 2470 2317 2537 Amphilo-

754 2559 880 2612 chio
921 2561 1157 2614 nondum
1193 2562 1461 2626 nuntiata,
1505 2576 1568 2617 eo
1611 2569 1754 2630 quod
1799 2564 2050 2617 deessent
2091 2562 2185 2632 qui
2230 2562 2325 2618 lit-

757 2658 902 2703 teras
928 2650 1249 2719 perferrent.

828 2740 998 2795 Simul
1038 2759 1160 2797 cum
1205 2744 1431 2813 epistola
1476 2746 1581 2801 252
1615 2747 1755 2800 misit
1788 2746 2021 2803 Basilius
2050 2764 2321 2803 commen-

758 2834 977 2899 tarium,
1004 2835 1057 2889 in
1096 2851 1202 2905 quo
1234 2838 1394 2892 variis
1425 2838 1781 2908 Amphilochii
1825 2844 2207 2911 quzestionibus
2234 2858 2321 2896 sa-

758 2924 1005 2980 tisfacere
1036 2938 1259 2982 conatus
1297 2928 1500 2995 fuerat,
1541 2942 1798 2998 quantum
1846 2949 1940 3001 per
1988 2943 2198 3002 tempus
2250 2934 2312 2988 li-

756 3028 958 3070 cuerat.
989 3018 1140 3083 Quod
1164 3022 1396 3084 quidem,
1434 3022 1630 3087 inquit,
1654 3026 1721 3075 ad
1749 3023 2069 3094 interrogata
2096 3028 2320 3081 attinet:

761 3109 916 3178 factis
954 3121 1073 3163 sunt
1123 3111 1179 3166 in
1231 3115 1602 3167 commentario
1654 3117 2009 3183 responsiones
2050 3121 2320 3191 quadam,

760 3202 943 3271 quales
975 3204 1141 3268 potui,
1167 3213 1214 3256 et
1250 3214 1305 3256 ut
1345 3221 1435 3273 per
1462 3215 1659 3274 tempus
1692 3206 1859 3261 licuit.
1904 3208 1982 3263 Ex
2020 3210 2103 3265 his
2148 3212 2324 3266 verbis

2426 2018 2647 2081 Fronto,
2690 2018 2861 2085 inquit
2902 2018 2952 2069 in
3010 2018 3168 2085 epist.
3199 2018 3322 2080 259,
3355 2020 3442 2085 qui
3478 2019 3625 2085 prius
3654 2021 3860 2085 quidem
3898 2020 3994 2072 de-

2424 2111 2707 2179 fensionem
2735 2108 3069 2161 simulaverat
3100 2110 3349 2173 veritatis,
3382 2111 3591 2162 tandem
3624 2114 3843 2176 turpiter
3875 2129 3997 2178 pro-

2422 2202 2581 2264 didit,
2607 2209 2656 2254 et
2700 2200 2854 2267 ﬁdem
2899 2208 2947 2252 et
2985 2200 3233 2265 seipsum.
3265 2198 3328 2250 Et
3378 2202 3426 2252 in
3462 2201 3619 2267 epist.
3648 2201 3773 2264 9.40,
3818 2220 3873 2256 η.
3901 2204 3936 2256 5
3974 2216 3993 2255 :

2424 2291 2557 2345 Cum
2600 2303 2933 2360 speraverant
2979 2293 3254 2359 adepturos
3294 2306 3347 2343 se
3398 2292 3602 2344 inanem
3648 2294 3797 2347 illum
3841 2298 3991 2361 prin-

2425 2382 2675 2450 cipatum,
2706 2381 3058 2449 adjunxernnt
3092 2396 3145 2433 se
3180 2381 3409 2433 inimicis
3440 2379 3655 2437 Christi.
3682 2382 3783 2437 Ubi
3810 2386 3986 2441 vident

2424 2475 2638 2541 populos
2668 2475 2746 2525 ira
2777 2473 3046 2539 e/feratos,
3091 2487 3273 2524 rursus
3309 2474 3554 2526 simulant
3594 2487 3780 2527 reetam
3811 2473 3991 2539 ﬁdem.

2425 2566 2549 2621 Haec
2579 2581 2713 2619 nova
2754 2564 2874 2617 ﬁdei
2909 2574 3068 2618 recta:
3095 2565 3369 2619 simulatio
3404 2567 3469 2620 ad
3498 2565 3743 2634 pupulum
3774 2565 3998 2633 placan-

2424 2658 2568 2718 dum,
2595 2666 2909 2724 argumento
2938 2668 3020 2710 est
3048 2666 3204 2709 antea
3249 2657 3571 2711 Frontonem
3621 2656 3836 2723 impiam
3881 2658 3996 2711 ha:-

2423 2746 2581 2799 resim
2612 2745 2909 2813 professum
2958 2747 3153 2810 fuisse;
3189 2750 3326 2799 unde
3372 2746 3562 2798 merito
3606 2745 3835 2801 Basilius
3882 2749 3989 2801 ibi-

2422 2836 2540 2889 dem
2574 2837 2651 2890 ait
2679 2838 2826 2891 illum
2855 2837 3093 2905 profanis
3121 2837 3368 2891 manibus
3396 2836 3460 2887 ad
3490 2837 3825 2891 eversionem
3867 2838 3991 2892 lidei

2424 2929 2727 2983 ordinatum
2757 2930 2939 2984 fuisse.
2960 2927 3095 2994 Quin
3117 2928 3277 2981 etiam
3302 2944 3421 2982 eum
3455 2927 3512 2983 S.
3538 2928 3698 2983 Pater
3718 2934 3999 2986 existimat

2426 3037 2698 3090 nunquam
2737 3037 2859 3075 vere
2900 3031 2955 3075 et
3002 3035 3069 3072 ex
3115 3020 3297 3074 animo
3333 3023 3614 3077 veritatem
3656 3025 3989 3085 defendisse,

2426 3114 2517 3167 sed
2559 3111 2821 3166 commodi
2862 3112 2943 3165 sui
2977 3127 3176 3178 causa;
3210 3129 3275 3167 ac
3309 3124 3419 3167 tum
3451 3115 3664 3169 demum
3710 3130 3827 3169 sese
3864 3129 3995 3181 ape-

2432 3202 2623 3266 ruisse,
2654 3202 2740 3255 ubi
2776 3201 2912 3255 vidit
2946 3218 3003 3257 se
3049 3205 3300 3259 secundis
3352 3207 3660 3259 llrianorum
3710 3205 3884 3257 ventis
3931 3206 3996 3258 ad

762 3292 1137 3361 cognoscimus
1185 3302 1393 3361 tempus
1430 3305 1662 3363 quatuor
1714 3295 1897 3350 Basilii
1944 3299 2286 3365 epistolarum
2309 3338 2322 3360 ,
2354 3274 2397 3331 ο
2433 3293 2665 3345 honores
2693 3294 2908 3361 pervehi
2942 3310 3121 3363 posse.
3152 3297 3302 3352 Patet
3334 3299 3383 3351 id
3421 3312 3539 3349 cum
3571 3312 3634 3348 ex
3666 3296 3996 3350 testimoniis

760 3397 952 3451 nempe
979 3382 1103 3445 235,
1138 3382 1262 3447 254,
1292 3383 1395 3435 255
1419 3395 1473 3437 et
1508 3384 1633 3437 256.
1664 3386 1798 3437 Nam
1827 3402 1946 3438 cum
1977 3401 2073 3438 nec
2118 3386 2325 3439 initiutn

762 3491 861 3529 nec
908 3474 1200 3529 clausulam
1240 3476 1506 3537 habeant.
1554 3490 1673 3544 qum
1705 3475 1949 3543 epistolis
1979 3470 2325 3539 cenveniant,

764 3582 859 3621 nec
892 3569 1181 3636 quidquam
1213 3570 1278 3621 de
1311 3567 1493 3620 Basilii
1531 3577 1623 3619 aut
1652 3566 2008 3635 Amphilochii
2059 3567 2219 3623 rebus
2247 3568 2329 3621 Jo-

762 3671 1018 3732 quantur.
1058 3662 1150 3715 sed
1198 3670 1405 3713 tantum
1444 3660 1799 3727 Amphilochii
1851 3660 2191 3730 interrogatis
2240 3674 2325 3713 re-

765 3753 1092 3823 spondeant;
1133 3753 1221 3807 vix
1264 3752 1479 3806 dubium
1511 3753 1639 3820 quin
1671 3767 1735 3805 ex
1771 3766 1855 3819 eo,
1896 3754 2038 3822 quod
2076 3753 2325 3815 diximus,

765 3848 1178 3907 commentario,
1230 3845 1283 3899 in
1333 3859 1440 3912 quo
1485 3842 1713 3898 Basilius
1756 3843 2117 3912 Amphilochii
2165 3843 2329 3898 inter-

763 3944 946 4005 rogata
980 3935 1326 4001 explanabat,
1371 3936 1524 3989 lactm
1554 3937 1661 3989 sint
1713 3935 2055 3989 librariorum
2106 3934 2331 3989 arbitrio

764 4035 992 4095 quatuor
1024 4026 1283 4093 epistolae.
1313 4023 1369 4079 In
1405 4026 1573 4094 prima
1610 4028 1950 4079 demonstrat
1982 4027 2179 4080 bonum
2213 4027 2332 4095 qui-

767 4122 886 4173 dem
923 4132 1043 4172 esse
1068 4128 1301 4171 mentem
1333 4126 1387 4171 et
1416 4118 1612 4171 mentis
1651 4116 2044 4185 operationem,
2077 4132 2326 4183 eamque,

764 4207 811 4260 si
860 4204 1063 4274 Spiritu
1116 4216 1299 4260 sancto
1345 4221 1402 4261 se
1454 4207 1659 4271 tradat,
1702 4204 1769 4259 ad
1826 4205 1917 4258 Dei
1966 4207 2327 4275 cognitionem

763 4297 937 4360 erebi,
968 4298 1059 4351 sed
1096 4307 1272 4351 tamen
1320 4307 1524 4352 tantum
1570 4312 1917 4368 cognoscere,
1957 4307 2217 4367 quantum
2251 4297 2330 4351 fas

762 4398 847 4443 est
894 4389 1155 4443 infinitam
1206 4391 1544 4456 majestatem
1600 4408 1630 4447 a
1689 4394 2001 4448 tenuissimo
2057 4391 2327 4459 cognosci.

763 4473 822 4527 In
861 4477 1094 4529 secunda
1139 4475 1331 4529 refellit
1361 4477 1500 4531 hanc
1535 4479 1932 4535 cavillationem
1968 4480 2329 4533 Eunomiano-

764 4580 905 4631 tum,
947 4567 1144 4621 colisne
1173 4569 1312 4638 quod
1364 4570 1521 4634 nosti,
1566 4587 1635 4623 an
1679 4574 1816 4641 quod
1851 4572 2106 4641 ignoras?
2154 4571 2331 4625 Refel-

765 4657 951 4713 luntur
999 4660 1156 4715 iidem
1208 4661 1258 4713 in
1306 4662 1461 4716 tertia
1514 4662 1848 4717 Eunomiani.
1897 4663 2097 4728 Quarta
2153 4665 2330 4719 varias

764 4752 981 4819 expedit
1032 4755 1379 4823 quaestiones.
1430 4753 1578 4808 Hanc
1632 4755 1820 4809 ultimo
1861 4755 1978 4810 loco
2032 4757 2325 4823 posuimus,

764 4846 890 4914 quia
942 4846 1030 4899 ubi
1081 4847 1229 4899 venit
1260 4846 1323 4900 ad
1363 4847 1710 4916 quaestimiem
1766 4847 1831 4900 de
1879 4830 2011 4910 fato,
2057 4846 2327 4900 defessum

763 4951 823 4991 se
854 4951 975 4991 esse
1020 4938 1291 5001 signiﬁcat
1337 4938 1414 5007 (n.
1442 4936 1519 5006 5),
1563 4951 1787 5005 eamque
1819 4936 2219 5007 praetermittit,
2270 4946 2330 4991 ut

766 5042 865 5096 pro
916 5029 1163 5095 praesenti
1217 5043 1313 5081 sua
1368 5029 1646 5083 debilitate
1698 5030 1989 5099 longiorem
2034 5047 2049 5082 :
2100 5043 2165 5081 ex
2222 5042 2328 5096 quo

766 5127 915 5188 patet
960 5118 1057 5172 has
1097 5120 1441 5187 quaestiones,
1474 5134 1593 5187 quae
1642 5122 1693 5175 in
1732 5129 1918 5189 quarta
1952 5118 2176 5187 epistola
2215 5129 2325 5171 tra-

762 5220 997 5276 ctantur,
1049 5213 1291 5267 omnium
1340 5220 1641 5281 postremas
1678 5213 1729 5264 in
1783 5210 2166 5266 commentario
2213 5219 2328 5263 tra-

761 5312 933 5359 etatas
955 5304 1134 5358 fuisse.

836 5394 900 5449 ll.
938 5396 1140 5465 Agmen
1176 5394 1303 5450 illud
1334 5394 1677 5457 Arianorum,
1705 5395 1845 5463 quod
1889 5407 2011 5447 cum
2039 5390 2323 5445 Eustathio

763 5485 1062 5556 Nicopolim
1118 5489 1330 5541 venisse
1394 5488 1627 5541 diximus
1683 5487 1836 5539 initio
1900 5484 2023 5538 anui
2070 5482 2195 5545 576,
2248 5481 2329 5535 vel

764 5586 996 5633 exeunte
1020 5578 1146 5643 575,
1178 5578 1497 5648 promiserat
1537 5579 1613 5649 (a)
1661 5592 1719 5632 se
1749 5578 1885 5631 hanc
1933 5574 2117 5629 urbem
2148 5573 2212 5627 ad
2245 5574 2330 5627 in-

838 5796 911 5865 (ιι)
954 5796 1191 5865 Εμῖῧί,
1233 5816 1285 5853 tt.
1313 5800 1363 5855 3.

840 5868 913 5934 ib)
957 5869 1051 5937 Ep.
1075 5869 1198 5923 2H5.

2429 3386 2585 3437 modo
2616 3383 2813 3449 allatis,
2840 3394 2952 3437 tum
2977 3389 3206 3442 maxime
3232 3405 3297 3442 ex
3340 3390 3421 3441 his
3454 3386 3628 3439 verbis
3652 3387 3809 3453 epist.
3836 3386 3946 3442 238
3982 3408 3994 3441 :

2426 3478 2500 3529 Ac
2538 3478 2628 3529 ille
2656 3479 2865 3544 quidem
2899 3480 3055 3533 totius
3090 3496 3199 3532 sua:
3243 3480 3358 3530 stin
3402 3477 3733 3543 manifestum
3779 3482 3998 3549 protulit

2431 3569 2685 3621 indicium
2716 3586 2780 3623 ea:
2806 3574 3047 3637 pra'senti
3080 3570 3317 3631 consilio,
3357 3584 3620 3635 nunquam
3668 3571 3908 3622 videlicet
3946 3586 4001 3621 se

2430 3661 2627 3713 vixisse
2656 3663 2709 3713 in
2753 3679 2839 3727 spe
2870 3665 3211 3729 repositarum
3242 3661 3386 3713 nobis
3423 3662 3822 3728 promissionum
3857 3662 3998 3725 apud

2428 3750 2742 3813 Dominum;
2772 3755 2859 3804 sed
2882 3754 2926 3805 si
2964 3754 3089 3819 quid
3127 3752 3227 3805 sibi
3253 3762 3604 3816 aucuparetur
3642 3752 3998 3802 humanarum

2428 3858 2621 3905 rerum,
2648 3853 2695 3895 et
2729 3846 2878 3897 verba
2916 3844 3040 3911 fidei
3080 3854 3128 3896 et
3165 3852 3507 3895 commentum
3540 3841 3774 3908 pietatis,
3822 3843 3999 3894 omnia

2430 3935 2650 4004 denique
2694 3939 2762 3987 ad
2810 3936 2981 3989 obvios
3027 3950 3253 4003 quosque
3302 3932 3630 4001 decipiendos
3677 3933 3998 3987 elaborasse.

2432 4021 2546 4075 Non
2616 4025 2916 4079 certissima
2974 4023 3190 4078 videtur
3240 4024 3354 4077 haec
3410 4023 3637 4076 rationis
3693 4024 3996 4078 conclusio.

2432 4113 2570 4167 Fieri
2615 4116 2755 4167 enim
2791 4126 2985 4183 potest,
3026 4128 3083 4168 ut
3122 4116 3209 4183 qui
3252 4116 3533 4167 veritatem
3566 4115 3781 4168 sincero
3810 4118 3994 4168 animo

2432 4207 2521 4259 diu
2554 4206 2813 4268 defendit,
2857 4206 3040 4260 oblato
3073 4209 3293 4275 praemio
3326 4208 3570 4261 lweresim
3616 4206 3997 4272 amplectatur.

2432 4296 2536 4350 Sed
2582 4296 2719 4349 forte
2748 4298 2866 4349 alia:
2910 4300 3169 4352 suberant
3216 4314 3427 4362 causa,
3472 4314 3567 4350 cur
3613 4299 3681 4351 de
3728 4296 4001 4352 Frontone

2434 4388 2659 4442 Basilius
2708 4389 2811 4441 hoc
2841 4387 3106 4457 judicium
3157 4388 3341 4449 ferret,
3386 4389 3648 4455 imprimis
3694 4390 3998 4441 arctissima

2434 4480 2662 4534 hominis
2703 4494 2824 4534 cum
2866 4479 3145 4533 Eustathio
3176 4479 3471 4532 Sebasteuo
3502 4480 3759 4532 amicitia.
3790 4479 3986 4544 Quanti

2434 4571 2576 4624 enim
2636 4570 2957 4624 Frontonem
3012 4570 3212 4624 faceret
3266 4568 3608 4635 Eustathius,
3662 4586 3764 4625 non
3818 4569 3993 4623 solum

2444 4655 2667 4710 nefariis
2704 4656 3192 4710 machinationibus
3235 4657 3284 4709 in
3321 4673 3386 4710 eo
3412 4660 3475 4712 ad
3508 4660 3874 4728 episcopatum
3904 4674 4002 4727 per

2437 4748 2518 4807 fas
2544 4758 2599 4801 et
2630 4748 2779 4800 nefas
2821 4748 3082 4803 trudendo
3115 4748 3431 4811 declaravit,
3460 4750 3553 4803 sed
3593 4750 3751 4803 etiam
3795 4750 3999 4803 eximio

2436 4839 2634 4892 amoris
2684 4839 3013 4903 testimonio,
3062 4840 3202 4907 quod
3256 4841 3301 4893 ei
3344 4853 3461 4908 post
3516 4840 3795 4893 formulam
3843 4841 3998 4905 fidei,

2437 4946 2554 4998 quae
2582 4942 2662 4985 est
2704 4931 2886 4985 Basilii
2920 4930 3141 5001 epistola
3195 4931 3315 4995 125,
3350 4932 3610 4985 exhibuit.
3647 4931 3696 4986 Is
3732 4932 3877 4985 enim
3919 4934 4003 4985 vi-

2434 5024 2593 5077 detur
2629 5038 2767 5087 esse,
2815 5038 2973 5091 quem
3021 5020 3335 5078 Eustathius
3388 5023 3709 5076 Frontonem
3755 5032 3997 5076 nostrum

2436 5116 2687 5184 appellat.
2716 5115 2891 5181 Quare
2933 5116 3166 5181 suspicio
3201 5124 3319 5168 erat
3352 5130 3491 5176 eunt,
3535 5130 3657 5167 cum
3694 5114 3743 5166 in
3790 5114 4000 5169 intimis

2435 5219 2577 5261 esset
2629 5208 2920 5269 Eustathii,
2971 5207 3111 5259 illius
3147 5208 3307 5260 etiam
3357 5220 3632 5267 errormn,
3682 5219 3820 5273 quos
3877 5205 3997 5257 (iiiis

2440 5302 2626 5353 amicis
2661 5301 2935 5361 credebat,
2963 5300 3239 5352 conscium
3291 5297 3471 5361 fuisse,
3503 5298 3724 5366 ejusque
3752 5297 3999 5364 exemplo

2437 5406 2579 5444 nunc
2608 5392 2881 5444 veritatem
2916 5390 3214 5459 compendii
3248 5390 3329 5444 sui
3360 5404 3543 5455 causa,
3578 5402 3720 5443 nunc
3754 5401 3993 5441 errorem

2437 5481 2753 5536 defendisse.

2505 5572 2591 5627 lll.
2633 5571 2775 5625 Nihil
2822 5570 3006 5626 nocuit
3037 5568 3422 5639 Nicopolitanis
3460 5564 3723 5623 Eustatltii
3752 5572 3805 5620 et
3842 5563 3999 5619 Aria.

2509 5790 2853 5862 p)spasa
