4214 6500
1527 434 1681 491 νιτΑ
1725 435 1783 490 S.
1822 432 2086 492 BASILII.

3247 444 3413 486 CXLI"

204 566 380 607 norum
409 551 752 622 improbitas,
783 554 876 609 sed
913 552 1089 623 potius
1120 567 1315 608 novum
1345 554 1471 609 huic
1502 552 1755 609 Ecclesiae
1785 564 1824 613 Α
1854 568 2009 607 suum
2064 550 2294 605 levasset
2348 547 2592 603 Basilius.
2629 545 2858 616 Scripsit
2904 546 3115 600 tandem
3166 544 3233 598 ad
3294 558 3417 598 eum

204 648 354 699 decus
395 645 607 707 attulit,
660 647 842 699 oblata
892 645 1013 700 fidei
1060 645 1403 701 defendendae
1449 646 1749 702 occasione.

205 732 514 790 Frontonem
540 737 725 790 Ariani
754 736 966 805 quidem
990 739 1291 805 episcopum
1314 737 1630 791 ordinarunt
1653 738 1750 807 (a),

204 827 287 881 sed
315 827 362 879 in
394 841 458 881 eo
497 827 793 896 rejiciendo
838 827 1029 882 enituit
1058 828 1186 882 cleri
1217 843 1279 882 ac
1304 828 1481 897 populi
1523 843 1751 883 consen-

205 932 304 971 sus.
338 916 431 971 Vix
468 933 609 972 unus
633 928 725 973 aut
760 920 898 974 alter
926 920 1151 975 clericus
1177 935 1297 974 cum
1332 934 1398 975 eo
1440 919 1659 975 abiere:
1696 928 1753 974 at

203 1009 362 1063 factus
397 1020 483 1065 est
526 1012 827 1065 communis
879 1011 1176 1066 exsecratio
1248 1012 1409 1066 totius
1463 1013 1748 1066 Armeniae.

202 1100 370 1168 Itaque
410 1101 600 1154 Ariani
633 1116 691 1155 re
734 1102 925 1156 infecta
956 1102 1258 1166 redierunt;
1291 1112 1345 1156 et
1386 1104 1439 1156 in
1485 1103 1752 1157 redeundo

201 1192 362 1259 aliqua
398 1194 695 1259 impietatis
730 1208 839 1247 suae
877 1194 1097 1262 vestigia
1136 1194 1488 1264 reliquerunt,
1528 1194 1593 1247 de
1631 1194 1753 1263 qui-

201 1284 293 1338 bus
331 1285 409 1339 sic
461 1286 690 1340 Basilius
734 1286 786 1338 in
832 1300 918 1355 ep.
962 1286 1089 1351 25l,
1127 1303 1181 1342 n.
1222 1288 1294 1341 ὅς
1331 1287 1399 1339 lli
1452 1286 1752 1355 Nicopolim

200 1394 347 1445 usque
393 1379 687 1447 progressi,
721 1394 836 1431 cum
890 1379 1018 1433 nihil
1068 1381 1352 1446 potuissent
1393 1396 1600 1445 eorum,
1634 1395 1752 1449 qua:

198 1470 570 1534 promiserant,
597 1469 871 1537 perﬁcere;
892 1474 1148 1538 quomodo
1180 1471 1445 1535 redierint,
1478 1472 1753 1541 qualesque

197 1562 247 1614 in
284 1564 544 1616 redeundo
570 1563 664 1615 visi
689 1564 812 1629 sint,
842 1573 1031 1617 norunt
1057 1566 1146 1633 qui
1173 1564 1474 1633 adfuerunt.

261 1650 650 1707 Demosthenes
678 1654 764 1708 ubi
801 1655 925 1707 vidit
965 1653 1363 1723 Nicopolitanos
1397 1673 1500 1713 non
1538 1660 1749 1724 cedere,

196 1742 240 1797 vi
269 1753 319 1797 et
352 1744 711 1812 impressione
742 1746 1047 1801 ordinatum
1081 1748 1187 1803 illis
1221 1748 1528 1819 episcopum
1583 1752 1753 1818 impo-

196 1850 311 1888 nere
336 1850 628 1906 aggressus
652 1845 755 1901 est,
788 1852 850 1892 ac
882 1838 1174 1894 Ecclesium
1210 1842 1449 1896 civitatis
1482 1841 1747 1896 Frontoni

199 1927 427 1982 tradidit.
462 1928 571 1983 Sed
624 1938 803 1983 tamen
840 1930 970 1983 nihil
1007 1933 1291 2000 promovit,
1338 1931 1644 1986 maluerunt
1677 1932 1749 2001 pii

194 2017 430 2075 homines
475 2019 577 2074 sub
609 2022 697 2075 dio
730 2032 1023 2076 conventus
1052 2037 1180 2077 suos
1222 2036 1397 2091 agere,
1430 2037 1589 2090 quam
1630 2036 1750 2077 cum

196 2107 463 2167 Frontone
514 2113 934 2168 communicare.
983 2113 1168 2181 Itaque
1210 2112 1264 2165 in
1310 2114 1493 2168 vacuis
1552 2114 1755 2169 aedibus

194 2203 420 2271 quotidie
449 2218 577 2257 cum
608 2218 771 2272 parva
815 2212 1141 2259 sectatorum
1174 2217 1333 2256 manu
1383 2205 1749 2274 recumbebat,

194 2310 281 2363 pro
322 2296 670 2364 episc0patus
701 2296 890 2365 gloria,
923 2311 1083 2366 quam
1128 2304 1409 2365 tantopere
1437 2300 1757 2369 concupive-

194 2394 289 2449 rat,
319 2385 614 2454 ignominia
641 2397 694 2439 et
725 2387 1029 2456 opprobriis
1062 2397 1375 2457 coopertus.

257 2477 375 2533 llaec
407 2479 574 2547 paulo
617 2478 774 2533 aliter
826 2493 888 2533 ac
919 2479 1297 2535 Tillemontius
1348 2480 1751 2550 descripsimus.

193 2571 473 2624 Existimat
499 2569 642 2624 enim
685 2570 1027 2628 doctissimus
1055 2575 1285 2644 scriptor
1314 2572 1750 2637 Demosthenem,

194 2679 303 2717 cum
363 2661 868 2732 Nicopolitanorum
942 2666 1151 2720 animos
1209 2666 1498 2720 levioribus
1577 2673 1753 2718 tenta-

195 2757 375 2810 tnentis
403 2767 801 2827 oppugnasset,
842 2766 900 2812 ut
942 2758 1209 2812 Eustathii
1242 2771 1398 2810 manu
1443 2756 1751 2825 episeopum

194 2850 523 2915 acciperent,
570 2848 658 2901 ubi
704 2848 838 2901 vidit
874 2861 966 2902 eos
1019 2862 1123 2901 non
1171 2848 1399 2912 cedere,
1461 2848 1752 2903 violentum

196 2940 314 2993 illttd
349 2956 548 3010 agmen
593 2939 914 2992 Arianorum
952 2938 1261 2996 immisisse.
1291 2941 1345 2994 ln
1385 2957 1504 2995 eam
1537 2952 1749 2997 sentcn-

197 3032 309 3083 tiam
346 3032 736 3098 interpretatur
768 3030 895 3084 illud
925 3046 991 3085 ex
1025 3032 1181 3101 epist.
1214 3032 1341 3095 ‘257,
1376 3032 1472 3085 Ubi
1509 3035 1641 3087 videt
1669 3050 1755 3087 eos

197 3119 403 3173 libenter
427 3138 534 3174 non
566 3124 765 3186 cedere,
790 3138 925 3175 nunc
948 3122 1249 3191 aggreditur
1275 3122 1573 3175 violentiore
1598 3140 1755 3176 manu

196 3214 365 3263 datum
406 3212 520 3263 illis
573 3212 866 3281 episcoiium
899 3213 1233 3266 constituere.
1280 3210 1385 3266 Sed
1431 3214 1543 3268 haec
1587 3215 1755 3268 inter-

198 3308 414 3374 pretatio
447 3317 601 3361 stare
634 3321 738 3359 non
773 3316 977 3375 potest;
1018 3315 1231 3361 constat
1261 3306 1402 3359 enim
1436 3308 1758 3362 Frontonem

197 3399 259 3459 ab
299 3400 522 3454 Arianis
574 3399 940 3468 episcopatum
994 3398 1286 3468 accepisse.
1332 3397 1510 3464 Quare
1554 3400 1758 3453 violen-

201 3491 314 3543 tiam
368 3491 555 3555 illam,
602 3506 761 3559 quam
817 3492 1200 3545 Demosthenes
1247 3491 1501 3545 adhibere
1535 3492 1758 3555 statuit,

199 3592 248 3632 ut
278 3583 457 3635 datum
502 3581 802 3647 episc0pum
832 3581 1216 3645 constitueret,
1267 3595 1374 3633 non
1416 3579 1762 3633 iintnittendis

196 3675 401 3728 Arianis
443 3672 716 3737 adhibuit,
758 3674 847 3739 qui
885 3672 997 3739 jam
1043 3670 1382 3740 perfecerant
1424 3670 1563 3739 quod
1598 3670 1759 3728 situm

200 3767 245 3817 in
288 3766 413 3832 ipsis
442 3764 645 3823 fuerat,
675 3764 767 3815 sed
799 3760 967 3814 sacris
1005 3760 1206 3814 aedibus
1246 3759 1499 3815 Frontoni
1531 3775 1625 3827 per
1655 3760 1762 3813 vim

204 3855 486 3910 tradendis.
552 3853 681 3907 Vide
734 3867 853 3921 quae
906 3851 1310 3907 observavimus
1360 3854 1426 3908 ad
1484 3852 1762 3924 epistolam

198 3949 314 4002 257.

263 4040 352 4093 IV.
392 4039 540 4094 Tum
584 4054 705 4093 cum
754 4037 1141 4109 Nicopolitanis
1174 4041 1418 4111 graviora
1468 4039 1766 4093 minaretur

205 4135 613 4198 Demosthenes,
648 4148 830 4187 rumor
864 4141 981 4187 erat
1008 4133 1259 4195 Arianos,
1307 4131 1397 4199 qui
1441 4131 1575 4184 forte
1622 4146 1762 4183 non-

204 4229 320 4282 dum
369 4226 421 4279 in
453 4225 725 4277 Galatiam
760 4225 1050 4289 redierant,
1082 4223 1221 4275 aliud
1265 4222 1550 4275 concilium
1597 4222 1767 4275 medi-

204 4325 319 4381 tari,
350 4319 415 4372 ad
445 4316 591 4385 quod
625 4318 941 4370 accersitum
972 4315 1244 4379 Basilium,
1278 4324 1370 4367 aut
1406 4328 1584 4369 secum
1620 4328 1767 4366 com-

206 4414 476 4466 inunicare
501 4417 782 4476 cogerent,
808 4416 901 4461 aut
930 4423 1022 4462 sua
1052 4409 1439 4463 consuetudine
1468 4415 1764 4462 uterentur.

203 4503 335 4557 luter
368 4504 465 4557 has
512 4496 788 4554 molestias
828 4497 1055 4553 Basilius
1088 4499 1219 4552 nihil
1246 4500 1312 4552 de
1342 4497 1643 4551 valetudine
1672 4511 1765 4549 sua

1855 641 2129 711 epistolam
2155 639 2280 704 237,
2314 639 2467 692 initio
2496 637 2651 704 hujus
2689 637 2817 689 anni
2852 635 2980 701 376,
3024 646 3143 704 post
3187 635 3417 688 reditum

1854 735 2173 789 Arianorum
2220 746 2286 785 ex
2335 734 2465 785 urbe
2509 729 2781 797 Nicopoli,
2838 740 2948 783 tum
2996 743 3118 783 cum
3186 726 3423 780 vicarius

1853 826 2100 895 graviora
2129 822 2450 884 minaretur,
2477 836 2537 874 ac
2566 819 2702 875 forte
2736 830 3023 890 antequam
3055 818 3245 872 tradita
3278 826 3422 871 esset

1853 915 2092 970 Ecclesia
2132 912 2415 967 Frontoni.
2442 912 2495 965 lu
2534 912 2636 965 hac
2664 909 2886 980 epistola
2921 910 3188 963 rationem
3223 907 3417 970 reddit,

1852 1023 1949 1063 cur
1996 1016 2145 1061 tanto
2178 1004 2466 1059 intervallo
2507 1003 2728 1070 scribat,
2776 1018 2838 1057 ac
2884 1004 3331 1072 persecutionem,
3364 1006 3422 1051 ut

1853 1100 2103 1165 vidimus,
2129 1098 2313 1154 ordine
2344 1096 2617 1152 describit.

1925 1190 2270 1260 Scripserunt
2312 1187 2606 1258 presbyteri
2659 1185 3011 1256 Nicopolitani
3066 1185 3133 1239 ad
3166 1183 3420 1238 Basiliam

1851 1289 1919 1343 de
1945 1285 2197 1341 aerumnis
2226 1283 2479 1339 Ecclesia:
2517 1298 2646 1337 suae.
2679 1280 2783 1335 Sed
2820 1294 3002 1335 eorum
3038 1280 3248 1332 litteras
3279 1277 3422 1329 fama

1853 1396 1947 1435 sua
1984 1378 2258 1433 celeritate
2305 1383 2687 1443 superaverat,
2729 1381 2784 1427 et
2830 1372 2883 1425 in
2932 1370 3161 1424 vicinam
3207 1381 3422 1420 onmem

1855 1473 2121 1541 regionem
2160 1467 2332 1522 scelus
2381 1466 2667 1520 Frontonis
2708 1471 2761 1516 et
2796 1461 2928 1517 cleri
2976 1476 3039 1515 ac
3072 1458 3238 1527 plebis
3268 1457 3320 1509 in
3355 1471 3423 1510 eo

1852 1562 2165 1617 detestanda
2223 1572 2548 1614 consensum
2606 1554 2894 1609 detulerat.
2961 1552 3144 1621 Itaque
3190 1548 3422 1604 Basilius

1853 1653 1983 1707 nihil
2031 1653 2152 1706 novi
2195 1665 2261 1704 ex
2291 1663 2477 1703 eorum
2507 1645 2701 1700 litteris
2744 1645 2953 1698 didicit.
2985 1642 3291 1711 Respondet
3329 1654 3425 1708 per

1851 1743 2128 1813 epistolam
2153 1741 2279 1805 258,
2304 1754 2368 1794 ac
2403 1740 2650 1793 hortatur
2678 1751 2744 1789 ne
2776 1736 3013 1787 animum
3044 1732 3420 1800 despondeant

1852 1835 1920 1886 ob
1949 1831 2155 1899 lapsum
2199 1831 2356 1883 unius
2400 1838 2493 1881 aut
2536 1826 2756 1879 alterius
2787 1824 2874 1894 qui
2913 1840 2972 1878 se
3022 1821 3284 1877 Frontoni
3326 1821 3423 1873 ad-

1783 1898 2176 1992 Bjunxerunt,
2225 1935 2345 1976 cum
2404 1919 2533 1973 cleri
2584 1932 2779 1985 corpus
2840 1917 3107 1985 integrum
3159 1920 3413 1970 maneat;

1855 2025 2028 2081 neque
2084 2012 2245 2065 etiam
2304 2010 2466 2064 nimis
2532 2006 2785 2071 doleant,
2839 2006 2981 2074 quod
3034 2013 3185 2057 extra
3243 2015 3424 2055 muros

1854 2105 2010 2177 ejecti
2050 2104 2188 2167 sint,
2227 2102 2321 2157 sed
2354 2102 2397 2155 si
2428 2115 2531 2170 qua
2574 2100 2645 2154 sit
2676 2099 2781 2152 hac
2828 2097 2881 2149 in
2916 2110 2971 2150 re
3018 2094 3282 2158 molestia,
3327 2108 3425 2161 spe

1856 2197 2119 2253 mercedis
2160 2204 2214 2250 et
2265 2191 2501 2248 adfuturi
2549 2190 2656 2245 cito
2702 2186 2890 2242 auxilii
2938 2193 3251 2241 constanter
3295 2197 3421 2250 per-

1856 2296 2051 2346 lerant.

1924 2380 2039 2435 Non
2068 2378 2232 2434 multo
2261 2384 2383 2445 post
2410 2374 2667 2441 scriptam
2694 2370 2929 2425 Eusebio
2969 2366 3253 2438 epistolam
3279 2364 3408 2431 237,

1855 2473 2152 2528 Antiochus
2185 2486 2251 2525 ex
2276 2467 2499 2524 Oriente
2534 2467 2586 2520 in
2623 2463 2908 2518 Thraciam
2945 2459 3279 2515 contendens
3305 2457 3424 2512 Cte-

1855 2579 2012 2619 sarea
2049 2562 2286 2627 transiit,
2318 2576 2381 2614 ac
2411 2572 2564 2613 nova:
2591 2556 2835 2627 epistola:
2855 2555 3194 2609 occasionem
3227 2547 3426 2604 Basilio

1857 2656 2053 2712 attulit.
2106 2655 2257 2709 Hanc
2297 2652 2611 2723 epistolam,
2657 2662 2777 2718 qua:
2820 2656 2902 2701 est
2944 2645 3047 2699 239
3072 2685 3088 2710 ,
3121 2658 3225 2697 non
3258 2640 3425 2694 multo

1854 2758 1977 2820 post
1996 2763 2114 2803 eam
2152 2760 2273 2817 qua:
2298 2756 2383 2799 est
2412 2744 2540 2809 237,
2575 2744 2830 2811 scriptam
2866 2753 2987 2794 esse
3016 2734 3339 2807 perspicitur
3360 2746 3427 2785 ex

1858 2843 1971 2911 ipso
2006 2840 2157 2893 initio
2190 2854 2207 2893 :
2238 2838 2395 2891 Dedit
2418 2837 2564 2890 nobis
2590 2834 2839 2887 Dominus
2868 2831 3025 2884 etiam
3060 2842 3264 2882 nunc...
3286 2826 3431 2880 saltt-

1858 2944 1966 2986 tare
2023 2933 2356 2985 sanctitatem
2404 2941 2591 2991 tuam,
2642 2937 2746 2981 ctc.
2803 2924 3011 2979 Statum
3065 2921 3427 2977 Ecclesiarttm

1857 3023 2099 3091 deplorat
2123 3063 2139 3089 ,
2182 3037 2247 3075 ac
2276 3022 2343 3075 de
2396 3019 2583 3089 legatis
2611 3015 2836 3071 Romam
2862 3014 3145 3068 mittendis
3175 3012 3432 3067 nonnulla

1858 3114 2113 3179 disserit,
2145 3127 2265 3183 qua:
2294 3115 2454 3166 modo
2493 3109 2945 3165 exatninahimus.
2983 3105 3088 3161 Sed
3137 3113 3429 3171 antequam

1859 3208 1926 3261 ad
1958 3208 2097 3260 hanc
2144 3204 2468 3275 legatiOnem
2496 3201 2781 3255 veniamus
2802 3240 2816 3264 ,
2847 3213 2965 3266 quae
2994 3194 3177 3249 multis
3205 3193 3433 3247 dillicul-

1868 3299 2062 3351 tatibus
2102 3296 2381 3365 implicata
2437 3302 2553 3358 est,
2607 3291 2711 3344 alia
2740 3290 2923 3343 Basilii
2958 3284 3431 3341 commemoranda

1864 3392 1931 3444 ad
1963 3389 2363 3457 Nicopolitanos
2407 3383 2753 3455 presbyteros
2783 3378 3027 3451 epistola.
3069 3378 3205 3432 Cum
3238 3391 3429 3447 parum

1864 3482 2055 3536 beatus
2081 3479 2183 3534 sibi
2208 3478 2483 3533 videretur
2502 3476 2704 3530 Fronto
2730 3490 2913 3528 vacua:
2939 3471 3195 3527 Ecclesia:
3221 3484 3435 3541 posses-

1863 3574 2035 3637 sione,
2074 3586 2187 3625 rem
2225 3581 2347 3625 astu
2376 3578 2613 3624 tractare
2648 3577 2702 3622 et
2733 3567 2889 3621 tidem
2921 3564 3238 3618 catholicam
3272 3561 3437 3631 proli-

1866 3670 1963 3720 teri
2009 3665 2174 3733 coepit
2207 3682 2222 3718 :
2253 3678 2426 3732 neque
2455 3678 2579 3716 eum
2624 3662 2738 3713 haec
2794 3660 2916 3713 alea
2951 3656 3174 3712 omnino
3211 3652 3431 3717 fefellit;

1864 3773 1988 3811 nam
2019 3756 2261 3810 nonnulli
2288 3755 2536 3810 dubitare
2569 3769 2632 3808 ac
2661 3752 2925 3808 fluctuare
2958 3758 3257 3820 coeperunt.
3291 3745 3435 3801 lutc-

1865 3851 1968 3905 rim
2003 3851 2139 3905 varii
2172 3861 2226 3905 et
2256 3850 2447 3904 incerti
2484 3862 2730 3903 rumores
2766 3845 3021 3899 Beailitlut
3063 3840 3429 3896 sollicitudine

1865 3943 2277 4012 distringebanl,
2328 3950 2383 3994 et
2418 3950 2568 3993 certo
2620 3940 2762 3992 scire
2810 3936 3075 4004 majorem
3117 3933 3169 3986 in
3217 3931 3433 3985 modum

1865 4036 2079 4098 avebat,
2116 4032 2244 4103 quid
2283 4029 2525 4098 Nicopoli
2565 4037 2849 4099 ageretur;
2881 4040 3002 4097 cum
3039 4032 3437 4092 peropportune

1867 4131 1933 4183 ad
1958 4144 2080 4183 eum
2105 4125 2406 4197 presbyteri
2427 4122 2785 4193 Nicepolitani
2813 4121 3077 4174 miserunt
3098 4131 3220 4171 cum
3245 4113 3437 4167 litteris

1867 4220 2226 4274 Theodosium
2258 4218 2779 4287 contpresbyterum,
2811 4227 2877 4266 ex
2912 4225 3019 4280 quo
3044 4206 3255 4277 singula
3277 4220 3433 4257 accn-

1868 4322 1982 4365 rate
2028 4312 2302 4378 cognovit.
2341 4308 2432 4360 Sic
2482 4303 2773 4373 restiondet
2793 4302 3022 4355 Basilius
3044 4339 3059 4363 ,
3088 4308 3147 4351 ut
3174 4312 3291 4365 qua:
3320 4297 3436 4362 ipse

1868 4404 1970 4458 sibi
2020 4401 2303 4464 suadebat,
2353 4398 2539 4452 eadem
2586 4396 2695 4449 illis
2730 4402 3035 4464 proponat:
3077 4384 3269 4458 nempe
3297 4388 3437 4441 hanc

1868 4495 2295 4566 persecutionem
2345 4493 2590 4546 eumdem
2646 4491 2847 4542 exitum
2895 4485 3238 4546 habituram,
3278 4496 3435 4548 quem

206 4596 435 4650 Scribere
488 4594 724 4647 audebat
775 4588 1024 4653 Eusebio,
1072 4606 1137 4644 ne
1178 4606 1301 4643 vera
1349 4591 1573 4643 dicendo
1629 4590 1764 4643 allli~
1798 4588 2047 4680 Dmulta:
2087 4588 2204 4639 alia:
2239 4583 2547 4654 superiores
2602 4581 2947 4643 habuerant;
2995 4574 3346 4645 quamobrem
3388 4568 3437 4624 si

209 4699 368 4757 geret.
414 4686 744 4741 Jaindudum
791 4681 961 4735 nullas
1004 4683 1232 4737 Eusebio
1272 4681 1477 4735 litteras
1521 4683 1763 4746 miserat,

204 4798 303 4838 non
344 4779 674 4848 negligentia
719 4786 810 4830 aut
844 4774 1141 4839 oblivione,
1188 4776 1277 4830 sed
1318 4776 1442 4845 quia
1473 4790 1590 4827 cum
1634 4773 1772 4827 scri-

204 4877 388 4944 psisset
433 4885 533 4938 per
574 4867 818 4920 Thraciae
859 4866 1153 4929 vicarium,
1194 4877 1248 4920 et
1289 4882 1383 4933 per
1426 4865 1766 4934 praapositum

207 4962 591 5037 Philippopolis
653 4963 1062 5023 thesaurorum,
1123 4956 1314 5011 littera:
1379 4954 1598 5010 reddita:
1662 4969 1766 5007 non

204 5059 434 5113 luerunt.
484 5053 817 5118 Peragrante
869 5052 1007 5103 enim
1059 5048 1346 5112 parmciam
1409 5047 1627 5110 Basilio,
1671 5047 1767 5098 ad-

205 5155 343 5207 venit
387 5162 619 5219 vespere
652 5146 705 5199 in
753 5145 940 5197 urbem
979 5142 1231 5203 vicarius,
1263 5150 1317 5195 et
1363 5158 1572 5195 summo
1609 5153 1763 5193 mane

206 5248 348 5309 abiit,
379 5247 610 5315 ejusque
653 5238 915 5292 adventus
952 5249 1262 5289 teconomos
1307 5235 1546 5288 ecclesiae
1582 5233 1757 5287 latuit.

206 5336 527 5405 Praepositus
592 5344 747 5391 vero,
791 5344 948 5399 quem
984 5325 1209 5382 Basilius
1258 5334 1532 5395 rogaverat
1576 5337 1633 5378 ut
1675 5325 1763 5378 lito

205 5444 343 5489 teras
396 5435 674 5491 sumeret,
726 5433 948 5491 urgente
1002 5422 1231 5476 fortasse
1289 5421 1464 5488 aliquo
1528 5420 1762 5489 negotio,

205 5527 469 5599 profectus
499 5534 583 5575 est
618 5533 717 5574 nec
746 5516 1008 5584 susceptis
1041 5513 1230 5568 litteris
1263 5530 1357 5567 nec
1404 5510 1631 5565 salutato
1666 5510 1767 5565 Ba.

205 5624 333 5675 silio.
365 5617 438 5672 Eo
483 5614 796 5667 molestiora
833 5610 944 5663 haec
986 5616 1169 5669 erant,
1211 5607 1349 5672 quod
1397 5605 1632 5673 quotidie
1678 5620 1764 5659 res

208 5725 348 5763 nova:
375 5705 685 5764 evenirent,
712 5702 905 5767 quibus
934 5699 1166 5753 Eusebio
1196 5696 1491 5750 scribendis
1523 5695 1757 5750 dolorem

268 5894 340 5966 (ιι)
376 5896 471 5961 Ep.
500 5892 623 5951 258,
652 5888 773 5941 240.

1868 4680 2048 4749 gravis
2081 4681 2174 4741 sit,
2216 4691 2311 4745 spe
2342 4688 2556 4728 corona:
2591 4670 2965 4740 perferendam
2994 4685 3006 4718 ε
3032 4666 3077 4718 si
3122 4663 3256 4717 levis
3278 4704 3293 4729 ,
3331 4676 3437 4715 non

1866 4771 2023 4824 valde
2070 4770 2120 4822 in
2180 4783 2349 4837 parvo
2388 4763 2730 4819 incommodo
2760 4760 3065 4830 lugendum.
3095 4755 3349 4809 llortatur
3381 4761 3439 4805 ut

1869 4860 2219 4914 meminerint
2242 4874 2300 4913 se
2331 4865 2625 4923 martyrum
2657 4861 2713 4906 et
2738 4850 3108 4906 confessorum
3135 4844 3273 4897 ﬁlios
3296 4855 3436 4905 esse,

1868 4967 1934 5005 ac
1964 4950 2276 5004 domesticis
2305 4944 2567 5014 exemplis
2597 4952 2839 4998 utantur.
2875 4940 3007 4993 lllud
3052 4948 3234 4991 autem
3273 4935 3436 4986 etiam

1875 5054 2037 5109 atque
2061 5042 2223 5095 etiam
2260 5047 2462 5101 monet,
2494 5051 2561 5091 ne
2590 5048 2749 5091 recta:
2781 5032 2905 5087 lidei
2928 5030 3267 5086 simulatione
3290 5023 3439 5079 delu-

1874 5134 2089 5187 dantur.
2135 5130 2307 5200 Negat
2362 5144 2422 5183 se
2474 5128 2913 5191 commissurum,
2991 5131 3049 5175 ut
3111 5117 3437 5173 Frontonem

1870 5225 2184 5293 episcopum
2215 5233 2494 5291 agnoscat;
2522 5225 2679 5291 idque
2700 5234 2887 5275 eorum
2917 5211 3251 5286 potissimum
3277 5222 3438 5262 causa

1877 5318 2134 5381 declarat,
2172 5332 2308 5386 quos
2355 5317 2602 5370 audierat
2632 5314 2932 5369 fluctuare:
2972 5322 3037 5360 ne
3080 5308 3201 5373 quis
3229 5316 3296 5354 ex
3330 5298 3435 5352 illis

1873 5409 2252 5465 communione
2277 5407 2566 5464 Frontonis
2587 5411 3081 5474 praeoccuparetur,
3104 5406 3197 5451 aut
3219 5404 3437 5461 accepta

1874 5506 1941 5562 ab
1968 5522 2033 5561 eo
2063 5507 2399 5561 ordinatione
2420 5544 2436 5570 ,
2470 5512 2651 5573 postea
2685 5501 2889 5555 reddita
2920 5511 3049 5567 pace
3087 5493 3194 5544 vim
3232 5489 3439 5542 faceret

1872 5602 2070 5671 gradus
2100 5601 2365 5653 retinendi
2395 5611 2575 5651 causa.
2607 5594 2953 5662 Perspicuum
2983 5596 3066 5638 est
3097 5589 3207 5637 hinc
3236 5580 3435 5642 scripta

1869 5707 2022 5757 0950»
2079 5698 2366 5759 antequam
2414 5685 2802 5756 persecutionis
2834 5677 3097 5751 .violentia
3137 5675 3429 5727 cresceret.
