4214 6482
727 432 887 478 οιιιν

2073 414 2602 472 PROLEGOMENA.

733 530 980 585 Nondum
1014 526 1158 581 enim
1188 524 1405 581 inflicta
1432 531 1588 580 erant
1614 522 2059 593 plaga,nondum
2088 530 2301 592 exsilia,
2331 531 2375 587 A
2405 525 2613 580 duabus
2676 527 2885 592 litteris,
2952 542 3071 597 qua
3126 542 3154 582 a
3205 532 3533 601 presbyteris
3590 532 3858 590 Dorotheo
3909 542 3968 593 et

733 618 973 676 nondum
1009 631 1279 671 carceres.

807 732 889 786 Ad
910 730 1012 784 hoc
1053 737 1261 798 tempus
1288 728 1519 798 pertinet
1553 731 1870 788 brevissima
1909 735 1973 789 ad
2012 735 2299 791 Eusebium

733 822 983 891 epistola,
1013 836 1131 889 qua
1164 828 1247 875 est
1277 822 1641 876 ducentesima
1672 825 2299 896 quadragesimaprima.

738 913 961 966 Videtur
1016 920 1242 981 questus
1294 925 1413 964 esse
1460 911 1764 981 Eusebius,
1814 918 1955 982 quod
2007 918 2058 970 in
2113 918 2303 974 litteris

736 1003 919 1058 Basilii
956 1004 1088 1057 nihil
1125 1004 1227 1058 nisi
1262 1019 1497 1059 maerore
1530 1014 1583 1059 et
1624 1007 1878 1078 lacryntis
1913 1010 2128 1079 dignum
2166 1012 2307 1082 lege-

738 1107 819 1150 ret
856 1114 870 1149 :
907 1097 1048 1164 quod
1105 1096 1323 1164 quidem
1364 1097 1733 1165 superioribus
1766 1100 1977 1154 duabus
2018 1104 2082 1154 ad
2134 1103 2303 1156 Euse-

745 1184 893 1238 bium
935 1184 1176 1253 epistolis
1208 1187 1406 1251 optime
1438 1186 1706 1254 congruit.
1738 1187 2047 1256 Respondet
2080 1187 2307 1244 Basilius

736 1290 795 1329 se
848 1274 915 1329 tle
948 1274 1189 1329 molestis
1238 1276 1399 1328 rebus
1446 1290 1585 1347 saepe
1627 1281 1895 1345 scribere,
1927 1295 2031 1334 non
2081 1290 2139 1333 ut
2169 1282 2309 1335 illius

735 1366 973 1421 dolorem
1012 1375 1238 1435 augeat,
1269 1368 1361 1421 sed
1391 1378 1445 1419 ut
1470 1383 1624 1422 suum
1658 1370 1769 1439 ipse
1816 1370 2001 1434 leniat,
2041 1386 2104 1425 ac
2140 1371 2306 1425 Euse-

736 1456 886 1511 bium
920 1457 984 1509 ad
1015 1456 1334 1510 intentiores
1360 1472 1456 1524 pro
1479 1457 1715 1514 Ecclesia
1749 1475 1934 1529 preces
1956 1466 2174 1517 excitet.

815 1566 878 1623 ν.
933 1568 1051 1624 Duo
1074 1569 1505 1637 praestantissimi
1541 1570 1793 1626 Ecclesia
1820 1572 2165 1627 Antiochena
2189 1586 2308 1640 pre-

738 1660 968 1731 sbyteri,
996 1662 1297 1720 Dorotheus
1322 1673 1376 1718 et
1406 1663 1813 1723 Sanctissimus,
1844 1678 2035 1732 magno
2058 1664 2307 1719 Ecclesia

742 1754 1086 1823 pacificanda
1117 1756 1295 1810 studio
1323 1753 1660 1824 flagrabant;
1708 1767 1939 1821 cumque
1968 1754 2216 1821 precibus
2252 1764 2307 1810 et

744 1844 1051 1899 hortatibus
1100 1845 1337 1914 egissent
1366 1843 1507 1912 apud
1547 1844 1827 1912 epismpos
1869 1841 2203 1909 Orientales,
2250 1854 2308 1897 ut
2338 1874 2379 1928 Β

742 1930 939 1998 legatio
968 1933 1020 1987 in
1051 1932 1394 1989 Occidentem
1428 1934 1759 1997 mitteretur,
1787 1932 2072 1986 commissa
2095 1932 2306 2001 utrique

742 2022 857 2077 bac
883 2024 1155 2092 provincia
1183 2026 1327 2080 circa
1354 2024 1556 2079 Pascha
1587 2024 1745 2090 huius
1772 2026 1898 2078 anni
1931 2023 2054 2080 576.
2086 2024 2308 2078 Videtur

742 2116 1047 2171 Dorotheus
1081 2117 1357 2186 superiore
1386 2129 1646 2172 autumno
1669 2116 1892 2171 Romam
1922 2117 2185 2185 cogitasse
2209 2114 2307 2186 (α),

743 2208 827 2262 vel
853 2208 1040 2263 saltem
1076 2209 1335 2263 Basilium
1381 2212 1627 2264 hortatus
1670 2208 1857 2275 fuisse,
1894 2217 1952 2261 ut
1990 2208 2307 2277 Gregorium

741 2297 1044 2371 Nyssenum
1081 2300 1134 2354 in
1169 2301 1514 2357 Occidentem
1550 2302 1783 2371 legatum
1827 2301 2083 2354 mitteret.
2124 2299 2311 2355 Caruit

743 2391 893 2446 exitu
928 2391 1028 2447 hoc
1052 2394 1359 2459 consilium,
1385 2393 1499 2449 sive
1528 2394 1653 2464 quia
1689 2392 2003 2465 Gregorius,
2030 2401 2088 2445 ut
2120 2393 2311 2462 praevi-

743 2480 897 2535 derat
942 2480 1205 2551 Basilius,
1250 2484 1351 2539 hoc
1383 2501 1577 2540 munus
1622 2485 1896 2553 suscipere
1927 2485 2134 2549 noluit,
2167 2485 2309 2556 quod

744 2571 891 2627 illius
934 2576 1194 2629 stomachi
1231 2591 1335 2631 non
1377 2588 1526 2640 erat,
1575 2577 1689 2632 sive
1718 2577 1823 2630 alia
1866 2578 1934 2631 de
1978 2592 2161 2630 causa.
2195 2577 2302 2631 Sed

745 2672 925 2718 tamen
980 2665 1306 2721 Dorotheum
1356 2667 1407 2721 in
1460 2668 1747 2723 Thraciam
1794 2668 2040 2732 venisse,
2084 2675 2133 2719 et
2188 2682 2307 2719 cum

744 2757 976 2812 Eusebio
1007 2761 1370 2815 Samosatensi
1416 2759 1583 2815 fuisse
1630 2775 1765 2814 anno
1809 2760 1916 2815 575
1944 2769 2176 2814 exeunte
2225 2759 2307 2811 vel

742 2849 849 2906 576
873 2852 1087 2906 ineunte
1109 2892 1125 2917 ,
1170 2853 1427 2907 discimus
1456 2868 1522 2909 ex
1553 2853 1775 2922 epistola
1802 2851 1938 2919 259,
1968 2866 2087 2921 qua
2110 2850 2309 2919 scripta

745 2953 832 2998 est
866 2960 969 2998 non
1010 2944 1179 2999 multo
1202 2955 1323 3014 post
1354 2945 1565 3000 initium
1592 2946 1717 2999 anni
1748 2943 1873 2999 576.
1906 2944 2034 2999 Erat
2056 2959 2177 2998 cum
2208 2941 2311 2996 Ba-

747 3034 868 3089 silio
896 3036 980 3089 vel
1030 3036 1086 3089 in
1118 3037 1362 3091 finitimis
1415 3038 1586 3101 locis,
1633 3051 1756 3089 cum
1789 3036 2015 3091 Basilius
2065 3038 2308 3090 eamdem

746 3128 1032 3195 epistolam
1084 3129 1323 3197 scripsit.
1385 3129 1555 3198 Rogat
1600 3127 1745 3181 enim
1794 3127 2082 3181 Eusebium
2125 3127 2311 3194 quales

746 3220 988 3275 redeunti
1024 3219 1295 3277 Dorotheo
1323 3221 1509 3275 danda
1553 3220 1663 3275 sint
1706 3219 1897 3272 littera
1938 3235 1952 3271 :

746 3312 996 3368 comitem
1048 3313 1195 3366 illum
1248 3312 1488 3366 futurum
1539 3312 1743 3380 Optimo
1797 3309 2174 3373 Sanctissitno,
2218 3308 2313 3377 qui

751 3416 950 3470 magno
984 3403 1147 3455 animi
1191 3404 1382 3457 ardore
1427 3402 1704 3458 Orientem
1761 3404 2115 3472 peragrabat,
2156 3409 2212 3454 et
2248 3399 2315 3454 ab

753 3491 1055 3560 insignibus
1123 3492 1422 3561 quibusque
1475 3492 1741 3565 episcopis
1790 3490 2215 3560 subscriptiones
2261 3497 2315 3543 et

749 3585 1008 3655 epistolas
1030 3585 1340 3656 colligebat.

816 3716 1049 3787 Legatos
1080 3717 1133 3771 in
1158 3717 1500 3772 Occidentem
1553 3719 1692 3770 mitti
1728 3733 1832 3770 non
1866 3718 2088 3771 multum
2121 3719 2317 3786 proba-

751 3810 842 3865 bat
886 3809 1160 3865 Basilius:
1190 3811 1238 3866 si
1282 3810 1427 3865 enim
1473 3809 1736 3864 Dominus
1783 3808 2048 3879 propitius
2074 3809 2188 3873 fiat,
2214 3811 2318 3863 alio

749 3917 887 3970 Opus
919 3918 1022 3957 non
1072 3902 1185 3957 fore
1214 3904 1414 3958 auxilio
1449 3922 1461 3958 :
1505 3904 1548 3958 si
1583 3903 1675 3957 Dei
1712 3903 1791 3955 ira
1820 3911 2169 3971 perseveret,
2210 3918 2315 3953 non

752 4008 946 4062 magno
991 3994 1239 4063 prasidio
1290 3994 1530 4047 futurum
1572 3992 1917 4048 Occidentale
1954 3991 2317 4061 supercilium.

751 4085 975 4140 Frustra
1003 4086 1264 4155 ejusmodi
1298 4087 1542 4140 homines
1573 4086 1716 4137 orari
1746 4088 2114 4151 demonstrat,
2161 4084 2319 4138 allato

754 4179 806 4232 in
830 4194 948 4233 eam
994 4180 1314 4232 sententiam
1342 4193 1495 4232 versu
1549 4177 1854 4231 ilomerico.
1886 4175 2126 4229 Nondum
2173 4178 2317 4231 enim

754 4271 926 4325 callus
957 4272 1226 4326 obductus
1273 4282 1390 4326 erat
1416 4272 1585 4325 dolori
1612 4311 1627 4335 ,
1666 4286 1824 4340 quem
1860 4284 1923 4321 ex
1974 4268 2145 4320 inutili
2182 4269 2321 4323 litte-

758 4378 936 4414 rarum
968 4362 1095 4415 anni
1124 4362 1226 4416 2.72
1269 4362 1440 4425 exitu,
1471 4372 1525 4415 et
1556 4379 1621 4415 ex
1653 4361 1925 4431 responsis
1949 4374 2133 4428 parum
2156 4360 2323 4427 aquis

756 4470 852 4525 per
899 4454 1185 4524 Evagrium
1246 4468 1389 4507 anno
1422 4455 1525 4508 575
1561 4454 1734 4507 allatis
1778 4462 2119 4520 conceperat.
2183 4450 2319 4514 Quin

2000 3216 2136 3270 forte
2174 3216 2315 3269 enim
2344 3211 2386 3269 C

2408 614 2764 671 Sanctissinto
2806 617 3026 686 perlata
3049 626 3260 684 Optatos
3287 621 3463 672 exitus
3488 622 3807 678 habuerunt.

2482 706 2620 759 Sunt
2649 705 2733 761 ita
2759 707 2951 762 littera
2988 706 3097 762 242
3138 718 3193 761 et
3239 708 3360 762 245.
3403 709 3578 763 Prima
3613 710 3963 770 Orientalium

2404 798 2625 853 nomine
2692 798 3125 853 Occidentalibus
3181 800 3400 868 scripta.
3455 802 3692 856 Alteram
3738 804 3969 864 Basilius

2403 890 2657 959 privatim
2696 891 2910 959 scripsit
2944 892 3010 944 ad
3053 892 3216 945 Italia
3261 901 3311 945 et
3346 891 3532 946 Gallia
3577 896 3875 964 episcopos.
3910 900 3965 953 ln

2405 983 2577 1049 prima
2643 981 2945 1050 significant
3002 981 3304 1037 Orientales
3343 998 3402 1037 se
3431 984 3578 1055 inter
3621 990 3968 1054 gravissimas

2407 1069 2666 1138 procellas
2699 1071 2764 1123 ab
2798 1069 3155 1125 Ecclesiarum
3195 1070 3513 1126 defensione
3548 1088 3652 1127 non
3683 1075 3964 1140 dimoveri,

2407 1176 2507 1214 nec
2558 1175 2796 1214 animum
2850 1160 3224 1230 despondere,
3274 1172 3327 1215 ct
3367 1164 3563 1219 idcirco
3598 1166 3854 1219 auxilium
3900 1170 3969 1223 ab

2409 1251 2694 1307 Occidente
2737 1251 2850 1320 jam
2899 1267 3041 1322 sape
3087 1264 3454 1322 exspectatum
3496 1270 3732 1324 poscere.
3766 1254 3969 1311 Nume-

2417 1354 2538 1397 rant
2562 1345 2824 1397 decimum
2866 1344 3085 1399 tertium
3117 1348 3504 1413 persecutionis
3533 1363 3753 1413 annum,
3782 1350 3834 1402 in
3862 1367 3967 1418 qua

2406 1435 2586 1503 plures
2636 1435 2893 1491 Eeclesiis
2947 1437 3193 1491 evenisse
3242 1435 3558 1493 afﬂictiones
3618 1452 3967 1505 asseverant,

2407 1537 2565 1591 quam
2614 1525 2855 1579 evenisse
2898 1535 3288 1591 memorantur,
3334 1541 3396 1577 ex
3450 1542 3559 1595 quo
3617 1528 3966 1597 Evangeliqu

2406 1614 2605 1668 Christi
2655 1618 3019 1670 annuntiatur.
3069 1616 3279 1686 Rogant
3327 1632 3458 1684 ergo
3500 1628 3558 1671 ut
3609 1621 3827 1675 tandem
3860 1621 3963 1675 ali-

2407 1706 2619 1775 quando
2649 1706 2927 1760 mittantur
2952 1723 3015 1761 ex
3045 1706 3354 1771 Occidente,
3376 1709 3467 1777 qui
3499 1707 3754 1766 Orientali
3778 1711 3968 1768 Eccleo

2408 1798 2501 1852 sia
2528 1811 2682 1864 opem
2717 1796 2909 1852 ferant.

2481 1888 2691 1958 Scripta
2737 1898 2821 1942 est
2853 1888 2905 1942 in
2935 1889 3175 1944 eamdem
3214 1891 3537 1944 sententiam
3584 1891 3806 1960 epistola
3839 1894 3966 1950 245.

2411 1982 2581 2051 Rogat
2607 1980 2837 2037 Basilius
2874 1991 2932 2034 ut
2959 1982 3330 2051 imperatorem
3356 1981 3661 2036 Occidentis
3682 1984 3966 2039 certiorem

2410 2074 2609 2126 faciant
2639 2074 2704 2128 de
2752 2074 2817 2128 iis
2855 2088 2975 2143 qua
3009 2084 3270 2143 geruntur
3305 2075 3355 2126 in
3406 2076 3661 2142 Oriente;
3708 2078 3790 2129 vel
3833 2077 3877 2130 si
3919 2078 3970 2131 id

2410 2160 2621 2217 difﬁcile
2650 2163 2833 2232 fuerit,
2871 2164 3061 2219 saltem
3097 2164 3194 2235 ipsi
3243 2165 3457 2219 mittant
3490 2169 3579 2236 qui
3624 2167 3971 2223 consolentur

2412 2249 2649 2308 afﬂictos.
2702 2252 3012 2308 Persecutio
3061 2254 3281 2307 uberius
3325 2254 3669 2320 describitur,
3699 2271 3862 2321 quam
3918 2257 3971 2309 in

2412 2342 2674 2407 superiori
2702 2343 2950 2411 epistola.
2979 2343 3174 2398 Narrat
3212 2344 3438 2398 Basilius
3468 2346 3745 2415 episcopos
3772 2346 3969 2399 indicta

2411 2447 2572 2486 causa
2614 2433 2893 2500 damnari;
2931 2434 3038 2486 imo
3067 2434 3349 2488 nonnullos
3380 2437 3495 2489 sine
3526 2436 3931 2490 accusatoribus
3954 2474 3969 2499 ,

2410 2526 2528 2580 sine
2557 2524 2931 2585 tribunalibus,
2966 2526 3283 2592 intempesta
3319 2537 3472 2578 nocte
3512 2536 3692 2593 raptos
3714 2567 3730 2593 ,
3761 2529 3812 2580 iri
3852 2529 3971 2581 lon-

2412 2617 2639 2687 ginquas
2687 2614 2930 2685 regiones
2966 2614 3175 2683 fugatos
3200 2612 3381 2666 fuisse.
3414 2613 3544 2666 flint:
3579 2614 3712 2682 fuga
3746 2617 3976 2686 presby-

2367 2745 2372 2750 -
2415 2720 2649 2763 terorunt
2676 2716 2729 2763 et
2760 2708 3111 2761 diaconorum
3137 2745 3153 2772 ,
3182 2705 3308 2758 cleri
3338 2705 3678 2773 depopulatio
3698 2745 3715 2769 ,
3750 2709 3972 2776 populo-

2414 2814 2531 2852 rum
2558 2798 2812 2867 gemitus,
2840 2798 3028 2851 altaria
3064 2796 3326 2867 spirituali
3358 2796 3500 2848 cultu
3530 2798 3796 2861 vacantia,
3834 2800 3972 2853 ades

2414 2888 2742 2959 precationis
2767 2888 2964 2943 clausa
3007 2890 3123 2943 sine
3152 2890 3503 2943 concionibus
3542 2902 3607 2942 ae
3635 2890 3929 2959 synaxibus
3958 2912 3972 2946 :

2412 2985 2539 3038 dum
2570 2982 2823 3038 Ecclesia
2871 2982 3133 3037 columna
3166 2982 3421 3050 dispersa
3465 2991 3625 3042 sunt,
3662 2982 3882 3035 haresis
3913 2980 3976 3035 li-

2414 3076 2677 3129 bertatem
2724 3083 2917 3138 nacta,
2960 3074 3355 3127 multitudinem
3399 3074 3602 3127 inducit
3628 3075 3887 3135 deorum,
3923 3083 3976 3127 et

2420 3162 2678 3231 Spiritum
2703 3173 2952 3216 sanetum
2986 3161 3177 3227 reiicit,
3210 3177 3272 3214 ac
3302 3164 3424 3214 dum
3465 3163 3643 3213 omnia
3674 3162 3777 3216 sibi
3803 3164 3977 3217 eccle-

2419 3251 2635 3305 siastica
2684 3249 2866 3303 munia
2911 3257 3168 3317 arrogat,
3224 3249 3583 3317 baptismata,
3630 3251 3979 3305 deductiones

2416 3340 2867 3411 proficiscentium
2892 3378 2906 3401 ,
2937 3339 3337 3393 consolationes
3374 3339 3783 3406 agrotautium,
3825 3357 3977 3395 com-

2416 3447 2698 3487 mttntones
2764 3433 3162 3502 mysteriorum,
3198 3429 3450 3485 Ecclesia:
3498 3429 3633 3483 lilios
3665 3431 3840 3498 impia
3879 3434 3978 3485 do—

2412 3527 2602 3581 ctrina
2639 3525 2950 3581 assuefacit.
2992 3523 3115 3578 llac
3139 3538 3203 3577 eo
3229 3521 3531 3576 molestiora
3552 3530 3705 3575 erant
3733 3519 3979 3576 Orienta-

2416 3618 2597 3684 libus,
2650 3619 2791 3687 quod
2842 3626 3139 3671 metuerent
3186 3631 3253 3671 ne
3309 3615 3615 3670 incendium
3659 3626 3980 3682 consumpto

2415 3710 2635 3766 Oriente
2658 3711 3003 3766 Occidentem
3026 3709 3187 3762 etiam
3218 3709 3551 3778 pervaderet.

2488 3803 2575 3858 Vl.
2619 3802 2761 3857 Duos
2814 3802 2933 3856 illos
2977 3802 3320 3870 presbyteros
3386 3800 3544 3869 paulo
3593 3814 3713 3868 post
3763 3798 3969 3853 Pascha

2419 3894 2575 3962 hujus
2602 3893 2727 3947 anni
2769 3893 2871 3945 576
2927 3893 2979 3944 in
3032 3891 3372 3945 Occidentem
3437 3907 3538 3943 non
3570 3893 3742 3945 serius
3799 3891 3981 3961 profe-

2419 3996 2534 4039 Ctos
2567 3999 2723 4047 esse,
2757 3984 2856 4037 hoc
2899 3982 3130 4035 maxime
3158 3990 3473 4050 argumento
3523 3986 3677 4036 nixus
3706 3986 3979 4047 existimo,

2419 4077 2560 4146 quod
2594 4075 2732 4128 idem
2770 4073 3063 4142 legatorum
3098 4087 3291 4125 munus
3316 4072 3508 4124 iterum
3538 4073 3789 4137 obierint,
3816 4087 3873 4129 et
3909 4078 3978 4131 ab

2419 4184 2604 4224 eorum
2629 4182 2693 4220 ex
2727 4165 2962 4220 secunda
2989 4164 3254 4233 legatione
3284 4162 3455 4215 reditu
3484 4178 3653 4232 usque
3677 4165 3742 4217 ad
3766 4164 3980 4219 initium

2423 4261 2550 4313 anni
2582 4256 2705 4319 578,
2736 4256 2991 4311 nonnulla
3020 4254 3319 4317 evenerint,
3344 4268 3460 4320 qua
3485 4265 3608 4322 apte
3638 4255 3847 4324 disponi
3876 4273 3980 4310 non

2421 4360 2662 4417 possent,
2693 4350 2736 4402 si
2773 4349 2947 4415 prima
2978 4345 3171 4414 legatio
3202 4343 3377 4395 serius
3405 4344 3734 4409 contigisset.

2493 4440 2675 4506 Neque
2706 4438 2869 4490 etiam
2910 4435 3068 4487 citius
3098 4432 3209 4484 hae
3256 4431 3448 4500 legatio
3479 4431 3645 4500 possit
3688 4430 3980 4499 collocari,

756 4550 917 4602 etiam
936 4550 1131 4602 vulnus
1161 4546 1524 4601 refricuerant
1550 4544 1852 4598 novissima
1877 4544 2084 4597 Damasi
2112 4542 2322 4601 littera,
2356 4546 2379 4600 Ι

2367 4546 2400 4600 [)
2430 4529 2481 4580 in
2516 4543 2623 4597 quo
2658 4542 2784 4580 sane
2810 4522 3186 4579 aTillemontii
3216 4524 3475 4577 sententia
3517 4520 3670 4588 longe
3705 4521 3982 4577 distamus.

756 4656 875 4708 qua
906 4641 1130 4695 Paulino
1156 4640 1527 4710 episcopatum
1560 4636 1924 4690 attrilmehant
1950 4674 1966 4698 ,
2002 4634 2325 4688 defraudato

758 4730 995 4784 Meletio.
1061 4730 1258 4784 Narrat
1321 4732 1375 4783 in
1436 4731 1623 4783 eadem
1681 4724 1903 4794 epistola
1957 4724 2061 4778 259
2114 4725 2213 4779 sibi
2270 4724 2325 4777 in

760 4833 996 4877 mentem
1026 4824 1242 4877 venisse
1280 4822 1535 4892 privatim
1572 4820 1639 4874 ad
1686 4817 2028 4888 coryphaeum
2060 4814 2325 4871 Occiden-

761 4913 948 4967 talium
975 4913 1233 4975 scribere,
1256 4912 1323 4966 de
1346 4913 1503 4966 rebus
1526 4910 1741 4979 quidem
1765 4906 2149 4963 ecclesiasticis
2173 4905 2323 4970 nihil,

761 5005 867 5059 nisi
891 5008 1029 5072 quod
1056 5003 1409 5066 insinuasset,
1444 5017 1616 5070 neque
1642 5000 1760 5054 illos
1788 5003 1853 5055 de
1893 4999 2054 5053 rebus
2086 4998 2323 5053 Orientis

764 5110 891 5151 vera
921 5110 1101 5161 nosse,
1148 5108 1323 5165 neque
1356 5094 1521 5157 viam,
1561 5108 1665 5161 qua
1693 5094 1897 5161 possint
1940 5092 2144 5147 discere
2168 5132 2181 5155 ,
2211 5106 2328 5144 amo

765 5188 924 5256 plecti
952 5204 966 5252 ;
993 5202 1057 5241 ac
1086 5188 1381 5257 generatim
1408 5226 1424 5247 ,
1460 5184 1766 5239 hominibus
1789 5222 1804 5247 ,
1833 5200 1969 5254 quos
2009 5185 2329 5238 tentationes

766 5277 1033 5348 aflligunt,
1068 5278 1430 5333 insultantium
1465 5293 1567 5331 non
1616 5290 1736 5329 esse
1762 5316 1777 5340 ,
1809 5291 1979 5346 neque
2016 5275 2328 5343 dignitatem

767 5370 1183 5427 existimandam
1231 5384 1350 5424 esse
1378 5369 1701 5439 superbiam.
1744 5365 1859 5420 Non
1907 5378 2084 5420 tamen
2126 5365 2332 5420 obstitit

772 5464 1026 5534 legationi
1060 5464 1325 5528 Basilius;
1358 5479 1530 5533 neque
1556 5464 1699 5519 enim
1739 5463 1783 5515 is
1810 5473 1949 5526 erat,
1982 5460 2072 5529 qui
2106 5458 2195 5512 ulli
2229 5459 2329 5513 Ec-

774 5558 953 5611 clesia
982 5558 1262 5612 commodo
1289 5572 1491 5612 moram
1510 5556 1757 5610 afferret:
1782 5555 1874 5607 sed
1903 5554 2079 5622 potius
2106 5549 2336 5603 libenter

778 5649 1048 5703 communi
1078 5663 1251 5703 causa
1272 5650 1459 5705 stilum
1500 5663 1655 5704 suum
1687 5646 1945 5716 impendit
1979 5646 2029 5699 in
2058 5642 2340 5698 exarandis

850 5824 925 5894 (a)
965 5824 1060 5890 Ep.
1089 5824 1213 5876 eis.

2430 4621 2478 4675 Is
2523 4621 2665 4675 enim
2700 4619 2929 4688 legatum
2981 4632 3121 4667 anno
3164 4615 3267 4670 575
3301 4625 3391 4668 aut
3443 4611 3547 4666 574
3602 4613 3822 4667 missum
3864 4616 3986 4670 esse

2432 4714 2761 4768 Dorotheuni
2792 4709 3086 4770 existimat,
3118 4718 3172 4762 et
3210 4724 3351 4761 anno
3382 4704 3518 4769 575,
3568 4706 3665 4758 sub
3694 4706 3852 4760 linem
3887 4722 3984 4761 au—

2428 4806 2593 4859 tumni
2648 4802 2891 4857 rediisse.
2957 4802 3009 4854 i°
3066 4800 3337 4854 Neminem
3391 4812 3534 4849 anno
3602 4796 3707 4850 575
3768 4799 3988 4851 missurn

2431 4894 2599 4950 fuisse
2625 4894 2736 4962 jam
2768 4906 2925 4959 supra
2955 4891 3085 4945 satis
3118 4892 3423 4959 probatum.
3458 4886 3665 4940 Nullum
3709 4890 3990 4955 legationis

2426 4987 2709 5055 vestigium
2750 4983 2948 5037 habent
3006 4985 3131 5036 anni
3187 4982 3289 5034 575
3330 4990 3421 5033 aut
3467 4980 3569 5033 574
3618 4979 3819 5032 Fucum
3868 4980 3990 5036 fecit

2431 5082 2658 5137 eruditis
2682 5082 2811 5136 viris
2835 5082 3086 5153 opinatus
3112 5078 3360 5131 Dorothei
3386 5094 3447 5131 ex
3475 5077 3763 5131 Occidente
3790 5075 3993 5131 reditus

2433 5190 2576 5229 anno
2625 5172 2751 5237 575,
2804 5188 2963 5243 quem
3018 5169 3274 5238 colligunt
3304 5184 3371 5223 ex
3419 5168 3502 5222 his
3528 5168 3707 5222 verbis
3754 5167 3993 5232 epistola

2433 5271 2573 5327 259:
2613 5270 2689 5324 De
2721 5274 2871 5323 rebus
2912 5279 3083 5319 autem
3110 5261 3530 5319 Occidentalibus
3555 5260 3698 5327 prius
3719 5259 3827 5323 ipse
3852 5261 3994 5314 didi-

2437 5364 2553 5418 cisti
2581 5399 2596 5426 ,
2636 5372 2881 5416 narrante
2928 5359 3103 5411 omnia
3152 5358 3315 5425 fratre
3360 5354 3657 5415 Durat/tea,
3702 5352 3787 5403 cui
3813 5353 3993 5420 quam

2438 5456 2627 5509 danda:
2673 5470 2891 5515 rursus,
2941 5450 3125 5503 littera
3154 5447 3410 5500 abeunti?
3454 5446 3526 5497 Ex
3563 5443 3643 5495 bis
3672 5444 3993 5497 cenclttdunt

2442 5548 2768 5602 Dorotheum
2794 5547 2957 5598 liorna
2986 5544 3317 5606 redeuntem,
3336 5536 3476 5609 apud
3503 5534 3785 5589 Eusebium
3805 5534 3991 5596 fuisse,

2431 5644 2590 5712 eique
2629 5644 2694 5697 de
2752 5639 2910 5695 rebus
2949 5640 3001 5693 in
3038 5636 3330 5694 Occidente
3379 5628 3675 5702 perspeCtis
3721 5637 3987 5684 narrasse-
