4214 6486
1512 444 1673 499 νιτΑ
1715 445 1773 501 S.
1818 443 2077 499 BASlLll.

3274 446 3407 487 CXLV

181 568 271 623 Sed
310 565 583 636 quomodo
625 564 966 626 Dorotlteus,
1004 559 1093 629 qui
1141 559 1240 613 sub
1284 560 1493 613 initium
1548 557 1737 611 hiemis
1767 562 1812 619 Α
1843 556 2054 619 rahant,
2101 570 2262 625 quam
2292 570 2413 609 cum
2447 552 2670 622 imperio
2702 533 2936 604 Valentis
2969 549 3212 605 sciebant
3257 548 3409 606 iace.

182 675 309 715 anno
344 658 452 711 375
497 658 730 711 Romam
772 656 987 724 quidem
1019 651 1286 721 cogitabat
1316 648 1418 718 (α),
1445 650 1535 704 sed
1563 658 1738 702 tamen

182 754 407 808 nondum
447 750 652 804 litteris
674 749 1050 817 episcoporum
1092 744 1386 799 instructus
1416 750 1534 796 erat
1560 780 1576 806 ,
1606 755 1742 793 nou-

181 848 301 900 dnm
344 845 634 913 episcopos
693 850 886 893 nactus
941 850 1100 901 erat,
1135 837 1329 906 quibus
1381 835 1629 889 comitem
1686 846 1745 886 se

180 938 382 993 itineris
412 948 533 989 esse
568 932 822 1001 optabat;
869 930 1136 998 quomodo
1160 969 1175 993 ,
1220 927 1462 995 inquam,
1500 934 1605 976 tam
1632 923 1744 977 cito

183 1030 351 1082 redire
385 1026 559 1094 potuit
588 1064 601 1085 ,
655 1030 714 1076 ut
746 1023 797 1074 iu
828 1020 1059 1075 Thracia
1104 1020 1243 1086 apud
1282 1016 1564 1071 Eusebium
1602 1023 1747 1067 esset

180 1120 328 1172 initio
366 1117 493 1169 anni
527 1114 673 1169 376?
706 1112 822 1167 Non
876 1115 1016 1166 enim
1066 1111 1283 1165 dubium
1329 1115 1411 1164 est
1440 1109 1590 1178 quin,
1622 1122 1744 1160 cum

188 1210 423 1262 Basilius
494 1205 756 1259 scriberet
803 1204 1080 1274 epistolam
1146 1200 1251 1254 239
1298 1200 1535 1271 (scripsit
1570 1209 1746 1250 autem

181 1317 279 1355 non
316 1299 489 1352 multo
532 1309 652 1366 post
689 1298 900 1351 initium
932 1297 1057 1349 anni
1090 1293 1217 1359 376)
1247 1333 1262 1355 ,
1291 1292 1401 1360 jam
1436 1301 1545 1344 tum
1580 1292 1747 1344 Doro-

180 1393 335 1446 theus
376 1392 445 1443 ab
481 1388 715 1444 Eusebio
753 1386 1087 1441 discessisset
1116 1395 1169 1438 et
1204 1384 1256 1435 in
1285 1380 1625 1450 Cappadocia
1657 1386 1748 1432 ant

183 1484 428 1538 ﬁnitimis
462 1482 600 1535 locis
635 1488 965 1532 versaretur.
1006 1476 1160 1532 Unde
1200 1477 1475 1545 qurerebat
1519 1473 1748 1528 Basilius

178 1593 424 1648 quaenam
451 1576 501 1630 ei
526 1574 712 1627 dandae
738 1580 918 1626 essent
941 1570 1156 1624 abeunti
1183 1569 1392 1622 litterae.
1419 1567 1551 1620 lllud
1570 1576 1747 1618 autem

182 1686 283 1723 nou
309 1669 492 1721 minus
525 1665 858 1733 exploratum
900 1674 954 1717 et
985 1673 1192 1716 certum
1226 1669 1327 1723 est,
1363 1658 1612 1713 Dorothei
1643 1655 1749 1709 Ro-

179 1774 318 1811 mam
364 1755 658 1817 cogitantis
713 1754 818 1809 iter
870 1755 1105 1807 nondum
1146 1754 1245 1807 sub
1297 1752 1508 1805 initium
1557 1749 1748 1803 hiemis

178 1849 397 1906 omnino
427 1855 695 1899 statutum
742 1845 939 1910 fuisse;
973 1846 1236 1915 siquidem
1269 1844 1497 1898 Basilius
1528 1843 1580 1895 in
1628 1840 1743 1908 epi-

1848 647 2011 717 pisse.
2057 645 2129 701 At
2170 641 2539 699 Tillemoutius
2582 644 2793 697 initium
2844 639 3095 695 tredecim
3144 654 3409 695 annorum

1847 741 2040 809 repetit
2072 739 2139 794 ab
2169 754 2311 793 anno
2348 738 2475 803 561,
2499 738 2585 791 alii
2609 737 2677 791 ab
2708 750 2850 791 anno
2875 733 2998 790 360.
3028 733 3131 787 Sed
3165 745 3411 789 extrema

1848 832 2239 899 persecutionis
2293 829 2592 885 Constantii
2650 829 2827 882 minus
2885 838 3031 881 recte
3062 839 3182 879 cum
3240 824 3411 881 initiis

1847 922 2086 977 Valentis
2142 921 2559 991 coniunguntur.
2606 920 2745 973 Inter
2772 928 3056 986 utramque
3083 919 3413 986 persecutio-

1847 1027 1967 1067 nem
2000 1013 2356 1081 aliquotaoni
2416 1010 2683 1078 interiecti
2740 1017 2903 1074 sunt,
2962 1005 3261 1062 Catholicis
3307 1002 3413 1061 sub

1846 1106 2059 1163 Juliano
2085 1108 2137 1161 in
2173 1106 2326 1161 sedes
2357 1120 2484 1159 suas
2509 1102 2797 1157 restitutis.
2833 1099 3095 1153 Prmterea
3118 1098 3163 1151 si
3199 1097 3266 1152 de
3286 1111 3410 1165 per-

1847 1202 2125 1256 secutione
2152 1199 2451 1255 Constantii
2484 1194 2784 1252 Orientales
2816 1192 2978 1249 locuti
3010 1190 3257 1257 fuissent,
3306 1203 3413 1243 non

1842 1293 1954 1361 jam
1985 1293 2240 1347 tredecim
2267 1305 2439 1345 annos
2464 1295 2866 1352 numerassent,
2890 1285 2983 1341 sed
3007 1283 3218 1355 longius
3245 1282 3415 1338 multo

1850 1387 1998 1441 initia
2036 1382 2427 1453 persecutionis
2457 1380 2820 1449 repetiissent.

1918 1479 1977 1533 4ο
2013 1478 2066 1533 ιιι
2106 1477 2356 1547 Opinione
2400 1471 2723 1527 Tillemoutii
2765 1469 3009 1524 turbatur
3038 1476 3093 1521 et
3130 1465 3416 1522 confundi-

1850 1578 1937 1625 tur
1976 1584 2154 1623 rerum
2188 1576 2459 1638 gestarum
2493 1564 2682 1618 series.
2716 1561 3082 1616 Proﬁciseitur
3113 1560 3416 1614 Dci-otheus

1850 1676 1992 1714 anno
2017 1659 2120 1712 373
2143 1667 2236 1711 aut
2271 1655 2411 1719 374;
2450 1667 2554 1707 non
2581 1652 2719 1708 redit
2739 1652 2836 1705 nisi
2858 1663 2997 1702 anno
3019 1648 3125 1702 375
3166 1658 3414 1702 exeunte.

1848 1732 2081 1803 Nimium
2106 1762 2239 1801 sane
2268 1748 2369 1801 hoc
2412 1743 2755 1799 intervallum
2790 1742 2841 1794 in
2889 1756 2946 1793 re
2977 1753 3079 1791 non
3112 1736 3310 1789 ditiicili
3347 1736 3416 1790 ad

1849 1839 2247 1894 deliberandum
2282 1846 2333 1892 et
2362 1836 2781 1905 dijudicantlum,
2820 1848 2918 1886 nec
2951 1830 3173 1885 multum
3204 1838 3413 1898 tempo-

178 1942 311 1998 stola
344 1939 453 1993 215
486 1948 642 2009 negat
676 1953 797 1992 eum
825 1939 922 1991 hoc
948 1940 1046 1991 iter
1077 1939 1253 1991 hieme
1276 1934 1543 1989 coniicere
1567 1948 1741 2001 posse,
1776 1904 1817 1959 Β
1849 1934 1922 1985 ris
1978 1932 2307 1999 requirente.
2373 1904 2515 1983 Idem
2579 1928 2881 1982 Dorotheus
2942 1924 3136 1976 iterum
3186 1920 3415 1974 mittitur

178 2035 280 2088 nisi
336 2034 474 2087 mari
531 2044 729 2097 utatur,
778 2043 831 2088 et
875 2049 994 2089 cum
1039 2033 1338 2087 Dorotheus
1386 2030 1636 2083 comitem
1690 2042 1747 2082 se

178 2127 442 2195 Gregorio
464 2126 710 2199 Nysseno
734 2126 969 2180 futurum
999 2134 1263 2194 speraret,
1298 2133 1407 2177 tota
1434 2138 1519 2176 res
1553 2121 1749 2175 Basilio

178 2220 429 2289 plurimis
488 2222 768 2274 obstructa
820 2216 1224 2271 difﬁcultatibus
1287 2216 1518 2273 videtur.
1571 2214 1751 2281 Quare

181 2314 322 2382 quod
356 2315 433 2366 ait
462 2311 695 2366 Basilius
728 2310 1017 2363 Eusebium
1058 2312 1122 2364 de
1161 2310 1318 2364 rebus
1350 2308 1656 2365 Occidentis
1685 2320 1748 2361 ex

182 2406 454 2460 Dormbeo
487 2404 759 2469 didicisse,
785 2405 836 2458 id
863 2404 928 2459 de
962 2405 1118 2458 rebus
1150 2404 1200 2456 in
1226 2402 1518 2456 Occidente
1554 2400 1751 2454 auditis

180 2506 273 2549 aut
304 2494 603 2564 perspectis
629 2496 801 2566 accipi
830 2510 933 2549 non
962 2495 1141 2559 debet,
1172 2494 1263 2547 sed
1291 2494 1357 2547 de
1392 2491 1457 2544 iis
1486 2506 1605 2554 qua:
1640 2489 1748 2542 Do-

180 2585 401 2637 rotheus
432 2598 496 2636 ex
530 2583 740 2639 Damasi
771 2584 965 2638 litteris
1006 2584 1105 2635 sub
1150 2582 1353 2635 mstatis
1385 2580 1542 2634 linem
1574 2579 1752 2634 allatis

178 2684 523 2745 cognoverat.
575 2675 717 2729 Petit
773 2691 949 2729 autem
1013 2673 1240 2728 Basilius
1304 2672 1489 2742 quales
1566 2686 1752 2725 rursus

183 2766 371 2819 danda;
413 2768 523 2821 sint
565 2767 759 2821 littere
790 2766 1060 2822 Dorotlieo
1108 2766 1326 2819 abeunti
1371 2766 1423 2819 in
1450 2764 1747 2820 Orientem.

183 2857 503 2911 Meminerat
552 2858 696 2911 enim
738 2858 1020 2913 consilium
1069 2857 1336 2911 scribendi
1380 2859 1447 2909 ad
1494 2854 1755 2909 Occiden-

182 2948 314 3003 tales
347 2964 490 3003 auno
536 2949 662 3013 373,
721 2950 861 3018 quod
918 2964 982 3004 ex
1042 2958 1229 3001 saneto
1284 2947 1514 3000 Eusebio
1576 2954 1752 2999 ortum

182 3036 356 3090 iuerat
378 3076 394 3102 ,
422 3046 501 3090 tot
534 3038 870 3091 obstructum
914 3033 1314 3087 diliieultatibus
1354 3032 1520 3087 fuisse
1545 3072 1560 3096 ,
1592 3042 1650 3087 ut
1693 3032 1747 3086 in

182 3144 295 3183 rem
329 3130 550 3181 minime
582 3127 834 3180 collatum
867 3125 1049 3178 fuerit.

251 3222 307 3273 2°
348 3222 474 3273 Duae
510 3220 840 3272 exstiterunt
871 3218 1120 3271 Dorothei
1154 3218 1205 3271 in
1241 3216 1592 3272 Occidentem
1616 3216 1759 3285 lega-
1783 3249 1826 3307 ο

185 3314 376 3373 tiones,
405 3310 580 3378 prima
625 3308 839 3378 quidem
869 3350 883 3373 ,
914 3326 1035 3364 cum
1066 3308 1272 3363 litteras
1294 3308 1401 3362 242
1432 3317 1485 3361 et
1514 3308 1619 3361 945
1660 3309 1750 3361 de-

186 3401 324 3467 tulit,
366 3401 535 3452 altera
581 3415 701 3454 cum
751 3402 1033 3469 epistolam
1073 3400 1198 3454 263.
1250 3398 1444 3454 Prima:
1473 3398 1757 3468 legationis

185 3492 560 3562 optatissimus
584 3493 760 3547 exitus
792 3492 909 3558 fuit,
939 3508 1040 3547 non
1072 3494 1213 3562 quod
1242 3492 1499 3546 auxilium
1524 3490 1754 3544 Romani

189 3604 247 3641 re
278 3604 398 3640 vera
436 3585 645 3640 Orienti
678 3585 929 3652 tulerint,
954 3587 1047 3639 sed
1086 3585 1209 3653 quia
1241 3586 1506 3637 sinceram
1546 3581 1753 3637 ferendi

187 3681 516 3733 voluntatem
582 3678 969 3746 signiticarunt.
1030 3677 1180 3730 Unde
1234 3674 1573 3738 Orientales,
1628 3676 1754 3729 dum

187 3772 511 3826 Dorotbeum
565 3770 753 3823 iterum
805 3769 1023 3822 mittunt
1057 3768 1157 3839 (ὁ).
1193 3769 1395 3839 gratias
1439 3776 1604 3839 agunt
1643 3783 1757 3822 am-

186 3865 458 3933 plissimas
510 3862 966 3918 Occidentalibus.
1032 3861 1167 3916 Hinc
1229 3862 1390 3917 etiam
1441 3861 1666 3916 Basilius
1702 3861 1754 3915 in

189 3959 356 4012 tribus
388 3958 657 4025 epistolis,
691 3972 822 4026 quas
850 3967 1155 4011 revertente
1187 3972 1252 4010 ex
1284 3958 1455 4026 prima
1488 3956 1756 4027 legati0ne

190 4052 464 4105 Dorotbeo
514 4050 766 4120 scripsit,
816 4049 998 4103 lautitia
1034 4049 1310 4114 exsultat,
1339 4058 1395 4102 ιιι
1426 4049 1478 4103 in
1509 4049 1665 4104 rebus
1688 4063 1753 4102 ex

186 4145 454 4197 sententia
487 4141 770 4196 confectis.
794 4141 873 4195 Ex
912 4141 995 4195 his
1022 4139 1299 4195 evidenter
1326 4142 1581 4209 probatur
1615 4142 1753 4195 lianc

186 4235 507 4303 legatiooem
548 4246 650 4283 non
678 4234 836 4286 citius
866 4244 1168 4303 susceptam
1200 4246 1321 4285 esse
1342 4274 1356 4294 ,
1398 4248 1556 4300 quant
1596 4233 1753 4286 modo

184 4325 441 4385 diximus,
476 4335 666 4389 nempe
694 4322 837 4375 circa
870 4324 1071 4377 Pascha
1122 4322 1279 4389 hujus
1311 4324 1436 4373 anni
1465 4322 1589 4375 376.
1618 4320 1750 4374 Nam

184 4411 417 4468 Basilius
441 4452 458 4478 ,
495 4428 615 4466 cum
658 4410 916 4465 scriberet
962 4412 1238 4479 epistolam
1267 4410 1371 4465 “339
1396 4451 1410 4475 ,
1441 4426 1623 4465 mense
1654 4411 1753 4468 Fe-

192 4504 411 4556 bruario
446 4513 534 4555 aut
562 4501 752 4555 Martio
775 4501 1010 4570 ejusdem
1036 4502 1191 4566 anni,
1226 4517 1330 4556 non
1360 4502 1515 4555 valde
1550 4502 1751 4569 proba—

1846 2037 1986 2075 anno
2006 2021 2129 2074 377.
2161 2022 2231 2075 At
2264 2021 2404 2073 inter
2428 2029 2711 2086 utramque
2734 2016 3047 2084 legationem
3073 2025 3175 2063 non
3204 2020 3412 2063 tantum

1848 2112 2006 2180 spatii
2062 2112 2273 2165 videtur
2332 2108 2625 2164 ellluxisse.
2684 2105 2815 2161 Nam
2866 2117 2987 2157 cum
3042 2100 3414 2170 promisissent

1848 2204 2219 2260 Occidentales
2246 2218 2303 2257 se
2324 2198 2776 2257 Orientis‘auxilio
2802 2204 3086 2259 venturos,
3116 2192 3161 2245 si
3189 2192 3255 2245 ab
3274 2202 3419 2245 anno

1848 2297 1953 2352 375
1994 2311 2163 2365 usque
2201 2295 2268 2349 ad
2300 2294 2401 2350 377
2437 2292 2568 2347 nihil
2593 2289 2989 2361 praestitissent,
3021 2283 3218 2338 metito
3242 2280 3416 2350 questi

1850 2394 2030 2436 essent
2067 2381 2366 2436 Orientales
2392 2421 2409 2443 ,
2439 2380 2530 2447 qui
2565 2386 2743 2431 tamen
2794 2374 2845 2427 in
2887 2372 3045 2441 epist.
3077 2370 3183 2424 263
3204 2410 3218 2431 ,
3251 2382 3415 2437 quam

1851 2470 2150 2525 Dorotbeus
2183 2474 2379 2525 iterum
2418 2470 2615 2523 missus
2648 2463 2873 2531 detulit,
2913 2464 3115 2534 gratias
3142 2470 3306 2533 agunt
3344 2454 3415 2517 ob

1851 2564 2069 2634 prolixa:
2098 2563 2389 2617 voluntatis
2412 2559 2881 2631 signiﬁcationem,
2918 2572 2981 2612 ac
3017 2557 3279 2625 promissa
3310 2551 3420 2610 Oe-

1856 2656 2201 2711 cidentalium
2243 2662 2547 2725 reposcunt,
2573 2661 2630 2706 ut
2660 2664 2880 2718 prorsus
2916 2646 3174 2702 recentia.

2375 2743 2603 2800 CAPUT
2641 2739 2880 2796 XXXVI.

1854 2828 1894 2885 1.
1940 2828 2287 2898 Reprehensus
2316 2844 2347 2881 α
2378 2826 2685 2898 Patropltilo
2704 2824 2962 2898 Basilius
2982 2817 3416 2898 ob__beltttnt_cum

1926 2887 2226 2963 Eustatltio,
2252 2914 2423 2951 cauam
2446 2887 2555 2950 aute
2579 2895 2844 2967 justitiam
2870 2892 3123 2967 de[endit.
3157 2887 3415 2967 ".17000-

1923 2971 2066 3039 philo
2095 2958 2319 3037 injurias
2352 2958 2599 3039 redonat;
2616 2968 2703 3019 sed
2750 2958 2951 3039 roganti
2979 2969 3053 3039 ll}
3083 2974 3199 3039 cum
3229 2958 3419 3037 Eusta-

1927 3025 2036 3092 iltt'o
2070 3025 2406 3091 communicet
2432 3077 2446 3099 ,
2474 3025 2684 3088 minime
2731 3025 2934 3086 annuit.
2979 3030 3061 3084 Ill.
3116 3025 3418 3081 I’ersccutio

1930 3108 2419 3175 Nicopolitanorum
2452 3106 2779 3173 ingravescit.
2836 3099 3162 3175 Dcepiuola
3196 3102 3262 3175 att
3289 3103 3416 3175 Ant-

1928 3166 2275 3247 pltt'lochinm,
2309 3186 2357 3230 et
2406 3166 2528 3247 alia'
2556 3166 3053 3247 sinelinsgriptt'one.
3098 3167 3183 3247 ιν,
3222 3166 3416 3247 §crtbtt

1927 3237 2114 3301 iterum
2138 3237 2368 3299 Basilius
2414 3244 2736 3307 Ραινοιιιιϋο.
2772 3237 3069 3294 υιιιιηετὶι
3113 3241 3179 3291 ad
3215 3237 3418 3291 Eume-

1927 3334 2020 3371 ποι
2065 3328 2111 3369 et
2151 3319 2304 3368 initio
2336 3317 2460 3367 anni
2504 3314 2642 3381 apud
2680 3311 3029 3381 Cappadoces.
3068 3309 3141 3361 De
3171 3307 3417 3381 ep125‘2.

1932 3386 1996 3442 V.
2052 3386 2278 3439 Redeunt
2336 3376 2621 3438 Horat/tetu
2678 3392 2724 3434 et
2777 3378 3171 3434 Sanctissintua.
3236 3376 3419 3430 Ριιιιοσ

1933 3456 2117 3511 Basilii
2150 3456 2341 3509 littera:
2370 3471 2462 3520 per
2496 3452 2901 3506 Sanctissimum
2926 3453 3186 3516 feruntur.
3218 3446 3419 3520 Conso-7

1931 3530 2071 3581 latnr
2114 3517 2407 3578 Berwenres
2454 3524 3013 3587 monachos,quorum
3054 3526 3189 3570 a’aes
3234 3517 3419 3570 Ariani

1927 3599 2287 3651 incenderant.
2319 3594 2448 3646 Item
2475 3594 2606 3643 alios
2637 3590 2917 3644 monac/tos
2944 3590 3006 3641 ab
3034 3588 3242 3641 Arionis
3266 3602 3420 3639 vexa-

1927 3678 2027 3721 tos.
2064 3666 2147 3721 Vl.
2179 3664 2413 3731 Epistota
2433 3664 2498 3715 ad
2534 3660 2883 3731 Epiphaniam
2914 3661 2977 3711 de
3008 3656 3337 3731 Appi/inuria
3365 3666 3415 3706 et

1930 3742 1994 3792 de
2026 3740 2176 3791 rebus
2204 3725 2556 3788 Antioclteuis.
2580 3725 2779 3785 'Scribit
2815 3728 3043 3781 Basilius
3081 3725 3328 3779 Palladio
3367 3733 3417 3777 et

1927 3809 2253 3861 Innocentio.
2324 3803 2430 3855 VII.
2487 3802 2768 3853 Comultua
2829 3800 2892 3849 ab
2941 3796 3147 3860 Optimo
3194 3797 3416 3862 explicat

1926 3878 2218 3942 Scriptum
2248 3873 2420 3927 locum
2462 3871 2741 3942 diﬁciiem.
2771 3867 2899 3942 Vill.
2942 3864 3190 3942 Epistottc
3220 3861 3294 3942 ad
3318 3861 3416 3942 8o-

1928 3932 2254 4015 zOpo'titanos
2285 3955 2331 3997 et
2361 3944 2427 3995 ad
2461 3932 2733 3995 urbicium
2763 3940 2826 3991 de
2867 3938 3051 3990 Itwresi
3078 3932 3417 4003 Αροιιιηανὶί.

1926 4037 1967 4092 1.
2012 4036 2349 4108 Patrophilus
2378 4032 2666 4104 [Egearum
2707 4032 2758 4086 in
2798 4030 2979 4085 Cilicia
2997 4029 3278 4099 episcopus
3315 4024 3421 4080 Ba-

1856 4132 1978 4187 silio
2004 4133 2208 4185 amicus
2233 4136 2368 4193 erat,
2391 4138 2447 4182 et
2474 4125 2594 4179 lidei
2624 4122 2899 4179 catholicae
2930 4121 3208 4181 addictus;
3237 4122 3330 4173 sed
3364 4118 3420 4171 in

1854 4225 2196 4280 Eustathium
2241 4222 2357 4293 plus
2393 4233 2547 4286 aequo
2578 4215 2910 4287 propensior.
2951 4212 2999 4267 ls
3032 4211 3120 4265 ubi
3156 4209 3289 4263 vidit
3321 4208 3421 4262 Ba-

1854 4321 2032 4375 silium
2069 4319 2118 4370 in
2158 4324 2373 4384 apertas
2418 4322 2600 4367 contra
2643 4307 2985 4361 Eustathium
3015 4303 3263 4373 querelas
3294 4316 3420 4355 eru-

1855 4412 2015 4481 pisse,
2049 4411 2181 4465 satis
2213 4408 2301 4462 diu
2342 4404 2506 4459 siluit.
2552 4401 2656 4455 Sed
2702 4399 2915 4453 tandem
2961 4400 3105 4450 misit
3146 4395 3422 4467 presbyte-

1857 4517 1972 4555 rum
2026 4498 2350 4568 Strategium
2395 4510 2516 4549 cum
2573 4494 2784 4556 litteris,
2826 4490 2880 4544 in
2915 4489 3108 4559 quibus
3152 4501 3255 4539 non
3305 4485 3424 4539 sine

191 4594 281 4647 bat
328 4595 540 4662 legatos
590 4597 641 4646 in
692 4594 1035 4649 Occidentem
1085 4596 1246 4657 mitti,
1308 4611 1404 4651 nec
1459 4594 1752 4664 quidquam
1785 4583 1830 4638 Ῑ)
1860 4593 2272 4663 reprehensione
2316 4597 2369 4643 et
2413 4589 2731 4660 quibusdam
2762 4583 2964 4639 aculeis
2992 4590 3264 4650 stuporem
3301 4577 3419 4630 aui-

185 4686 439 4752 sperabat
477 4698 505 4735 a
532 4686 841 4753 supercilio,
871 4696 932 4737 ut
961 4687 1072 4753 ipse
1106 4687 1357 4757 appellat,
1391 4687 1755 4745 Occidentali:

189 4778 426 4832 nondum
459 4776 606 4832 enim
640 4778 966 4845 deposuerat
998 4778 1264 4844 dolorem,
1302 4796 1464 4848 quem
1508 4781 1554 4835 ei
1611 4782 1759 4836 inus-

186 4879 371 4924 seraot
426 4879 483 4921 et
525 4866 826 4923 litterarum
877 4870 1001 4923 anni
1036 4870 1141 4923 372
1204 4871 1409 4925 inutilis
1454 4872 1653 4936 exitus,
1703 4882 1759 4927 et

189 4975 446 5028 responsa
478 4976 573 5030 per
594 4960 877 5031 Evagrium
919 4977 1058 5016 anno
1091 4963 1193 5017 373
1231 4965 1391 5018 allata
1417 5002 1433 5029 ,
1486 4976 1540 5021 et
1573 4969 1753 5022 novis-

190 5053 334 5107 simae
366 5055 579 5109 Damasi
611 5054 804 5108 litterae
829 5070 969 5108 anno
999 5054 1123 5110 375.

258 5144 312 5197 3°
345 5146 418 5213 (ε)
456 5142 753 5198 Numerant
789 5140 1089 5201 Orientales
1122 5160 1292 5200 annos
1342 5146 1597 5201 tredecim
1631 5166 1751 5218 per-

194 5237 519 5299 secutionis;
557 5238 698 5303 quod
727 5236 939 5304 quidem
971 5237 1169 5305 optime
1202 5240 1429 5304 quadrat
1458 5255 1577 5293 cum
1610 5256 1753 5296 anno

192 5328 309 5383 376.
338 5330 560 5396 loctepit
588 5327 732 5381 enim
763 5326 954 5382 Valens
991 5329 1258 5384 decimum
1290 5332 1503 5383 tertium
1537 5332 1745 5401 imperii

196 5435 385 5473 annum
430 5436 616 5474 mense
654 5418 843 5474 Martio
878 5420 1034 5490 hujus
1063 5422 1207 5474 anni.
1246 5418 1425 5486 Quare
1463 5438 1582 5477 cum
1615 5426 1755 5477 scri-

196 5523 289 5577 pta:
322 5514 427 5566 sint
454 5512 573 5564 dum
608 5512 711 5565 illa:
741 5511 976 5579 epistola:
1006 5522 1123 5581 post
1153 5511 1354 5566 Pascha
1379 5552 1394 5575 ,
1431 5529 1535 5567 non
1566 5514 1754 5568 imme-

197 5601 292 5656 rito
327 5601 628 5659 Orientales
660 5603 881 5657 totidem
929 5617 1099 5657 annos
1136 5603 1529 5672 persecutionis
1566 5619 1753 5659 nume-

281 5808 328 5880 τι)
364 5808 456 5880 ει).
494 5807 620 5880 sla-

280 5874 325 5949 ὸ)
364 5874 461 5948 Ep.
493 5876 618 5944 263,
653 5892 709 5930 ιι.
750 5874 801 5929 l.

1861 4686 1930 4738 mi
1980 4684 2060 4736 sui
2106 4680 2459 4750 signiﬁcabat,
2484 4680 2625 4749 quod
2660 4677 2915 4739 Basilius,
2947 4673 3034 4741 qui
3065 4688 3092 4725 a
3128 4685 3291 4741 puero
3331 4670 3423 4723 de-

1859 4776 2008 4829 derat
2043 4789 2099 4829 sc
2130 4774 2428 4838 Eustatliio,
2458 4782 2510 4827 et
2540 4772 2679 4825 illius
2706 4783 2865 4823 causa
2906 4776 2983 4819 tot
3016 4782 3079 4821 ac
3112 4776 3252 4819 tanta
3285 4762 3425 4817 lece-

1862 4878 1966 4933 rat,
1998 4875 2077 4921 tot
2112 4866 2247 4920 bella
2277 4880 2394 4919 eum
2425 4861 2722 4917 innumeris
2750 4859 2869 4914 aliis
2898 4860 3247 4920 sustinuerat,
3282 4868 3425 4907 nunc

1857 4976 1975 5017 cum
2024 4962 2137 5028 ipso
2176 4959 2367 5014 bellum
2417 4964 2649 5026 gereret.
2689 4954 2831 5009 Nihil
2878 4956 3130 5006 laeserunt
3164 4948 3420 5002 Basiliam

1853 5052 2117 5121 ejusmodi
2149 5049 2592 5119 reprehensiones
2628 5066 2643 5103 :
2677 5048 2804 5116 quin
2836 5046 2997 5099 etiam
3030 5042 3205 5097 ridere
3237 5039 3421 5099 subiit,

1857 5149 1997 5215 quod
2038 5142 2397 5213 Patropbilus,
2433 5156 2664 5211 quocum
2717 5138 2817 5193 sibi
2862 5136 3151 5191 amicitiam
3195 5141 3271 5186 tot
3312 5134 3427 5183 vin-

1857 5239 1992 5293 culis
2022 5238 2329 5292 adstrictam
2364 5235 2604 5304 putabat,
2635 5232 2841 5287 levibus
2881 5231 2946 5284 de
2982 5228 3162 5283 causis
3206 5228 3256 5279 in
3300 5233 3425 5277 tau-

1858 5342 1966 5386 tum
2007 5340 2275 5398 stuporem
2314 5329 2567 5382 incidisse
2613 5341 2672 5380 se
2712 5326 2937 5378 diceret.
2972 5322 3076 5375 Sed
3105 5320 3226 5390 quia
3268 5332 3426 5371 nemo

1860 5438 2077 5491 prorsus
2100 5431 2235 5486 erat,
2263 5420 2416 5487 cuius
2446 5435 2549 5473 non
2576 5415 3003 5472 communiOnetn
3048 5421 3097 5465 et
3136 5410 3426 5463 amicitiam

1857 5511 2153 5580 perinvitus
2208 5512 2480 5564 amitteret
2529 5506 2789 5568 Basilius;
2850 5500 3071 5569 exponit
3119 5496 3431 5564 Patrophilo

1856 5619 2068 5661 omnem
2118 5620 2267 5660 suam
2315 5606 2382 5662 ab
2419 5604 2626 5676 origine
2665 5601 3053 5658 dissensionem
3087 5611 3207 5651 cum
3243 5593 3429 5648 Eusta-

1938 5808 2007 5881 (ε)
2051 5810 2146 5879 Ep.
2176 5809 2301 5863 ets.
