4214 6482
795 448 956 491 CXLVI

2148 422 2674 485 PROLEGOMENA.

792 550 909 604 thio
940 565 954 602 :
992 549 1323 601 demonstrat
1361 560 1519 614 quam
1570 545 1778 613 injustas
1808 546 2068 601 Eustatbii
2100 544 2347 614 querelae,
2379 551 2426 604 Α
2455 561 2556 597 non
2589 545 2834 615 dignatus
2872 553 2969 611 est,
2998 560 3099 598 non
3127 554 3231 597 tam
3259 551 3489 597 metuens
3525 546 3589 593 ne
3614 552 3679 593 ea:
3704 536 3896 593 litteris
3924 551 4013 589 er-

790 656 951 709 qttam
981 653 1167 708 graves
1202 636 1407 705 injuria:
1440 647 1494 689 et
1520 637 1821 706 calumniae,
1852 654 2011 707 quam
2048 639 2355 691 inconstans

789 748 931 787 nunc
968 733 1066 787 hac
1119 749 1261 787 nunc
1304 733 1390 787 illa
1437 733 1538 788 fide
1583 732 1809 787 tenenda
1849 742 1903 785 et
1946 730 2352 793 subscribenda,

790 840 931 877 nunc
960 824 1044 877 his
1070 840 1211 877 nunc
1242 823 1344 877 illis
1376 825 1615 892 partibus
1642 824 1850 876 tuendis
1877 822 2115 885 animus;
2141 835 2205 873 ac
2236 829 2356 872 tan-

788 915 908 968 dem
945 925 1096 985 rogat
1132 925 1186 969 ut
1231 916 1328 969 sibi
1359 931 1455 985 per
1480 916 1725 969 eumdem
1756 911 2084 983 Strategium
2116 911 2352 981 perscri-

786 1005 897 1071 bat,
946 1017 1125 1061 utrum
1177 1007 1318 1061 idem
1358 1023 1483 1077 erga
1532 1020 1591 1061 se
1640 1016 1966 1074 permaneat,
2004 1022 2072 1059 an
2113 1018 2179 1059 ex
2226 1018 2355 1058 cou-

784 1113 973 1165 gressu
1012 1113 1130 1152 cum
1164 1099 1446 1155 Eustathio
1482 1104 1793 1155 immutatus
1820 1101 1909 1154 sit.

857 1188 1218 1245 Novissimum
1275 1192 1557 1246 Eustathio
1608 1193 1818 1246 facinus
1872 1192 1924 1244 in
1980 1190 2081 1245 hac
2128 1187 2351 1258 epistola

786 1284 864 1348 (η.
909 1283 964 1353 5)
996 1285 1370 1353 exprobratur.
1413 1284 1666 1339 Viderunt
1700 1287 1830 1338 enim
1867 1281 2139 1352 Cyzicum,
2177 1280 2353 1348 inquit

784 1374 863 1444 (tt.
908 1375 986 1445 9),
1036 1386 1081 1428 et
1131 1392 1247 1428 cum
1288 1376 1394 1428 alia
1435 1376 1538 1443 ﬁde
1582 1378 1769 1430 reversi
1809 1386 1948 1429 sunt.
1993 1372 2107 1427 Non
2148 1373 2353 1427 viderat

784 1468 921 1522 hanc
956 1467 1109 1521 fidem
1135 1466 1381 1531 Basilius,
1412 1468 1503 1521 sed
1537 1468 1637 1520 hoc
1673 1475 1877 1520 tantum
1907 1465 2148 1519 audierat
2174 1463 2353 1518 silen-

783 1561 914 1613 tium
958 1558 1400 1613 consubstantiali
1452 1557 1785 1625 impositum,
1835 1556 2011 1608 simile
2058 1555 2349 1609 secundum

780 1648 1069 1703 essentiam
1105 1648 1379 1701 inductum
1424 1646 1607 1698 fuisse.
1640 1643 1768 1697 llaec
1812 1642 2039 1697 formula
2087 1642 2225 1695 inter
2257 1656 2352 1695 va.

780 1742 894 1794 rias
946 1738 1237 1803 formulas,
1291 1737 1486 1807 quibus
1530 1735 1850 1805 subscripsit
1896 1734 2247 1798 Eustathius,
2295 1743 2352 1788 ut

781 1832 1147 1887 recentissima
1195 1831 1396 1901 pariter
1438 1841 1747 1885 recensetur
1800 1830 1851 1883 in
1894 1843 1979 1897 ep.
2023 1826 2150 1891 251,
2193 1843 2249 1881 n.
2292 1825 2348 1879 4.

2453 646 2712 706 gereretur,
2756 652 2908 705 quam
2950 638 3202 689 sollicitus
3233 652 3294 688 ne
3338 650 3431 688 nos
3474 648 3673 685 necesse
3710 630 3917 682 haberet
3953 637 4011 680 ut

2452 731 2713 798 episcopos
2746 729 3009 791 salutare;
3039 731 3125 783 sed
3154 739 3290 782 certe
3316 728 3467 781 verba
3498 735 3643 779 erant
3672 723 4011 786 vehementia,

2451 832 2497 876 et
2546 836 2609 875 ea:
2650 830 2852 889 pectore
2895 822 3115 890 fervente
3155 820 3398 884 prolata;
3443 820 3496 869 in
3537 818 3616 868 nis
3655 815 4003 867 discessimus.

2450 913 2619 966 Antea
2648 926 2753 965 non
2786 922 2892 963 tam
2934 908 3124 963 leniter
3162 922 3285 962 cum
3340 921 3407 961 eo
3442 906 3633 975 agebat
3664 903 3889 957 Basilius
3911 901 4009 973 (ὑ).

2452 1019 2572 1057 cum
2604 1012 2942 1070 quereretur,
2966 1000 3106 1069 quod
3139 1013 3197 1052 se
3223 998 3531 1051 Eustathius
3557 1013 3661 1048 una
3697 1010 3813 1049 cum
3847 988 4013 1046 Theo.

2451 1092 2587 1161 philo
2629 1091 2788 1146 Cilice
2827 1091 2880 1143 in
2922 1089 3349 1159 frequentissimis
3382 1087 3712 1140 conventibus
3748 1086 4014 1140 dilacera-

2453 1192 2553 1235 ret.
2588 1180 2685 1235 Ubi
2720 1182 2869 1235 vitles
2909 1177 3263 1247 The0philum
3294 1190 3392 1232 nec
3424 1176 3643 1229 fratrem
3674 1190 3773 1230 nec
3800 1175 4011 1244 episco-

2451 1285 2576 1340 pum
2607 1270 2878 1337 appellari.

2520 1361 2608 1416 lll.
2651 1361 2782 1415 Cum
2828 1375 3011 1430 parum
3047 1360 3245 1415 Fronto
3277 1358 3630 1427 promovisset
3678 1354 3799 1409 ficta
3848 1363 4010 1409 recta:

2452 1456 2571 1507 fidei
2600 1452 2951 1521 professione,
2986 1454 3037 1505 in
3069 1462 3309 1520 apertum
3343 1449 3601 1515 furorem,
3636 1446 3837 1502 relictis
3871 1456 4013 1499 astu-

2452 1541 2562 1603 tiis,
2600 1541 2792 1606 erupit.
2850 1538 3027 1592 Facta:
3077 1539 3477 1608 magistratibus
3524 1534 3860 1591 contumeliae
3914 1533 4008 1603 (c),

2449 1632 2673 1685 verbera
2711 1630 2928 1693 inflicta,
2959 1634 3100 1683 aedes
3136 1630 3408 1698 expilatze,
3443 1629 3630 1684 civitas
3652 1634 3883 1690 vastata,
3921 1639 4011 1678 sa-

2448 1722 2693 1776 cerdotes
2740 1718 2970 1788 expulsi,
3010 1728 3066 1773 et
3115 1719 3442 1773 irruentibus
3475 1718 3611 1787 lupis
3639 1731 3769 1788 grex
3800 1716 4011 1783 disper-

2448 1829 2557 1868 sus.
2602 1812 2828 1867 Basilius
2868 1811 3101 1880 acceptis
3143 1825 3207 1864 ea
3246 1811 3312 1863 de
3344 1824 3402 1863 re
3435 1809 3628 1863 litteris
3658 1808 4002 1877 presbyteros

778 1921 1047 1978 Iudicatur
1083 1897 1244 1977 etiam
1288 1923 1340 1977 in
1372 1937 1457 1992 ep.
1496 1921 1621 1975 2&6.
1655 1921 1773 1988 Quo
1810 1931 2050 1989 tempore
2086 1919 2137 1973 id
2171 1917 2348 1973 conti-
2381 1902 2419 1957 Β

2381 1902 2419 1957 Β
2450 1919 2564 1957 rutn
2595 1913 2649 1957 et
2677 1904 3101 1971 magistratuum,
3139 1900 3326 1954 tribuit
3362 1911 3547 1953 eorum
3588 1899 3810 1969 tempori
3851 1897 4011 1965 quid-

778 2016 938 2085 gerit,
983 2029 1087 2070 non
1137 2014 1369 2069 declarat
1418 2014 1678 2079 Basilius;
1725 2012 1817 2067 sed
1857 2026 1977 2065 cum
2012 2024 2200 2064 recens
2231 2024 2347 2064 esse

779 2107 978 2162 factum
1027 2107 1228 2160 indicet
1258 2125 1273 2161 :
1310 2120 1451 2159 anno
1478 2104 1603 2168 575,
1633 2104 1879 2157 evenisse
1914 2115 2077 2171 supra
2119 2100 2347 2154 diximus

778 2206 905 2252 ante
937 2199 1223 2252 concilium
1263 2198 1631 2267 Anryranum.

850 2291 912 2345 ll.
955 2289 1280 2359 Theophilus
1307 2289 1601 2345 Castabalte
1629 2288 1681 2343 in
1707 2287 1891 2344 Cilicia
1928 2286 2228 2356 episcopus,
2257 2300 2350 2340 ve-

778 2386 999 2441 hemens
1040 2381 1217 2436 fuerat
1265 2383 1314 2437 in
1361 2398 1523 2437 causa
1572 2382 1835 2436 Eustathii
1882 2378 2111 2444 tuenda;
2147 2381 2199 2431 in
2234 2377 2345 2447 pri-

778 2474 1005 2531 mordiis
1054 2475 1409 2528 dissensionis
1459 2475 1681 2527 miserat
1730 2474 1962 2543 aliquem
2016 2486 2083 2525 ex
2136 2470 2347 2525 clericis

776 2572 912 2633 suis,
941 2567 1031 2639 qui
1070 2565 1265 2621 Basilio
1305 2566 1537 2634 indignis
1562 2566 1732 2619 modis
1769 2563 2161 2619 conviciaretur
2192 2579 2205 2615 :
2247 2576 2348 2615 nec

777 2663 1027 2732 dignatus
1054 2669 1173 2715 erat
1201 2657 1267 2713 ad
1300 2672 1423 2713 eum
1459 2656 1719 2719 scribere,
1753 2670 1821 2708 ne
1858 2654 2165 2724 episcopum
2198 2652 2345 2707 illum

776 2755 1015 2811 salutare
1051 2761 1356 2821 cogeretur.
1384 2750 1575 2804 Postea
1608 2748 1684 2815 (a)
1711 2746 1914 2802 socium
1941 2744 2258 2813 adjunxerat
2288 2758 2347 2798 se

777 2844 1060 2905 Eustathio
1091 2844 1143 2898 in
1178 2841 1379 2898 Basilio
1414 2841 1861 2907 frequentissimis
1901 2839 1955 2895 in
1995 2837 2347 2893 comentibus

772 2937 1141 2996 dilaceranda.
1170 2935 1277 2991 Sed
1315 2944 1492 2989 tamen
1522 2932 1612 2986 tibi
1651 2931 1785 2984 vidit
1810 2945 2027 2985 causam
2061 2943 2211 2983 suam
2244 2926 2346 2983 Ba-

775 3036 954 3092 silium
996 3034 1051 3088 in
1094 3030 1393 3086 clarissima
1444 3026 1562 3081 luce
1604 3033 1658 3078 et
1700 3022 1939 3077 omnium
1978 3022 2149 3077 oculis
2181 3036 2347 3090 expo-

770 3106 927 3192 nere,
982 3139 1135 3179 suam
1182 3136 1324 3182 vero,
1362 3117 1703 3173 Eustathium
1752 3113 1893 3182 turpi
1949 3127 2069 3167 cum
2127 3112 2346 3165 Arianis

773 3216 1151 3281 coniunctione
1190 3211 1450 3283 prodere;
1492 3218 1601 3263 tum
1651 3221 1781 3262 vero
1823 3204 2005 3260 Basilii
2049 3203 2339 3257 amicitiam
2367 3233 2409 3290 ε

776 3310 1088 3378 recolligere
1113 3315 1342 3360 conatus
1369 3311 1487 3364 est,
1524 3299 1603 3353 sic
1630 3310 1805 3351 tamen
1845 3306 1902 3349 ut
1931 3310 2027 3365 pro
2057 3293 2340 3349 Eustatbio

774 3403 993 3473 petiisse
1036 3400 1299 3452 videatur.
1342 3391 1649 3459 Respondet
1695 3389 1743 3444 ei
1790 3387 2022 3442 Basilius
2057 3401 2116 3442 se
2153 3386 2341 3439 amici-

776 3496 904 3546 tiam
938 3490 1079 3543 illius
1108 3486 1285 3554 magni
1316 3494 1528 3547 semper
1558 3478 1772 3541 fecisse,
1806 3492 1906 3531 nec
1945 3477 2013 3533 ab
2048 3492 2135 3541 ea,
2166 3491 2339 3546 qua"-

778 3593 888 3638 tum
936 3581 1003 3636 ad
1062 3577 1229 3632 animi
1285 3571 1625 3627 affectionem
1687 3568 1937 3637 pertinet,
1990 3567 2150 3620 ullum
2198 3567 2336 3622 diem

774 3674 1128 3737 discessisse;
1156 3667 1403 3739 quamvis
1436 3656 1613 3718 multa:
1641 3674 1705 3713 ac
1735 3673 1937 3728 magnae
1978 3656 2177 3711 doloris
2220 3673 2340 3710 cauo

772 3782 848 3821 se
872 3764 1162 3821 acciderint
1190 3778 1205 3814 :
1233 3758 1327 3814 sed
1356 3772 1478 3812 cum
1508 3754 1738 3823 jucunda
1765 3767 1884 3808 cum
1912 3748 2167 3813 molestis,
2198 3748 2339 3801 velut

776 3860 829 3913 in
871 3856 1093 3919 trutina,
1138 3859 1382 3921 poneret,
1417 3848 1536 3917 plus
1569 3845 1708 3914 apud
1737 3859 1795 3897 se
1819 3842 2051 3912 jucunda
2088 3840 2340 3912 ponderis

776 3947 1049 4004 habuisse.
1104 3943 1255 4009 Quod
1312 3947 1522 4009 spectat
1570 3936 1637 3990 ad
1689 3934 2067 3998 Eustathium,
2120 3934 2257 3988 hanc
2308 3949 2337 3987 a

777 4036 1074 4108 Theophila
1115 4034 1325 4089 veniam
1372 4032 1505 4100 petit
1547 4028 1805 4092 Basilius,
1834 4035 1892 4081 ut
1918 4041 2040 4080 cum
2074 4024 2337 4079 Eustathii

773 4130 1079 4189 communio
1111 4139 1323 4195 semper
1361 4122 1464 4177 sibi
1511 4120 1845 4189 optatissima
1880 4115 2064 4180 fuerit,
2104 4117 2336 4185 quandiu

775 4226 823 4279 is
856 4239 886 4277 a
920 4219 1222 4276 sanioribus
1266 4215 1442 4270 stabat
1486 4212 1765 4283 partibus;
1810 4225 1951 4264 nunc
1986 4223 2051 4263 eo
2088 4222 2212 4262 cum
2245 4206 2329 4259 ad-

775 4310 1027 4367 versariis
1057 4308 1228 4377 palam
1266 4315 1320 4360 et
1345 4315 1530 4369 aperte
1566 4302 1873 4371 conjuncto,
1913 4299 2071 4356 liceat
2109 4299 2210 4353 sibi
2261 4300 2342 4351 tti-

774 4407 849 4462 itil
883 4401 1097 4461 veritati
1131 4411 1466 4470 praeponere.

840 4500 1159 4558 Jamdudmn
1209 4493 1502 4562 scripserat
1544 4486 1896 4557 TheOphilus,
1952 4483 2339 4550 molestumque

2448 1996 2573 2062 quid
2604 1995 2656 2048 in
2686 2009 2745 2049 se
2783 1994 2945 2047 situm
2979 2002 3116 2055 erat,
3145 2005 3324 2046 coram
3356 1989 3673 2059 supplicavit
3699 1989 4008 2059 potentibus

2446 2090 2597 2153 viris,
2634 2098 2688 2141 et
2727 2102 2823 2157 per
2863 2087 3072 2141 litteras
3103 2085 3168 2141 iis
3200 2099 3229 2138 a
3263 2084 3458 2154 quibus
3494 2083 3545 2136 in
3588 2082 3705 2135 aula
3744 2081 4007 2148 diligeba-

2448 2189 2557 2247 tur,
2605 2188 2663 2234 ut
2710 2180 2877 2234 rabidi
2919 2179 3150 2234 hominis
3191 2177 3335 2231 furor
3375 2175 3837 2244 comprimeretur.
3870 2172 4004 2227 Cum

2448 2282 2624 2325 autem
2681 2271 3147 2325 animadvertisset
3207 2272 3259 2325 in
3318 2271 3749 2341 presbyterorum
3810 2266 4007 2321 litteris

2446 2366 2681 2419 animum
2729 2365 2870 2418 inter
2916 2373 2992 2418 tot
3031 2378 3296 2417 aerumnas
3342 2362 3539 2416 lassum
3577 2376 3639 2416 ac
3666 2361 3845 2414 minus
3874 2374 4005 2414 con-

2447 2461 2679 2508 stantem
2704 2492 2719 2519 ,
2753 2450 3060 2507 consolatur
3083 2466 3175 2506 eos
3216 2465 3309 2517 spe
3347 2452 3528 2504 auxilii
3566 2467 3594 2503 a
3629 2451 3738 2505 Deo
3770 2449 4006 2512 venturi,

2446 2567 2509 2606 ac
2556 2552 2800 2606 hortatur
2844 2556 2903 2600 ut
2942 2545 3211 2616 precando
3259 2559 3325 2598 ne
3367 2542 3745 2610 defatigentur,
3789 2554 3847 2597 et
3885 2556 4008 2611 qua

2446 2645 2703 2700 hactenus
2737 2640 2914 2697 verbis
2948 2640 3193 2701 docuere,
3225 2651 3285 2690 ea
3324 2648 3465 2688 nunc
3503 2647 3665 2702 opere
3704 2633 4003 2701 perﬁciant.

2448 2736 2707 2791 Similiter
2752 2730 3151 2803 magistratibus
3200 2727 3429 2784 celerem
3480 2740 3510 2780 a
3555 2724 3666 2779 Deo
3692 2723 4001 2777 adfuturam

2444 2845 2597 2901 opem
2627 2826 2924 2897 pollicetur.

2516 2920 2741 2977 Basilius
2784 2933 2892 2988 prae
2933 2929 3144 2972 summo
3190 2928 3290 2969 suo
3340 2908 3701 2979 Amphilocbii
3738 2905 4007 2961 desiderio

2446 3018 2671 3070 moleste
2713 3011 2916 3066 ferebat
2960 3023 3018 3063 se
3059 3018 3165 3061 tam
3196 3006 3353 3074 longe
3396 3003 3463 3057 ab
3500 3016 3564 3055 eo
3601 2997 3866 3070 disjuugi;
3912 2997 4005 3051 sed

2446 3119 2569 3158 cum
2608 3099 2965 3168 Amphilochii
3001 3094 3438 3163 tranquillitatem
3465 3090 3853 3151 consideraret,
3883 3100 4007 3157 gra-

2448 3203 2548 3256 tias
2585 3198 2778 3268 agebat
2809 3193 2937 3256 Deo,
2965 3202 3106 3259 quod
3140 3190 3187 3243 is
3220 3196 3453 3241 remotus
3484 3193 3626 3239 esset
3657 3181 3726 3236 ab
3757 3180 4007 3235 incendio

2441 3289 2832 3363 Cappadociam
2857 3296 2910 3338 et
2933 3282 3137 3334 vicinas
3176 3278 3479 3347 provincias
3510 3282 3775 3336 vastante,
3809 3270 4007 3340 quibus

2440 3386 2657 3461 angelus
2700 3380 2914 3435 Satanae
2952 3372 3149 3429 bellum
3183 3366 3467 3427 inferebat,
3515 3375 3570 3417 ut
3602 3362 3846 3416 haeresim
3882 3376 4008 3430 pro-

2440 3453 2677 3552 pagaret,
2720 3486 2783 3526 ac
2831 3483 2899 3523 ne
2929 3460 3176 3532 sanguini
3204 3458 3419 3528 quidem
3456 3453 3693 3552 fidelium
3724 3454 4003 3521 parcebat.

2439 3541 2574 3624 ἰλιηῖη
2602 3560 2882 3630 Asclepios
2908 3555 3147 3625 quidam,
3171 3564 3235 3603 eo
3260 3546 3399 3616 quod
3427 3541 3859 3599 communionem
3882 3554 4008 3594 cum

2443 3664 2602 3722 Doec,
2642 3657 2693 3710 id
2734 3664 2835 3716 est,
2862 3666 2981 3705 cum
3014 3647 3283 3702 Frontone
3312 3642 3447 3697 inire
3474 3638 3661 3703 nollet,
3691 3637 3760 3692 ab
3791 3634 4008 3691 haereti—

2438 3752 2518 3804 cis
2565 3748 2902 3805 verberatus,
2954 3754 3019 3792 ex
3070 3736 3239 3805 plagis
3280 3734 3506 3789 obierat.
3558 3730 3677 3784 Non
3725 3728 4008 3783 dubitabat

2440 3834 2689 3901 Basilius,
2720 3834 2845 3903 quin
2873 3830 3027 3898 hujus
3058 3828 3133 3882 rei
3157 3828 3298 3879 fama
3332 3828 3398 3881 ad
3431 3824 3860 3894 Amphilochium
3886 3836 4011 3892 per-

2442 3930 2696 3983 venisset.
2729 3923 2933 3978 Cactera
2964 3916 3142 3972 omnia
3167 3914 3293 3967 huic
3326 3912 3550 3966 facinori
3584 3913 4003 3980 respondebant,

2439 4018 2841 4091 persecutiones
2886 4008 3322 4081 presbyterorum
3369 4011 3424 4054 et
3474 4002 3907 4069 magistratuum,
3950 4009 4008 4054 et

2439 4089 2696 4178 quidquid
2746 4104 2814 4157 ab
2867 4099 3177 4155 hominibus
3229 4091 3552 4146 auctoritate
3601 4090 3667 4143 ad
3720 4089 4007 4145 arbitrium

2440 4201 2780 4256 abutentibus
2820 4193 3084 4266 proficisci
3119 4194 3306 4258 pOSsit.

2508 4291 2627 4346 Jatn
2674 4290 2945 4344 absolutus
2972 4292 3089 4338 erat
3130 4282 3265 4334 liber
3291 4279 3367 4333 De
3397 4278 3597 4350 Spiritu
3633 4287 3841 4339 sancto,
3880 4290 4003 4329 cum

2439 4391 2657 4437 sanctus
2700 4374 3109 4447 Amphilochius
3149 4372 3448 4428 Caesaream
3503 4368 3648 4423 venit
3700 4380 3844 4419 anno
3868 4379 4007 4433 pre-

2442 4474 2600 4528 terito
2634 4473 2701 4525 ad
2746 4471 2885 4525 diem
2922 4468 3115 4521 festum
3147 4464 3201 4521 S.
3246 4462 3555 4535 Eupsychii.
3594 4457 3772 4511 Mores
3803 4456 4003 4510 attule-

771 4548 1297 4659 eratv-Basili—onquod
1323 4548 1645 4639 occasiones
1683 4548 1931 4635 deesset-tt
1966 4548 2333 4643 respondendi.
2368 4572 2414 4626 D
2445 4577 2569 4621 runt
2622 4562 2855 4619 librariis
2896 4562 3141 4615 mandata
3189 4551 3587 4659 Antphilu‘chlii,
3636 4550 3726 4620 qui
3775 4564 3912 4659 eum)
3948 4548 4004 4603 in

775 4688 881 4743 Sed
914 4685 1123 4739 tandem
1166 4690 1359 4735 nactus
1405 4674 1760 4743 Strategium,
1799 4667 2072 4725 commisit
2113 4664 2160 4719 ei
2204 4664 2343 4718 hinc

772 4773 1052 4848 epistolam
1092 4786 1215 4827 cum
1259 4764 1600 4837 praecedenti.
1638 4762 1727 4816 Bis
1752 4760 1968 4829 quidem
1996 4754 2145 4811 venit
2191 4750 2341 4807 Stra-

774 4843 966 4939 tegius,
994 4874 1052 4920 ut
1075 4863 1234 4918 modo
1262 4858 1592 4920 videbimus;
1623 4853 1715 4908 sed
1754 4853 1927 4921 primo
1952 4847 2070 4917 ejus
2110 4843 2341 4899 adventu

774 4936 1006 5016 Basilius
1029 4951 1326 5023 Theophilo
1347 4947 1563 5020 scripsit
1597 4965 1612 5001 :
1643 4948 1720 5009 sic
1749 4946 1889 5000 enim
1916 4944 1971 4996 in
2019 4936 2340 5009 praecedenti

771 5051 993 5123 epistola
1038 5049 1103 5103 de
1159 5042 1456 5114 Theophila
1505 5049 1560 5094 et
1613 5038 1848 5103 acceptis
1897 5036 1963 5088 ab
2005 5048 2069 5087 eo
2120 5027 2331 5097 injuriis

772 5120 1005 5214 loquitur
1052 5150 1111 5194 ut
1149 5137 1262 5209 jam
1304 5146 1414 5188 tum
1465 5135 1708 5186 videatur
1737 5126 2064 5194 Theophilus
2108 5121 2172 5174 ad
2216 5120 2331 5186 ejus

771 5210 1201 5291 communionem
1224 5238 1277 5282 et
1297 5224 1586 5281 amicittam
1612 5219 1950 5275 rediisse.Ait
1970 5218 2112 5270 enim
2136 5212 2214 5283 (ιι.
2232 5210 2287 5277 2)
2314 5228 2328 5265 :

770 5327 903 5382 (Iunt
942 5325 1081 5377 omni
1119 5321 1247 5374 mihi
1284 5315 1569 5371 reverentia
1605 5327 1652 5366 et
1698 5312 1893 5364 honore
1936 5310 2121 5377 dignus
2168 5304 2333 5372 frater

773 5416 1084 5486 Theophilus
1113 5429 1216 5466 uno
1250 5422 1314 5463 ex
1351 5409 1429 5461 his
1458 5408 1545 5477 qui
1591 5421 1709 5458 cum
1749 5418 1807 5456 eo
1845 5413 1959 5452 sunt
1986 5400 2165 5462 misso,
2197 5409 2327 5447 non-

772 5512 915 5563 nulla
957 5504 1291 5565 declarasset,
1333 5515 1447 5570 quia
1496 5512 1584 5550 nec
1632 5495 1730 5549 sibi
1782 5491 2025 5545 indecora
2066 5488 2231 5548 dictu,
2281 5496 2329 5539 et

771 5600 915 5655 nobis
948 5599 1133 5653 auditu
1157 5590 1490 5662 congruentia
1523 5603 1631 5643 esse
1657 5586 1911 5647 ducebat;
1937 5581 2160 5636 scribere
2191 5578 2328 5632 enim

849 5802 920 5865 (rt)
959 5800 1054 5866 Ep.
1081 5798 1201 5851 130.

852 5869 923 5935 ιδ)
962 5868 1057 5935 Ep.
1080 5866 1204 5921 578.
1236 5882 1289 5918 η.
1320 5867 1369 5917 l.

2443 4652 2769 4711 membranis
2815 4652 3137 4721 descriptum
3181 4647 3371 4702 voluit.
3423 4642 3534 4697 Sub
3570 4643 3728 4696 linem
3761 4640 4002 4711 ejusdem

2440 4749 2565 4803 anni
2626 4743 2893 4815 promittit
2939 4759 2999 4799 se
3051 4744 3339 4799 missurum
3389 4736 3515 4791 illud
3538 4750 3693 4805 opus,
3748 4734 3792 4787 si
3841 4745 4004 4801 quem

2438 4839 2689 4893 idoneum
2746 4836 3000 4899 inveniat,
3062 4834 3149 4888 cui
3204 4827 3581 4899 perferendum
3605 4824 3999 4881 committatur.

2440 4927 2611 4998 Hujus
2645 4930 2787 4983 enim
2823 4928 3089 4983 cautionis
3127 4922 3500 4979 necessitatem
3530 4918 3788 4973 afferebat
3821 4928 4006 4984 perse-

2435 5025 2599 5079 cutio.
2646 5021 2779 5076 Cum
2828 5022 3093 5075 neminem
3144 5016 3409 5085 ejusmodi
3459 5014 3715 5067 hactenus
3761 5008 3999 5062 invenis-

2435 5123 2552 5177 set,
2600 5124 2766 5181 rogat‘
2796 5109 3229 5178 Amphilochium
3277 5108 3330 5161 itt
3380 5107 3481 5160 hac
3518 5101 3740 5171 epistola
3783 5098 3915 5162 248.
3944 5106 4004 5152 ut

2436 5207 2478 5261 si
2518 5219 2675 5272 quem
2708 5205 2822 5273 ipse
2851 5205 3100 5272 reperiat,
3138 5215 3271 5268 opus
3302 5206 3562 5252 accersat.
3597 5192 3821 5247 Nolebat
3852 5193 4002 5245 enim

2437 5297 2661 5351 Basilius
2699 5296 2825 5349 illttd
2872 5295 3142 5347 hominum
3179 5292 3397 5363 judiciis
3437 5286 3801 5349 committere,
3849 5294 4004 5337 ante-

2434 5404 2592 5458 quam
2626 5386 3001 5454 Ampbilochio
3027 5384 3311 5453 probatum
3349 5378 3555 5434 fuisset.

2505 5482 2747 5551 Sequens
2788 5479 3031 5551 epistola,
3084 5491 3202 5547 quae
3248 5472 3596 5542 inscriptione
3639 5479 3813 5533 caret,
3858 5466 4003 5519 inter

2435 5577 2534 5633 bos
2574 5572 2831 5628 tumultus
2877 5572 3090 5625 videtur
3134 5568 3360 5637 scripta.
3407 5562 3544 5619 Num
3588 5576 3712 5617 cum
3764 5560 4001 5628 aliquem

2511 5783 2582 5850 (ο)
2624 5782 2717 5850 Ep.
2749 5780 2874 5833 ΞΠ.
