4214 6494
1542 428 1694 484 νιτΑ
1737 431 1797 483 S.
1838 431 2103 487 BASILII.

3231 454 3409 492 ειιγιι

195 543 301 597 τίπτε
330 544 642 597 monastica‘.
673 542 927 611 cupidum
954 539 1238 609 praeposito
1270 544 1583 597 monasterii
1605 560 1752 599 com-
1779 551 1826 607 Α
1853 554 1991 608 rent,
2046 559 2110 597 ac
2164 542 2411 611 exiguam
2462 558 2583 598 esse
2632 552 2839 612 partem
2884 543 3251 607 considerent,
3301 561 3421 611 quae

195 636 479 694 mendaret,
513 630 779 699 prteclare
806 649 927 687 cum
961 647 1025 685 eo
1059 632 1171 685 viro
1198 634 1280 701 agi
1310 634 1603 700 existimat,
1647 653 1751 691 non

192 725 351 778 solum
384 724 528 789 quod
559 721 761 777 bonum
789 723 889 777 sibi
910 722 975 775 ad
1004 720 1236 775 futuram
1277 725 1437 777 vitam
1472 725 1751 788 viaticum,

192 816 375 869 bonum
407 828 535 867 cum
577 815 884 868 hominibus
916 812 1197 867 Dominum
1231 815 1543 868 timentibus
1567 818 1753 869 convi-

192 917 326 958 ctum
374 904 559 976 eligat,
605 908 697 961 sed
734 906 893 958 etiam
931 906 1069 975 quod
1118 907 1278 968 hisce,
1322 904 1513 973 inquit,
1563 907 1752 960 nostris

192 996 493 1051 tumultibus
529 999 807 1052 liberetur.

254 1087 341 1142 1V.
386 1090 708 1159 Superiores
736 1088 917 1145 Basilii
948 1092 1014 1145 ad
1045 1090 1409 1157 Patrophilum
1442 1091 1628 1147 littera:
1664 1106 1751 1145 ce-

190 1179 351 1235 lerem
394 1182 804 1249 responsionem
854 1184 1214 1238 merebantur.
1266 1180 1573 1254 Rogabatur
1608 1186 1749 1239 enim

193 1272 550 1342 Patmphilus,
582 1284 638 1325 nt
668 1276 830 1329 misso
861 1276 1053 1327 iterum
1085 1273 1351 1346 Strategio
1383 1280 1747 1347 responderet,

190 1374 364 1418 utrum
394 1366 446 1416 iu
474 1363 654 1417 Basilii
688 1375 928 1419 maneret
959 1368 1355 1431 communione,
1385 1384 1450 1423 an
1490 1378 1655 1422 tottnn
1694 1384 1750 1422 se

190 1455 450 1508 Eustathii
504 1459 744 1525 partibus
796 1456 1107 1510 addixisset.
1150 1456 1354 1514 Tardus
1402 1460 1501 1513 fuit
1550 1462 1615 1513 ad
1666 1476 1752 1515 re-

189 1548 555 1614 spondendum
581 1547 865 1617 [Egeensis
887 1554 1187 1620 episcopus.
1214 1551 1474 1614 Tandem,
1504 1552 1589 1605 ubi
1620 1554 1750 1609 satis

188 1638 519 1693 deliberasse
561 1639 662 1691 sibi
700 1639 843 1693 visus
880 1652 980 1709 est,
1017 1660 1112 1713 per
1142 1646 1385 1698 eumdem
1426 1644 1748 1713 Strategium

187 1733 400 1801 scripsit
440 1747 499 1784 se
534 1732 781 1787 eumdem
821 1748 938 1788 esse
974 1748 1097 1803 erga
1124 1735 1403 1797 Basilium,
1434 1735 1523 1802 qui
1568 1736 1748 1788 bacte-

188 1844 282 1883 nus
325 1827 526 1893 fuerat,
558 1828 629 1881 ita
659 1839 833 1881 tamen
877 1841 933 1882 ut
961 1845 990 1882 a
1025 1844 1117 1883 sua
1156 1830 1206 1881 in
1236 1826 1577 1883 Eustathium
1626 1845 1751 1900 pro-

1855 637 2042 691 morbo
2071 634 2293 689 haeresis
2317 632 2543 697 laborat,
2572 636 2829 704 reliquam
2866 648 2995 687 vero
3033 633 3329 689 Ecclesiam
3366 637 3417 688 in

1854 742 1983 782 sana
2017 740 2072 783 et
2108 731 2418 794 incorrupta
2452 727 2695 781 doctrina
2732 728 2957 783 versari.

1928 819 2182 873 Numerat
2214 816 2443 871 Basilius
2472 816 2630 889 (11.2)
2670 832 2837 873 annos
2874 821 3057 874 decem
3102 826 3156 872 et
3201 826 3406 883 septem

1856 928 1959 967 non
1990 922 2209 967 exactos
2239 927 2268 965 a
2304 912 2535 965 concilio
2573 910 3183 980 Constantinopolitano,
3224 912 3275 966 in
3305 926 3415 980 quo

1854 1004 2125 1073 depositus
2159 1015 2242 1059 est
2279 1003 2591 1057 Eustathius
2628 1018 2769 1055 anno
2798 1000 2901 1055 560
2930 1004 3165 1059 ineunte.
3195 1006 3269 1059 Ex
3297 1019 3406 1073 quo

1855 1105 2000 1165 patet
2028 1094 2167 1148 hanc
2196 1094 2475 1163 epistolam
2521 1084 2661 1146 anno
2692 1093 2796 1146 576
2825 1093 3079 1162 scriptam
3114 1111 3255 1150 csse.
3298 1097 3405 1151 Sed

1855 1203 1975 1240 cum
2013 1186 2389 1241 Tillemontius
2423 1188 2653 1239 Arianos
2697 1187 2972 1239 existimet
3006 1202 3036 1241 e
3073 1185 3281 1240 Galatia
3323 1204 3412 1241 ac-

1852 1278 2080 1333 cersitos
2118 1278 2184 1330 ab
2211 1277 2491 1331 Eustathio
2525 1275 2691 1328 fuisse
2724 1292 2867 1329 anno
2896 1276 3020 1342 576,
3058 1277 3108 1330 in
3137 1277 3315 1329 varias
3357 1290 3417 1330 se

1853 1367 2070 1435 conjicit
2106 1368 2380 1437 ambages,
2416 1378 2473 1420 ut
2508 1368 2741 1436 explicet
2786 1366 2930 1434 quod
2978 1368 3053 1419 ait
3082 1367 3332 1430 Basilius,
3365 1366 3418 1420 id

1856 1462 2051 1515 factum
2102 1477 2237 1514 anno
2282 1460 2549 1526 prwterito
2613 1459 2797 1517 fuisse.
2848 1458 3172 1528 Suspicatur
3220 1460 3415 1514 Orien-

1855 1554 1988 1608 tales
2026 1567 2224 1604 anuum
2272 1551 2509 1618 incipere
2552 1549 2724 1603 solere
2769 1566 2797 1603 a
2841 1564 3023 1603 mense
3072 1550 3413 1618 Septembri,

1853 1661 1916 1699 ac
1944 1642 2185 1715 proinde,
2218 1643 2262 1697 si
2299 1644 2411 1697 haec
2440 1644 2663 1712 epistola
2705 1642 2979 1708 rejiciatur
3005 1649 3125 1711 post
3175 1655 3412 1693 mensem

1856 1735 2259 1805 Septembrem,
2309 1733 2561 1788 Basilium
2610 1732 2663 1786 id
2714 1733 2981 1801 praeterito
3026 1747 3167 1785 anno
3215 1731 3415 1785 factum

1855 1830 2032 1882 dicere
2067 1828 2321 1897 potuisse,
2347 1828 2486 1894 quod
2517 1840 2679 1880 verno
2716 1833 2955 1892 tempore
2985 1825 3108 1875 anni
3153 1822 3257 1875 576
3289 1836 3413 1875 eve-

187 1922 441 1988 pensione
493 1934 598 1973 non
648 1920 870 1973 multum
909 1922 1229 1985 discederet,
1261 1936 1323 1975 ac
1352 1920 1529 1975 Basilii
1570 1924 1621 1976 in
1660 1924 1750 1976 de-
1781 1926 1824 1981 B
1854 1930 2027 1976 uerat.
2063 1918 2321 1986 Quamvis
2351 1928 2528 1971 autem
2576 1917 2986 1987 probaverimus
3020 1917 3077 1969 in
3118 1915 3294 1984 Capite
3346 1913 3416 1965 56

186 2013 737 2083 neganda-Eustatbio
767 2015 1141 2068 communione
1171 2016 1528 2070 constantiam
1577 2016 1753 2069 minus

186 2105 459 2174 probaret.

249 2196 473 2254 Gratias
516 2200 628 2269 agit
668 2198 900 2255 Basilius
940 2201 1079 2268 quod
1114 2199 1253 2254 idem
1282 2214 1407 2269 erga
1443 2215 1503 2255 se
1536 2215 1747 2269 perma-

185 2301 322 2341 neat.
362 2290 469 2343 Sed
516 2291 581 2342 iis
613 2290 854 2351 omissis,
877 2305 993 2356 quae
1029 2290 1094 2342 de
1121 2288 1395 2342 Eustathio
1423 2290 1753 2343 disseruerat

186 2375 547 2445 Patrophilus,
607 2377 807 2431 factum
858 2393 1012 2430 suum
1072 2378 1173 2430 hoc
1216 2392 1324 2431 uno
1367 2379 1589 2432 rationis
1637 2395 1752 2435 mo-

186 2477 367 2520 mento
389 2466 654 2533 defendit,
680 2467 823 2535 quod
848 2482 967 2521 cum
993 2466 1305 2522 Eustathius
1328 2468 1501 2537 palam
1528 2479 1580 2522 et
1606 2484 1754 2537 aper-

186 2569 236 2612 te
279 2559 766 2612 commuuicaverit
800 2573 920 2614 cum
964 2558 1190 2623 Galatis,
1232 2561 1323 2629 qui
1368 2561 1434 2614 al)
1465 2561 1751 2629 insignium

183 2650 507 2703 Arianorum
562 2652 803 2721 partibus
846 2652 1081 2716 stabant,
1121 2652 1164 2707 si
1205 2666 1327 2705 cum
1372 2655 1630 2720 ejusmodi
1659 2656 1754 2707 ho-

183 2742 418 2797 minibus
441 2745 843 2798 communicare
884 2745 1067 2807 liceat.
1100 2746 1261 2798 etiam
1290 2760 1409 2799 cum
1438 2761 1623 2799 eorum
1654 2746 1753 2799 du-

182 2833 333 2885 cibus
355 2843 409 2887 et
439 2836 714 2903 magistris
743 2835 926 2898 liceat,
954 2850 1183 2905 quorum
1209 2844 1386 2891 tamen
1415 2838 1753 2892 communio-

183 2938 303 2974 nem
334 2921 573 2992 fugiebat
607 2924 969 2993 Patrophilus.

260 3015 573 3070 Evaeseuam
602 3016 922 3079 Ecclesiam,
964 3032 1083 3086 qua!
1115 3019 1287 3073 vicina
1329 3029 1447 3075 erat
1470 3018 1749 3083 Cazsareae,

182 3109 316 3163 nihil
348 3109 559 3162 laserat
584 3116 880 3175 temporum
906 3107 1213 3171 diﬂicultas,
1256 3110 1305 3163 id
1343 3112 1483 3178 quod
1523 3114 1753 3165 maxime

183 3217 365 3253 rarum
398 3210 522 3253 erat
565 3209 619 3255 et.
660 3200 876 3254 inventu
912 3200 1123 3254 dillicile
1159 3217 1171 3253 :
1212 3200 1417 3269 integra
1453 3212 1571 3255 erat
1614 3201 1751 3271 apud

179 3308 274 3346 eos
313 3302 368 3345 et
410 3293 610 3345 intacta
653 3294 783 3346 fides
818 3293 1141 3361 apostolica;
1186 3309 1250 3348 ac
1295 3310 1449 3349 suum
1510 3295 1753 3349 veritatis

182 3399 421 3439 amorem
457 3386 676 3454 egregie
721 3385 1086 3449 declararunt,
1122 3401 1247 3439 cum
1282 3396 1520 3442 structas
1558 3387 1753 3441 Basilio

180 3477 482 3532 calumnias
509 3477 563 3528 in
600 3476 969 3529 mentientium
997 3478 1170 3545 capita
1202 3478 1521 3544 rejecerunt.
1554 3478 1755 3533 Prteter

180 3568 410 3631 libellos,
443 3566 637 3635 quibus
665 3565 919 3620 Basiliam
952 3566 1261 3621 EuStathius
1295 3576 1419 3621 ante
1446 3578 1558 3622 tres
1584 3584 1754 3624 annos

182 3663 535 3723 laceraverat,
580 3659 788 3712 videtur
839 3660 1122 3713 recentiori
1166 3660 1361 3713 astutia
1420 3660 1501 3713 vel
1556 3675 1651 3729 per
1696 3676 1755 3715 se

180 3752 311 3821 ipse.
360 3750 445 3806 vel
494 3766 591 3821 per
626 3750 935 3806 emissarios
972 3766 1099 3807 suos
1135 3753 1461 3821 persuadere
1485 3752 1753 3807 Evrcsenis

179 3846 413 3898 voluisse
454 3848 529 3912 (η.
585 3843 662 3908 4),
707 3844 947 3898 ordinem
996 3856 1197 3899 sancta:
1245 3844 1525 3900 Trinitatis
1573 3862 1602 3900 a
1655 3846 1751 3899 Ba-

178 3935 298 3987 silio
346 3934 645 3998 immutari,
689 3948 753 3989 ac
802 3932 1061 4003 Spiritum
1115 3934 1263 3989 Patri
1314 3945 1370 3991 et
1426 3936 1562 3991 Filio
1612 3952 1749 4006 prae-

178 4028 323 4097 poni.

252 4119 575 4173 Persuasum
606 4117 767 4172 habet
797 4116 1027 4172 Basilius
1054 4134 1299 4189 magnam
1325 4116 1440 4173 fore
1469 4118 1751 4174 Euseno-

178 4228 295 4264 rnm
321 4211 650 4273 mercedem,
680 4212 822 4279 quod
847 4210 1131 4263 calunmiis
1160 4210 1360 4264 aditum
1388 4212 1439 4264 iu
1469 4212 1627 4264 corda
1655 4228 1748 4265 sua

179 4319 281 4355 non
325 4301 575 4357 dederint
620 4319 636 4356 :
682 4316 881 4369 eosque
917 4303 1121 4365 laudat,
1160 4302 1300 4370 quod
1348 4301 1601 4371 praeclare
1634 4304 1750 4355 ani-

178 4395 586 4459 madverterint,
602 4394 933 4463 iniquitatem
961 4400 1015 4447 et
1040 4393 1448 4447 inconstantiam
1464 4394 1748 4461 Eustatbii,

179 4490 266 4554 qui
294 4503 418 4542 cum
460 4484 691 4538 Niceros:
727 4484 848 4537 fidei
880 4482 1293 4551 subscripsissct
1327 4482 1531 4550 Romae,
1565 4497 1747 4555 postea

1854 2015 2115 2069 Eustathii
2170 2012 2605 2083 coniunctionem
2660 2026 2783 2065 cum
2838 2010 3053 2064 Arianis
3118 2024 3258 2063 anno
3311 2008 3415 2062 575

1853 2117 1978 2161 ante
2010 2108 2196 2161 Natale
2227 2106 2434 2161 Domini
2466 2105 2715 2159 evenisse
2737 2143 2752 2168 ,
2792 2105 2907 2158 haec
2956 2114 3134 2157 tamen
3174 2104 3239 2157 ad
3270 2103 3418 2157 Eva:-

1852 2214 2011 2254 senos
2054 2199 2279 2267 epistola
2314 2207 2433 2267 post
2474 2197 2849 2267 Septembrem
2899 2194 3193 2263 rejicienda
3245 2205 3410 2256 esset,

1852 2294 1895 2347 si
1930 2290 2294 2360 Cappadoces,
2329 2300 2385 2341 ut
2419 2290 2696 2343 existimat
2740 2288 3123 2343 Tillemontius
3148 2326 3163 2350 ,
3214 2300 3412 2341 annum

1852 2386 2203 2454 increpissent
2250 2398 2281 2436 a
2349 2396 2538 2436 mense
2573 2380 2896 2449 Septembri.
2940 2380 3045 2433 Sed
3079 2381 3193 2434 haec
3234 2377 3416 2446 opinio

1855 2492 1957 2529 non
1992 2477 2201 2545 magnis
2238 2474 2429 2528 nititur
2458 2471 2763 2531 momentis,
2795 2470 3054 2539 longeque
3079 2469 3414 2539 probabilius

1853 2573 1934 2617 est
1970 2565 2180 2618 initium
2213 2564 2341 2617 anni
2380 2563 2521 2631 apud
2564 2562 2909 2631 Cappadoces
2948 2576 2975 2612 a
3008 2574 3190 2614 mense
3224 2558 3415 2613 Martio

1855 2655 2140 2723 repetitum
2193 2653 2378 2707 fuisse.
2422 2653 2559 2707 Nam
2599 2652 2838 2707 Basilius
2878 2653 2930 2705 in
2975 2652 3131 2723 epist.
3169 2652 3258 2715 69,
3296 2666 3417 2721 qua

1853 2744 2010 2800 citius
2040 2758 2222 2799 mense
2260 2743 2567 2813 Septembri
2605 2744 2763 2797 scribi
2800 2758 2904 2796 non
2949 2746 3139 2813 potuit,
3169 2754 3413 2799 sanctqu

1852 2834 2205 2887 Athanasium
2250 2840 2419 2902 rogat,
2449 2822 2863 2887 ut’DorOtheum
2894 2834 2960 2887 ad
2994 2836 3220 2903 primam
3262 2836 3415 2888 navi-

1852 2926 2121 2994 gationem
2167 2925 2434 2986 dimittat.
2482 2934 2537 2977 ut
2567 2926 2751 2978 saltent
2800 2928 2988 2993 possit,
3037 2926 3237 2995 inquit,
3276 2942 3415 2979 anno

1852 3020 2080 3089 sequenti
2121 3018 2321 3087 aliquid
2369 3018 2483 3085 ﬁeri
2525 3034 2703 3072 eorum
2748 3035 2865 3089 qua:
2919 3035 3213 3086 precamur.
3252 3018 3414 3073 Plana

1853 3119 1939 3161 est
1972 3118 2026 3161 et
2063 3120 2244 3177 aperta
2280 3111 2392 3162 hate
2422 3110 2614 3173 oratio,
2647 3110 2690 3161 si
2723 3112 2845 3161 anui
2881 3109 3091 3161 initium
3128 3120 3242 3164 erat
3273 3110 3414 3177 apud

1854 3200 2199 3269 Cappadoces
2254 3202 2451 3253 mensis
2504 3200 2763 3264 Martius;
2807 3200 2899 3254 sed
2946 3201 2991 3254 si
3044 3200 3412 3270 Septembris.

1856 3290 2125 3361 quomodo
2174 3290 2404 3345 Basilius
2449 3292 2604 3345 initio
2645 3292 2770 3345 anni
2818 3292 3080 3357 scribens,
3128 3306 3231 3345 non
3282 3294 3417 3345 satis

1854 3396 2135 3451 superesse
2164 3382 2525 3435 existimasset
2573 3384 2865 3448 temporis,
2922 3382 3159 3449 satisque
3200 3381 3415 3435 habuis-

1853 3483 1955 3537 set,
1986 3476 2029 3529 si
2071 3474 2260 3528 saltem
2312 3487 2453 3526 anuo
2489 3472 2732 3542 sequenti
2781 3481 3028 3541 suscepta
3070 3472 3294 3527 consilia
3344 3470 3412 3524 ad

1853 3567 2055 3619 exitum
2092 3567 2509 3635 perducerentur
2535 3564 2557 3618 2

1924 3658 2212 3712 Existimat
2254 3656 2733 3727 Tillemoutius(a)
2767 3656 3068 3710 orationem
3121 3654 3306 3709 Basilii
3359 3654 3413 3709 in

1854 3759 2099 3803 sanctum
2132 3748 2453 3801 Mamautem
2477 3749 2649 3817 primo
2686 3748 2811 3801 anni
2839 3748 2922 3801 die
2952 3748 3185 3801 habitam
3212 3746 3411 3811 fuisse;

1851 3850 1908 3893 et
1956 3854 2076 3893 cum
2131 3838 2187 3893 S.
2233 3840 2485 3909 martyris
2534 3838 2733 3893 festum
2782 3840 2920 3909 apud
2958 3838 3176 3894 Graecos
3229 3853 3415 3893 mense

1855 3931 2157 3999 Septembri
2210 3931 2527 3995 celebretur,
2576 3932 2788 3985 initium
2842 3932 2967 3985 anni
3014 3932 3155 4000 apud
3203 3930 3413 3999 Cappa-

1852 4022 2011 4077 doces
2038 4039 2067 4075 a
2102 4024 2275 4092 primo
2315 4022 2648 4092 Septembris
2678 4022 2763 4076 die
2806 4022 3017 4089 repetit.
3060 4021 3167 4076 Sed
3210 4021 3409 4076 festum

1852 4111 1909 4167 S.
1954 4113 2239 4168 Mamantis
2288 4114 2524 4167 secundo
2553 4112 2887 4182 Septembris
2928 4112 3032 4175 die.
3077 4128 3179 4166 non
3214 4113 3411 4181 primo,

1850 4206 1987 4272 apud
2039 4203 2254 4258 Graecos
2286 4203 2613 4269 celebratur,
2648 4203 2965 4273 vigebatque
3014 4204 3129 4258 haec
3176 4219 3407 4258 consue-

1850 4297 1976 4351 tudo
1994 4296 2479 4363 Coustautinopoli,
2509 4306 2567 4349 ut
2590 4292 3249 4360 observatTillemontius,
3280 4304 3411 4349 tem-

1850 4402 1980 4457 pore
2006 4386 2202 4441 Leonis
2234 4386 2479 4443 Thracis.
2512 4388 2710 4441 Deinde
2748 4402 2875 4440 vero
2901 4385 3081 4441 Basilii
3110 4389 3272 4442 verba
3305 4404 3409 4442 non

1851 4479 1929 4533 sic
1972 4479 2140 4548 accipi
2182 4479 2412 4544 debent,
2460 4480 2611 4547 quasi
2662 4479 2778 4534 dies
2824 4478 2995 4534 festus
3032 4479 3089 4534 S.
3129 4478 3414 4536 Hamantis

178 4578 376 4634 Basilio
422 4576 622 4631 bellum
664 4575 842 4629 intulit
874 4591 939 4629 eo
964 4576 1127 4644 quod,
1158 4574 1323 4642 ipsius
1354 4578 1543 4644 petitu,
1575 4578 1747 4631 eidem
1785 4596 1827 4651 ο
1853 4573 2027 4639 Primo
2072 4571 2196 4623 anui
2232 4570 2408 4624 civilis
2453 4572 2539 4625 die
2588 4570 2982 4636 celebraretur;
3029 4570 3121 4625 sed
3168 4586 3291 4623 cum
3346 4571 3412 4623 atl

179 4670 421 4725 formula
438 4670 631 4722 iterum
650 4666 1051 4735 subscripsisset
1068 4684 1083 4734 ;
1100 4678 1153 4721 et
1179 4682 1299 4720 cum
1316 4668 1540 4723 Arianos
1560 4684 1752 4737 negas-

178 4773 260 4817 set
281 4766 572 4831 episcopos
596 4774 735 4822 esse,
776 4776 917 4814 nunc
945 4760 1009 4813 iis
1038 4760 1305 4829 supplicat
1334 4775 1471 4830 quos
1502 4761 1576 4814 illi
1606 4763 1750 4815 ordi-

178 4868 412 4918 navere;
454 4862 509 4905 et
547 4866 667 4905 cum
708 4850 965 4905 violenter
995 4853 1319 4921 exagitassel
1352 4866 1466 4917 eos,
1500 4855 1589 4923 qui
1624 4869 1745 4908 cum

177 4946 392 4997 Arianis
434 4942 926 5004 communicabaut,
970 4956 1108 4995 nunc
1148 4943 1470 4997 Arianorum
1507 4958 1744 4997 commu-

179 5038 393 5090 nionem
438 5034 796 5103 persequitur.
850 5032 1069 5087 Fatetur
1114 5034 1341 5091 Basihus
1383 5036 1635 5089 humilem
1683 5050 1742 5089 se

176 5140 295 5179 esse
333 5135 387 5177 et
431 5138 673 5193 parvum,
718 5126 809 5176 sed
858 5131 1035 5175 tamen
1065 5125 1311 5179 eumdem
1349 5140 1561 5191 semper
1598 5139 1737 5187 esse.

180 5230 275 5268 nec
296 5227 537 5281 unquam
564 5226 686 5264 cum
716 5212 873 5267 rebus
899 5210 1259 5266 immutatum:
1277 5212 1391 5265 Non
1416 5215 1573 5266 aliam
1602 5215 1739 5281 apud

179 5320 238 5359 se
295 5305 455 5357 (idem
512 5314 638 5355 esse
685 5298 971 5366 Seleuciae,
1035 5302 1194 5354 aliam
1247 5299 1741 5371 Conslanlitmpoli,

179 5396 332 5449 aliam
364 5393 507 5448 Zelis
528 5401 582 5445 et
610 5390 890 5459 Lampsaci
920 5392 1103 5458 aliam,
1130 5404 1182 5446 et
1211 5390 1395 5444 Romae
1432 5391 1613 5453 aliam,
1646 5406 1743 5447 nec

182 5506 321 5545 nunc
378 5503 575 5544 novam
629 5483 972 5540 circumferri
1026 5499 1056 5539 a
1119 5482 1394 5553 prioribus
1451 5482 1739 5535 diversam.

186 5584 432 5639 Hortatur
464 5583 775 5645 Evasenos,
806 5586 863 5632 ut
907 5579 960 5634 in
1001 5578 1102 5633 fide
1144 5587 1455 5634 constanter
1496 5590 1743 5647 perseve-

250 5769 319 5843 (α)
361 5771 516 5826 Tom.
542 5766 634 5830 IV,
674 5780 723 5831 ρ.
752 5762 877 5818 558-

1858 4661 1999 4713 hunc
2042 4661 2183 4714 diem
2234 4676 2421 4729 magna
2464 4661 2736 4715 hominum
2788 4660 3073 4714 multitudo
3118 4662 3414 4729 quotannis

1855 4745 2143 4801 conﬂueret
2170 4788 2185 4812 ,
2222 4757 2338 4802 erat
2385 4749 2470 4803 ille
2501 4750 2614 4804 dies
2650 4759 2703 4803 et
2744 4750 2998 4815 praeteriti
3030 4750 3155 4803 anni
3201 4750 3322 4804 fluis
3360 4760 3416 4804 et

1852 4840 1972 4891 novi
2003 4838 2397 4906 quodammodo
2446 4839 2675 4891 initium.
2721 4837 2811 4891 Sic
2857 4836 3088 4905 loquitur
3135 4837 3411 4893 Basilius:

1862 4928 1918 4981 '0
1968 4928 2025 4982 δὲ
2072 4927 2423 4999 περιαγαγὼν
2482 4929 2637 4998 ἡμῶν
2683 4928 2778 4998 τὴν
2831 4930 3134 5001 πανήγυριν
3187 4930 3412 5000 ταύτην,

1850 5020 1942 5072 καὶ
1970 5019 2141 5090 πέρας
2174 5019 2295 5080 δοὺς
2324 5021 2443 5080 ταῖς
2470 5020 2781 5089 περυσιναῖς
2809 5018 3009 5087 εὐχαῖς,
3041 5019 3133 5071 καὶ
3173 5020 3415 5089 κεφαλὴν

1847 5112 1969 5173 δςὺς
2008 5111 2086 5181 τῷ
2120 5112 2323 5162 ἐπιόντι
2370 5110 2545 5181 χρόνῳ
2592 5111 2656 5180 (ἡ
2690 5110 2796 5180 γὰρ
2837 5111 2973 5181 αὑτὴ
3019 5112 3198 5181 ἡμέρα
3241 5112 3412 5183 ὁρίζει

1848 5205 1977 5274 ἡμῖν
2012 5205 2101 5256 τὸν
2150 5202 2482 5275 παρελθόντα
2520 5202 2736 5266 κύκλον,
2791 5204 2885 5255 καὶ
2936 5204 3141 5274 κεφαλὴ
3203 5204 3413 5271 γίνεται

1847 5296 2008 5349 πάλιν
2048 5295 2124 5365 τῷ
2171 5295 2553 5366 ὲπερχομέμῳ)
2727 5295 3098 5364 διαφυλάξειεν
3149 5296 3295 5367 ἡμᾶς
3356 5298 3412 5348 ἐν

1846 5387 1992 5458 αὑτῷ
2018 5388 2292 5450 ἁόλαδείς.
2330 5386 2433 5452 Qui
2468 5402 2582 5440 vero
2619 5388 2751 5439 hanc
2783 5398 3015 5441 nostrum
3057 5386 3410 5439 celebritatem

1846 5482 2079 5543 reduxit,
2105 5490 2150 5533 et
2181 5480 2431 5549 prazteriti
2461 5479 2586 5531 anni
2617 5479 2745 5531 vatis
2777 5477 2936 5545 linem
2972 5478 3116 5529 dedit
3150 5486 3201 5530 et
3228 5493 3411 5530 succe-

1846 5571 1990 5625 denti
2019 5572 2236 5640 tempori
2264 5571 2473 5624 im’tium
2504 5570 2726 5641 largitus
2770 5580 2843 5625 est
2886 5570 3089 5639 (eadem
3129 5569 3263 5622 enim
3301 5570 3413 5622 dies
