4214 6490
1593 442 1751 499 V’lTA
1792 443 1853 498 S.
1893 441 2162 497 BASILII.

3306 454 3463 495 ςιιις

224 560 383 631 cnris_
402 557 629 629 dignum
666 558 986 627 judicabat,
1030 568 1085 615 ut
1129 559 1450 615 dissidentes
1487 559 1797 615 Catholicos
1827 572 1871 622 Α
1900 558 2308 612 sollicitudinem
2334 556 2413 610 ln's
2440 557 2502 609 de
2524 558 2674 611 rebus
2701 565 3035 625 susceperat,
3070 562 3250 625 atque,
3277 563 3334 607 ut
3358 556 3471 623 ipse

225 650 585 707 Antiochenos
639 652 709 706 ad
764 653 1109 707 concordiam
1163 651 1507 706 adduceret:
1564 665 1789 720 quorum

221 745 281 797 de
316 743 543 797 dissidio
601 743 685 798 sic
728 740 1047 811 loquebatur
1084 742 1436 811 Epiphanius,
1487 751 1543 796 ut
1573 756 1793 796 necesse

218 848 337 888 esse
380 842 655 887 statueret
705 841 816 887 tres
873 834 1190 903 hyposmses
1235 832 1500 888 conﬁteri.
1554 834 1790 887 Alteram

219 923 544 991 adjunxerat
592 922 912 994 epistolam,
959 924 1014 977 in
1058 938 1162 993 qua
1194 923 1376 980 Basilii
1407 926 1473 980 de
1508 924 1793 992 Maguszeis

219 1017 547 1069 sententiam
579 1016 971 1070 sciscitabatur.

287 1106 508 1162 Gratias
552 1107 603 1161 ei
648 1108 759 1174 agit
786 1107 1048 1173 Basilius,
1082 1106 1226 1175 quod
1259 1122 1325 1162 eo
1374 1116 1611 1174 tempore
1634 1147 1649 1172 ,
1686 1122 1793 1176 quo

221 1200 512 1255 refrixerat
558 1202 838 1263 charitas,
905 1215 1203 1271 omnesque
1249 1201 1499 1256 omnibus
1557 1201 1790 1268 quodam

223 1294 382 1348 modo
426 1294 661 1363 suspecti
702 1304 859 1347 erant
880 1333 895 1357 ,
931 1302 986 1349 et
1017 1296 1097 1348 sui
1132 1294 1500 1359 meminisset,
1532 1305 1586 1348 et
1618 1301 1696 1347 tot
1725 1308 1789 1345 ar.

220 1383 387 1436 tantis
419 1384 650 1435 marium
693 1390 748 1435 et
792 1389 1059 1436 terrarum
1096 1384 1281 1451 spatiis
1308 1382 1606 1449 disiunctus
1640 1398 1789 1438 sum-

223 1489 366 1527 mam
418 1473 585 1526 animi
630 1472 1067 1542 conjunctionem
1095 1474 1467 1544 signiﬁcasset.
1497 1472 1602 1528 Sed
1623 1489 1792 1529 onera

221 1564 323 1619 sibi
348 1564 419 1618 ab
443 1579 511 1619 eo
542 1564 787 1632 imposita
809 1606 824 1629 ,
866 1574 923 1618 ut
949 1565 1149 1619 viribus
1179 1564 1293 1620 suis
1327 1564 1529 1631 majora
1551 1606 1567 1631 ,
1603 1566 1793 1635 depre-

222 1666 398 1709 catur.
447 1654 570 1709 Jam
598 1657 740 1709 enim
772 1671 829 1710 se
863 1658 1147 1726 scripsisse
1182 1657 1421 1711 Palladio
1448 1669 1503 1711 et
1528 1659 1791 1712 Innocen-

224 1751 316 1810 t‘o,
350 1748 621 1818 integrum
649 1748 749 1802 sibi
780 1764 882 1802 non
909 1764 1033 1803 esse
1081 1750 1203 1805 ﬁdei
1238 1749 1467 1804 Nicaeus:
1499 1750 1789 1818 quidquam

222 1840 439 1893 addere.
476 1838 606 1907 Quae
631 1851 807 1895 autem
834 1843 898 1897 de
922 1842 1299 1897 lncarnatione
1331 1843 1546 1897 adtexta
1578 1840 1791 1895 fuerant

1903 660 2087 703 narrat
2133 649 2246 719 (α),
2282 647 2509 703 Vitalem
2554 650 2620 703 ad
2668 658 2982 706 accuratam
3025 646 3293 718 dogmatis
3341 661 3469 700 c0n.

1903 736 2187 794 fessionem
2220 749 2274 793 et
2297 740 2363 793 ad
2390 739 2731 795 concordiam
2767 753 2888 793 eum
2922 737 3151 792 Paulino
3180 736 3466 791 ineundam

1901 830 2150 887 hortatus
2186 830 2379 885 fuerat.
2422 829 2565 887 Orta
2591 832 2674 887 his
2712 833 2778 887 de
2808 832 2965 886 rebus
3007 833 3177 885 turba:
3204 831 3255 885 in
3290 839 3467 884 monte

1904 922 2117 977 Elaaone
2154 934 2208 977 et
2245 922 2367 977 aliis
2409 923 2459 977 in
2494 924 2659 988 locis,
2689 922 2783 977 sed
2814 933 2989 975 tamen
3019 924 3217 976 malum
3250 923 3466 978 insana-

1902 1014 2009 1069 bile
2040 1030 2145 1070 non
2175 1015 2457 1071 videbatur
2506 1012 2827 1085 Epiphanio,
2860 1028 2922 1069 ac
2957 1014 3209 1068 Basilium
3246 1016 3467 1086 rogabat

1903 1114 1961 1159 ut
1992 1106 2285 1161 remedium
2324 1104 2564 1161 aﬁ‘erret.

1974 1198 2099 1254 Hazc
2132 1210 2309 1254 autem
2339 1200 2567 1255 miriﬁce
2596 1209 2900 1271 congruunt
2931 1216 3073 1255 anno
3097 1200 3200 1256 376
3225 1202 3465 1257 exeunti.

1900 1289 2147 1344 Nondum
2178 1292 2321 1345 enim
2348 1292 2627 1346 ordinatus
2656 1303 2774 1347 erat
2805 1290 2995 1348 Vitatis
3022 1308 3162 1347 anno
3187 1293 3311 1358 375,
3340 1308 3466 1350 cum

1904 1381 2113 1437 Damasi
2175 1382 2382 1437 litteras
2434 1384 2645 1454 accepit
2700 1384 2958 1439 Paulinus
3021 1385 3164 1440 circa
3227 1399 3465 1440 mensem

1903 1473 2295 1543 Septembrem.
2327 1476 2395 1530 At
2430 1476 2527 1531 hoc
2562 1476 2769 1531 facinus
2796 1477 3145 1532 commissum
3173 1487 3313 1541 erat,
3345 1493 3466 1533 cum

1903 1564 1961 1618 S.
1996 1564 2329 1635 Epiphanius
2385 1565 2727 1622 Antiochiam
2774 1566 2953 1632 venit;
3000 1582 3106 1636 quo
3156 1582 3222 1621 ex
3277 1568 3466 1623 itinere

1903 1665 2151 1715 retrersus
2191 1668 2328 1723 erat,
2373 1675 2495 1715 cum
2530 1662 2747 1731 scripsit
2782 1662 2847 1715 ad
2884 1662 3155 1717 Basilium.
3192 1663 3456 1733 Apollina-

1900 1750 1964 1803 rii
1993 1759 2174 1808 autem
2208 1750 2465 1814 ltzresis,
2493 1753 2595 1806 etsi
2633 1753 2685 1806 in
2725 1752 2806 1807 his
2832 1751 3044 1807 Damasi
3090 1755 3156 1808 ad
3186 1753 3463 1809 Paulinum

1899 1842 2113 1907 litteris,
2140 1858 2203 1897 ac
2232 1843 2401 1899 multo
2432 1854 2573 1907 ante,
2606 1859 2796 1916 nempe
2831 1862 2973 1901 anno
3000 1846 3123 1913 562,
3156 1849 3207 1901 in
3240 1848 3465 1905 concilio

224 1932 345 1988 huic
388 1933 636 1989 formula
659 1974 674 1999 ,
708 1949 770 1987 ea
823 1933 1053 1990 Basilius
1086 1952 1183 1989 nec
1218 1934 1654 1994 exantinaverat,
1699 1948 1794 1987 nec
1827 1929 1868 1985 Β
1898 1932 2267 1988 Alexandrino
2290 1934 2570 1997 damnata,
2601 1935 2703 1991 etsi
2737 1937 2803 1991 ab
2831 1937 3125 1993 Athanasio
3154 1939 3207 1993 in
3238 1941 3465 2010 epistola
3496 2002 3499 2003 ν

223 2035 545 2093 receperat;
595 2036 874 2093 propterea
918 2027 1058 2095 quod
1095 2024 1372 2079 metuebat
1404 2039 1469 2077 ne
1495 2064 1511 2089 ,
1542 2023 1585 2076 si
1628 2022 1794 2077 semel

222 2131 252 2167 a
280 2114 401 2169 fidei
427 2117 774 2185 simplicitate
808 2118 1135 2181 discedatur,
1165 2116 1345 2170 nullus
1374 2115 1485 2186 jam
1515 2114 1655 2170 foret
1686 2116 1795 2171 dis-

223 2209 441 2277 putandi
473 2209 599 2263 linis
621 2248 635 2271 ,
674 2223 737 2262 ac
770 2207 1155 2277 simpliciorum
1187 2208 1383 2262 anima:
1430 2208 1792 2275 turbarentur,

222 2307 344 2356 dum
384 2302 509 2356 ﬁdei
540 2300 823 2355 formulam
857 2300 1037 2369 augeri
1069 2299 1273 2354 vident.

292 2396 443 2462 Quod
473 2402 687 2463 spectat
709 2392 774 2446 ad
805 2392 1083 2448 dissidium
1115 2394 1532 2461 Antiochenam,
1558 2397 1795 2453 declarat

222 2488 451 2543 Basilius
494 2502 557 2543 se
607 2488 871 2543 hactenus
916 2502 1039 2542 cum
1088 2487 1300 2544 Meletio
1341 2492 1792 2559 communicasse,

220 2594 542 2651 semperque
592 2595 712 2634 cum
760 2595 826 2636 eo
878 2579 970 2636 Dei
1020 2581 1193 2650 gratia
1244 2586 1791 2650 communicaturum,

221 2684 508 2744 propterea
570 2674 714 2742 quod
760 2674 968 2743 primus
1020 2674 1121 2729 sub
1150 2674 1470 2731 Constantio
1503 2679 1793 2748 egregium

219 2779 497 2822 certamen
526 2782 625 2835 pro
658 2766 760 2820 ﬁde
792 2764 1053 2829 certavit,
1105 2766 1326 2835 ejusque
1359 2771 1792 2825 communionem

222 2859 289 2914 ab
317 2859 477 2915 initio
505 2859 859 2914 ilmsariensis
886 2858 1125 2912 Ecclesia
1176 2857 1427 2926 amplexa
1459 2871 1581 2924 est;
1622 2863 1793 2931 ipsum

219 2953 383 3007 etiam
412 2950 771 3005 Athanasium
813 2966 933 3005 cum
982 2965 1047 3004 eo
1081 2952 1489 3006 communicare
1535 2953 1791 3017 voluisse,

221 3044 314 3098 sed
347 3044 547 3118 remin
586 3042 730 3097 aliud
766 3052 975 3112 tempus
1019 3042 1201 3112 pravis
1231 3046 1612 3100 nonnullorum
1650 3060 1791 3099 con-

220 3136 357 3192 siliis
387 3138 611 3191 dilatam
660 3126 858 3201 fuisse;
914 3151 1101 3192 eorum
1133 3147 1311 3193 autem
1345 3141 1435 3209 qui
1489 3147 1608 3207 post
1633 3137 1795 3193 Mele-

221 3229 352 3283 tium
376 3237 661 3291 venerant,
693 3214 893 3284 nullius
927 3244 987 3285 se
1018 3230 1306 3285 admisisse
1331 3229 1792 3295 comnmnionem,

220 3336 325 3377 non
356 3318 502 3391 quod
555 3320 803 3391 indignos
834 3321 1123 3390 judicaret,
1173 3322 1266 3376 sed
1301 3322 1425 3391 quia
1456 3321 1590 3377 nihil
1631 3322 1795 3379 hahe-

218 3414 345 3481 bat,
375 3427 477 3467 cur
508 3411 781 3468 Meletium
824 3415 1240 3480 condemnaret;
1292 3413 1474 3485 itaque
1517 3414 1696 3471 facere
1738 3430 1797 3471 se

219 3522 324 3564 non
354 3521 516 3577 posse
550 3516 611 3561 ut
656 3506 720 3562 ad
752 3522 846 3563 eos
872 3507 1091 3563 scribat.
1128 3508 1395 3565 (laterum
1428 3508 1828 3579 Epiphaniam.

223 3600 425 3665 laudat,
460 3600 605 3669 quod
649 3610 758 3655 tres
803 3599 1120 3669 hypostases
1148 3598 1394 3653 conﬁteri
1430 3613 1651 3654 necesse
1676 3614 1796 3655 esse

217 3693 497 3748 existimet
526 3708 541 3745 :
570 3692 729 3759 eique
755 3692 1018 3761 originem
1057 3700 1110 3746 et
1139 3691 1382 3745 instituta
1408 3689 1793 3763 Magusmorum

219 3783 462 3852 exponit.
526 3780 746 3836 Summa
789 3783 968 3837 Basilii
1035 3784 1312 3839 humilitas
1356 3783 1533 3840 elucet
1590 3786 1644 3840 in
1694 3784 1797 3842 hac

216 3874 447 3945 epistola
483 3891 500 3929 :
540 3875 812 3931 hominem
855 3890 914 3930 se
960 3876 1158 3933 nullius
1195 3878 1351 3949 pretii
1392 3878 1478 3947 (η.
1513 3878 1566 3946 Ι)
1617 3888 1794 3947 vocat,

218 3974 275 4022 et
323 3966 377 4021 in
429 3968 672 4037 peccatis
725 3967 816 4038 (η.
854 3967 919 4039 2)
970 3970 1279 4037 viventem,
1336 3971 1539 4040 quique
1591 3972 1795 4027 verita-

221 4057 287 4113 tis
307 4058 620 4129 dogmatum
647 4061 882 4115 nondum
915 4059 1167 4115 idoneum
1193 4072 1477 4117 assecutus
1509 4078 1685 4117 usum.

288 4148 444 4205 lianc
468 4150 753 4219 epistolam
800 4153 865 4207 ad
909 4168 1108 4207 annum
1139 4152 1244 4206 376
1278 4162 1564 4210 exeuntem
1608 4153 1795 4209 referi-

220 4257 369 4308 mus,
392 4240 522 4312 quia
561 4255 684 4295 cum
726 4242 841 4298 haec
882 4244 1145 4298 scriberet
1177 4243 1437 4308 Basilius,
1464 4246 1576 4314 jam
1608 4247 1795 4300 Antio-

220 4334 354 4390 chia:
381 4332 755 4404 episcopatum
782 4332 976 4389 Vitalis
1012 4334 1307 4399 invaserat,
1334 4335 1444 4405 jam
1473 4337 1661 4391 turbas
1686 4338 1795 4391 cic-

220 4425 309 4481 bat
336 4426 524 4495 pravis
553 4423 901 4492 opinionibus
923 4426 1305 4496 Apollinarius,
1344 4427 1579 4482 nondum
1616 4438 1793 4484 tamen

220 4515 469 4570 haeresim
502 4531 657 4570 suam
684 4515 863 4585 palam
892 4524 947 4569 et
973 4528 1161 4583 aperte
1192 4518 1539 4585 prmdicabat.
1574 4514 1792 4572 Nullius

1899 2026 1965 2079 ad
2008 2024 2303 2095 Epictetum
2351 2042 2491 2081 anno
2528 2027 2631 2083 369
2682 2031 2894 2100 egregie
2943 2030 3214 2086 confutata
3264 2034 3461 2098 fuera:,

1900 2132 2004 2172 non
2039 2128 2215 2174 tamen
2242 2119 2384 2174 illius
2405 2129 2593 2175 auctor
2622 2122 2870 2189 prodibat
2896 2122 3285 2190 Apollinarius.
3322 2123 3453 2180 Cum

1899 2206 2130 2262 Basilius
2158 2222 2469 2265 accusatum
2496 2210 2627 2264 vidit
2658 2212 2723 2265 ab
2755 2210 3038 2266 Eustathio
3068 2212 3459 2283 Apollinarium

1898 2315 2038 2355 anno
2065 2302 2205 2368 573,
2244 2303 2438 2359 mirum
2470 2304 2521 2357 id
2562 2303 2611 2359 ei
2647 2304 2819 2359 visum
2854 2314 2971 2371 est;
3014 2320 3285 2376 nunquam
3319 2307 3464 2363 enim

1898 2396 1963 2450 de
1992 2410 2057 2449 eo
2078 2396 2369 2465 quidquam
2406 2399 2650 2453 audierat
2674 2398 2963 2466 ejusmodi.
2998 2398 3105 2455 Nec
3140 2409 3317 2455 tamen
3348 2401 3464 2456 haec

1896 2487 2207 2543 criminatio
2237 2488 2303 2543 ad
2335 2488 2758 2546 lncarnatiouem
2792 2494 3100 2561 spectabat,
3134 2493 3226 2546 sed
3253 2493 3319 2547 ad
3344 2492 3464 2548 Tri-

1897 2579 2147 2637 nitatem.
2203 2580 2256 2636 In
2307 2582 2569 2652 epistolis,
2605 2598 2742 2653 quas
2785 2583 3003 2654 scripsit
3048 2582 3277 2640 Basilius
3320 2600 3463 2640 anno

1896 2669 2002 2723 375
2027 2683 2079 2725 et
2118 2670 2244 2734 576,
2278 2682 2334 2726 ut
2369 2672 2565 2726 famam
2600 2689 2751 2727 suam
2790 2675 2857 2726 ah
2886 2673 3149 2728 Eustathii
3183 2674 3462 2731 calumniis

1898 2762 2199 2816 vindicaret
2227 2803 2245 2830 ,
2279 2763 2521 2819 declarat
2549 2780 2607 2819 se
2640 2780 2759 2817 cum
2790 2765 3151 2833 Apollinario,
3185 2783 3282 2823 nec
3310 2782 3463 2824 com-

1897 2855 2185 2919 munione,
2242 2869 2341 2910 nec
2393 2858 2654 2911 sententia
2712 2857 3059 2924 conjunctum
3126 2873 3244 2913 esse
3298 2878 3313 2913 :
3365 2863 3459 2915 sed

1895 2944 2030 2999 alios
2060 2962 2087 2997 ει
2116 2960 2175 3000 se
2219 2962 2324 3001 non
2372 2948 2649 3017 propulsat
2678 2965 2908 3016 errores,
2946 2960 3141 3021 praeter
3179 2965 3293 3016 eos,
3329 2968 3464 3023 quos

1896 3034 1997 3099 ipsi
2035 3035 2347 3092 Eustathius
2377 3037 2681 3107 amuxerat,
2742 3040 2867 3095 dum
2910 3042 2959 3095 ei
3005 3042 3164 3112 impia
3218 3045 3463 3112 quaedam

1894 3123 2218 3193 Apollinarii
2250 3126 2395 3181 dicta
2422 3128 2671 3183 attribuit
2698 3130 2772 3199 (b)
2798 3170 2813 3194 ,
2839 3146 3069 3203 eumque
3098 3133 3167 3188 ab
3195 3132 3455 3204 Apollina-

1899 3216 1981 3269 ι·ἱο
2016 3215 2212 3272 librum
2264 3219 2331 3275 de
2371 3219 2573 3290 Spiritu
2605 3232 2791 3276 sancto
2834 3223 3052 3293 petiisse
3080 3225 3357 3279 mentitur.
3408 3224 3463 3278 In

1898 3306 2121 3376 cpistola
2145 3307 2251 3361 245
2281 3309 2519 3364 Orientis
2563 3311 2699 3365 mala
2746 3322 2998 3367 accurate
3038 3314 3417 3371 describuntur
3446 3332 3462 3369 :

1899 3406 1953 3450 at
1985 3397 2125 3451 tmlla
2167 3413 2389 3467 prorsus
2422 3400 2485 3455 de
2514 3400 2885 3459 lncarnatione
2913 3403 3135 3461 haeresis
3175 3416 3294 3461 orta
3331 3422 3463 3461 nun.

1900 3488 2079 3544 tiatur.
2123 3489 2302 3557 Quare
2355 3495 2574 3551 haeresis
2612 3496 2927 3565 Apollinarii
2976 3499 3152 3565 palam
3184 3507 3236 3552 et
3279 3507 3461 3568 aperte

1898 3599 2001 3639 non
2036 3585 2237 3657 erupit,
2284 3587 2385 3641 nisi
2431 3598 2551 3656 post
2587 3589 2722 3643 hanc
2749 3588 3103 3645 Orientalium
3137 3592 3417 3662 epistolam
3447 3612 3461 3649 :

1898 3690 2000 3731 nec
2030 3676 2256 3745 proinde
2300 3680 2523 3749 epistola
2571 3681 2636 3736 ad
2670 3681 3027 3753 Epiphanium
3054 3724 3069 3748 ,
3120 3700 3241 3756 quae
3279 3687 3461 3745 multis

1894 3771 2006 3842 jam
2041 3774 2197 3828 rebus
2229 3787 2350 3844 post
2378 3786 2619 3832 exortam
2651 3779 2900 3834 hzeresim
2928 3781 3131 3852 scripta
3162 3794 3267 3848 est,
3303 3782 3461 3841 citius

1899 3864 2209 3919 collocanda
2243 3881 2386 3920 anno
2411 3867 2515 3921 376
2549 3881 2803 3925 exeunte.

1966 3956 2269 4027 Antequam
2300 3958 2582 4029 Epiphanii
2642 3961 2851 4019 litteras
2894 3968 3165 4037 acciperet
3208 3968 3459 4039 Basilius,

1898 4049 2032 4104 alias
2080 4061 2366 4120 acceperat
2401 4051 2472 4123 (c)
2515 4068 2546 4108 a
2575 4053 2817 4110 Palladio
2846 4067 2900 4112 et
2932 4056 3243 4115 Innocentio
3266 4060 3447 4132 degeu'

1897 4142 2039 4196 tibus
2067 4141 2120 4197 in
2153 4145 2479 4199 monasterio
2520 4147 2716 4201 montis
2748 4148 3025 4205 Olivarum
3048 4192 3064 4215 ,
3105 4153 3157 4206 in
3208 4169 3317 4223 quo
3350 4154 3457 4209 dis-

1894 4235 2197 4290 sensionem
2225 4236 2459 4307 aliquam
2488 4242 2854 4294 commoverat
2880 4242 3100 4297 ha-resis
3118 4243 3459 4315 Apollinarii.

1898 4324 2134 4395 [legatus
2160 4328 2228 4383 ab
2254 4329 2333 4383 eis
2359 4329 2610 4392 Basilius,
2648 4340 2707 4385 ut
2744 4346 2803 4386 se
2834 4333 2884 4385 in
2913 4334 3343 4403 paciﬁcationem
3383 4340 3455 4395 in-

1895 4424 2224 4488 terponeret,
2256 4435 2319 4475 ac
2342 4419 2575 4477 Nicaeum
2606 4422 2724 4475 ﬁdei
2758 4422 2957 4493 aliquid
2991 4427 3059 4481 de
3085 4426 3457 4487 lncarnatione

1894 4508 2199 4563 addendum
2236 4512 2610 4578 constitueret,
2640 4514 2743 4567 hoc
2776 4530 2915 4571 onus
2950 4519 3222 4587 suscipere
3267 4519 3457 4577 noluit.

217 4616 413 4671 autent,
444 4606 623 4677 inquit
653 4607 904 4673 Basilius,
934 4623 1000 4661 sa:
1033 4608 1096 4661 iis
1117 4610 1209 4678 qui
1238 4620 1417 4678 postea
1451 4609 1787 4676 introierunt,
1821 4624 1869 4685 υ
1893 4598 2027 4653 Cum
2058 4601 2202 4655 enim
2233 4601 2282 4656 id
2311 4618 2421 4673 pra:
2463 4619 2670 4658 summa
2724 4604 3030 4662 humilitate
3070 4608 3455 4667 altius'lntclli-

216 4698 637 4755 conmunionem
688 4715 917 4769 unquam
963 4700 1311 4763 admisimus,
1370 4717 1471 4754 non
1512 4703 1651 4771 quod
1700 4718 1787 4755 ros

1892 4695 2071 4762 gentia
2104 4710 2199 4749 sua
2227 4697 2475 4761 ducebat,
2510 4707 2620 4749 tum
2665 4697 2827 4752 etiam
2862 4698 3167 4767 verebatur,
3201 4718 3267 4757 ne
3305 4704 3455 4758 novis

211 4793 509 4863 fuﬁum“
545 4790 811 4861 indignas,
852 4795 943 4847 ua
972 4791 1110 4862 quod
1147 4792 1277 4845 nihil
1321 4794 1605 4848 habeamus
1651 4794 1787 4849 unde
1886 4786 2083 4857 iurgiis
2139 4790 2362 4843 materia
2406 4791 2659 4856 daretur,
2710 4808 2774 4847 ac
2827 4794 3215 4863 simpliciorum
3267 4796 3455 4853 anima

214 4888 351 4941 hunc
375 4883 696 4951 (Meletiuml
716 4890 1136 4940 condemnemus.
1159 4882 1275 4939 lam
1296 4900 1426 4957 ergo
1445 4899 1640 4957 praeter
1660 4888 1788 4943 l’au-

214 4981 379 5036 linum
420 4994 594 5037 novus
638 4976 833 5047 aliquis
877 4979 937 5036 S.
965 4978 1179 5035 Mcletio
1217 4990 1608 5048 supervenerat
1640 4998 1787 5038 com-

213 5072 455 5145 petitor,
497 5086 659 5142 quem
699 5083 819 5126 cum
868 5070 1101 5127 Basilius
1144 5072 1455 5141 episcopatu
1509 5074 1783 5144 indignum

214 5182 319 5221 non
348 5163 559 5232 iudicet
583 5205 600 5232 ,
636 5163 776 5219 alius
807 5175 931 5216 esse
979 5178 1083 5218 non
1127 5165 1368 5230 videtur,
1404 5178 1564 5231 quam
1598 5163 1786 5220 Vitalis

214 5260 451 5317 nondum
485 5260 540 5314 in
586 5260 775 5316 heresi
827 5256 1002 5328 palam
1036 5259 1376 5314 ohﬁrmatus.
1415 5256 1602 5327 Neque
1640 5259 1784 5313 enim

214 5364 302 5407 aut
330 5353 398 5409 de
424 5351 631 5407 Euzoio
664 5350 742 5405 sic
796 5350 1006 5405 locutus
1048 5350 1238 5406 fuisset
1282 5351 1548 5415 Basilius,
1589 5361 1681 5405 aut
1722 5351 1787 5406 de

213 5444 329 5516 ipso
356 5442 518 5498 \‘itali
550 5453 671 5514 post
694 5441 1037 5498 manifestum
1067 5443 1287 5499 hteresis
1312 5442 1638 5498 incendium.
1667 5442 1784 5499 Non

213 5536 451 5593 latebant
484 5534 848 5607 Epiphanium
886 5553 1002 5607 qua
1036 5554 1068 5590 ο
1100 5537 1364 5591 nonnullis
1405 5536 1541 5591 male
1578 5538 1789 5606 excogi-

216 5642 345 5696 tata,
377 5644 571 5701 nempe
609 5631 676 5686 ab
700 5629 1051 5701 Apollinario,
1085 5632 1277 5701 fratres
1306 5630 1781 5686 conturbauerunt:

286 5814 365 5879 (η)
408 5812 625 5879 lieres.
646 5808 736 5870 77,
762 5822 814 5879 c_.
838 5805 926 5862 20.

287 5877 361 5954 (ι)
401 5882 503 5952 εν.
528 5878 657 5946 su,
693 5895 750 5933 n.
774 5877 827 5933 δ.

495 5974 767 6037 Panos.
804 5975 922 6036 Gn.
961 5969 1197 6034 XXIX.

1895 4884 2049 4938 novis
2098 4883 2260 4938 rebus
2316 4883 2639 4940 introductis
2686 4885 3033 4942 laederentur.
3084 4888 3456 4945 Caeterumad

1891 4989 2079 5045 pacem
2102 4990 2195 5030 eos
2220 4975 2561 5033 hortabatur.
2588 4978 2692 5034 Sed
2711 4994 2832 5033 cum
2855 4980 3001 5033 illius
3024 4978 3272 5049 epistola,
3296 4997 3454 5053 quam

1892 5067 2197 5131 amisimus,
2231 5084 2335 5123 non
2360 5071 2581 5125 multum
2608 5072 2988 5140 promovisset,
3019 5070 3215 5125 iterum
3243 5074 3309 5127 ad
3334 5088 3454 5129 eum

1892 5161 2228 5231 scripserunt
2254 5162 2597 5219 Innocentius
2640 5175 2695 5219 et
2723 5164 2991 5219 Palladius
3032 5163 3223 5219 iisdem
3257 5165 3323 5219 de
3366 5180 3448 5220 re-

1892 5255 2011 5321 bus,
2049 5272 2154 5311 non
2188 5258 2305 5311 sine
2332 5258 2513 5327 aliqua
2550 5256 2897 5313 excusatione
2923 5259 3066 5327 quod
3096 5262 3163 5314 ad
3196 5274 3321 5314 eum
3350 5274 3453 5314 n0n

1892 5349 2161 5404 venirent.
2193 5348 2443 5403 Libenter
2480 5350 2558 5405 eis
2600 5351 2824 5405 remittit
2848 5349 3077 5407 Basilius
3106 5351 3264 5421 lmjus
3294 5351 3433 5407 itine-

1893 5440 1968 5493 ris
2001 5439 2261 5506 laborem,
2296 5450 2355 5493 ut
2385 5441 2690 5497 hominibus
2717 5442 2901 5497 labore
2937 5459 3190 5498 manuum
3226 5445 3449 5499 viventi.

1891 5536 1991 5591 bus
2017 5536 2535 5606 perincommodutn,
2558 5536 2825 5607 simulque
2848 5537 3086 5592 dolorem
3110 5552 3265 5591 suum
3297 5537 3433 5607 signi

1893 5628 2041 5695 ﬁcat,
2084 5629 2229 5699 quod
2286 5629 2338 5683 in
2379 5627 2714 5684 concilianda
2747 5643 2879 5699 pace
2912 5644 3100 5699 parum
3142 5625 3434 5700 profecerit

1965 5806 2037 5877 (c)
2079 5806 2175 5877 Ep.
2207 5804 2335 5871 258,
2375 5823 2427 5861 ιι.
2451 5809 2506 5861 ‘2.
