4214 6482
714 443 783 483 ct.
2087 427 2626 484 PROLEGOMENA.

724 543 789 595 Et
826 559 965 611 pacis
1003 542 1235 607 quidem,
1285 540 1479 610 inquit,
1530 558 1732 610 semper
1770 543 1944 611 optavi
1985 543 2296 597 conciliator
2326 547 2369 603 Α
2399 544 2553 598 silius
2573 543 2791 614 quinam
2826 543 2880 599 in
2909 542 3171 609 Ecclesia,
3208 544 3258 598 in
3299 558 3404 614 qua
3434 545 3659 617 degebat
3696 548 3977 616 Urbicius,

724 655 854 701 esse,
889 638 977 693 sed
1009 636 1315 705 reinfecta,
1348 651 1573 697 maneo;
1606 636 1863 703 quomodo
1889 636 2022 689 enim
2051 651 2153 688 non
2184 650 2301 687 mte-

724 748 889 785 rerem
915 733 941 783 ?
982 729 1133 795 Quali
1163 738 1339 782 autem
1373 744 1438 781 ex
1468 742 1663 797 genere
1699 726 1771 780 sit
1803 726 2068 781 dissensio
2106 728 2157 780 in
2186 744 2300 782 ιιιυο

725 823 971 879 nasterio
1002 822 1091 875 illo
1113 832 1302 876 exorta
1328 822 1635 890 perspicere
1666 834 1957 890 possumus
1980 836 2044 873 ex
2070 820 2156 874 his
2185 835 2303 888 qum

727 922 1024 982 sequuntur
1057 931 1070 967 :
1110 912 1215 968 Sed
1255 924 1425 965 tamen
1457 929 1517 965 ea
1567 929 1729 965 causa
1771 928 2077 965 succensere
2108 913 2302 966 nemini

728 1021 975 1074 possunt;
1015 1022 1130 1058 cum
1159 1008 1318 1059 sciant
1356 1005 1501 1072 pacis
1532 1004 1719 1058 bonum
1754 1004 1872 1074 jam
1911 1004 2037 1058 olim
2084 1023 2115 1058 a
2158 1006 2303 1059 nobis

729 1113 840 1151 esse
875 1097 1163 1150 sublatum.
1212 1094 1323 1149 Non
1353 1096 1430 1150 sic
1480 1096 1691 1150 loeutus
1736 1095 1927 1151 fuisset
1958 1096 2226 1159 Basilius,
2260 1097 2302 1151 si

731 1189 995 1259 ejusmodi
1024 1189 1267 1242 homines
1290 1202 1475 1243 errore
1494 1188 1811 1256 Apollinarii
1844 1188 2027 1244 infecti
2055 1188 2302 1243 fuissent.

732 1281 847 1336 Non
882 1280 1025 1335 enim
1078 1290 1326 1348 negasset
1365 1295 1424 1333 se
1475 1279 1579 1333 illis
1612 1296 1938 1335 succensere
1976 1296 2171 1349 posse:
2212 1281 2304 1335 sed

734 1373 884 1429 illitis
914 1371 1190 1426 lenitatem
1223 1370 1345 1423 inde
1374 1379 1547 1423 ortam
1578 1380 1725 1439 puto,
1757 1375 1898 1437 quod
1919 1371 2304 1438 Apollinarium

730 1465 955 1534 ejusque
989 1461 1245 1515 nonnulla
1286 1461 1426 1515 dicta
1471 1460 1549 1513 sic
1589 1460 1969 1526 defenderent,
2007 1474 2063 1515 ιιι
2094 1471 2309 1515 senten—

738 1557 825 1610 tiae
854 1556 1173 1626 pravitatem
1206 1555 1427 1608 minime
1454 1564 1833 1622 sequerentur.
1881 1554 2024 1608 Idem
2057 1554 2171 1608 fere
2205 1554 2307 1608 sibi

733 1646 978 1704 evenisse
1026 1654 1252 1701 testatur
1282 1645 1616 1713 Epiphanius
1649 1640 1746 1713 (α),
1780 1653 2070 1711 antequam
2101 1642 2308 1712 Apolli-

732 1739 874 1796 narii
928 1738 1177 1794 heresim
1226 1747 1497 1807 cogmtam
1555 1744 1609 1789 et
1662 1744 1996 1804 perspectam
2062 1736 2303 1791 haberet.

732 1834 965 1891 Credere
1012 1832 1242 1887 malebat
1291 1831 1436 1885 illius
1487 1831 1628 1885 dicta
1694 1830 1872 1884 minus
1920 1838 2176 1885 accurate
2223 1844 2307 1883 re-

736 1924 908 1989 ferri,
969 1938 1124 1992 quam
1186 1921 1449 1977 absurdos
1505 1933 1722 1974 errores
1776 1928 1925 1974 tanto
1976 1919 2093 1974 viro
2146 1918 2304 1974 attri-
2338 1904 2378 1960 Β

734 2014 922 2068 linere.

812 2108 919 2163 νη.
957 2107 1111 2161 Circa
1144 2107 1247 2162 hoc
1284 2116 1493 2175 tempus
1522 2107 1770 2178 Optimus
1798 2107 2098 2162 Antiochia:
2129 2107 2179 2161 in
2213 2107 2306 2162 Pi-

736 2201 875 2256 sidia
908 2202 1213 2269 cpiscopus,
1245 2198 1497 2253 Basilium
1522 2199 1793 2253 consuluit
1814 2199 1882 2253 de
1905 2198 1990 2253 bis
2014 2197 2309 2267 Scriptura

740 2296 917 2351 verbis
946 2314 958 2349 :
995 2293 1178 2349 Omnis
1200 2295 1287 2363 qui
1315 2294 1559 2347 occiderit
1593 2292 1771 2358 Cain.,
1800 2303 1902 2348 etc.
1943 2290 2049 2363 (lt);
2080 2292 2207 2347 item
2243 2292 2309 2346 tle

729 2387 994 2441 .Lamechi
1032 2388 1096 2438 ad
1127 2400 1323 2439 uxores
1354 2394 1407 2440 et
1435 2385 1716 2456 Symeonis
1747 2387 1812 2439 ad
1848 2385 2071 2441 Mariam
2105 2386 2306 2442 verbis.

740 2479 1062 2534 Numeratnr
1094 2477 1342 2547 Optimus
1370 2493 1398 2529 a
1426 2478 1768 2532 Theodoreto
1798 2477 1869 2549 (c)
1898 2479 2037 2533 inter
2061 2488 2311 2533 strenuos

738 2572 862 2627 fidei
916 2571 1248 2634 defensores,
1303 2571 1459 2638 eique
1513 2587 1540 2622 a
1598 2571 1800 2640 synodo
1852 2572 2189 2625 oecumenica
2229 2586 2313 2625 se-

742 2643 919 2718 cunda
965 2663 1104 2716 idem
1152 2662 1323 2715 honos
1365 2661 1574 2715 delatus
1618 2672 1698 2715 est
1745 2676 1808 2716 ac
1856 2660 2097 2715 Helladio
2138 2663 2314 2717 Caesa-

745 2753 934 2820 riensi,
967 2752 1229 2822 Gregorio
1271 2750 1516 2823 Nysscno
1542 2764 1593 2805 et
1632 2752 1752 2807 aliis
1791 2754 2081 2809 nonnullis.
2120 2754 2313 2809 Eluce-

742 2847 833 2901 bat
871 2844 949 2915 (η.
984 2847 1035 2913 1)
1078 2845 1128 2899 in
1162 2844 1307 2898 illius
1342 2843 1408 2898 ad
1442 2844 1693 2899 Basilium
1731 2844 1928 2898 litteris
1957 2846 2102 2899 etde
2131 2846 2316 2899 Eccle-

740 2938 840 2994 siis
870 2937 1173 2992 sollicitudo
1191 2946 1242 2989 et
1266 2934 1559 3003 Scriptnrze
1592 2936 1829 3003 legendae
1854 2937 2110 2991 studium.
2134 2937 2314 3004 Quare

743 3032 969 3087 Basilius
1003 3044 1196 3100 pueros
1224 3030 1292 3083 ab
1321 3044 1384 3082 eo
1413 3030 1627 3090 mimos,
1657 3042 1794 3097 quos
1823 3027 1953 3083 alias
1982 3030 2212 3084 libenter
2236 3032 2316 3082 vi-

745 3124 903 3179 debat
930 3132 1148 3192 propter
1168 3119 1413 3190 egrcgios
1435 3119 1645 3172 illorum
1682 3132 1879 3178 mores,
1900 3132 1961 3169 ac
1985 3132 2169 3170 eorum
2197 3133 2315 3170 cum

2402 635 2518 689 sani
2548 636 2681 697 sint,
2708 644 2766 688 ut
2798 636 2993 703 quibus
3023 636 3367 690 scribendum
3391 636 3462 691 sit
3494 648 3547 693 et
3570 640 3622 693 in
3648 640 3845 709 quibus
3876 658 3971 694 ac-

2403 726 2785 793 quiescendum
2815 737 3127 797 cognoscat.
3162 726 3293 780 Cum
3331 740 3509 782 autem
3536 732 3797 788 audiisset
3835 749 3975 788 non-

2405 817 2577 870 nullos
2603 833 2667 871 ex
2714 818 2777 871 iis
2809 821 2899 886 qui
2942 835 3063 873 cum
3100 818 3321 875 Urbicio
3361 831 3537 887 erant,
3581 823 3745 878 Deum
3792 827 3975 895 ipsum

2406 909 2456 961 in
2500 924 2724 963 carnem
2757 924 3072 965 conversum
3112 912 3309 976 dicere,
3355 912 3588 968 breviter
3616 930 3857 972 errorem
3895 935 3979 975 re-

2409 998 2565 1063 fellit,
2608 998 2991 1066 Urbiciumque
3029 1000 3272 1054 hortatur
3296 1011 3353 1054 ut
3382 1002 3495 1056 haec
3523 1003 3767 1071 impietas
3798 1008 3979 1063 eccle-

2409 1089 2625 1144 siastica
2649 1091 3025 1146 emendatione
3058 1108 3160 1146 non
3190 1103 3395 1149 careat.
3426 1095 3501 1149 Ex
3542 1110 3647 1164 quo
3670 1097 3849 1165 colligi
3883 1116 3979 1168 po.

2410 1192 2512 1237 test
2543 1184 2683 1236 hunc
2719 1181 2992 1237 Urbicium
3020 1185 3100 1238 vel
3140 1188 3448 1242 monasterii
3498 1190 3866 1258 prapositum,
3901 1193 3981 1247 vel

2407 1276 2584 1345 aliquo
2610 1277 2989 1331 ecclesiasticae
3028 1277 3299 1345 dignitatis
3329 1283 3493 1351 gradu
3536 1284 3815 1351 prazdituut
3844 1284 3979 1339 fuis-

2408 1384 2484 1423 se.
2517 1366 2684 1421 Nemo
2713 1378 2798 1422 est
2827 1370 2916 1437 qui
2954 1385 3058 1423 non
3085 1371 3265 1425 videat
3288 1373 3338 1426 in
3367 1374 3468 1427 hac
3495 1384 3549 1428 et
3575 1375 3839 1443 superiori
3865 1377 3981 1445 epi-

2408 1460 2542 1514 stola
2590 1460 2907 1529 Apollinarii
2959 1473 3266 1516 commenta
3318 1464 3560 1519 damnari
3607 1482 3753 1520 :nec
3783 1466 3982 1521 mirum

2410 1552 2574 1606 videri
2608 1553 2765 1607 debet
2811 1552 2856 1606 si
2905 1569 3007 1608 non
3052 1570 3190 1609 unus
3226 1564 3279 1608 et
3312 1554 3449 1610 idem
3486 1573 3642 1613 error
3670 1560 3722 1613 in
3750 1570 3985 1630 utraque

2410 1645 2631 1713 epistola
2665 1646 2962 1701 refellatur.
3020 1646 3215 1703 Narrat
3264 1650 3406 1703 enim
3454 1650 3783 1721 Epiphanius
3814 1654 3895 1724 (Ι)
3925 1671 3985 1710 se

2411 1736 2551 1790 inter
2587 1737 2903 1808 Apollinarii
2949 1751 3249 1797 sectatores
3296 1757 3544 1811 magnam
3585 1749 3986 1801 sententiarum

2411 1830 2731 1884 varietatem
2764 1834 3121 1900 perspexisse.

2944 1945 3168 2002 CAPUT
3192 1946 3449 2003 XXXVII.

2410 2031 2448 2088 I.
2479 2034 2771 2089 Dorotbeus
2810 2048 2856 2089 et
2888 2036 3271 2092 Sanctissimus
3300 2040 3515 2095 Romam
3542 2042 3729 2095 iterum
3764 2045 3986 2101 mittun-

2480 2113 2588 2159 tur.
2629 2106 2689 2182 ll.
2718 2106 2837 2159 Non
2862 2110 3105 2182 ridentur
3125 2113 3407 2182 coniecisse
3434 2115 3571 2182 quod
3595 2114 3854 2182 prteeipue
3880 2118 3992 2171 illis

2480 2177 2803 2253 propositum
2848 2187 2983 2253 erat.
3021 2177 3349 2253 Ill-.ALaudat
3386 2177 3617 2237 Basilius
3663 2177 3989 2253 confessores

2482 2244 2763 2315 rEgyptios
2786 2249 2921 2312 quod
2954 2250 3332 2315 Apollinarium
3360 2253 3740 2308 damnaverint.
3765 2244 3856 2310 ἰν.
3891 2256 3989 2311 Re-

2486 2317 2759 2383 prehendit
2785 2317 2921 2377 quod
2956 2317 3322 2373 Marrelliunos
3360 2324 3428 2373 all
3455 2328 3867 2380 communionem
3902 2344 3989 2380 re-

2480 2387 2731 2457 ceperint.
2780 2385 3187 2457 ‘I.rliepreltensi
3231 2393 3387 2443 etiam
3426 2395 3572 2457 [nere
3612 2413 3644 2447 α
3682 2395 3990 2452 PetroAle-

2486 2456 2751 2532 {andrino
2795 2456 2864 2509 ad
2911 2472 3063 2532 quem
3112 2460 3289 2532 scribit
3340 2456 3573 2518 Basilius
3624 2468 3856 2532 ep.266.
3897 2466 3987 2523 Vl.

2485 2526 2839 2579 [immittatur
2864 2525 2932 2579 an
2961 2525 3084 2592 jure
3106 2526 3334 2581 Basilius
3361 2532 3547 2585 dixerit
3583 2525 3890 2592 Marcellum
3925 2556 3992 2592 ex

2490 2595 2732 2672 Ecclesia
2744 2585 2978 2672 ‘exiisse:
2995 2596 3126 2672 Quo,
3140 2601 3516 2672 temporeﬁglei
3807 2585 3992 2663 illi;

2489 2670 2641 2745 nasia
2666 2667 2843 2745 oblata
2867 2685 2896 2719 α
2926 2667 3310 2745 Matrelliuttis.
3339 2670 3454 2745 ‘V'll.
3492 2667 3644 2745 l‘etri'
3677 2680 3901 2745 querelis
3926 2685 3994 2734 de

2487 2737 2752 2789 Dorotlteo
2774 2740 3045 2807 respondet
3070 2738 3307 2792 Basilius
3332 2741 3385 2793 in
3411 2742 3593 2795 eadem
3618 2737 3856 2814 epistola.

2486 2850 2524 2903 l.
2579 2848 2874 2906 Dorotbeus
2930 2861 2979 2905 et
3045 2850 3431 2908 Sanctissimus
3483 2855 3805 2927 presbyteri,
3855 2877 3996 2930 quos

2416 2956 2555 2995 anno
2582 2940 2685 2996 376
2708 2944 2757 2995 in
2781 2942 3126 2998 Occidentem
3154 2945 3347 3000 missos
3374 2947 3540 3002 fuisse
3563 2959 3616 3002 et
3640 2950 3824 3004 eodem
3848 2968 3997 3008 anno

2419 3035 2642 3088 rediisse
2675 3036 2930 3097 diximus,
2962 3050 3066 3089 non
3091 3038 3178 3091 diu
3207 3054 3271 3093 ex
3307 3039 3567 3096 molestiis
3596 3042 3805 3098 itineris
3834 3045 3994 3114 quie-

2420 3135 2634 3189 verunt,
2664 3128 2757 3180 sed
2788 3129 2970 3180 statim
3006 3144 3171 3182 novus
3232 3129 3335 3184 illis
3372 3133 3744 3201 suscipiendus
3778 3135 3879 3190 fuit
3916 3140 3997 3192 Ia-

746 3216 961 3287 Optimo
1007 3212 1495 3277 necessitudinem,
1551 3219 1681 3264 tunc
1739 3224 1802 3264 eo
1859 3209 2113 3265 libentius
2163 3210 2313 3275 vidit,
2347 3248 2391 3307 Ο
2425 3220 2542 3279 hor,
2584 3231 2640 3272 ut
2668 3220 2934 3286 episcopis
2967 3220 3202 3273 Orientis
3246 3225 3556 3279 nuntiarent
3586 3241 3707 3295 quae
3746 3230 3797 3283 in
3839 3229 3992 3286 Occi-

746 3308 891 3377 quod
927 3307 1070 3361 illius
1103 3302 1389 3373 epistolam
1428 3302 1693 3358 ferebant.

822 3395 1091 3465 Scriptam
1121 3394 1263 3448 hanc
1313 3393 1593 3460 epistolam
1620 3396 1740 3461 post
1768 3391 2016 3446 haeresim
2048 3392 2321 3463 Apollina-

752 3490 815 3544 rii
852 3490 1103 3559 probant,
1150 3499 1269 3555 quas
1298 3482 1365 3538 de
1415 3482 1713 3537 hteresibus
1757 3483 2189 3538 Incarnationem
2223 3501 2320 3555 op-

749 3596 992 3652 pugnare
1018 3594 1122 3633 non
1154 3576 1496 3633 cessantibus
1531 3575 1800 3641 leguntur,
1839 3591 1988 3632 num.
2018 3575 2072 3631 8.
2105 3576 2215 3631 Huc
2238 3593 2321 3632 ac-

750 3673 893 3727 cedit
920 3670 1062 3739 quod
1100 3683 1281 3722 senem
1318 3682 1375 3720 sc
1399 3680 1519 3720 esse
1554 3668 1684 3721 dicit
1717 3668 1967 3730 Basilius,
1995 3678 2048 3721 et
2083 3679 2320 3736 tempore

754 3781 820 3820 ac
853 3760 1219 3818 imbecillitate
1243 3758 1483 3829 corporis
1512 3767 1564 3812 et
1597 3758 1938 3812 multitudine
1956 3757 2318 3822 alﬂictionum,

756 3872 877 3929 quae
912 3855 1153 3927 plurima:
1184 3854 1235 3907 in
1270 3868 1389 3906 eum
1419 3851 1705 3907 concitatae
1736 3851 1898 3903 vitam
1929 3848 2069 3903 illius
2093 3864 2322 3919 prmgra-

755 3954 1038 4007 vaverant,
1069 3945 1415 3997 emarcuisse.

826 4036 959 4092 Vill.
986 4037 1118 4091 Cum
1155 4035 1465 4103 Apollinarii
1507 4036 1726 4089 haeresis
1776 4035 1831 4089 in
1868 4036 2051 4091 urbem
2082 4033 2319 4103 Sozopo-

756 4133 979 4187 litanam
1014 4138 1347 4201 penetrasset
1379 4143 1439 4183 ac
1468 4125 2056 4193 nonnullosiufecisset,
2090 4127 2321 4195 scripse-

756 4234 883 4279 runt
917 4238 979 4277 ea
1004 4223 1068 4277 de
1101 4240 1159 4277 re
1187 4220 1549 4291 Sozopolitani
1582 4219 1647 4272 ad
1672 4217 1729 4273 S.
1754 4217 2034 4282 Basilium,
2066 4221 2155 4287 qui
2196 4219 2317 4272 bre-

755 4317 893 4368 viter
930 4314 1166 4382 quidem,
1212 4314 1304 4367 sed
1355 4311 1568 4367 eximiis
1627 4309 1921 4366 rationibus
1971 4311 2318 4376 demonstrat,

755 4420 915 4477 quam
959 4404 1249 4460 absurdum
1285 4404 1354 4459 sit
1380 4402 1649 4459 caelestem
1689 4400 1904 4457 Christo
1923 4416 2141 4456 carnem
2172 4400 2321 4456 aliin-

752 4513 897 4569 gere,
928 4507 983 4551 et
1010 4498 1277 4553 humanos
1303 4494 1525 4551 allectus
1550 4497 1600 4549 in
1626 4496 1796 4566 ipsam
1824 4496 2159 4550 divinitatem
2187 4510 2318 4549 con-

2421 3312 2580 3366 dente
2621 3311 2867 3364 viderant
2907 3313 3000 3381 (g),
3038 3313 3220 3382 eisque
3252 3318 3634 3381 persuaderent
3669 3336 3866 3391 magno
3889 3332 3998 3377 stu-

2418 3401 2508 3456 dio
2542 3402 2829 3471 praesentia
2879 3404 3091 3470 negotia
3120 3403 3380 3472 indigere.
3414 3404 3546 3459 Nam
3578 3410 3677 3463 etsi
3720 3413 3996 3479 prolixam

2352 3533 2364 3546 .
2420 3496 2767 3551 succurrendi
2813 3494 3134 3551 voluntatem
3185 3497 3622 3565 sigtrilicaverant
3678 3501 3999 3562 Occidenta-

2420 3589 2518 3655 les,
2544 3590 2730 3644 eadem
2773 3592 3063 3644 manebant
3084 3589 3323 3646 Orientis
3351 3591 3567 3645 vulnera
3596 3594 3695 3661 (lit,
3723 3610 3825 3650 nec
3848 3601 4002 3667 quis-

2420 3695 2582 3748 quam
2619 3680 2816 3734 ntissus
2843 3697 2906 3733 ex
2935 3680 3228 3736 Occidente
3255 3682 3343 3751 qui
3376 3697 3440 3737 ea
3478 3696 3693 3740 sanaret
3729 3704 3741 3740 :
3778 3703 3878 3743 nec
3907 3690 4001 3743 lit-

2426 3782 2572 3835 terte,
2605 3786 2736 3837 quas
2766 3770 3139 3826 Occidentales
3166 3774 3359 3829 misere
3381 3790 3474 3844 per
3498 3775 3912 3835 Sanctissimum
3946 3796 4001 3839 et

2422 3858 2775 3925 Dorotbeum,
2826 3877 3075 3929 maguum
3114 3866 3404 3918 remedium
3456 3869 3769 3927 attulerant.
3816 3874 4000 3939 Quare

2422 3950 2484 4022 (ξ)
2518 3966 2651 4005 nova
2690 3967 2825 4021 opus
2857 3960 2976 4006 erat
3008 3953 3294 4023 legatione,
3337 3972 3397 4010 ac
3437 3960 3587 4012 novis
3616 3963 3997 4033 episc0porum

2421 4044 2931 4112 subscriptionibus,
2967 4062 3194 4116 quarum
3246 4046 3668 4117 colligendorum
3719 4070 3884 4112 causa
3914 4061 3999 4114 vi-

2421 4139 2575 4192 detur
2626 4136 3014 4193 Sanctissitnus
3071 4137 3346 4193 Orientem
3400 4156 3741 4212 peragrasse.
3796 4147 3997 4206 lterum

2421 4244 2550 4299 ergo
2580 4230 2851 4296 prolectus
2900 4240 2982 4283 est
3028 4233 3077 4283 in
3118 4228 3466 4286 Occidentem
3515 4249 3635 4291 cum
3697 4239 3994 4309 Dorotheo,

2422 4322 2700 4390 epistolam
2727 4321 3081 4376 Orientalium
3124 4318 3394 4390 deferens,
3426 4325 3479 4379 in
3528 4341 3632 4395 qua
3691 4340 3885 4399 rogant
3939 4345 3999 4388 ut

2425 4413 2635 4467 tandem
2668 4414 2957 4480 aliquando
2999 4412 3375 4486 titillattlur(j)
3424 4418 3515 4485 qui
3537 4416 3815 4475 Orientem
3853 4423 3993 4479 invi-

2423 4516 2570 4571 sam;
2600 4506 2702 4572 vel,
2741 4506 2784 4559 si
2842 4504 2895 4557 id
2938 4502 3051 4559 fieri
3086 4520 3190 4560 non
3234 4517 3429 4577 potest,
3454 4507 3642 4562 saltem
3672 4513 3893 4572 veniant
3927 4521 3996 4573 ab

750 4590 914 4645 ferre.
940 4589 1090 4644 Hanc
1118 4588 1397 4658 epistolam
1428 4592 1555 4644 citat
1583 4588 1842 4643 Leontius
1869 4589 1967 4659 (tl),
1999 4600 2052 4645 et
2079 4589 2317 4659 pluribus
2349 4595 2393 4650 D
2423 4596 2715 4653 Occidente
2738 4596 2951 4663 litterae,
2985 4614 3103 4668 quae
3129 4613 3381 4656 auctores
3422 4603 3681 4661 tumultus
3702 4617 3758 4662 et
3780 4620 3995 4677 pertur-

750 4680 885 4737 locis
924 4679 1177 4750 Eulogius
1213 4685 1306 4749 (ε).

820 4772 1071 4832 Urbicius
1098 4772 1411 4837 monachus,
1442 4770 1580 4825 idem
1610 4772 1793 4840 procul
1823 4772 2005 4837 dubio,
2039 4788 2198 4843 quem
2221 4771 2320 4826 Ba-

752 4870 905 4926 silius
930 4882 1071 4923 atmo
1104 4866 1206 4921 ’575
1239 4865 1487 4921 exsilium
1527 4877 1846 4934 exspectans
1879 4867 1943 4920 ad
1977 4882 2034 4921 se
2069 4882 2318 4921 accerse-

752 4964 866 5031 bat,
898 4960 1115 5031 scripsit
1142 4960 1208 5015 ad
1232 4959 1486 5013 Basiliam
1522 4972 1626 5012 non
1653 4958 1768 5014 sine
1798 4959 1976 5029 aliqua
2013 4959 2318 5025 timiditate,

751 5065 812 5109 ut
843 5056 907 5110 ad
936 5054 1107 5109 virum
1140 5052 1277 5106 fama
1308 5060 1362 5106 et
1389 5052 1647 5121 dignitate
1674 5062 2036 5120 praestantem.
2065 5052 2169 5108 Sed
2198 5067 2319 5107 eum

751 5148 1000 5203 hortatur
1033 5147 1281 5212 Basilius,
1347 5155 1404 5200 ut
1462 5145 1599 5201 hanc
1655 5145 2094 5210 timiditatem,ex
2138 5148 2320 5203 animo

748 5240 952 5309 ejiciat,
986 5252 1052 5293 ac
1076 5253 1217 5309 saepe
1240 5237 1305 5292 ad
1338 5252 1397 5291 se
1431 5237 1669 5301 scribat;
1708 5251 1881 5307 neque
1920 5239 2067 5294 enim
2109 5238 2319 5293 nescire

751 5346 810 5385 se
836 5329 1113 5385 hominum
1145 5328 1506 5399 praestantiam
1536 5344 1599 5383 ex
1636 5330 1843 5385 timoris
1871 5330 1961 5385 Dei
1997 5331 2163 5402 gradu
2197 5345 2319 5399 pro-

752 5420 941 5485 ticisci,
970 5435 1069 5476 nec
1097 5421 1389 5491 quidquam
1424 5422 1702 5490 impedire,
1733 5424 2020 5492 quominus
2063 5438 2122 5477 se
2150 5423 2318 5493 major

752 5513 825 5568 sit
850 5512 1123 5579 Urbicius,
1156 5513 1202 5567 si
1232 5512 1396 5566 Deum
1422 5514 1590 5583 magis
1619 5514 1823 5569 timeat.
1853 5514 2006 5571 Scire
2038 5514 2187 5584 cupit
2220 5513 2319 5570 Ba-

825 5629 905 5695 (a)
939 5628 1141 5682 “teres.
1178 5628 1266 5688 77,
1298 5644 1349 5695 p.
1374 5629 1499 5683 996.

829 5697 903 5763 (b)
940 5698 1076 5750 Gen.
1112 5712 1188 5755 tv,
1218 5697 1305 5748 15.

831 5763 902 5829 (c)
938 5763 1083 5829 "ist.
1117 5766 1298 5815 eccles.
1332 5764 1428 5817 lib.
1460 5781 1533 5823 tv,
1560 5780 1607 5816 c.
1643 5765 1734 5817 30.

844 5828 913 5895 Α)
949 5829 1009 5880 In
1033 5828 1243 5882 Nestor.
1263 5841 1309 5881 et
1338 5831 1582 5897 Eutych“
1607 5849 1655 5896 ῃ.
1686 5833 1842 5884 1000.

836 5836 910 5961 te)
949 5897 1099 5950 Phot.
1151 5902 1268 5953 cod.
1294 5897 1419 5961 225,
1453 5915 1505 5961 ι).
1537 5900 1661 5961 Ἷϋο,
1700 5900 1824 5961 801,

866 5899 910 5963 e)
949 5897 1099 5950 Phot.
1151 5902 1268 5953 cod.
1294 5897 1419 5961 225,
1453 5915 1505 5967 ι).
1537 5900 1661 5961 Ἷϋο,
1700 5900 1824 5965 801,
1856 5898 1978 5955 808.

2425 4691 2659 4747 bationis
2688 4699 2895 4753 notent,
2932 4705 3133 4763 eosque
3166 4699 3243 4763 (ιι.
3264 4691 3319 4762 5)
3349 4692 3417 4749 ab
3460 4694 3700 4755 ecclesiis
3730 4706 3994 4757 arcendos

2427 4783 2741 4845 decernant,
2760 4780 2805 4835 si
2828 4782 2881 4838 in
2905 4785 3084 4854 pravis
3106 4784 3437 4840 novitatibus
3460 4802 3828 4856 perseverent.
3850 4793 3995 4849 inter

2425 4887 2539 4939 eos,
2583 4871 2672 4940 qui
2710 4868 2982 4927 Orientem
3026 4874 3366 4943 perturbant,
3406 4876 3510 4931 duo
3552 4881 3869 4935 nominatim
3906 4898 3993 4939 re-

2424 4976 2713 5021 censentur
2754 4964 3068 5021 Eustathius
3114 4976 3168 5020 et.
3221 4966 3606 5036 Apollinarius.
3660 4969 3992 5029 Referuntur

2421 5062 2589 5115 variae
2634 5058 2900 5113 Eustatbii
2937 5060 3262 5114 mutationes
3299 5064 3529 5131 partium
3574 5082 3587 5118 :
3619 5080 3741 5121 cum
3780 5068 3868 5132 iis,
3900 5086 3989 5139 qut

2422 5151 2887 5209 consubstantiale
2948 5154 3407 5211 anathematizant
3473 5157 3791 5226 conjunctus
3848 5175 3990 5229 esse,

2421 5259 2586 5315 seque
2615 5243 3223 5299 Pneumatomachorum
3278 5246 3499 5303 haeresis
3526 5250 3711 5304 ducem
3750 5255 3990 5322 prazbere

2424 5334 2638 5391 dicitur.
2676 5334 2829 5389 Scire
2869 5344 3031 5390 avent
3069 5333 3375 5393 Orientales
3420 5340 3615 5409 quibus
3654 5342 3783 5396 olim
3808 5344 3979 5398 condi-

2427 5428 2659 5483 tionibus
2700 5442 2729 5479 a
2767 5424 2980 5481 Liberio
3014 5438 3295 5497 susceptus
3335 5431 3440 5495 sit;
3486 5441 3649 5501 atque
3690 5434 3804 5487 lucc
3842 5435 3988 5489 addi-

2428 5528 2516 5572 tur
2544 5532 2731 5582 causa,
2778 5531 2874 5570 cur
2914 5520 2982 5573 ad
3019 5533 3141 5572 eum
3183 5522 3580 5593 reprimendum
3620 5524 3988 5582 Occidentales

2517 5632 2572 5699 ι’)
2600 5630 2802 5699 “teres,
2815 5630 2926 5699 Δ⁵1⁵1,
2963 5646 3013 5698 p.
3046 5631 3169 5686 996.

2518 5695 2569 5767 '9;
2609 5699 2706 5767 Ερο
2738 5695 2865 5767 ἓδῖιο

2522 5765 2574 5831 Ϊι)
2609 5766 2705 5831 Ep.
2729 5765 2855 5824 eos,
2882 5781 2932 5816 η.
2968 5768 3018 5818 1.

2515 5832 2577 5901 (ί)
2610 5833 2704 5896 Ep.
2874 5843 2927 5884 et
2958 5847 3109 5901 seqq.

2516 5899 2582 5966 ω’)
2619 5901 2713 5968 Ep.
2736 5899 2861 5963 sos,
2887 5914 2940 5951 n.
2973 5899 3026 5953 1.
