4214 6484
1571 460 1667 509 ῊἹ
1682 460 1727 507 Α
1766 459 1825 505 δ.
1866 458 2125 511 υΑδιιιιι.

3339 472 3428 517 σω

206 572 567 627 auctoritatem
615 582 770 624 suam
838 570 1094 624 adhibere
1141 570 1394 636 debeam,
1444 572 1585 640 quod
1625 570 1763 625 unde
1791 572 1839 633 Α
1870 570 2003 626 fieile
2025 573 2190 628 fuisse
2226 571 2487 626 Dorotheo
2520 589 2549 627 a
2593 588 2688 629 sua
2718 570 2939 627 leuitate
2972 588 3075 628 non
3127 572 3429 639 discedere,

205 666 406 735 accepit
450 659 702 716 ﬁduciam
736 665 804 716 ad
842 662 1244 718 subversionem
1281 662 1590 728 multorum,
1640 663 1765 717 inde

203 766 405 823 a‘qnnnt
451 750 525 804 sit
561 752 996 808 emendationem
1042 755 1243 808 venire.
1275 752 1593 822 Apollinarii
1618 768 1768 807 erro-

204 863 284 901 res
316 855 686 910 exponuntur.
726 843 1112 914 Perstringitur
1147 846 1311 900 etiam
1336 845 1605 900 ordinatio
1633 846 1767 898 Pan-

202 939 286 991 Iiui
313 936 664 999 Antiocheni,
709 936 861 1003 isque
904 948 1209 1003 accusatur,
1252 937 1393 1005 quod
1442 936 1493 990 in
1535 935 1767 992 Marcelli

201 1043 430 1083 errorem
461 1026 820 1099 propendeat,
852 1043 915 1083 ac
950 1029 1091 1083 illius
1116 1038 1408 1085 sectatores
1432 1030 1548 1085 sine
1580 1028 1768 1083 discri-

202 1118 337 1173 mine
364 1121 430 1173 ad
464 1116 900 1174 communionem
935 1120 1206 1172 admittat.

264 1208 321 1264 II.
356 1211 478 1265 Non
528 1209 738 1262 videtur
763 1208 875 1264 hac
911 1209 1105 1278 legatio
1147 1224 1432 1281 prosperos
1468 1209 1643 1264 exitus
1673 1208 1771 1263 ha-

201 1301 395 1358 buisse.
432 1299 545 1353 Vix
584 1300 798 1368 quidem
844 1299 1061 1354 dubium
1093 1309 1194 1365 est,
1226 1304 1352 1372 quin
1384 1300 1770 1371 persecutionis

199 1390 564 1459 descriptione
591 1400 644 1446 et
679 1402 755 1445 tot
779 1388 1037 1444 malorum
1066 1389 1227 1446 ﬂebili
1251 1394 1430 1460 specie
1454 1391 1615 1445 corda
1644 1393 1769 1446 teti-

200 1486 384 1556 geriut.
416 1482 591 1538 Forte
621 1485 778 1539 etiam
821 1482 886 1536 de
922 1480 1204 1537 Eustathio
1237 1493 1291 1537 et
1318 1483 1647 1552 Apollinario
1673 1483 1772 1535 im-

202 1587 507 1645 petrarunt,
562 1587 618 1630 ut
675 1584 903 1644 uterque
938 1577 1412 1629 condemnaretur.
1464 1574 1664 1629 Saltem
1708 1574 1773 1630 de

200 1668 531 1736 Apollinario
563 1668 764 1724 scimus
782 1684 901 1722 eum
929 1668 981 1721 in
1009 1670 1211 1738 synodo
1240 1668 1476 1722 Romana
1503 1666 1600 1736 (a).
1639 1682 1773 1734 prte-

202 1772 344 1814 sente
385 1762 559 1815 Petro
586 1758 972 1821 Alexandrino,
1019 1759 1330 1812 damnatum
1375 1756 1563 1811 fuisse.
1605 1755 1773 1812 Proli-

202 1866 316 1906 1am
353 1849 793 1905 Occidentalium
828 1850 1153 1905 voluntatem
1184 1849 1535 1917 perspicimus
1557 1850 1609 1904 in
1641 1866 1772 1920 quo-

1867 678 1984 718 cum
2022 676 2127 719 tam
2165 663 2405 733 iniquum
2444 663 2626 719 Petrus
2674 666 2739 719 de.
2765 663 2975 718 Mcletio
3004 676 3058 719 et
3087 664 3318 720 Eusebio
3347 664 3433 734 ju-

1868 758 2061 812 dicium
2121 758 2304 812 ferret.
2363 755 2619 821 Quamvis
2660 770 2841 813 autem
2893 754 3268 813 Occidentales
3324 773 3429 812 non

1871 858 2071 903 tantum
2128 850 2184 905 S.
2218 848 2430 903 Meletio
2477 849 2709 903 favorem
2761 851 3124 913 exhibueriut,
3170 860 3430 919 quantum

1868 950 2105 1006 optasset
2158 942 2428 1006 Basilius;
2484 942 2873 997 constituerunt
2937 954 3115 996 tamen
3154 945 3435 1014 episcopos

1871 1034 2081 1087 mittere
2110 1036 2160 1087 in
2190 1034 2486 1100 Orientem,
2527 1034 2615 1103 qui
2640 1046 2921 1102 sequestres
2971 1050 3015 1091 et
3047 1036 3233 1089 arbitri
3254 1040 3432 1103 refun-

1870 1125 2074 1191 denda',
2098 1132 2145 1180 si
2173 1127 2288 1192 ﬁeri
2338 1139 2531 1197 posset,
2571 1126 2713 1193 pacis
2744 1126 3064 1194 exsisterent,
3096 1139 3156 1181 nt
3208 1127 3435 1196 legimus

1876 1217 1927 1270 in
1982 1218 2211 1287 epistola
2264 1220 2476 1275 concilii
2538 1218 2893 1289 Aquileiensis
2937 1222 3002 1272 ad
3061 1223 3434 1288 imperatores,

1872 1323 1991 1377 qua:
2020 1322 2102 1364 est
2127 1310 2441 1367 duodecima
2475 1314 2616 1367 inter
2651 1310 3056 1365 Ambrosiauas.
3105 1310 3208 1365 Sed
3238 1312 3435 1367 ibidem

1873 1401 1973 1456 hoc
2030 1404 2314 1458 consilium
2360 1406 2497 1459 bello
2544 1404 2773 1461 Gothico
2817 1402 3215 1473 interpellatum
3270 1405 3437 1459 fuisse

1872 1493 2154 1549 diseiutus.

1943 1588 1996 1643 In
2043 1584 2273 1655 quodam
2329 1585 2513 1641 codice
2574 1588 2937 1655 manuscripto
2973 1595 3264 1640 annotatur
3302 1588 3438 1641 hanc

1877 1684 2161 1755 epistolam
2197 1683 2414 1739 missam
2449 1697 2552 1737 non
2594 1680 2777 1745 luisse,
2814 1682 2953 1735 unde
2978 1682 3179 1753 colligit
3207 1682 3436 1738 Combe-

1875 1778 2025 1833 ﬁsius
2053 1776 2306 1832 Basiliam
2349 1785 2588 1831 mutasse
2615 1774 2896 1829 consilium
2936 1774 3078 1842 quod
3114 1775 3435 1835 intenderat,

1876 1869 1944 1922 ob
1968 1885 2027 1923 ea
2066 1884 2183 1937 qua:
2215 1870 2279 1923 de
2320 1868 2543 1923 Paulino
2584 1866 2760 1921 minus
2801 1865 3095 1920 honorifice
3125 1866 3178 1919 in
3208 1865 3311 1920 hac
3334 1867 3440 1934 epi-

205 1943 315 1994 dam
352 1939 665 2008 fragmento
698 1940 885 2010 synodi
948 1938 1222 1991 Romanae.
1280 1933 1557 2000 Craterum,
1606 1936 1775 2004 inquit
1807 1937 1849 1991 B

1807 1937 1849 1991 Β
1879 1960 2012 2013 stola
2043 1933 2311 2013 dicuntur.
2352 1960 2457 2015 Sed
2488 1960 2630 2014 hunc
2658 1959 2899 2014 codicem
2931 1957 3125 2013 refellit
3152 1958 3331 2013 Basilii
3365 1933 3439 2011 te-

207 2030 456 2100 synodtts,
488 2031 631 2102 quod
670 2034 736 2084 ad
774 2029 1108 2084 removendos
1150 2037 1331 2082 vestri:
1366 2028 1659 2080 dilectionis
1689 2029 1773 2078 in-

202 2123 383 2190 jurias,
422 2140 518 2177 nec
552 2124 721 2191 frater
756 2130 929 2174 noster
968 2118 1262 2174 Dorotheus
1306 2119 1572 2195 presbyter
1602 2116 1769 2184 expli-

207 2230 316 2266 care
342 2216 523 2267 omnia
567 2212 808 2265 civaciter
858 2212 1235 2281 praetermittit,
1283 2224 1374 2262 nec
1412 2208 1575 2261 nostri
1606 2208 1771 2275 nisus,

210 2316 257 2356 ut
285 2306 389 2370 ipse
417 2304 569 2357 testis
592 2314 686 2372 est,
714 2304 1011 2373 defuerunt.

266 2399 631 2470 Atpracipue
666 2398 993 2469 propositum
1025 2404 1143 2449 erat
1177 2394 1386 2465 legatis,
1428 2400 1485 2448 ut
1515 2391 1773 2450 Occiden-

210 2491 274 2545 tis
300 2492 529 2561 gratiam
576 2506 638 2544 ac
664 2489 899 2542 favorem
949 2496 1138 2541 sancto
1168 2486 1377 2540 Meletio
1398 2485 1771 2541 conciliarent.

208 2580 331 2635 Cum
368 2584 514 2635 enim
556 2580 688 2633 nihil
716 2577 1017 2633 Antiochiae
1047 2578 1274 2631 Basilius
1307 2578 1381 2647 (b)
1416 2579 1468 2630 in
1498 2578 1628 2630 orhe
1663 2586 1772 2629 ter-

209 2688 377 2725 rarum
434 2670 781 2741 praeferebat,
845 2683 1014 2737 eaque
1062 2668 1127 2721 ad
1152 2668 1494 2721 concordiam
1547 2667 1773 2719 adducta

211 2773 431 2817 caeteras
470 2761 749 2817 Ecclesias
788 2758 941 2814 facile
985 2770 1231 2815 sanatum
1273 2760 1335 2813 iri
1370 2759 1609 2828 putabat,
1665 2769 1773 2811 tum

205 2871 323 2911 vero
363 2855 672 2910 Dorotheus
711 2862 765 2908 et
804 2852 1192 2908 Sanetissimus
1235 2852 1374 2905 hanc
1426 2850 1762 2916 potissimum

207 2950 581 3018 proﬁciscendi
614 2962 832 3002 causam
863 2945 1164 2999 habuerunt
1217 2944 1311 3015 (c),
1342 2944 1480 3013 quod
1523 2943 1775 2996 Paulinus

210 3038 393 3095 litteris
428 3041 605 3094 Roma
636 3037 872 3105 acceptis
900 3036 1097 3089 mirum
1142 3036 1195 3088 in
1228 3036 1441 3087 modum
1471 3034 1767 3089 efferretur.

210 3130 391 3183 Statim
441 3146 508 3183 ac
558 3129 733 3182 allata:
781 3126 995 3180 fuerunt
1047 3124 1387 3179 Antiochiam
1446 3124 1527 3177 ha:
1587 3124 1779 3176 littera:

209 3221 391 3289 (allatae
433 3230 619 3273 autem
657 3215 867 3271 fuerunt
898 3229 1038 3268 anno
1060 3212 1186 3275 575,
1221 3214 1364 3268 circa
1411 3212 1771 3278 autumnum),

211 3310 500 3365 Dorotheus
563 3310 787 3363 Romam
836 3306 1090 3376 cogitavit
1138 3303 1239 3375 ι’),
1288 3319 1353 3358 ac
1397 3304 1778 3359 Sanctissitaus

213 3402 277 3471 (e)
313 3405 594 3459 Orientem
637 3414 925 3470 peragrare
952 3396 1138 3467 coepit,
1170 3412 1233 3451 ac
1274 3397 1697 3466 subscriptiones
1726 3406 1781 3451 et

214 3495 407 3549 litteras
437 3494 720 3563 colligere.
744 3490 973 3552 laetitia,
1016 3503 1176 3557 quam
1207 3488 1438 3542 Basilius
1478 3502 1661 3542 eormn
1693 3502 1779 3541 re-

211 3589 313 3642 ditu
340 3588 588 3659 percepit
619 3598 759 3637 anno
792 3580 894 3637 576
922 3589 1241 3650 argumento
1283 3587 1367 3635 est
1422 3588 1549 3635 tunc
1583 3579 1781 3634 Itoma-

212 3697 329 3736 num
360 3679 674 3749 pontificem
712 3692 815 3732 non
854 3677 1089 3734 alienum
1122 3693 1151 3732 a
1186 3673 1402 3730 Meletio
1431 3674 1667 3727 animum
1703 3674 1780 3726 si-

206 3772 504 3841 gniﬁcasse.
554 3770 623 3824 At
656 3769 889 3823 secunda
941 3769 1136 3840 legatio
1170 3778 1423 3836 prospere
1454 3779 1555 3816 non
1594 3763 1781 3817 cessit.

211 3862 333 3918 Nam
366 3880 487 3919 cum
524 3861 725 3918 Meletii
763 3876 979 3916 causam
1002 3860 1317 3914 defenderet
1360 3856 1661 3909 Dorotheus
1691 3867 1784 3905 co-

212 3969 315 4007 ram
371 3956 610 4009 Damaso
654 3962 709 4006 et
762 3952 918 4005 Petro
969 3949 1370 4010 Alexandrino,
1430 3954 1645 3999 sanctus
1687 3943 1775 3997 ille

213 4047 395 4113 praesul
425 4058 537 4096 una
565 4059 686 4096 eum
721 4052 907 4095 sancto
942 4040 1174 4095 Eusebio
1206 4040 1348 4093 inter
1369 4035 1649 4091 haereticos
1676 4051 1780 4087 nu-

216 4146 445 4190 meratus
471 4145 577 4201 est,
626 4133 803 4202 idque,
864 4144 922 4186 nt
968 4131 1306 4201 conjicinms,
1352 4129 1420 4184 ab
1462 4129 1575 4197 ipso
1622 4126 1782 4181 Petro

212 4227 591 4283 Alexandrino.
625 4225 741 4279 Non
783 4224 901 4279 tulit
933 4224 1234 4278 Dorotlteus
1275 4231 1480 4276 tantum
1510 4217 1679 4277 nefas,
1720 4232 1783 4271 ac

216 4319 547 4375 stomachum
586 4333 742 4373 suum
789 4316 964 4383 erupit
1001 4315 1050 4367 in
1090 4316 1326 4375 Petrum,
1358 4310 1449 4380 qni
1494 4322 1612 4361 cum
1646 4306 1783 4373 apud

218 4408 467 4463 Basilium
513 4418 847 4478 conquestus
879 4416 1043 4468 esset,
1087 4405 1167 4458 sie
1212 4403 1258 4457 ei
1309 4401 1591 4469 respondet
1638 4397 1785 4449 Basio

216 4500 406 4573 Iitts(f)
440 4515 455 4553 :
489 4499 603 4553 Nos
628 4511 799 4553 autem
838 4500 890 4551 in
925 4498 1189 4551 tristitiam
1230 4492 1445 4563 conjecit
1485 4491 1651 4560 frater
1676 4486 1784 4540 Do-

215 4592 430 4658 rotheus,
456 4591 623 4662 quod,
652 4600 707 4642 ut
736 4592 841 4658 ipse
869 4590 1146 4658 scripsisti,
1172 4602 1274 4639 non
1299 4584 1472 4636 omnia
1500 4580 1690 4633 leniter
1733 4588 1779 4631 et

215 4689 472 4733 mansuete
494 4678 693 4731 dixerit
717 4679 961 4743 dignitati
986 4689 1107 4730 tute.
1134 4678 1297 4739 Atque
1319 4674 1371 4724 id
1392 4669 1624 4739 equidem
1650 4678 1779 4719 tem-

214 4784 386 4837 porum
418 4770 658 4822 attribuo
700 4766 1016 4835 difﬁcultati.
1058 4764 1250 4818 Videor
1290 4764 1424 4815 enim
1471 4759 1597 4810 mihi
1635 4754 1781 4807 nulla

218 4860 267 4913 in
289 4876 342 4913 re
368 4862 429 4913 ob
452 4876 572 4913 mea
603 4869 813 4928 peccata
856 4874 1125 4926 prosperos
1153 4853 1342 4907 habere
1365 4864 1633 4903 successus
1667 4862 1685 4900 :
1711 4848 1783 4900 si-

218 4953 409 5021 quidem
430 4954 661 5021 fratrum
685 4951 866 5020 optimi
892 4967 992 5003 non
1019 4948 1407 5017 comperiantur
1434 4942 1593 5003 leues,
1628 4953 1785 5005 neque

219 5045 282 5095 ad
304 5045 540 5097 obeunda
562 5059 780 5096 munera
822 5042 1015 5105 idonei,
1038 5056 1096 5094 eo
1121 5038 1259 5109 quod
1297 5052 1360 5090 ea:
1388 5049 1499 5086 mea
1532 5032 1785 5084 sententia

222 5152 316 5189 non
341 5137 517 5190 omnia
558 5146 831 5205 peragunt.
880 5134 973 5187 llis
1005 5131 1180 5185 verbis
1210 5130 1344 5183 satis
1386 5125 1587 5180 indicat
1630 5122 1778 5175 Iiasi~

226 5228 319 5282 lius
370 5228 697 5296 legationem
732 5228 798 5280 ad
824 5236 1034 5294 optatos
1091 5222 1267 5276 exitus
1301 5219 1615 5289 perductam
1670 5230 1775 5267 non

224 5316 420 5372 fuisse:
457 5332 678 5371 causam
715 5326 891 5370 autem
924 5313 1097 5383 rejieit
1122 5309 1336 5380 quidem
1364 5309 1413 5360 in
1453 5305 1780 5357 Dorothcum

225 5420 280 5460 ac
309 5423 400 5461 sua
438 5408 605 5476 ipsius
643 5417 861 5475 peccata
906 5446 921 5461 .
959 5405 1052 5457 sed
1099 5412 1275 5455 tamen
1314 5400 1364 5451 in
1406 5397 1491 5450 his
1532 5410 1649 5462 quae
1689 5409 1773 5448 se-

224 5506 448 5564 quuntur
472 5513 580 5549 non
607 5496 728 5549 sine
753 5495 1013 5564 perpolito
1044 5490 1287 5547 acumine
1321 5487 1653 5540 demonstrat
1680 5479 1779 5534 dif-

308 5674 357 5741 a)
389 5674 603 5729 Damus.
634 5674 794 5741 epist.
830 5674 911 5728 Η.

312 5743 360 5809 ὁ)
392 5745 487 5813 Ep.
517 5743 607 5807 66,
642 5760 699 5797 η.
724 5744 775 5799 ‘2.

310 5814 360 5949 ιζ
383 5815 553 5882 Epist.
579 5813 702 5867 216.

310 5887 339 5935 d
384 5883 482 5949 Ep.
508 5883 635 5937 215.

286 5883 360 5949 (cf)
384 5883 482 5949 Ep.
508 5883 635 5937 215.

1873 2052 2208 2108 stimonium.
2261 2051 2411 2119 Quod
2459 2055 2601 2107 enim
2651 2053 2727 2106 ait
2754 2052 3023 2107 llleletium
3061 2062 3114 2106 et
3150 2053 3437 2108 Eusebium

1877 2155 2192 2201 numeratos
2225 2145 2391 2200 fuisse
2448 2146 2589 2201 inter
2643 2146 2945 2209 haereticos,
3004 2145 3056 2200 id
3108 2145 3292 2199 referri
3331 2162 3436 2200 non

1875 2248 2049 2309 potest
2092 2241 2155 2293 ad
2195 2240 2511 2308 legationem
2546 2239 2670 2291 anni
2714 2235 2848 2303 376;
2881 2252 3001 2306 qua:
3045 2246 3243 2291 tantam
3288 2235 3440 2292 Basi-

1878 2331 1947 2385 lis
2002 2331 2237 2385 laetitiam
2274 2345 2379 2384 non
2415 2329 2704 2391 attulisset,
2740 2338 2994 2397 quantam
3036 2327 3276 2384 attulisse
3306 2329 3442 2382 vidi-

1878 2438 2018 2487 mus,
2051 2423 2094 2477 si
2134 2431 2255 2476 tunc
2314 2419 2555 2475 Meletius
2600 2430 2651 2474 ct
2683 2419 2944 2475 Eusebius
2990 2430 3096 2474 tam
3153 2420 3439 2474 inhoneste

1876 2517 2124 2586 appellati
2163 2515 2411 2570 fuissent.
2460 2516 2638 2580 Quare
2680 2528 2901 2567 necesse
2944 2522 3025 2566 est
3048 2514 3207 2567 aliam
3244 2515 3440 2568 admit—

1879 2618 1990 2663 tere
2028 2609 2371 2676 legationem,
2422 2607 2574 2672 eujus
2611 2605 2791 2658 exitus
2826 2605 3212 2671 exspectationi
3261 2606 3437 2659 minus

1879 2699 2171 2765 respondit.

1951 2787 2178 2843 Profecti
2231 2786 2395 2841 fuisse
2428 2787 2676 2842 videntur
2724 2787 3025 2841 Dorotheus
3059 2796 3113 2841 et
3146 2786 3439 2841 Sanctissi-

1879 2898 1997 2937 mus
2035 2897 2198 2935 verno
2228 2890 2467 2950 tempore
2512 2880 2636 2932 anni
2670 2880 2791 2933 577.
2844 2878 2976 2932 Nam
3023 2893 3142 2933 cum
3183 2878 3441 2932 redierint

1877 2994 1941 3032 ex
1968 2976 2263 3033 Occidente
2301 2987 2442 3027 anno
2469 2972 2592 3036 576,
2628 2972 2769 3025 circa
2808 2984 3125 3025 autumnum
3163 2981 3216 3024 et
3248 2972 3299 3023 in
3332 2969 3442 3025 col-

1878 3072 2105 3141 ligendis
2139 3066 2624 3137 subscriptionihus
2655 3064 2857 3132 aliquid
2891 3063 3147 3132 temporis
3186 3077 3440 3117 consum-

1881 3164 2122 3233 pserint,
2170 3162 2403 3215 secunda
2443 3160 2651 3213 illorum
2686 3159 2735 3211 in
2785 3156 3127 3213 Occidentem
3176 3155 3437 3226 profeCtio

1805 3271 1847 3328 ς
1882 3257 2042 3311 citius
2076 3254 2323 3309 collocari
2366 3268 2469 3307 non
2515 3253 2692 3307 debet.
2744 3250 2924 3322 Neque
2952 3253 3111 3307 etiam
3148 3249 3311 3304 multo
3352 3265 3442 3305 se-

1884 3350 2030 3412 rius;
2060 3347 2185 3415 quia
2220 3347 2287 3399 ah
2325 3361 2511 3401 eorum
2548 3345 2715 3399 reditu
2745 3358 2912 3413 usque
2950 3344 3014 3395 ad
3050 3342 3178 3396 illud
3214 3354 3441 3411 tempus,

1880 3457 1987 3512 quo
2026 3442 2215 3495 Petrus
2243 3439 2641 3495 Alexandrinus
2676 3438 2848 3493 Roma
2891 3436 3137 3490 discessit
3174 3434 3442 3504 (discessit

1880 3545 2057 3588 autem
2101 3534 2245 3589 circa
2285 3548 2521 3587 mensem
2564 3531 2759 3585 .‘lIaium
2814 3529 2936 3583 anni
2970 3528 3116 3597 578),
3174 3526 3439 3581 nonnulla:

1884 3644 1973 3683 res
2001 3637 2164 3697 gesta:
2197 3636 2341 3690 sunt,
2374 3640 2491 3693 quae
2531 3624 2753 3676 nimium
2785 3621 3030 3690 angustis
3073 3620 3227 3689 spatii
3253 3620 3441 3673 finibus

1884 3721 2126 3775 concludi
2179 3734 2282 3773 non
2336 3718 2553 3773 debent.
2610 3715 2790 3782 Quare
2858 3715 3129 3767 innuerito
3185 3712 3442 3783 synodum

1885 3813 2204 3875 Romanam,
2244 3812 2297 3864 in
2362 3824 2465 3877 qua
2501 3810 2787 3863 damnatus
2852 3815 3041 3874 rogatu
3098 3802 3443 3859 Orientalium

1881 3904 2259 3974 Apollinarius,
2294 3902 2530 3957 nonnulli
2560 3900 2879 3956 referuntad
2908 3899 3033 3953 anni
3068 3897 3171 3952 578
3198 3896 3367 3950 initia.

1950 3995 2035 4052 III.
2072 3995 2186 4051 Non
2221 3997 2386 4050 multo
2421 4006 2540 4063 post
2581 3992 2889 4063 epistolam,
2928 4006 3047 4059 quae
3082 3998 3163 4043 est
3202 3989 3268 4042 ad
3298 3986 3443 4041 Occl-

1886 4092 2145 4155 dentales,
2179 4089 2391 4157 scripsit
2416 4087 2644 4141 Basilius
2673 4082 3073 4138 confessorihus
3098 4079 3366 4151 Egyptiis
3394 4080 3443 4132 in

1895 4181 2181 4235 Palaestina
2223 4180 2591 4235 exsulantibus
2628 4176 2722 4247 (9).
2767 4174 2967 4229 IIorum
3006 4175 3181 4244 plures
3208 4187 3443 4227 commu-

1886 4276 2045 4338 niter,
2079 4272 2326 4342 privatim
2377 4285 2503 4326 vero
2534 4269 2822 4339 Adelphius
2860 4278 2909 4323 et
2941 4267 3177 4322 Isidorus
3217 4263 3444 4332 scripse-

1885 4380 2009 4421 rant
2070 4366 2422 4436 Apollinario.
2482 4363 2588 4418 Sed
2647 4363 2692 4416 is
2751 4371 3037 4435 postquam,
3096 4358 3149 4410 in
3204 4366 3445 4426 apertum

1891 4466 2130 4519 schisma
2172 4463 2367 4532 erupit,
2413 4459 2789 4515 confessorum
2819 4454 3129 4510 testimonio
3162 4464 3217 4505 et
3257 4451 3443 4521 perho-

1889 4558 2128 4611 norilicis
2174 4556 2364 4609 litteris
2414 4568 2473 4607 se
2517 4552 2755 4618 jactahat
2808 4548 2859 4601 in
2918 4546 3144 4614 quadam
3187 4544 3444 4599 adversus

1812 4619 1856 4675 D
1887 4649 2168 4703 Paulinum
2212 4644 2597 4698 Antiochenum
2627 4639 2875 4711 epistola.
2916 4636 3265 4692 Confessores
3296 4650 3444 4689 com-

1888 4738 2054 4794 movit
2080 4736 2194 4790 haec
2219 4734 2443 4804 epistola
2470 4748 2531 4786 ac
2553 4733 2617 4786 de
2633 4729 2856 4785 Paulino
2871 4726 3201 4797 suspiciones
3226 4722 3403 4791 injecit
3431 4740 3444 4780 :

1890 4836 1982 4887 sed
2011 4832 2099 4885 nhi
2125 4832 2177 4884 in
2201 4844 2388 4884 eorum
2418 4840 2607 4880 manus
2633 4839 2828 4877 venere
2856 4820 3110 4875 nonnulla
3130 4817 3443 4886 Apollinarii

1891 4933 1956 4985 de
1998 4926 2099 4979 fide
2132 4924 2375 4989 scripta;
2427 4929 2538 4971 tum
2591 4929 2718 4968 vero
2760 4914 2959 4966 illatum
2992 4910 3249 4966 Ecclesiis
3296 4910 3443 4961 dam-

1882 5038 2008 5078 num
2051 5029 2232 5071 tacere
2258 5028 2359 5064 non
2391 5017 2696 5078 potuerunt,
2732 5022 2795 5059 ac
2827 5021 2982 5059 suum
3015 5006 3081 5057 de
3115 5000 3443 5069 Apollinario

1875 5111 2137 5183 judicium
2172 5103 2366 5158 litteris
2410 5100 2473 5152 ad
2516 5096 2699 5151 Nitriae
2739 5094 3032 5150 monachos
3066 5092 3280 5160 scriptis
3314 5105 3443 5144 (on-

1881 5206 2181 5275 signarunt.

1953 5294 2208 5355 Basilius,
2255 5288 2343 5342 ubi
2376 5283 2557 5339 didicit
2608 5299 2698 5338 eos
2747 5279 3104 5337 confessionis
3154 5277 3293 5329 laudi
3336 5292 3444 5331 ma-

1884 5388 2044 5458 gnuitt
2073 5385 2293 5440 haeresis
2326 5378 2625 5433 relellendae
2650 5376 2884 5429 studium
2923 5372 3181 5442 adjicere,
3211 5384 3443 5423 eommu~

1886 5456 2099 5534 nionem
2121 5488 2241 5527 cum
2277 5470 2356 5525 eis
2393 5468 2569 5522 fovere
2613 5480 2710 5533 per
2743 5461 3023 5531 epistolam
3062 5457 3138 5527 (It)
3171 5456 3352 5520 voluit,
3386 5468 3443 5509 ac

1965 5648 2032 5719 (ε)
2062 5644 2309 5719 139-???-
2335 5660 2387 5695 η·
2418 5642 2472 5695 ‘3-

1968 5713 2028 5789 (ί)
2060 5713 2156 5789 eo.
2184 5713 2307 5769 εδδ.

2061 5774 2386 5857 Tilletnont.,
2420 5790 2547 5836 tom.
2586 5778 2695 5843 VII,
2728 5790 2847 5848 pag.
2882 5774 3003 5828 69.0.

1968 5854 2043 5925 fit)
2070 5857 2166 5925 Ep.
2199 5856 2266 5909 26
2274 5854 2321 5909 5.
