4214 6492
775 463 875 507 cur

2144 462 2673 515 PKULILUUML’NA.

773 568 1039 639 Elpidium
1069 570 1351 629 diaconum
1383 572 1530 629 misit
1573 589 1695 630 cum
1741 572 1941 630 litteris
1977 574 2109 631 suis.
2139 574 2342 631 Gratu-
2370 586 2413 641 Α
2442 577 2490 630 si
2528 575 2670 632 Deus
2720 575 2952 644 dederit,
2993 578 3239 649 nobisque
3298 579 3581 649 patientem
3645 598 3824 637 aurem
3878 603 4011 651 pre.

773 663 915 717 latur
938 664 1017 719 eis
1050 666 1302 722 exsilium
1345 676 1399 723 et
1436 670 1706 739 egregiam
1746 671 1810 725 de
1841 668 2096 727 Ecclesiis
2136 672 2338 730 sollici-

774 754 1013 812 tudinem
1052 758 1102 811 in
1154 760 1441 816 refellendo
1469 761 1805 833 Apollinario
1832 765 2124 834 cognitam.
2170 766 2339 837 liujus

774 849 1277 909 hominis-facinora
1323 852 1389 905 ad
1439 854 1761 909 scindendas
1804 853 2093 919 Ecclesias,
2127 870 2339 917 errores

770 943 841 995 de
868 940 1137 998 Trinitatis
1159 954 1212 997 et
1234 944 1299 998 de
1318 945 1699 1001 incarnatione
1728 946 2066 1019 perstringit,
2094 958 2149 1001 et
2176 964 2337 1018 quam

771 1032 1008 1090 absurda
1043 1037 1157 1091 siut'
1186 1034 1329 1090 illius
1364 1037 1430 1090 de
1459 1038 1640 1106 templi
1677 1050 1726 1092 et
1769 1037 1900 1108 legis
1950 1040 2340 1097 instauratione

772 1138 1076 1183 commenta
1103 1128 1338 1181 breviter
1366 1128 1729 1182 demonstrat.
1779 1129 2037 1186 Hortatur
2064 1131 2338 1189 confesso-

775 1232 863 1274 res
892 1228 947 1273 ut
980 1232 1100 1272 eum
1133 1220 1471 1287 dogmatibus
1505 1222 1757 1276 Ecclesia:
1790 1221 2001 1279 fortiter
2036 1238 2337 1292 proponen-

774 1309 856 1364 dis
911 1309 977 1363 ad
1008 1313 1298 1364 sanitatem
1358 1312 1612 1365 reducere
1662 1324 1950 1383 conentur,
1991 1315 2059 1368 ita
2106 1322 2165 1367 ut
2200 1314 2340 1371 illius

772 1401 1023 1457 omnibus
1048 1402 1351 1456 innotescat
1375 1403 1709 1470 pmniteutia.

842 1493 930 1553 IV.
964 1494 1079 1550 Alia
1125 1506 1243 1549 erat
1309 1496 1579 1550 scribendi
1641 1512 1803 1551 causa
1858 1497 1921 1550 ad
1978 1494 2334 1553 cuufessores.

773 1585 984 1641 Mortuo
1011 1586 1195 1653 paucis
1221 1598 1345 1641 ante
1369 1588 1526 1642 annis
1556 1588 1825 1651 Maret‘llo,
1854 1602 1980 1658 pars
2010 1589 2138 1643 cieri
2166 1599 2219 1644 et
2250 1604 2340 1658 po-

770 1679 879 1749 puli
915 1679 1213 1751 Ancyrani,
1249 1695 1371 1749 qua:
1416 1682 1467 1737 ei
1524 1697 1737 1750 semper
1798 1680 1952 1733 allisa
1990 1679 2186 1744 fuerat,
2241 1694 2339 1735 nec

770 1770 1052 1840 episcopos
1109 1771 1162 1825 in
1222 1772 1340 1843 ejus
1396 1773 1571 1827 locum
1634 1772 1954 1827 substitutos
2018 1782 2337 1843 agnoverat,

768 1865 1552 1921 communionemcatholicam
1610 1865 1859 1932 amplecti
1913 1866 2117 1919 statuit.
2173 1865 2340 1920 Erant

767 1957 909 2009 enim
935 1958 1005 2009 ab
1034 1958 1283 2011 omnibus
1313 1955 1553 2011 Orientis
1592 1956 1849 2011 Ecclesiis
1891 1957 2141 2024 abscissi,
2176 1958 2218 2011 si
2242 1974 2337 2012 tax--

768 2048 999 2116 cipiatur
1023 2047 1301 2112 Paulinus,
1334 2053 1488 2122 cujus
1514 2052 1786 2107 licentiam
1825 2052 1874 2105 in
1904 2051 1983 2105 eis
2014 2054 2079 2105 ad
2106 2065 2341 2105 continu-

772 2141 987 2196 nionem
1040 2142 1363 2213 recipiendis
1411 2148 1722 2214 vituperant
1775 2144 2076 2198 Orientales
2129 2142 2182 2196 in
2222 2143 2339 2211 epi-

766 2233 901 2289 Stola
958 2236 1279 2303 praeedenti
1335 2238 1433 2306 (ο).
1504 2236 1695 2289 Studio
1748 2236 1909 2306 igitur
1959 2236 2341 2303 recuperanda

768 2326 1164 2380 communionis
1202 2326 1503 2391 catholicas,
1536 2337 1770 2397 quatuor
1798 2327 2097 2399 presbyteri
2139 2342 2205 2382 ex
2237 2326 2340 2381 hac

770 2430 915 2474 secta
947 2434 1069 2474 cum
1123 2430 1354 2488 quatuor
1399 2420 1517 2477 aliis
1560 2421 1773 2477 clericis
1802 2421 2193 2476 Diocsesaream
2247 2433 2340 2473 ve-

768 2512 945 2577 niunt,
982 2516 1274 2568 ostendunt
1332 2514 1733 2569 coufessoribus
1784 2512 2055 2584 Egypliis
2107 2513 2335 2576 litteras.

766 2617 902 2674 quas
930 2604 1057 2659 olim
1088 2621 1115 2657 a
1156 2615 1344 2659 sancto
1374 2605 1673 2659 Athanasio
1699 2616 2038 2675 acceperant,
2074 2602 2193 2658 fidei
2228 2602 2342 2657 for-

770 2696 970 2751 mulam
998 2695 1247 2763 oli'erunt,
1279 2698 1583 2765 erroribus,
1609 2714 1744 2768 quos
1790 2699 1837 2752 ei
1876 2698 2151 2753 hominum
2185 2696 2339 2751 attri-

768 2790 965 2844 buebat
990 2789 1195 2859 opinio,
1233 2794 1593 2853 contrariam;
1632 2792 1818 2862 sicque
1870 2809 1897 2845 a
1940 2789 2339 2847 confessoribus

766 2880 1125 2935 admittuntur
1166 2882 1231 2936 ad
1261 2885 1713 2938 communionem.
1739 2884 1986 2937 Pluribus
2014 2898 2076 2936 ea
2108 2898 2195 2935 res
2219 2896 2337 2951 per-

770 2971 995 3027 molesta
1026 2970 1145 3036 fuit,
1175 2973 1338 3025 etiam
1374 2973 1425 3026 in
1461 2972 1739 3027 Palaestina
1768 2974 1841 3042 (b)
1873 2992 1883 3025 :
1917 2974 2009 3026 sed
2047 2986 2206 3026 nemo
2237 2988 2336 3041 po-

769 3066 895 3121 tiori
943 3066 1065 3137 jure
1108 3068 1363 3138 conqueri
1398 3076 1631 3138 poterat,
1688 3082 1847 3135 quant
1898 3065 2150 3120 Basilius.
2199 3064 2335 3119 Nam

764 3170 889 3209 cum
918 3154 1126 3210 Galatia
1164 3173 1268 3211 una
1301 3170 1443 3213 esset
1464 3173 1527 3212 ex
1564 3158 1853 3228 provinciis
1893 3157 2153 3213 Caesarea:
2210 3158 2337 3212 sub-

2440 669 2615 733 beant,
2684 687 2952 739 speramus
3004 689 3101 727 nos
3146 672 3393 740 populum
3444 676 3511 726 ad
3576 675 3865 731 Ecclesium
3909 682 3994 732 ad-

2438 760 2713 827 ducturos,
2758 764 2833 815 ita
2882 772 2935 815 ut
2970 780 3073 818 non
3106 764 3233 833 ipsis
3270 766 3415 817 nobis
3436 770 3779 832 exprobretur
3819 785 3913 821 nos
3946 787 4013 821 aa

2440 851 2813 908 Marcelliano:
2868 855 3172 916 accessisse.
3222 855 3310 910 sed
3352 856 3431 908 illi
3485 858 3717 911 membra
3779 858 4012 927 corporis

2443 944 2695 1000 Ecclesia:
2722 946 2920 1002 Christi
2955 945 3085 1015 ﬁant
3120 964 3138 1000 :
3171 958 3216 999 et
3267 947 3463 1001 malum
3504 948 3747 1015 dedecus,
3789 952 3931 1021 quod
3953 966 4012 1002 ea

2440 1038 2629 1091 htrresi
2671 1055 2938 1105 aspersum
2975 1048 3074 1102 est,
3108 1049 3291 1093 nostra
3331 1040 3650 1108 suscipiendi
3692 1043 3901 1098 ratione
3927 1046 3994 1100 de

2439 1127 2625 1190 (eatur,
2673 1143 2762 1180 nec
2792 1128 2940 1183 nobis
2970 1127 3303 1199 opprobrium
3353 1130 3620 1193 inuratur,
3671 1139 3726 1182 ut
3779 1133 3848 1184 ad
3892 1134 4013 1188 illus

2441 1220 2731 1274 translatis.

2512 1310 2723 1379 Scripta
2758 1310 2967 1365 videtur
2992 1310 3105 1365 haec
3163 1311 3228 1366 ad
3264 1309 3601 1369 confessores
3621 1312 3850 1385 epistola
3884 1327 4008 1383 post

2441 1402 2802 1458 Orientalium
2866 1404 3072 1459 litteras
3110 1407 3177 1459 ad
3211 1404 3604 1461 Occidentales.
3644 1408 3700 1462 1ο
3744 1406 3892 1463 Nihil
3928 1409 4010 1461 ha-

2442 1496 2571 1551 bent
2600 1494 2959 1551 Orientalium
3010 1496 3203 1551 iilterze
3248 1498 3313 1552 de
3366 1496 3702 1554 facinoribus
3732 1499 4011 1570 Apollina-

2442 1590 2507 1644 rii
2549 1589 2650 1661 (ά),
2686 1590 2776 1659 qui
2828 1588 3132 1658 iilegitimos
3180 1590 3465 1658 episcopos
3522 1589 3572 1643 in
3619 1588 3895 1646 Ecclesias
3948 1590 4017 1645 ab

2440 1680 2707 1749 episcopis
2746 1677 3024 1733 catholicis
3074 1676 3397 1747 gubernalas
3439 1680 3763 1734 immittebat
3802 1697 3816 1732 ε
3872 1682 4014 1736 unde

2444 1773 2718 1827 ridebatur
2740 1787 2991 1840 magnum
3012 1771 3222 1842 pietatis
3242 1773 3581 1842 mysterium,
3603 1771 3874 1843 episcOpis
3898 1773 4013 1829 sine

2443 1862 2589 1916 clero
2620 1877 2683 1919 ac
2733 1861 2931 1933 populo
2985 1861 3461 1917 obambulantibus
3497 1874 3551 1917 et
3581 1864 3779 1919 nudum
3818 1877 4013 1918 nomen

2372 1934 2411 1988 Β
2442 1953 2977 2009 circumferentibus.
3012 1955 3071 2009 2ο
3098 1954 3381 2009 Paulinum
3416 1954 3722 2021 vituperant
3757 1956 4013 2013 Orienta-

2440 2040 2537 2104 les,
2568 2043 2708 2110 quod
2734 2041 3111 2097 Mareellianos
3149 2044 3266 2098 sine
3306 2042 3619 2098 discrimine
3659 2048 3727 2099 ad
3765 2062 3984 2101 contmu

2443 2130 2661 2186 nionem
2680 2148 2830 2188 suam
2859 2132 3192 2188 admitteret.
3220 2135 3286 2188 At
3316 2136 3415 2189 boc
3442 2134 3648 2191 crimen
3669 2136 4013 2193 inferendum

2440 2223 2489 2277 ei
2518 2237 2625 2277 non
2660 2223 2781 2290 fuit,
2814 2223 2897 2280 vel
2951 2223 3143 2279 saltem
3176 2241 3297 2278 cum
3332 2228 3739 2286 confessoribus
3764 2244 4011 2285 commu-

2443 2312 2730 2367 nicaudnm
2765 2325 2915 2379 erat,
2962 2314 3006 2369 si
3058 2313 3170 2384 jam
3206 2314 3407 2383 recepti
3459 2315 3634 2384 palam
3661 2328 3718 2373 et
3771 2332 3961 2390 aperte
3986 2338 4013 2373 a

2442 2403 2852 2461 coufessorilms
2882 2407 3110 2462 fuissent
3139 2406 3486 2463 Marcelliani.

2516 2497 2571 2550 ν.
2614 2498 2767 2565 Quod
2803 2514 2934 2570 ergo
2968 2499 3160 2554 Petrus
3213 2500 3612 2558 Alexandrinus
3661 2503 3727 2558 de
3782 2504 4013 2576 receptis

2440 2589 2807 2646 Marcellianis
2856 2592 2920 2645 ad
2952 2589 3211 2646 Basiliam
3254 2595 3492 2664 scripsit,
3530 2595 3582 2650 id
3628 2604 3748 2666 post
3778 2595 4012 2651 reditum

2456 2683 2754 2755 legatorum
2806 2682 3061 2739 Dorothei
3097 2694 3152 2739 et
3201 2683 3539 2741 Sanctissimi
3592 2689 3830 2759 scripsit.
3886 2688 4009 2746 Per-

2444 2778 2615 2830 amice
2645 2778 3020 2844 expostulabat
3044 2794 3162 2831 cum
3201 2776 3418 2841 Basilio,
3456 2779 3598 2847 quod
3632 2794 3689 2833 se
3720 2783 4013 2836 certiorem

2451 2868 2609 2937 hujus
2640 2870 2716 2921 rei
2746 2886 2851 2921 non
2895 2868 3145 2923 fecisset:
3178 2869 3445 2938 simulque
3482 2871 3721 2925 dolorem
3752 2891 3909 2930 suum
3935 2878 4011 2931 si-

2440 2960 2748 3030 gniﬁcabat,
2780 2960 2922 3028 quod
2958 2974 3055 3013 nec
3086 2975 3349 3015 canonum
3375 2976 3475 3016 nec
3500 2960 3681 3019 Basilii
3715 2952 3897 3022 habita
3921 2985 4010 3025 ra-

2440 3051 2515 3105 tio
2547 3051 2734 3105 fuisset
2771 3052 2820 3105 in
2854 3051 3214 3107 iiarceilianis
3264 3054 3331 3108 ad
3376 3059 3815 3115 communionem
3867 3062 4011 3117 reci-

2439 3143 2671 3211 piendis.
2700 3142 2923 3198 Fatetur
2956 3143 3188 3199 Basilius
3224 3146 3292 3217 (e)
3344 3164 3452 3203 non
3506 3149 3773 3205 immerito
3824 3167 4010 3223 repre-

765 3247 946 3318 jectis,
973 3247 1177 3303 Galam:
1210 3250 1260 3301 in
1304 3251 1736 3305 communionem
1778 3249 2206 3305 ecclesiasticam
2252 3249 2334 3302 in-
2362 3277 2403 3335 ο
2443 3236 2667 3290 Ιιθηεηιη
2691 3251 2748 3290 εθ
2782 3252 2811 3291 ³
2850 3236 3030 3301 Ροῐτον
3064 3239 3205 3307 (ἰυοά
3254 3255 3357 3291 ηυη
3400 3242 3465 3292 il"
3497 3256 3619 3293 ευίη
3658 3244 3725 3296 de
3752 3246 4012 3301 omnibus

765 3342 1013 3398 consulto
1048 3342 1362 3396 Casariensi
1387 3344 1639 3413 episcopo
1661 3346 1871 3399 restitui
1906 3360 2009 3397 non
2039 3346 2330 3398 debebant.

767 3431 878 3488 liae
921 3434 1110 3502 injuria
1138 3443 1357 3501 accepta
1401 3432 1628 3488 Basilius
1654 3433 1898 3487 eamdem
1936 3449 1999 3489 ac
2033 3448 2174 3500 saepe
2202 3435 2335 3489 alias

767 3524 933 3579 animi
981 3525 1403 3579 moderationem
1444 3523 1709 3589 adhibuit,
1748 3539 1809 3578 ac
1838 3523 2086 3593 querelas
2117 3538 2241 3577 suas
2268 3539 2335 3578 ne

768 3617 835 3671 ad
859 3616 1077 3671 Petrum
1146 3616 1362 3686 quidem
1390 3615 1809 3670 Alexandrinum
1850 3614 2061 3670 detulit.
2110 3615 2336 3685 Scripsit

769 3719 975 3764 tantum
1007 3707 1411 3763 confessoribns
1464 3725 1567 3762 non
1604 3708 1851 3763 debuisse
1881 3723 1975 3763 eos
2003 3708 2104 3763 sibi
2137 3709 2212 3763 rei
2268 3708 2335 3762 ad

765 3813 955 3853 omnes
988 3798 1255 3852 Ecclesias
1282 3800 1574 3867 spectantis
1610 3798 1870 3867 judicium
1916 3814 2188 3872 arrogare.
2227 3800 2337 3856 Me-

768 3888 1024 3944 tuendum
1054 3888 1197 3941 enim
1233 3902 1352 3943 esse
1394 3902 1461 3942 ne
1502 3904 1605 3957 pax
1642 3890 1941 3954 scindatur,
1980 3892 2101 3947 aliis
2149 3892 2337 3947 absce-

766 3980 1037 4043 dentibus,
1070 3982 1197 4035 dum
1227 3980 1315 4033 alii
1338 3978 1716 4034 admittuntur.
1756 3979 1929 4049 Rogat
1963 3992 2019 4034 ut
2040 3986 2107 4037 ad
2133 3999 2190 4038 se
2218 3987 2339 4037 mit-

767 4082 881 4125 tant
904 4072 1319 4141 prepositiones.
1357 4070 1554 4141 quibus
1583 4072 1938 4125 assentientes
1984 4070 2225 4128 Marcelli
2257 4075 2338 4128 di-

763 4163 999 4235 scipulos
1027 4174 1364 4232 receperunt.

836 4256 952 4312 No’n
984 4257 1030 4311 is
1057 4264 1175 4311 erat
1206 4254 1439 4309 Basilius
1470 4256 1583 4324 qui,
1620 4255 1761 4325 quod
1804 4257 1915 4324 ipse
1948 4258 2333 4324 committeret,

766 4349 820 4404 id
848 4348 1265 4419 reprehenderet
1292 4347 1345 4401 iu
1370 4347 1509 4401 aliis.
1557 4347 1712 4416 Smpe
1739 4364 1767 4400 a
1797 4348 2001 4405 Calatis
2032 4351 2339 4419 importune

766 4449 985 4510 rogatus
1011 4438 1108 4510 (c),
1166 4438 1488 4506 respondere
1523 4440 1602 4491 eis
1645 4436 1814 4490 noluit
1856 4440 2063 4509 absque
2097 4440 2199 4493 ulla
2245 4457 2341 4495 ex-

762 4532 1032 4604 ceptione.
1074 4533 1198 4601 quia
1250 4530 1474 4586 aliarum
1530 4529 1893 4584 Ecclesiarum
1936 4530 2196 4597 judicium
2246 4548 2341 4587 ex-

2444 3328 2623 3391 rebus,
2660 3328 2773 3380 sive
2831 3328 3044 3397 parvis,
3082 3327 3195 3381 sive
3251 3330 3458 3396 magnis
3497 3330 3723 3389 scribat.
3767 3331 3913 3387 Nam
3966 3345 4013 3387 et

2438 3422 2551 3485 tibi,
2578 3420 2770 3489 inquit,
2797 3421 3227 3475 convenitnostra
3261 3438 3469 3487 curare,
3495 3430 3543 3475 et
3579 3424 3725 3477 nobis
3756 3426 3827 3477 ad
3864 3437 4011 3480 tuan:

2439 3514 2747 3567 charitatem
2788 3516 2852 3566 de
2884 3514 3035 3568 rebus
3069 3514 3259 3567 nostris
3285 3515 3499 3577 referre.
3535 3514 3801 3571 Caeterum
3830 3518 4010 3573 decia—

2441 3615 2525 3658 rat
2554 3619 2613 3657 se
2636 3605 2919 3668 molestiis,
2948 3620 3050 3659 non
3071 3609 3241 3660 solum
3263 3622 3381 3675 qua
3408 3608 3475 3662 ab
3502 3608 3717 3663 Arianis
3736 3610 4012 3674 accidunt,

2439 3697 2533 3751 sed
2568 3696 2729 3750 etiam
2763 3711 2882 3765 quae
2911 3699 2979 3750 ab
3010 3699 3282 3753 unanimis
3332 3699 3611 3766 fratribus,
3640 3701 3709 3755 ita
3734 3712 4012 3755 assuetum

2438 3802 2581 3854 esse,
2619 3797 2673 3841 ut
2706 3786 2790 3855 iis,
2822 3803 2942 3858 qua:
2987 3798 3182 3858 prater
3225 3792 3469 3845 ordinem
3500 3803 3648 3861 gesta
3683 3808 3856 3862 nuper
3905 3792 4011 3849 lue-

2443 3890 2586 3946 rant,
2614 3882 2835 3937 minime
2869 3892 3174 3937 commotus
3200 3882 3533 3940 fuerit.iiiuc
3561 3886 3722 3939 etiam
3746 3884 3889 3941 Petri
3914 3901 3982 3940 au

2442 3991 2528 4030 res
2557 3976 2857 4031 obtundere
2914 3974 3117 4041 noluit,
3152 3977 3352 4047 partim
3410 3977 3628 4047 quidem
3675 3993 3797 4031 cum
3845 3978 4009 4033 sciret

2444 4068 2642 4121 famam
2685 4084 2782 4123 sua
2834 4081 3025 4138 sponte
3074 4085 3163 4125 res
3213 4080 3395 4140 gestas
3434 4069 3785 4140 perlaturam,
3810 4070 4013 4140 partim

2440 4171 2763 4229 exspectans
2795 4163 2919 4215 dum
2952 4163 3039 4216 alii
3078 4165 3175 4219 has
3206 4164 3482 4220 molestias
3531 4163 3879 4230 nuntiarent;
3918 4178 4012 4233 po-

2443 4264 2647 4307 stremo
2672 4253 2924 4307 decorqu
2950 4269 3073 4309 esse
3104 4271 3207 4309 non
3244 4257 3447 4311 ducens
3498 4254 3921 4325 indignationem
3960 4264 4013 4310 et

2444 4345 2683 4400 dolorem
2729 4345 3057 4415 significare,
3090 4347 3232 4416 quod
3280 4355 3625 4414 contemptus
3669 4347 3879 4404 fuisset.
3923 4348 4011 4404 Si-

2444 4436 2663 4507 gnificat
2721 4436 2950 4492 Basilius
3001 4452 3059 4492 se
3114 4437 3399 4507 scripsisse
3451 4435 3897 4505 confessoribus,
3953 4447 4008 4493 ut

2448 4546 2475 4583 a
2524 4530 2790 4585 charitate
2847 4530 3064 4601 quidem
3124 4546 3229 4584 non
3278 4530 3561 4584 discedant
3613 4530 3810 4601 (aliqua
3866 4532 4010 4585 enim

763 4624 1060 4697 spectabat.
1091 4622 1401 4677 Cavendum
1430 4620 1576 4675 enim
1617 4633 1735 4673 esse
1769 4618 2121 4692 intelligebat,
2157 4640 2242 4688 ne,
2291 4628 2335 4680 si
2373 4641 2412 4696 ο
2444 4631 2630 4676 exorta
2656 4620 2828 4675 fuerat
2862 4623 2927 4675 de
2953 4620 3275 4690 recipiendis
3304 4619 3664 4677 Marcellianis
3691 4620 4009 4689 dissensio),

766 4719 947 4773 minus
979 4716 1147 4787 aquis
1174 4714 1570 4770 conditionibus
1607 4714 1989 4781 reciperentur.
2031 4731 2135 4770 nor.
2166 4716 2236 4771 illi
2267 4720 2333 4772 ad

763 4808 1091 4872 Catholieos,
1126 4807 1222 4861 sed
1252 4807 1319 4859 ad
1342 4820 1436 4861 eos
1461 4803 1721 4859 Catholici
1750 4805 2047 4859 accessisse
2080 4807 2332 4861 videreue

765 4910 875 4965 tur,
912 4900 1095 4969 sicque
1131 4912 1227 4967 pax
1254 4911 1384 4951 cum
1428 4896 1611 4967 paucis
1643 4897 2000 4951 schismaticis
2036 4902 2333 4968 composita

762 4994 999 5049 schisma
1029 4992 1168 5045 inter
1190 4988 1459 5045 Ecclesias
1489 4992 1770 5045 excitaret.
1809 4988 1945 5044 Cum
1982 4998 2159 5044 autem
2190 4991 2335 5045 dicat

764 5084 993 5139 Basilius
1057 5098 1117 5137 se
1182 5085 1487 5153 importune
1546 5098 1574 5137 a
1623 5081 1824 5138 Gaiatis
1884 5098 2026 5154 saepe
2084 5093 2334 5154 rogatum

764 5176 950 5238 fuisse.
985 5176 1277 5231 verisimile
1306 5185 1391 5230 est
1426 5190 1521 5230 eos
1554 5175 1620 5229 ad
1658 5174 1803 5229 illum
1838 5176 2149 5241 accessisse,
2182 5186 2335 5231 ante-

763 5283 924 5340 quam
959 5281 1018 5322 sc
1068 5266 1136 5322 ad
1186 5265 1523 5322 confessores
1568 5267 1903 5323 conterrent.
1964 5268 2068 5323 Sed
2111 5268 2330 5322 dubium

762 5372 884 5414 esse
915 5373 1016 5413 non
1061 5366 1235 5429 potest
1282 5358 1433 5426 quin,
1467 5368 1757 5426 postquam
1817 5359 2013 5426 recepti
2060 5374 2088 5410 a
2123 5357 2333 5413 confes-

762 5449 976 5505 soribus
1020 5447 1191 5514 fuere,
1250 5463 1278 5501 a
1331 5459 1521 5503 sancto
1565 5448 1761 5505 Basilio
1802 5450 2054 5519 petierint
2098 5458 2157 5504 ut
2197 5465 2331 5504 con-

761 5554 974 5593 cessum
1019 5539 1121 5592 sibi
1170 5537 1489 5593 beneﬁcium
1524 5540 1888 5595 conﬁrmaret.
1936 5538 2070 5593 Hinc
2102 5538 2331 5595 Basilius

761 5630 840 5682 sic
894 5630 960 5683 de
1017 5628 1123 5683 illis
1184 5628 1420 5699 loquitur
1478 5631 1529 5685 in
1593 5630 1812 5701 cpistola
1867 5629 1974 5685 266
2016 5646 2029 5683 :
2069 5628 2133 5683 Et
2190 5646 2326 5685 nunc

831 5812 911 5881 (α)
942 5811 1201 5881 Epiphan.
1235 5812 1429 5869 iteres.
1459 5812 1542 5867 72.

836 5882 912 5954 (δ)
935 5883 1031 5952 Ep.
1060 5882 1184 5954 eos.

835 5958 902 6013 lci
933 5955 1027 6014 iit).
1065 5953 1190 6009 ‘166.

2441 4723 2495 4768 et
2524 4715 2592 4767 ab
2634 4712 2699 4766 iis
2734 4714 2825 4781 qui
2855 4712 3226 4768 ecclesiastico
3253 4712 3376 4782 jure
3404 4713 3604 4768 erratis
3645 4711 3848 4767 mederi
3879 4727 4009 4777 pos-

2441 4819 2599 4871 sunt,
2666 4814 2981 4874 exspectent
3032 4805 3483 4861 emendationem.
3523 4804 3731 4861 Laudat
3786 4802 4008 4859 Petrum

2440 4898 2583 4967 quod
2614 4896 2717 4950 hoc
2748 4910 2882 4964 opus
2920 4908 3208 4964 aggressus
3237 4895 3307 4950 sit
3339 4897 3589 4965 prudenti
3636 4893 3906 4950 consilio:
3940 4910 4008 4951 ex

2440 5003 2549 5058 quo
2579 4988 2849 5057 colligitur
2880 5002 2999 5043 eum
3055 4988 3339 5055 scripsisse
3372 4988 3777 5044 confessoribus
3815 4990 3883 5045 de
3917 5004 3997 5047 ca-

2442 5076 2635 5129 nonica
2662 5076 3090 5145 recipiendorum
3132 5076 3595 5131 Marcellianorum
3640 5079 3850 5135 ratione
3880 5096 3894 5133 :
3928 5080 4005 5134 id-

2442 5182 2546 5237 que
2573 5182 2695 5221 eum
2720 5168 3097 5223 Tillemontius
3122 5169 3315 5223 fecisse
3338 5177 3489 5238 putat
3520 5170 3571 5224 in
3600 5169 3863 5226 alterutra
3892 5172 4004 5241 epi-

2437 5259 2724 5324 stolarum,
2748 5275 2880 5329 quas
2916 5261 3134 5331 scripsit
3166 5261 3422 5315 adversus
3451 5262 3870 5331 Apollinarium.
3905 5262 3991 5318 Se-

2438 5352 2627 5406 cunda:
2664 5351 3024 5421 fragmentum
3058 5361 3235 5407 exstat
3265 5353 3404 5422 apud
3446 5353 3764 5409 Facundum
3793 5355 3886 5425 (Γ),
3915 5356 4004 5426 qui

2439 5440 2579 5496 hanc
2606 5441 2888 5512 epistolam
2932 5445 2997 5498 ad
3027 5442 3329 5513 episcopos,
3361 5446 3711 5515 presbyteros
3741 5456 3795 5501 et
3824 5446 3981 5501 diaco

2438 5548 2537 5588 nos
2562 5547 2659 5603 pro
2700 5533 2805 5589 title
2849 5533 2989 5603 apud
3024 5533 3417 5591 Dioczsaream
3468 5536 3686 5593 exsules
3741 5536 4003 5605 scriptam

2436 5626 2603 5682 fuisse
2637 5636 2885 5682 testatur.

2518 5808 2593 5878 (d)
2628 5809 2722 5877 Ep.
2755 5808 2882 5873 265,
2917 5826 2969 5863 n.
2999 5808 3053 5864 2.

2515 5883 2583 6016 ἓξ.)
2615 5881 2707 5960 Ep.
2736 5880 2857 5935 266.

2544 5956 2585 6016 ,)
2620 5949 2735 6006 Ltb.
2768 5965 2843 6016 tv,

2544 5950 2585 6017 ί)
2620 5948 2735 6006 Lib.
2768 5965 2843 6017 tv,
2879 5966 2928 6007 c.
2955 5948 3011 6007 2.
