4214 6486
1542 407 1694 463 VITA
1736 407 1792 464 S.
1839 407 1919 463 BA
1929 408 2098 462 SILI].

3272 424 3409 465 CLI"

253 528 333 589 Vl.
374 533 448 587 De
482 527 724 583 Ilarcelli
756 530 1029 586 sententia
1076 541 1129 582 et
1167 529 1414 582 doctrina
1451 528 1503 581 in
1535 542 1739 584 utram—
1771 536 1811 593 Α
1845 530 2051 595 hendit,
2084 528 2227 598 quod
2285 544 2443 583 unam
2489 529 2815 600 hypostasim
2862 530 3069 582 doceat.
3110 527 3179 580 At
3207 526 3249 579 si
3280 528 3404 582 huic

192 642 282 696 que
309 633 511 694 partem
551 623 718 674 multa
754 622 1017 693 disputari
1070 621 1262 675 solent.
1300 620 1404 676 Sed
1434 621 1535 675 hoc
1574 638 1736 676 unum

191 716 329 769 nobis
359 712 783 767 examinandum
818 722 919 773 est.
952 728 1017 765 an
1047 726 1230 765 verum
1260 713 1330 766 sit
1353 711 1495 780 quod
1526 712 1601 765 ait
1639 712 1740 766 Ba-

188 808 328 861 silius
362 804 413 855 in
436 802 601 871 epist.
644 804 771 871 265,
800 823 854 860 n.
886 804 940 865 3,
971 819 1091 857 eum
1120 820 1185 859 ex
1224 802 1464 858 Ecclesia
1520 805 1736 859 exiisse.

191 894 511 947 Desiderium
552 896 937 952 ecclesiasticae
954 896 1368 959 cotnmuniOnis,
1393 904 1447 948 et
1469 895 1741 951 catholicae

192 985 299 1038 fidei
337 986 628 1054 professio,
679 1004 841 1055 quam
894 986 1219 1043 Marcelliani
1278 1002 1386 1054 pra:
1439 1002 1498 1041 se
1544 987 1739 1051 ferunt,

190 1092 283 1129 non
314 1081 609 1134 mediocris
638 1093 758 1131 csse
789 1082 1040 1147 ponderis
1076 1080 1345 1142 videntur,
1371 1088 1448 1142 ut,
1476 1080 1520 1134 si
1565 1081 1742 1134 minus

189 1169 484 1233 Marcellus,
520 1170 707 1223 saltem
726 1171 841 1239 ejus
857 1168 1103 1237 discipuli
1124 1170 1432 1239 suspicione
1460 1171 1743 1225 exsolvan-

189 1276 283 1318 tur.
320 1263 513 1330 Neque
572 1263 714 1315 enim
767 1260 1041 1331 probabile
1090 1272 1173 1316 est
1212 1264 1417 1317 clerum
1444 1275 1496 1317 et
1533 1264 1739 1331 plebem

190 1354 453 1414 Marcelli,
491 1354 539 1407 si
595 1353 872 1408 errmibus
918 1354 1211 1407 teterrimis
1259 1354 1443 1406 infecti
1495 1354 1741 1416 fuissent,

191 1460 283 1498 tam
313 1446 573 1505 libenter,
592 1445 701 1497 imo
726 1446 888 1499 tantis
907 1446 1213 1503 Conatibus,
1243 1453 1455 1496 mortuo
1474 1441 1743 1504 Marcello,

190 1536 431 1591 Ecclesia:
454 1535 612 1590 fores
639 1536 942 1604 pulsaturos
972 1535 1161 1589 fuisse.
1188 1533 1348 1587 Multa
1377 1534 1479 1586 alia
1515 1533 1581 1586 ad
1608 1532 1745 1585 Mar-

189 1629 301 1683 celli
330 1628 713 1685 defensionem
743 1628 1063 1689 afferuntur,
1098 1628 1156 1681 S.
1188 1627 1464 1682 Athanasii
1498 1642 1745 1681 commu-

192 1720 456 1775 nicatoria:
495 1721 707 1782 litterae,
738 1721 993 1773 Romana:
1030 1719 1280 1774 Ecc7esia:
1308 1718 1636 1780 communio,
1660 1733 1750 1789 sy-

190 1814 300 1867 nodi
358 1814 708 1867 Sardicensis
757 1812 1060 1879 judicium,
1112 1815 1412 1881 persecutio
1465 1812 1531 1866 ab
1576 1812 1750 1880 impiis

1847 634 1997 674 tuevo
2046 622 2223 675 addita
2276 621 2462 678 fuisset
2501 623 2808 677 communio
2856 637 2977 675 cum
3021 619 3400 681 Marcellianis,

1847 725 1953 764 non
1994 711 2043 765 id
2068 712 2343 767 omisisset
2378 710 2630 768 Basilius.

1916 802 2032 857 Non
2058 806 2355 859 omittenda
2406 816 2531 859 sunt
2573 823 2691 876 qum
2721 806 2790 862 de
2835 804 3090 860 Marcello
3126 806 3299 859 adhuc
3328 806 3405 857 vi-

1846 905 2003 948 vente
2032 894 2261 950 Basilius
2284 896 2519 965 loquitur
2550 910 2690 952 anno
2722 898 2846 953 57L
2878 896 3050 967 lingat
3084 894 3140 948 S.
3168 896 3406 947 Athana-

1848 986 2021 1049 sium‘,
2058 996 2115 1039 ut
2175 986 2341 1053 ipsius
2391 1000 2551 1054 Opera
2599 988 3037 1044 et.auctoritale
3094 985 3405 1051 interposita

1848 1076 2129 1131 Marcellus
2160 1091 2188 1129 a
2221 1076 2477 1131 Romanis
2502 1078 2804 1132 damnetur.
2832 1077 3133 1148 Requirilstr
3157 1086 3328 1128 autem
3358 1084 3406 1128 et

1848 1171 2000 1236 illud,
2033 1168 2310 1240 inquit(c),
2338 1186 2369 1222 a
2391 1171 2651 1223 nonnullis
2675 1172 2762 1237 qui
2793 1171 2876 1222 hic
2906 1182 3048 1237 sunt,
3078 1186 3139 1223 ac
3173 1183 3410 1221 necessa-

1850 1263 1926 1316 rio
1949 1262 2180 1333 quidem.
2216 1273 2269 1315 ut
2288 1262 2443 1315 etiam
2472 1263 2616 1313 nobis
2645 1262 2769 1327 ipsis
2799 1262 3021 1323 videtur,
3050 1272 3102 1313 ut
3130 1261 3227 1329 ipsi
3258 1258 3409 1311 Mar-

1848 1356 1965 1408 celli
1992 1357 2230 1408 ha'resim
2258 1354 2393 1409 velut
2427 1354 2767 1423 perniciosam
2811 1364 2855 1405 et
2900 1354 3109 1404 noxiam
3140 1364 3185 1405 et
3215 1368 3245 1404 a
3280 1366 3410 1404 sana

1850 1446 1953 1511 ﬁde
1976 1446 2203 1497 alienam
2235 1447 2594 1499 exterminent.
2637 1443 2776 1497 Nam
2808 1445 3056 1496 hactenus
3093 1444 3143 1494 in
3175 1444 3410 1495 omnibus

1852 1554 1982 1604 quas
2020 1538 2255 1589 scribunt
2286 1538 2498 1600 litteris,
2536 1542 2717 1591 Arium
2759 1539 2966 1607 quidem
2994 1534 3211 1602 infausti
3247 1534 3414 1585 nanti-

1856 1630 1936 1682 nis
1967 1630 2132 1683 rirum
2148 1646 2335 1697 susque
2360 1632 2521 1699 deque
2549 1632 2877 1682 anathemate
2903 1630 3081 1698 ferire,
3105 1639 3148 1679 et
3174 1626 3236 1679 ab
3253 1628 3417 1678 eccle-

1855 1722 1947 1772 siis
1978 1724 2207 1790 relegare
2246 1740 2347 1776 non
2384 1730 2629 1775 cessant:
2654 1719 2903 1772 Marcello
2947 1737 3081 1781 rero,
3115 1719 3202 1788 qui
3229 1718 3414 1785 impie—

1856 1822 2011 1863 tatem
2037 1813 2082 1864 ei
2109 1829 2171 1865 ea:
2195 1814 2451 1866 diametro
2492 1813 2780 1880 oppositam
2817 1811 3051 1879 protulit,
3081 1822 3127 1862 et
3160 1812 3214 1862 in
3244 1810 3412 1875 ipsum

190 1902 470 1967 liznreticis,
508 1910 561 1955 et
590 1902 730 1970 quod
762 1903 1095 1957 Athanasius
1130 1903 1482 1972 interroganti
1524 1902 1754 1971 Epipha-
1785 1901 1825 1956 Β
1855 1902 2425 1973 dii-initatisUnigeniti
2455 1907 2811 1959 exsistentiam
2836 1904 3025 1971 impius
3050 1903 3230 1970 fuit,et
3263 1898 3417 1952 Verbi

190 1993 269 2045 nio
290 1994 367 2047 sic
403 1994 689 2062 respondit
718 1993 818 2062 (ιι),
870 2005 927 2047 ιιι
962 2005 1243 2065 purgatum
1282 1996 1479 2049 habere
1523 1994 1750 2048 Marcel-

193 2084 291 2138 lum
327 2084 628 2138 videretur.
661 2084 840 2153 Atque
878 2100 941 2137 ex
974 2085 1058 2139 his
1106 2086 1319 2154 quidem
1357 2094 1568 2138 constat
1614 2084 1752 2137 Mar-

196 2172 378 2223 cellum
420 2187 600 2240 usque
625 2172 691 2225 ad
722 2182 929 2226 certum
967 2184 1175 2243 tempus
1210 2174 1260 2225 in
1289 2170 1523 2226 Ecclesia
1556 2174 1753 2240 persti~

196 2263 330 2318 tisse.
358 2264 465 2319 Sed
524 2280 647 2332 qua:
673 2282 736 2317 ex
774 2264 957 2319 Basilii
991 2264 1237 2331 epistolis
1280 2274 1564 2327 eruuntur,
1593 2279 1653 2317 ea
1688 2264 1752 2316 ad

194 2366 453 2411 extremos
505 2356 747 2412 Marcelli
781 2372 951 2409 annos
1003 2354 1303 2423 pertinent;
1337 2356 1576 2425 satisque
1621 2354 1755 2409 dilll-

193 2449 283 2503 cile
329 2460 413 2505 est
463 2468 533 2505 ex
594 2452 673 2503 eis
732 2466 835 2503 non
899 2448 1217 2503 concludere
1277 2465 1306 2502 a
1373 2450 1751 2503 communione

196 2538 245 2593 S.
264 2539 543 2593 Athanasii
567 2547 619 2591 et
639 2540 799 2592 totius
817 2539 1049 2592 Orientis
1067 2538 1370 2591 Marcellum
1388 2547 1511 2591 ante
1529 2548 1752 2590 mortem

194 2631 461 2685 exclusum
492 2631 687 2694 fuisse,
710 2644 808 2685 nec
832 2638 955 2683 tunc
986 2628 1295 2684 Occidentis
1330 2628 1579 2681 habuisse
1604 2642 1755 2681 com-

195 2724 518 2777 munionem.
543 2722 897 2793 Conjecturas
926 2737 1072 2775 meas
1111 2736 1428 2791 proponam,
1460 2728 1567 2775 tota
1604 2735 1661 2773 re
1688 2721 1753 2773 ad

194 2814 594 2884 dijudicandum
636 2818 966 2873 doctioribus
1003 2816 1211 2869 relicta.

263 2907 557 2977 Cooceptis
609 2925 739 2961 sane
777 2909 955 2963 verbis
1005 2916 1233 2962 testatur
1274 2904 1502 2959 Basilius
1531 2904 1604 2973 (b)
1628 2903 1757 2957 Mar-

195 3001 374 3054 cellum
403 3016 470 3054 ex
503 3002 747 3054 Ecclesia
776 3002 1006 3054 csiisse:
1040 3014 1213 3068 neque
1245 2999 1344 3052 hoc
1392 2998 1754 3053 testimonium

197 3094 243 3145 in
272 3109 326 3147 re
356 3103 483 3146 ante
522 3092 692 3160 ipsius
726 3092 911 3145 oculos
941 3093 1113 3159 posita
1147 3091 1359 3143 ridetur
1398 3090 1547 3158 rejici
1574 3104 1752 3158 posse.

198 3182 303 3238 Non
330 3187 475 3241 enim
506 3185 559 3239 is
583 3195 699 3237 erat
726 3183 956 3237 Basilius
977 3181 1091 3251 qui,
1111 3182 1153 3235 si
1200 3180 1490 3234 Marcellus
1529 3180 1581 3233 in
1614 3196 1756 3234 com-

198 3276 435 3330 munione
461 3273 751 3330 Athanasii
782 3282 833 3326 et
868 3271 1121 3326 Ecclesiae
1148 3270 1404 3323 Romana:
1430 3279 1556 3323 ante
1586 3286 1755 3325 annos

198 3376 413 3433 quatuor
458 3377 559 3421 aut
600 3366 839 3435 quinque
874 3365 1121 3429 obiisset,
1148 3379 1215 3419 ex
1246 3362 1483 3417 Ecclesia
1520 3376 1644 3415 eum
1674 3361 1756 3414 di-

199 3466 335 3511 ceret
359 3458 582 3511 abiisse.
612 3458 690 3509 Ail
722 3455 904 3510 Basilii
942 3457 1317 3510 auctoritatem
1352 3456 1617 3508 accedunt
1651 3469 1754 3508 non

198 3548 772 3619 inlirma‘argumenta.
802 3548 912 3602 Cur
934 3549 1077 3602 enim
1110 3546 1467 3601 Marcellianis
1497 3560 1754 3601 concessa

198 3655 223 3692 a
250 3639 660 3697 confessoribns
688 3638 996 3693 communio
1016 3640 1302 3691 multorum
1334 3637 1755 3707 indignationem

204 3736 378 3801 movit,
406 3750 469 3789 ac
497 3734 671 3804 ipsius
706 3734 865 3787 etiam
891 3731 1036 3787 Petri
1076 3731 1428 3787 Alexandrini
1464 3732 1756 3799 reprehen-

197 3827 389 3881 sionem
435 3843 550 3882 non
620 3824 824 3895 effugit,
897 3826 941 3879 si
1029 3824 1311 3878 Marcellus
1381 3822 1755 3876 communione

197 3915 251 3970 S.
272 3918 554 3972 Athanasii
576 3926 701 3969 ante
724 3928 950 3969 mortem
974 3932 1077 3969 non
1103 3914 1390 3969 caruerat?
1414 3913 1757 3967 Demonstrat

197 4006 419 4066 Basilius
458 4008 842 4063 Marcellianos
896 4022 925 4060 a
982 4008 1388 4063 confessoribus
1434 4008 1600 4077 recipi
1649 4022 1753 4061 non

197 4102 433 4158 debuisse
467 4104 591 4157 sine
618 4116 879 4156 consensu
908 4099 1332 4155 Occidentalium
1367 4110 1421 4152 et
1447 4115 1632 4154 eorum
1662 4100 1753 4168 qni

197 4193 245 4246 in
308 4194 535 4250 Oriente
597 4208 719 4247 cum
793 4189 1194 4248 confessoribus
1260 4190 1752 4245 communicabant.

196 4285 377 4341 Clausa
410 4301 547 4355 ergo
587 4293 706 4338 erat
750 4282 1112 4339 Marcellianis
1144 4294 1199 4337 et
1240 4282 1476 4339 Orientis
1504 4293 1558 4336 ct
1598 4280 1755 4335 Occi-

198 4377 359 4433 dentis
394 4375 732 4432 communio.
762 4375 944 4430 Roma:
983 4387 1101 4429 erat
1140 4374 1335 4429 Petrus
1375 4391 1495 4429 cum
1531 4377 1596 4428 de
1627 4388 1756 4427 con-

196 4483 335 4525 cessa
379 4470 747 4526 Marcelliani:
794 4468 1173 4524 communione
1218 4476 1323 4519 tam
1375 4466 1610 4537 graviter
1632 4481 1755 4519 con-

1853 1996 2259 2063 appellationem
2311 2011 2468 2062 prore
2502 1998 2718 2061 accepit,
2755 1994 2957 2046 nullum
3000 1995 3239 2047 uidentur
3273 1992 3416 2043 intu-

1856 2085 1977 2139 lisse
2009 2088 2343 2153 ritujrerium.
2376 2086 2478 2153 Qui
2518 2085 2739 2140 Verbum
2771 2085 2979 2154 quidem
3022 2087 3218 2136 dictum
3257 2084 3416 2151 fuisse

1857 2172 2192 2243 Unigenitum
2232 2178 2488 2242 concedit,
2518 2178 2585 2229 ad
2614 2191 2766 2229 usum
2797 2185 2845 2228 et
2868 2179 2934 2227 ad
2973 2186 3172 2240 tempus
3203 2189 3417 2241 progre-

1854 2266 2024 2327 diens,
2050 2265 2138 2317 sed
2168 2281 2347 2318 rursus
2379 2269 2447 2317 ad
2469 2284 2584 2318 eum
2632 2269 2768 2319 unde
2797 2267 2993 2333 prodiit
3024 2275 3297 2325 rerertens,
3332 2277 3420 2316 ne-

1854 2371 1949 2425 que
1978 2366 2097 2408 ante
2134 2355 2331 2408 exitum
2358 2371 2490 2421 esse,
2532 2372 2691 2425 neque
2712 2368 2825 2421 post
2870 2357 3091 2409 reditum
3116 2356 3414 2408 subsistere.

1856 2446 2083 2501 Dubium
2119 2460 2247 2516 ergo
2281 2461 2386 2500 non
2421 2455 2536 2500 erat
2560 2446 2753 2499 Basilio
2779 2448 2907 2516 quin
2925 2445 3417 2499 MarcellumAtha-

1856 2540 2037 2591 nasius
2092 2539 2476 2592 condemnaret
2508 2556 2522 2592 :
2550 2536 2651 2591 hoc
2701 2553 2862 2589 unnm
2908 2536 3199 2601 contendit,
3234 2545 3290 2587 ut
3315 2532 3419 2589 Oc-

1856 2630 2153 2683 cidentales
2207 2632 2271 2682 ad
2317 2630 2459 2684 idem
2514 2630 2581 2683 de
2634 2626 2883 2682 Marcello
2931 2627 3211 2679 ferendum
3278 2626 3418 2695 judi-

1856 2722 1997 2775 cium
2028 2720 2277 2775 adducat.
2315 2722 2575 2775 Videntur
2619 2721 2913 2790 posteriora
2961 2718 3192 2773 Marcelli
3216 2719 3419 2786 scripta

1858 2811 2041 2884 (multa
2078 2814 2218 2867 enim
2256 2814 2470 2882 scripsit
2497 2825 2632 2867 teste
2667 2814 2991 2881 llicronyno
3016 2810 3230 2882 I_d])vel
3266 2824 3416 2878 aper-

1860 2906 1963 2959 tior
2001 2908 2205 2961 erroris
2245 2905 2558 2975 praedicatio
2604 2906 2957 2959 Athanasium
3014 2904 3331 2965 adduxisse,
3365 2911 3424 2955 ut

1857 3018 1885 3054 a
1919 3017 2013 3054 sua
2052 3002 2200 3055 illum
2249 2999 2627 3055 communione
2675 3008 2993 3053 removeret.
3028 2998 3101 3050 De
3162 2995 3420 3049 Romanis

1857 3093 2019 3146 etiam
2075 3110 2177 3146 non
2217 3094 2465 3161 queritur
2515 3090 2743 3143 Basilius
2800 3089 2939 3157 quod
2994 3104 3113 3143 cum
3166 3086 3419 3141 Marcello

1856 3185 2288 3244 communicent,
2346 3184 2439 3237 sed
2493 3183 2633 3251 quod
2687 3184 2812 3235 olim
2878 3180 3419 3239 communicaverint,

1779 3250 1823 3308 (ἶ
1858 3292 1956 3332 nec
2005 3278 2144 3346 quod
2201 3276 2348 3330 illum
2402 3250 2617 3329 foveant
2666 3284 2717 3329 et
2778 3273 3104 3338 defendant,
3137 3274 3229 3325 sed
3272 3271 3416 3341 quod

1858 3380 2042 3439 aperte
2082 3387 2183 3424 non
2226 3371 2608 3425 condemnent.
2653 3366 2743 3423 Sic
2790 3368 2932 3421 enim
2986 3365 3251 3436 ρει-Βίας)
3285 3382 3297 3416 :
3331 3363 3426 3417 Λιι-

1855 3479 1954 3531 que
2004 3464 2162 3531 hujus
2208 3465 2281 3514 rei
2326 3472 2633 3532 argumenta
2664 3470 2781 3513 sunt
2810 3466 3006 3514 servati
3033 3458 3170 3528 quod
3205 3474 3296 3512 nos
3326 3474 3417 3510 ne-

1858 3556 2012 3620 faria:
2043 3556 2185 3607 illius
2210 3557 2509 3622 scriptionis
2542 3556 2682 3607 libri.
2700 3553 2803 3607 Sed
2833 3564 3003 3605 tamen
3023 3567 3274 3619 nusquam
3302 3566 3419 3601 eum

1859 3645 2139 3712 reprobare
2174 3646 2268 3697 visi
2298 3655 2442 3708 sunt,
2468 3647 2621 3713 idque
2649 3660 2706 3697 eo
2734 3644 2939 3696 nomine
2958 3642 3255 3711 rituperati,
3281 3645 3419 3708 quod

1857 3752 1972 3789 eum
1997 3737 2061 3786 ab
2080 3735 2229 3787 initio
2247 3751 2309 3788 ex
2329 3736 2560 3789 veritatis
2590 3735 2913 3805 ignoratione
2937 3734 2992 3786 in
3012 3732 3421 3786 ecclesiasticam

1859 3826 2016 3880 etiam
2048 3830 2463 3881 communionem
2484 3830 2785 3896 receperint.

1936 3918 2127 3973 Utrum
2155 3917 2353 3973 Basilio
2371 3918 2698 3973 Athanasius
2732 3929 2784 3972 et
2806 3918 3104 3972 Athanasio
3133 3915 3427 3969 annuerint

1860 4009 2257 4077 Occidentales,
2294 4012 2545 4081 equidem
2600 4011 2743 4065 haud
2787 4010 2944 4063 facile
2978 4010 3282 4063 statuerim.
3325 4006 3424 4061 Ba-

1859 4102 2010 4157 silius
2041 4106 2089 4156 in
2126 4104 2285 4171 epist.
2331 4105 2398 4158 89
2428 4104 2492 4155 ad
2538 4102 2831 4164 Meletinm,
2860 4102 2960 4154 hoc
2993 4116 3155 4154 unum
3192 4115 3427 4155 comme-

1861 4204 2053 4257 morat,
2083 4196 2223 4262 quod
2252 4210 2279 4245 a
2319 4196 2377 4247 S.
2413 4195 2715 4247 Athanasio
2764 4192 3054 4260 impetrare
3103 4208 3207 4247 non
3238 4202 3425 4261 potue-

1862 4296 1963 4351 rat,
1987 4300 2177 4353 neu-pe
2206 4296 2263 4338 ut
2290 4286 2348 4339 S.
2374 4286 2707 4340 Athanasius
2732 4286 2879 4355 prior
2921 4283 3182 4341 scriberet
3215 4284 3274 4339 S.
3317 4282 3429 4338 Me-

1860 4378 2007 4432 letio.
2051 4378 2201 4433 Unde
2235 4380 2429 4449 conjici
2463 4390 2645 4448 posset
2676 4394 2795 4449 qua:
2836 4380 2901 4435 de
2959 4378 3211 4433 Marcello
3243 4390 3426 4447 postu-

1862 4471 1966 4523 lata
2016 4468 2247 4535 fuerant,
2298 4472 2648 4526 concilianda:
2702 4472 2820 4539 paci
2867 4471 3088 4523 minime
3128 4470 3423 4525 obstitisse.

198 4572 406 4628 questus
446 4576 575 4619 est:
614 4561 754 4631 quod
803 4562 1019 4631 quidem
1081 4574 1185 4612 non
1247 4559 1457 4612 videtur
1515 4558 1753 4612 facturus
1786 4589 1827 4643 Β
1860 4561 2011 4627 Quod
2047 4571 2253 4630 spectat
2284 4566 2349 4617 ad
2379 4563 2776 4625 Occidentales,
2805 4578 2910 4615 non
2954 4572 3081 4631 puto
3110 4562 3425 4616 nominatim

197 4650 351 4709 fuisse
373 4697 387 4718 ,
417 4656 464 4709 si
494 4655 793 4709 Romanam
824 4651 1120 4706 Ecclesiam
1155 4651 1206 4702 in
1258 4649 1598 4703 concedenda
1648 4647 1753 4702 illis

196 4750 566 4803 communione
620 4755 863 4815 perstare
887 4746 1128 4799 vidisset.
1158 4740 1344 4796 Nullus
1394 4742 1621 4812 proferri
1657 4758 1752 4811 po-

199 4846 292 4891 test
336 4841 662 4909 episcopus,
706 4838 797 4906 qui
853 4852 948 4891 eos
975 4838 1303 4899 admitteret,
1352 4845 1544 4904 praeter
1574 4833 1753 4887 Pauli-

197 4945 334 4997 num,
366 4947 529 5001 quem
584 4930 757 4986 solum
807 4945 872 4984 eo
904 4931 1121 4985 nomine
1156 4938 1418 4983 accusant
1451 4926 1752 4982 Orientales

198 5022 243 5074 lu
260 5024 477 5093 epistola
498 5023 628 5087 265,
645 5038 765 5092 quae
782 5038 924 5076 anno
944 5021 1045 5077 377
1066 5022 1259 5091 scripta
1283 5030 1384 5075 est.
1414 5020 1753 5074 Perabsurda

196 5128 364 5170 autem
409 5117 527 5170 haec
579 5116 772 5171 fuisset
804 5115 1100 5178 accusatio,
1132 5114 1175 5167 si
1228 5114 1324 5183 ipsi
1376 5112 1755 5167 Occidentales

198 5204 326 5261 idem
356 5222 422 5264 ac
461 5205 722 5261 Paulinus
754 5204 1187 5261 committebant.
1219 5203 1526 5269 Quinetiam
1574 5201 1755 5256 Pauli-

198 5310 289 5349 nus
314 5314 418 5353 non
472 5313 691 5368 semper
716 5298 921 5353 videtur
952 5300 1022 5353 ita
1064 5314 1123 5354 se
1159 5297 1408 5367 gessisse.
1441 5300 1573 5354 Nam
1610 5316 1752 5353 anno

198 5384 294 5441 375
312 5387 543 5442 Basilius
567 5403 758 5442 omnes
783 5389 981 5457 eloquii
1028 5391 1109 5444 sui
1151 5399 1375 5443 conatus
1401 5392 1660 5454 adhibuit,
1694 5401 1752 5444 ut

198 5480 399 5534 comitis
426 5478 670 5534 Terentii
703 5482 1135 5551 conjunctioncm
1165 5496 1286 5536 cum
1331 5477 1553 5536 Paulino
1582 5483 1751 5537 inter--

199 5570 429 5639 pellaret.
456 5572 590 5626 Illud
631 5581 817 5628 autem
855 5574 906 5629 in
948 5574 1173 5630 Paulino
1208 5574 1545 5645 potissimum
1578 5589 1757 5645 repreo

261 5710 335 5776 (ι)
374 5710 580 5767 Haeres.
606 5713 695 5776 72,
722 5730 775 5768 ιι.
808 5715 860 5769 Α.

283 5781 331 5851 ι)
358 5781 455 5851 Ep.
485 5784 614 5849 265,
650 5801 705 5837 ιι.
737 5783 793 5840 3.

285 5850 331 5921 ε)
357 5850 454 5923 Ep.
474 5851 567 5921 69,
598 5872 649 5909 ιι.
678 5855 733 5911 Ξ.

1862 4655 1929 4708 ab
1955 4657 2034 4712 eis
2064 4659 2370 4712 damnatum
2402 4658 2571 4711 fuisse
2609 4657 2955 4723 Marcellum;
2989 4656 3040 4711 id
3096 4658 3237 4710 enim
3280 4655 3426 4708 nullo

1860 4758 2038 4804 exstat
2082 4762 2448 4809 monumcnto,
2493 4749 2598 4802 Sed
2649 4749 2785 4801 forte
2843 4747 2980 4801 idem
3034 4756 3161 4800 tunc
3199 4746 3425 4810 factum,

1862 4840 2005 4909 quod
2041 4841 2276 4909 quinque
2304 4853 2431 4893 ante
2463 4840 2564 4891 hoc
2601 4848 2808 4906 tempus
2840 4853 2999 4890 anius
3037 4836 3237 4891 fecerat
3268 4834 3426 4890 Libe-

1861 4934 1974 4987 rius
2004 4949 2161 5003 papa.
2193 4932 2324 4985 Nam
2376 4946 2500 4985 cum
2546 4930 2705 5000 legati
2732 4929 3066 4991 Eustathius,
3093 4928 3426 4998 Theophilus

1858 5036 1912 5079 et
1949 5024 2203 5079 Silvanus
2249 5025 2299 5076 in
2351 5022 2698 5079 Occidentem
2753 5022 2905 5075 missi
2943 5022 3245 5076 Marcellum
3301 5038 3424 5075 cum

1860 5118 2090 5173 Photino
2123 5130 2175 5171 et
2209 5116 2373 5171 Paulo
2406 5116 2763 5173 Samosateno
2780 5118 3037 5171 damnent
3067 5116 3117 5170 in
3148 5116 3265 5171 fidei
3291 5132 3428 5171 con-

1860 5209 2096 5264 fessione
2133 5225 2293 5279 quam
2351 5210 2569 5265 Liberio
2616 5211 2962 5277 obtulerunt,
3014 5211 3127 5278 ipse
3183 5208 3428 5264 Liberius

1864 5300 1915 5353 in
1963 5316 2060 5353 sua
2100 5301 2166 5354 ad
2197 5298 2504 5355 Orientales
2546 5300 2769 5369 epistola
2805 5298 3095 5354 confirmat
3128 5298 3425 5367 legatorum

1862 5392 2187 5454 doctrinam,
2216 5392 2309 5446 sed
2340 5393 2635 5460 generatim
2683 5391 3119 5461 Patripassianos
3146 5400 3201 5445 et
3239 5389 3427 5443 Sabel-

1863 5483 2041 5545 lianos
2088 5488 2307 5538 damnat
2340 5484 2419 5553 (ιι.
2459 5485 2537 5556 4),
2591 5498 2689 5538 nec
2737 5482 3069 5547 Marcellum,
3107 5497 3207 5537 nec
3260 5480 3427 5535 ullum

1863 5574 2027 5629 alium
2094 5575 2412 5632 nominatim
2462 5575 2755 5642 appellans.
2812 5574 2994 5642 Quare
3044 5575 3228 5629 nescio
3283 5572 3423 5628 unde

1930 5717 2008 5786 (ά)
2041 5716 2112 5786 De
2142 5720 2238 5775 vir.
2267 5718 2371 5784 ιιι,
2398 5732 2446 5773 c.
2484 5714 2573 5770 80.

1933 5789 2002 5860 te)
2038 5785 2167 5842 Ibid.
