4214 6488
752 422 876 467 {Ile

2100 408 2630 466 ΡιιυιιῖϐοΜΕΝΑ.

755 524 999 583 hauserit
1036 525 1412 596 Metrophanes
1445 526 1691 597 Smyrnae
1737 531 2024 597 episcopus
2069 530 2210 597 quod
2240 529 2312 581 ait
2344 533 2387 587 Α
2416 544 2492 581 se.
2520 529 2731 599 Alioqui
2766 543 2833 581 ne
2855 529 2919 582 ad
2946 529 3132 582 horam
3167 528 3379 599 quidem
3421 531 3709 587 seillorum
3740 543 3983 585 comma-

758 619 808 672 iu
846 619 1074 672 concilio
1099 628 1310 682 octavo,
1348 630 1455 673 act.
1485 621 1553 674 6:
1599 618 1894 675 Novissime
1947 631 2120 673 autem
2172 620 2318 674 Mar-

754 714 937 765 cellum
984 714 1051 764 ad
1087 714 1353 781 proprium
1396 714 1646 767 vomitum
1679 729 1933 767 reversum
1962 720 2009 763 et
2042 712 2321 779 deprellen-

751 818 867 856 sum
897 802 1198 857 ltwreticum
1228 804 1280 854 Ιιὶ
1305 804 1394 872 qui
1428 805 1567 856 circa
1623 804 1892 859 Silvanum
1927 815 2075 858 erant
2106 805 2320 858 anathe-

750 898 1152 955 matizaverunt,
1182 894 1365 961 quibus
1404 904 1450 945 et
1493 893 1731 949 Lioerius
1785 912 1917 963 papa
1976 914 2067 962 per
2113 899 2317 950 litteras

755 1002 900 1047 suos,
924 985 1012 1053 qui
1039 983 1373 1051 postlulium
1405 987 1524 1054 fuit,
1552 988 1830 1041 concordat
1853 987 2066 1041 dicens:
2093 986 2316 1041 Marcel.

752 1076 861 1129 lum
892 1076 1069 1129 denuo
1109 1077 1271 1143 impie
1310 1077 1783 1145 dogtmitizantem.
1822 1076 2028 1146 Pugnat
2061 1096 2181 1132 cum
2218 1079 2319 1132 hoc

756 1164 1065 1217 testimonio
1117 1162 1367 1227 Basilius,
1409 1166 1580 1234 quiin
1622 1168 1777 1235 epist.
1816 1166 2096 1235 89,quain
2154 1181 2315 1234 supra

752 1255 1057 1317 citat-imus,
1103 1255 1416 1309 Marcellum
1454 1273 1715 1325 nusquam
1746 1271 1773 1308 a
1810 1255 2074 1315 Romanis
2104 1259 2317 1325 pontifi-

750 1346 903 1400 cibus
931 1349 1240 1399 damnatum
1261 1351 1527 1416 queritur.
1548 1347 1800 1400 Testatur
1832 1346 2067 1402 Hilarius
2096 1347 2313 1419 Fragm.

754 1439 880 1491 hist.
908 1437 960 1499 2,
994 1455 1047 1493 n.
1080 1438 1173 1502 2|,
1204 1438 1535 1501 Marcellum,
1564 1454 1682 1492 cum
1717 1440 1773 1491 S.
1802 1440 2097 1494 Athanasio
2126 1444 2319 1510 proba-

750 1539 838 1585 tus
864 1541 917 1584 el
944 1542 1202 1603 purgatus
1235 1534 1437 1592 fuisset,
1466 1543 1648 1591 postea
1688 1532 1755 1585 ab
1782 1532 2018 1602 ejusdem
2053 1544 2316 1587 remotum

752 1620 921 1675 fuisse
978 1622 1376 1675 communione.
1414 1629 1483 1674 At
1532 1622 1719 1675 IIiIarii
1766 1624 2073 1676 testimonio
2104 1624 2176 1675 uti
2214 1640 2317 1677 non

751 1726 989 1777 possum,
1022 1714 1146 1779 quia
1179 1713 1229 1764 id
1275 1714 1569 1783 coiitigisse
1604 1714 1733 1767 dicit
1764 1724 2054 1779 antequam
2089 1717 2313 1767 damna-

752 1813 899 1856 retur
919 1802 1180 1859 Photinus
1217 1821 1233 1859 :
1265 1807 1407 1875 quod
1447 1808 1660 1873 quidem
1700 1805 1895 1859 refellit
1944 1808 2058 1876 ipse
2087 1807 2320 1859 Athana-

750 1894 885 1958 sius,
918 1896 1002 1950 cui
1048 1896 1352 1961 Marcellus,
1393 1911 1451 1951 ut
1480 1900 1731 1953 observat
1764 1900 2160 1965 Tillemontius,
2194 1902 2313 1968 plu-
2349 1874 2389 1928 Β

752 1989 903 2044 ribus
952 1989 1110 2045 annis
1164 2000 1285 2059 post
1343 1992 1655 2046 damnatum
1710 1992 2000 2047 Photinuin
2057 1992 2317 2061 probatus

752 2079 874 2136 fuit.

824 2179 968 2231 Nihil
1002 2179 1293 2232 detrahunt
1338 2180 1402 2233 de
1436 2181 1519 2233 his
1543 2181 1808 2234 rationum
1851 2182 2163 2247 momentis,
2192 2198 2312 2253 qua:

753 2269 817 2322 ad
853 2268 1085 2324 Marcelli
1136 2270 1509 2326 defensionem
1543 2271 1917 2340 proferuntur,
1951 2290 2071 2328 cum
2118 2277 2183 2327 ad
2222 2290 2317 2328 ex-

754 2374 952 2417 tremos
978 2362 1117 2417 illius
1139 2378 1311 2417 annos
1338 2379 1442 2418 non
1472 2366 1802 2434 pertineant.
1833 2365 2048 2421 Frustra
2080 2381 2307 2420 commu-

750 2456 930 2511 nionis
952 2456 1162 2522 litterae,
1184 2472 1318 2525 quas
1347 2456 1678 2513 Marcelliani
1712 2458 2113 2513 confessoribus
2145 2456 2316 2526 Egy-

750 2546 879 2615 ptiis
915 2549 1295 2611 ostenderunt,
1322 2550 1539 2618 scripta:
1566 2567 1594 2603 a
1638 2550 1694 2604 S.
1727 2549 2026 2603 Athanasio
2066 2549 2317 2601 dicuntur

749 2653 889 2692 anno
918 2638 1041 2692 571.
1080 2637 1233 2691 Nulla
1268 2641 1409 2693 inest
1453 2639 1609 2707 hujus
1643 2640 1903 2707 temporis
1933 2650 2057 2693 ηοω
2110 2639 2161 2691 in
2194 2637 2315 2692 tldei

750 2729 1114 2794 confessione.
1148 2746 1269 2800 (pste
1312 2730 1548 2787 Marcelli
1605 2730 1829 2801 ejusque
1879 2729 2011 2786 cieri
2044 2740 2098 2786 et
2144 2730 2317 2798 plebis

750 2825 970 2879 nomine
1008 2824 1187 2878 oblata
1219 2824 1429 2880 litteras
1456 2826 1854 2881 communionis
1881 2841 1908 2879 a
1937 2823 1995 2879 S.
2027 2825 2319 2881 Athanasio

753 2915 1083 2985 impetravit.
1127 2916 1438 2982 Quinetiam
1490 2918 1633 2971 illam
1668 2924 1953 2987 perpaucis
1992 2917 2149 2969 anuis
2199 2923 2319 2983 post

752 3018 974 3061 cxortos
997 3008 1287 3061 Anoinmus
1322 3016 1555 3063 oblatam
1583 3028 1645 3063 ex
1682 3012 1763 3063 his
1792 3010 1969 3063 verbis
1992 3008 2168 3077 colligi
2202 3022 2320 3076 pos-

748 3108 849 3163 set,
884 3098 1348 3171 ἁναθεματίζομέν
1370 3118 1426 3153 τε
1462 3102 1554 3154 καὶ
1586 3104 1711 3165 τοὺς
1760 3100 1856 3155 νῦν
1890 3100 2199 3166 ἐξελθόντας
2227 3100 2319 3153 καὶ

2423 621 2634 675 nionem
2669 622 3030 676 admissurum
3079 622 3265 688 fuisse,
3297 624 3340 677 si
3383 622 3746 681 claudicantes
3776 625 3830 680 in
3879 621 3983 678 ﬁde

2422 712 2664 769 vidisset.

2497 801 2629 856 Cum
2669 805 2899 873 spatimn
2937 804 3150 872 aliquod
3198 806 3499 873 ponendum
3538 804 3606 857 sit
3643 808 3785 862 inter
3837 805 3984 862 redi-

2426 902 2535 946 tum
2572 894 2870 962 legatorum
2923 907 2977 951 et
3024 895 3159 949 hanc
3204 896 3387 953 Basilii
3440 896 3754 967 epistolam,
3782 902 3984 965 scripta

2422 1001 2527 1039 non
2574 987 2784 1041 videtur
2840 989 2941 1043 nisi
2978 1003 3119 1042 anno
3166 987 3294 1051 378,
3334 1007 3437 1044 non
3478 988 3643 1045 multo
3692 999 3983 1057 antequam

2422 1076 2611 1130 Petrus
2647 1076 2815 1130 Roma
2850 1080 3167 1133 discederet.
3195 1076 3244 1131 Is
3279 1080 3420 1132 enim
3459 1090 3581 1136 aute
3605 1080 3741 1133 alios
3770 1084 3986 1137 confes-

2420 1182 2572 1223 sores
2605 1170 2655 1222 in
2696 1169 2985 1223 Ecclesiam
3018 1186 3168 1225 suam
3204 1170 3474 1241 rediit(d),
3506 1171 3755 1228 incolumi
3810 1173 3985 1226 adhuc

2422 1259 2664 1325 Valente,
2696 1262 2787 1315 sed
2821 1261 3183 1317 molestissimi
3224 1262 3345 1317 belli
3384 1262 3739 1320 incommodis
3771 1264 3846 1319 ita
3885 1262 3986 1315 im-

2419 1352 2620 1420 pedito,
2653 1362 2709 1406 ut
2743 1352 2911 1405 otium
2945 1357 3331 1421 persequenda:
3358 1353 3613 1409 Ecclesia:
3660 1374 3764 1411 non
3818 1357 3981 1411 habe-

2423 1454 2522 1498 ret.
2564 1443 2696 1498 Tum
2743 1459 2862 1497 cum
2920 1444 3056 1498 hanc
3101 1446 3383 1513 epistolam
3425 1445 3691 1500 scriberet
3725 1447 3984 1511 Basilius,

2418 1536 2657 1589 omnium
2690 1533 2929 1589 Orientis
2960 1534 3324 1589 Ecclesiarum
3366 1536 3505 1590 oeuli
3545 1536 3594 1588 in
3626 1536 3869 1603 Petrum,
3895 1539 3988 1592 Ba-

2418 1626 2617 1690 silium,
2652 1626 2942 1691 Meletium,
2971 1637 3026 1680 et
3047 1626 3181 1681 alios
3205 1626 3466 1694 ejusmodi
3502 1625 3844 1682 confessores
3862 1647 3988 1686 cou-

2420 1719 2558 1772 versi
2585 1728 2760 1773 erant.
2780 1718 2956 1785 Quare
2982 1719 3315 1775 demonstrat
3334 1718 3567 1773 Basilius
3597 1721 3782 1789 quanti
3818 1722 3987 1775 inter-

2419 1812 2579 1865 situt
2629 1813 2897 1879 praeterita
2942 1812 3199 1868 oblivioni
3246 1814 3548 1872 tradantur,
3594 1822 3648 1867 et
3702 1811 3984 1881 pacificum

2420 1901 2636 1970 aliquod
2669 1903 2883 1955 initium
2916 1902 3265 1957 instituatur:
3291 1906 3487 1974 quippe
3513 1920 3633 1958 cum
3662 1918 3870 1970 eorum,
3894 1902 3983 1973 qui

2420 1993 2702 2047 veritatem
2736 1992 3035 2047 defendunt
3064 1998 3351 2049 concordia
3390 1996 3614 2067 populos
3642 2000 3706 2051 ad
3735 2010 3987 2067 perseeu-

2422 2087 2617 2138 tionem
2646 2086 3017 2140 sustinendam
3048 2088 3289 2141 acriores
3324 2087 3530 2142 factura
3565 2091 3656 2152 sit,
3690 2099 3745 2143 et
3778 2088 3987 2142 discor-

2422 2176 2507 2230 dia
2543 2179 2829 2234 tardiores.

2920 2269 3145 2327 CAPUT
3193 2269 3474 2325 XXXVIII.

2418 2358 2458 2415 Ι.
2488 2359 2779 2414 Concilium
2828 2362 3194 2424 Amphilochii,
3250 2364 3301 2413 in
3327 2378 3426 2429 quo
3460 2360 3713 2412 laudatur
3747 2357 3988 2429 liberDe

2491 2433 2691 2495 Spiritu
2726 2442 2929 2483 sancto.
2968 2432 3025 2483 Il.
3072 2432 3316 2496 Ic'pistolm
3340 2428 3603 2482 nonnulla:
3634 2445 3773 2483 anno
3804 2428 3911 2482 577
3934 2438 3984 2480 et

2486 2500 2589 2552 578
2642 2503 2867 2565 scripta‘.
2908 2498 2989 2551 ΙΙΙ.
3049 2500 3125 2551 [)e
3184 2500 3417 2564 pluribus
3460 2502 3582 2553 aliis
3635 2501 3689 2553 in
3726 2509 3987 2553 senectute

2490 2570 2547 2625 S.
2571 2569 2758 2623 Basilii
2779 2571 3003 2637 scriptis.
3034 2568 3120 2622 IV.
3144 2570 3217 2623 De
3232 2571 3458 2638 epistolis
3476 2573 3525 2623 iu
3545 2572 3846 2637 episcopatu
3864 2567 3987 2638 qui-

2490 2644 2603 2694 dem
2637 2642 2866 2707 scriptis,
2898 2643 2986 2694 sed
3017 2658 3238 2711 quorum
3268 2653 3383 2705 teni;
3405 2658 3463 2695 us
3493 2644 3769 2695 incertans.

2492 2734 2529 2788 Ι.
2562 2735 2858 2790 Concilium
2900 2735 3203 2790 celebrabat
3235 2735 3644 2803 Amphilochius
3676 2738 3767 2802 te),
3796 2747 3919 2787 cum
3956 2745 3987 2785 ι

2422 2837 2625 2879 remota
2660 2828 2887 2893 quadam
2919 2825 3156 2879 Ecclesia
3208 2824 3486 2877 consultus
3514 2832 3596 2876 est
3640 2826 3705 2876 de
3740 2824 3987 2876 doctrina

2422 2918 2655 2983 Spiritus
2686 2916 2884 2969 sancti.
2924 2914 3223 2983 Respondit
3278 2930 3373 2967 suo
3414 2926 3466 2967 et
3492 2914 3720 2970 aliorum
3773 2915 3987 2981 episco-

2420 3019 2609 3073 porum
2646 3003 2883 3066 nomine,
2914 3003 3004 3057 sed
3040 3003 3239 3056 litteris
3274 3005 3384 3057 suis
3422 3003 3663 3071 adjnnsit
3696 3002 3989 3056 elucubra-

2422 3097 2623 3150 tionem
2654 3095 2834 3151 Basilii
2870 3097 2932 3149 de
2962 3096 3167 3165 Spiritu
3220 3106 3433 3158 saneto,
3463 3094 3643 3148 dolere
3673 3109 3730 3148 se
3774 3096 3987 3164 signifi-

746 3192 1067 3264 λεγομένους
1080 3194 1389 3265 Ἀνομοίους
1408 3194 1853 3266 (u).Anathemate
1869 3212 1952 3249 eos
1970 3212 2166 3266 quoque
2178 3198 2324 3247 dam-
2350 3204 2394 3263 ρ

2322 3204 2394 3263 .c
2426 3205 2591 3255 cans,
2619 3190 2757 3257 quod
2806 3187 3037 3242 Basilius
3093 3189 3281 3241 morbo
3332 3186 3578 3239 detentus
3621 3186 3853 3240 concilio
3885 3203 3986 3240 nou

749 3302 954 3349 namus,
982 3288 1069 3355 qui
1113 3303 1275 3353 nuper
1331 3289 1495 3340 exorti
1526 3298 1646 3340 sunt
1698 3299 1743 3340 et
1789 3290 2019 3341 Anomcei
2050 3290 2316 3341 dicuntur.

749 3376 886 3429 Hinc
913 3378 1053 3429 nulla
1088 3379 1291 3430 mentio
1330 3378 1395 3431 de
1452 3378 2067 3431 Pneumatomacborum
2101 3378 2315 3432 lueresi.

747 3467 881 3521 Cum
918 3480 1097 3521 autem
1128 3470 1278 3522 missi
1308 3471 1373 3521 ad
1410 3468 1465 3521 S.
1498 3470 1851 3521 Athanasium
1882 3467 2088 3522 Galata:
2124 3469 2318 3524 litteris

749 3560 1123 3631 episcoporum
1160 3559 1381 3615 Grzncia:
1434 3570 1489 3614 et
1538 3559 1864 3614 Macedonia:
1910 3561 2100 3613 muniti
2152 3575 2319 3614 vene-

754 3656 1247 3726 rinttb).conjicio
1297 3658 1410 3711 hcec
1462 3658 1755 3726 contigisse
1807 3672 1910 3711 non
1973 3655 2141 3716 HlllllO
2197 3664 2319 3721 post

753 3749 986 3817 synodos
1021 3749 1071 3798 in
1115 3748 1320 3801 Graecia
1371 3758 1425 3801 et
1466 3748 1775 3801 Macedonia
1826 3748 2129 3802 celebratas
2171 3748 2314 3802 circa

750 3853 949 3890 annmu
978 3838 1081 3890 565
1113 3837 1350 3907 (c),qn:e
1400 3854 1522 3892 cum
1570 3840 1910 3894 decreverint
1956 3840 2319 3893 admittendos

752 3943 892 3991 esse,
941 3928 1245 3997 quicunque
1278 3928 1435 3981 fidem
1468 3928 1735 3982 Nicaenam
1783 3930 2113 3997 reciperent,
2137 3930 2321 3983 viden-

756 4029 845 4073 tur
868 4017 1105 4072 Marcelli
1134 4018 1425 4087 discipulos
1451 4034 1510 4073 ea
1538 4018 1850 4074 conditione
1875 4019 2103 4072 libenter
2132 4034 2314 4075 susce-

662 4116 671 4122 '
752 4112 917 4179 pisse.

825 4201 935 4255 VII.
973 4201 1187 4255 Inerant
1214 4202 1374 4255 etiam
1402 4200 1541 4256 Petri
1563 4200 1641 4273 (n.
1666 4200 1723 4270 2)
1754 4200 1947 4256 litteris
1964 4200 2196 4269 querelte
2229 4201 2321 4256 ad-

754 4308 943 4348 versus
968 4292 1316 4355 Dorottieum,
1353 4292 1507 4360 cujus
1552 4294 1823 4348 lenitatem
1853 4309 1916 4347 ac
1948 4294 2317 4347 mansuetudi-

755 4397 880 4437 nem
912 4382 1103 4437 Petrus
1130 4381 1453 4451 requirebat.
1486 4381 1879 4436 Permolestum
1922 4383 1972 4437 id
2022 4383 2119 4436 fuit
2163 4382 2317 4437 Basi-

753 4476 849 4539 lio,
878 4477 967 4543 qui
1000 4476 1238 4543 peccatis
1284 4474 1394 4528 suis
1423 4474 1538 4527 fieri
1569 4474 1833 4539 declarat,
1872 4483 1927 4527 ut
1956 4472 2182 4526 fratrum
2228 4489 2321 4544 op-

752 4567 869 4621 timi
894 4581 923 4619 a
950 4566 1175 4622 lenitate
1204 4566 1502 4631 discedant,
1540 4581 1638 4619 nec
1669 4570 1733 4620 ad
1763 4566 2048 4621 commissa
2095 4581 2315 4619 munera
2352 4543 2395 4598 ι)

755 4659 932 4713 idonei
968 4660 1326 4726 reperiantur.
1368 4657 1473 4713 Sed
1508 4670 1791 4727 postquam
1842 4658 2173 4713 DorOtheum
2206 4658 2321 4712 cul-

752 4752 941 4818 pavit,
985 4765 1169 4804 rursus
1228 4761 1483 4818 peraeute
1535 4751 1867 4809 demonstrat
1926 4750 2316 4818 ignoscendum

748 4857 872 4897 esse
900 4842 1047 4896 illius
1096 4842 1289 4907 dolori,
1320 4844 1363 4896 si
1421 4842 1685 4909 patienter
1723 4842 1910 4896 audire
1956 4857 2062 4896 non
2121 4842 2318 4913 potuit,

749 4950 871 4989 cum
910 4934 1104 4989 Petrus
1132 4950 1312 4989 coram
1359 4934 1584 4989 Damaso
1618 4938 1753 4989 inter
1804 4934 2085 4990 haereticos
2117 4949 2319 4991 nume-

753 5035 897 5079 raret
949 5035 1198 5079 sanctum
1257 5024 1526 5079 Meletiqu
1592 5036 1645 5080 et
1703 5034 1952 5081 sanctum
2000 5026 2315 5092 Eusebium,

752 5132 889 5186 quos
914 5118 957 5171 si
998 5118 1129 5169 nihil
1161 5118 1323 5182 aliud,
1355 5118 1542 5171 saltem
1586 5119 1810 5172 tolerata
1853 5134 1953 5185 pro
2000 5118 2101 5171 fide
2136 5132 2322 5188 perse—

753 5213 900 5267 cutio
930 5211 1329 5281 suspicionibus
1359 5211 1637 5266 exsolvere
1662 5220 1718 5265 et
1753 5228 1875 5266 eum
1903 5211 2065 5267 Petro
2093 5212 2322 5281 conjun-

754 5320 883 5372 gere
910 5304 1196 5357 debuisset.
1230 5302 1335 5357 Sed
1378 5316 1636 5374 prmterea
1670 5312 1900 5359 testatur
1934 5304 2166 5359 Basilius
2200 5304 2321 5358 nul.

752 5399 860 5448 lum
884 5412 1005 5451 esse
1047 5406 1207 5450 rectae
1258 5397 1517 5452 doctrinae
1570 5399 1816 5462 verbum,
1852 5398 1994 5467 quod
2035 5413 2139 5451 non
2193 5412 2316 5451 eum

754 5486 898 5539 omni
936 5488 1182 5542 libertate
1213 5488 1647 5556 prmdieaverint,
1679 5488 1787 5542 Deo
1815 5499 1950 5544 teste
1986 5500 2041 5543 et
2067 5488 2317 5542 audiente

822 5661 897 5731 (ul
930 5662 1147 5717 Collect.
1174 5661 1343 5717 Crmc.
1373 5663 1540 5729 Pam,
1573 5676 1609 5721 t.
1637 5667 1701 5734 Il,
1725 5681 1775 5735 ρ.
1801 5666 1854 5721 5.

822 5733 894 5783 ibi
927 5734 1081 5783 Ibid..
1117 5751 1167 5783 [ι.
1204 5736 1251 5783 1-

1375 5807 1439 5862 ad
1474 5807 1621 5875 Bob;
1653 5808 1919 5875 Liberius,
1962 5823 2048 5880 ep.
2078 5808 2178 5873 I3;
2214 5806 2312 5861 Ba-

750 5873 860 5938 sii.,
899 5873 1125 5941 ep.204,
1156 5893 1207 5928 n.
1243 5873 1293 5929 6Q

2422 3282 2701 3344 adfuisset,
2732 3296 2853 3335 eum
2888 3281 3028 3334 enim
3075 3279 3377 3332 litterarum
3406 3278 3470 3330 ad
3502 3278 3645 3331 illam
3695 3279 3987 3333 Ecclesium

2422 3376 2825 3430 scribendarum
2870 3373 3073 3427 socium
3110 3372 3188 3424 vel
3216 3372 3390 3439 potius
3433 3384 3712 3426 auctorem
3740 3372 3986 3424 futurum

2420 3465 2609 3522 fuisse.
2662 3468 2884 3522 Videtur
2933 3469 3035 3521 hoc
3086 3467 3374 3520 concilium
3412 3483 3555 3520 anno
3585 3467 3687 3519 377
3741 3466 3986 3518 habitum

2424 3556 2587 3611 fuisse
2620 3558 2768 3625 :jain
2806 3560 2947 3612 enim
2982 3574 3169 3629 magna
3224 3574 3349 3627 pars
3392 3560 3515 3611 anni
3547 3557 3650 3611 376
3682 3554 3989 3617 efﬂuxerat,

2419 3662 2709 3719 antequam
2749 3651 2941 3706 librum
2997 3666 3153 3705 suum
3207 3652 3582 3721 Amphilochia
3614 3650 3846 3705 Basilius
3884 3649 3988 3703 ini-

2416 3744 2597 3798 sisset.

2492 3836 2790 3892 Cotelcrius
2853 3846 2908 3891 et
2967 3835 3339 3891 Tillemontius
3384 3835 3452 3905 (Γ)
3497 3834 3809 3890 existimant
3850 3833 3991 3889 hanc

2422 3930 2785 4000 Amphilochii
2816 3929 3123 3999 epistolam,
3155 3943 3274 3998 quze
3312 3937 3490 3983 exstat
3529 3938 3659 3985 toni.
3698 3926 3761 3981 III
3796 3926 3991 3981 Monu-

2421 4035 2711 4077 meutorum
2756 4022 3007 4077 Ecclesia!
3038 4020 3254 4084 Grazca',
3286 4022 3541 4090 scriptam
3588 4020 3709 4076 e'sse
3756 4021 3823 4073 ad
3872 4019 3989 4088 epi-

2422 4128 2613 4183 scopos
2662 4125 2879 4169 remota:
2907 4115 3135 4184 alicujus
3178 4114 3487 4184 provinciae,
3528 4114 3616 4182 qui
3656 4126 3777 4165 cum
3833 4122 3987 4165 antea

2421 4206 2913 4259 caminunicassent
2943 4220 3066 4258 cum
3114 4204 3533 4269 Macedonianis,
3559 4214 3613 4258 et
3645 4204 3696 4257 in
3743 4219 3987 4258 commu-

2422 4298 2635 4350 nionem
2683 4313 2805 4351 eum
2851 4297 3140 4351 Catholicis
3191 4298 3366 4351 redire
3414 4308 3654 4362 averent,
3696 4300 3873 4352 adhuc
3906 4306 3990 4350 ta-

2423 4404 2548 4443 men
2580 4388 2863 4442 ﬂuetuanti
2902 4397 3057 4441 erant
3082 4388 3147 4441 de
3175 4386 3375 4455 Spiritu
3404 4397 3591 4441 Sancto
3627 4386 3911 4448 sententia,
3937 4393 3993 4440 et

2423 4478 2612 4532 mirari
2643 4479 2984 4543 videbantur,
3012 4493 3112 4532 cur
3154 4478 3255 4531 sibi
3300 4479 3364 4529 ad
3405 4478 3730 4533 credendum
3768 4476 3871 4531 hoc
3892 4476 3986 4531 do-

2426 4586 2545 4639 gma
2602 4582 3013 4639 proponeretur,
3049 4573 3113 4623 de
3145 4584 3251 4637 quo
3286 4570 3417 4622 nihil
3445 4579 3710 4625 statuerat
3742 4570 3982 4639 synodus

2426 4661 2659 4716 Nicaeus.

2499 4755 2606 4808 Sed
2640 4756 2829 4807 barum
2870 4768 3047 4807 rerum
3078 4751 3211 4805 nihil
3232 4753 3281 4805 in
3314 4753 3412 4806 hac
3443 4748 3663 4821 epistola
3700 4750 3987 4819 reperitur,

2427 4859 2549 4898 cum
2596 4844 2792 4915 legitur
2836 4842 3118 4895 attentius.
3153 4842 3363 4913 Scripta
3398 4853 3477 4896 est
3522 4841 3665 4895 enim
3706 4841 3772 4892 ad
3800 4839 3987 4894 Eccle-

2428 4935 2586 4999 siatn,
2618 4950 2734 5004 qua:
2767 4951 2793 4987 a
2828 4934 3177 5003 presbyteris,
3209 4934 3449 4997 absente,
3476 4943 3532 4985 ut
3557 4932 3850 4986 verisimile
3883 4940 3985 4993 est,

2427 5028 2496 5083 ob
2535 5028 2969 5097 persecutionem
3011 5029 3284 5096 episeopo,
3339 5027 3645 5094 regebatur,
3692 5040 3755 5080 ac
3796 5038 3988 5094 magna

2429 5122 2644 5190 quidem
2673 5135 2768 5189 pro
2816 5120 2919 5173 fide
2954 5121 3252 5173 certamina
3285 5120 3637 5181 sustinuerat,
3668 5118 3760 5171 sed
3795 5116 3994 5187 iurgiis

2429 5226 2482 5265 et
2523 5211 2833 5265 domesticis
2871 5212 3011 5265 odiis
3044 5212 3341 5266 laborabat.
3373 5208 3525 5262 Patet
3562 5209 3611 5263 id
3651 5224 3714 5261 ex
3753 5209 3835 5261 his
3863 5223 3995 5261 vcr-

2429 5304 2510 5359 bis
2557 5304 2630 5375 (g)
2668 5302 2992 5372 :Postqunm
3055 5314 3228 5356 autem
3278 5303 3479 5355 litteras
3539 5317 3741 5370 quoque
3783 5301 3997 5366 pietatis

2427 5407 2608 5449 uestra:
2657 5396 2968 5462 occepimus,
3000 5398 3298 5465 agnovimus
3328 5408 3380 5445 re
3418 5409 3533 5445 vera
3580 5391 3832 5444 Ecclesia
3860 5404 3995 5459 apo-

2425 5486 2622 5539 stolica:
2649 5485 3023 5551 characterem,
3052 5484 3300 5537 bonorum
3330 5490 3592 5551 pastorum
3620 5481 3806 5547 selum,
3824 5490 3873 5534 et
3892 5484 3994 5534 im-

2495 5667 2572 5737 (d)
2615 5667 2847 5728 Tillem.,
2875 5674 2920 5737 ‘t_.
2950 5662 3111 5737 Vlup.
3140 5663 3261 5717 610.

2520 5738 2564 5801 e)
2599 5737 2829 5789 Monum.
2867 5734 3003 5787 Eccl.
3035 5733 3234 5799 (inea,
3263 5744 3301 5787 t.
3329 5732 3391 5796 II,
3427 5731 3592 5801 p.99.

2520 5744 2564 5801 e)
2599 5744 2829 5789 Monum.
2867 5744 3003 5787 Eccl.
3035 5744 3109 5785 (ir

2496 5744 2565 5875 if)
2597 5808 2749 5859 Tom.
2794 5804 2961 5875 IXLp.
2996 5804 3111 5875 62:5.

2604 5877 2835 5931 Manum.
2864 5868 3013 5929 Eccl.
3044 5873 3241 5943 σταίη,
3273 5882 3401 5931 toni.
3443 5872 3511 5937 ll,
3534 5886 3586 5944 p.
3615 5868 3737 5926 {00.
