4214 6498
1548 435 1706 491 νιτΑ
1744 438 1801 492 S.
1837 438 2101 492 BASILII.

3341 454 3443 495 σιν

210 556 400 621 pigrum
430 554 695 617 studium,
727 570 864 623 quoa
899 572 1038 609 veros
1066 554 1386 609 Christianos
1420 558 1617 609 deceat.
1640 556 1779 609 Nam
1810 563 1853 615 Α
1880 559 1997 624 quit
2042 556 2291 620 Basilius,
2337 554 2718 623 appropinquat
2772 555 2991 620 defectio
3047 564 3093 607 et
3148 572 3262 623 qute
3310 571 3443 609 nunc

212 644 336 708 quod
368 659 461 695 nec
496 645 596 696 vite
628 644 1005 713 longitudinem
1060 648 1439 712 reputaveritis,
1492 664 1582 700 nec
1627 665 1778 716 sepa-

213 737 357 788 ratim
393 738 695 789 detuleritis
729 739 1058 805 qutrstiorm,
1083 739 1172 790 sed
1202 741 1541 792 communiter
1576 757 1665 808 per
1690 740 1773 793 lit-

212 840 343 883 teras
374 832 846 900 interrogaveritis.
871 834 926 885 id
960 849 1049 883 nos
1073 832 1206 884 bona
1246 848 1332 898 spe
1379 834 1609 900 rep/erit,
1635 834 1781 901 futu-

216 940 323 975 rum
352 932 408 975 ut
441 926 534 985 qui
571 942 675 976 una
715 942 833 978 uoce
872 925 1176 991 scripsistis,
1208 927 1442 979 unanimi
1469 930 1626 979 etiam
1654 943 1773 979 con-

217 1030 361 1066 sensu
393 1024 634 1067 nostram
670 1018 1049 1079 responsionem
1088 1018 1341 1085 recepturi
1366 1018 1481 1071 sitis
1508 1033 1527 1069 :
1553 1033 1614 1069 ac
1642 1017 1781 1069 velut

218 1108 485 1159 exordium
530 1108 852 1175 perfectioris
903 1107 1199 1161 concordia
1242 1121 1461 1163 vestram
1508 1110 1559 1161 in
1593 1109 1782 1163 litteris

219 1201 610 1251 consensionem
650 1201 987 1265 suscepimus.
1029 1200 1093 1254 Et
1124 1201 1259 1253 infra
1311 1203 1381 1269 (p.
1416 1202 1536 1265 l05)
1565 1220 1577 1253 :
1606 1200 1785 1255 Nolite

220 1290 343 1339 illud
367 1288 501 1341 dare
528 1292 686 1350 malo,
736 1302 787 1342 ut
833 1290 1100 1360 disjungnt
1134 1310 1251 1363 quia
1288 1294 1500 1357 pulchre
1550 1311 1783 1347 connexa

222 1392 356 1443 sunt,
391 1399 557 1451 mque
593 1398 679 1434 ros
727 1383 861 1447 lupis
905 1386 1138 1453 efficiatis
1174 1398 1328 1449 captu
1378 1386 1641 1453 faciliores
1692 1402 1784 1450 per

223 1475 616 1532 dissensionem,
653 1474 863 1527 illorum
910 1486 1027 1529 uota
1062 1477 1442 1544 conﬁrmando.
1494 1476 1784 1532 Didicimus

223 1568 408 1633 quippe
438 1578 637 1628 quanta
668 1569 957 1619 certamina
1008 1585 1101 1634 pro
1143 1580 1279 1622 recta
1326 1570 1429 1637 ﬁde
1473 1571 1787 1624 sustinueri-

225 1658 306 1709 tis.
346 1656 609 1720 Quocirca
652 1660 806 1712 minis
839 1671 884 1713 et
923 1663 1189 1717 arumnis.
1243 1678 1359 1731 qua:
1403 1676 1495 1729 per
1540 1664 1787 1716 adversa-

226 1751 322 1800 rios
370 1747 793 1813 intentabantur,
832 1752 1068 1811 devictis.
1121 1752 1318 1805 nullam
1372 1753 1592 1820 prtrbete
1639 1756 1791 1807 dissi-

225 1840 305 1889 dio
334 1841 663 1893 occasionem
691 1857 709 1893 :
746 1858 807 1894 ne
842 1842 976 1908 forte
1012 1842 1266 1909 paulatim
1305 1844 1546 1911 illapsum
1584 1845 1783 1909 odium,

225 1928 265 1979 si
288 1927 458 1980 locum
495 1930 768 1992 iurenerit,
797 1948 983 1999 magna
1011 1932 1152 1985 vobis
1181 1945 1436 1995 supponat
1469 1933 1785 1998 principitia.

229 2017 455 2086 Gregera
498 2034 627 2087 ergo
660 2020 1038 2089 alloquebatur
1081 2022 1512 2086 Amphilochius,
1548 2038 1649 2073 non
1686 2024 1792 2091 epi-

225 2124 435 2177 scopos,
486 2124 620 2176 quos
670 2126 1006 2180 nequaquam
1061 2112 1306 2165 hortatus
1364 2112 1573 2178 luisset,
1617 2128 1683 2167 ne
1732 2128 1791 2167 se

226 2198 359 2266 lupis
409 2212 571 2267 captu
616 2200 805 2255 faciles
850 2216 945 2270 per
1011 2203 1402 2256 dissensionem
1468 2206 1788 2271 pra-herent.

226 2287 403 2359 Neque
452 2292 614 2344 etiam
672 2291 1038 2344 dissensiones
1092 2292 1140 2344 in
1182 2292 1280 2347 hac
1325 2294 1562 2349 Ecclesia
1593 2294 1659 2349 de
1692 2296 1794 2351 lide

226 2380 471 2433 videntur
511 2390 730 2434 exortre.
760 2380 890 2434 Cum
923 2384 1066 2435 enim
1112 2383 1269 2452 hujus
1315 2388 1388 2438 rei
1422 2387 1655 2455 suspicio
1688 2403 1791 2441 non

226 2473 451 2539 quadrat
496 2487 618 2523 eum
667 2481 815 2526 tanto
854 2474 973 2529 litlei
1032 2476 1379 2531 defendenda:
1436 2480 1637 2543 studio,
1682 2491 1791 2532 tum

226 2576 352 2620 vero
380 2563 793 2631 Amphilochius
830 2575 1110 2635 postquam
1152 2568 1217 2621 dc
1259 2569 1360 2622 lide
1419 2571 1650 2622 breviter
1682 2570 1792 2623 dis-

226 2655 418 2713 seruit.
457 2671 563 2708 non
607 2671 701 2710 eos
748 2658 999 2712 hortatur
1054 2670 1109 2711 ut
1151 2660 1288 2712 hanc
1337 2661 1493 2713 tidem
1551 2670 1791 2726 teneant,

227 2745 316 2797 sed
370 2746 436 2797 ad
484 2748 629 2799 aliud
669 2747 1060 2801 adhortationis
1112 2765 1277 2815 genus
1323 2749 1479 2818 plane
1511 2750 1785 2806 diversum

228 2839 463 2893 transit:
497 2839 699 2905 Quibus
742 2844 870 2893 satis
915 2849 1025 2903 est,
1078 2842 1280 2909 inquit,
1324 2842 1553 2911 adjicere
1594 2844 1793 2900 brevem

227 2928 664 2983 adhortationem.
724 2928 1015 2981 Hortamur
1061 2947 1283 3000 namque
1324 2949 1409 2985 uos
1450 2942 1503 2986 ut
1540 2936 1792 2988 maneatis

227 3022 369 3085 pacis
402 3022 523 3086 ﬁlii,
560 3029 666 3073 etc.
702 3018 878 3084 Quare
928 3037 1033 3073 non
1093 3022 1503 3087 dubitationem,
1532 3028 1625 3080 sed
1669 3027 1796 3083 ube-

230 3114 387 3167 rioris
416 3112 660 3165 scientia:
694 3113 1016 3166 desiderium
1050 3114 1297 3183 designat
1335 3132 1521 3171 eorum
1562 3118 1794 3173 interro-

229 3206 387 3273 galia,
427 3219 524 3257 cur
561 3203 800 3273 synodus
851 3204 1063 3261 Nicaeus
1104 3223 1207 3263 non
1258 3211 1449 3263 eadem
1483 3210 1550 3265 de
1590 3210 1793 3278 Spiritu

229 3298 539 3364 exposuerit
573 3312 637 3351 ac
666 3298 733 3353 de
758 3297 914 3354 Filio.

298 3409 755 3465 Perbonorilicum
796 3413 861 3466 de
910 3414 1083 3467 sancti
1137 3414 1321 3468 Basilii
1373 3415 1508 3471 libro
1536 3418 1795 3487 judicium

234 3495 404 3550 fecere
444 3498 682 3566 episcopi
716 3499 1016 3570 Lycaoniae,
1042 3518 1163 3556 cum
1194 3521 1313 3558 eum
1346 3507 1410 3560 ad
1447 3508 1583 3565 hanc
1612 3509 1799 3565 Eccle-

233 3586 363 3641 siam
408 3589 691 3645 miserunt.
732 3590 836 3645 Sed
886 3602 1060 3647 tamen
1107 3609 1419 3651 asseverare
1474 3616 1577 3655 non
1625 3604 1796 3655 ausim

234 3682 369 3745 quot
422 3679 496 3731 ait
536 3680 928 3740 Tillemontius.
996 3685 1046 3735 in
1109 3688 1218 3753 ipsa
1265 3690 1470 3756 synodo
1512 3692 1710 3745 lectum
1747 3702 1799 3747 et

238 3768 515 3835 probatum
565 3769 751 3831 fuisse,
802 3787 864 3825 ac
909 3771 1089 3828 Basilii
1142 3776 1286 3830 vices
1339 3779 1693 3849 supplevisse.
1744 3785 1797 3836 ld

235 3860 374 3912 enim
422 3876 525 3912 non
568 3862 799 3929 probant
853 3864 1094 3927 epistolze
1136 3868 1319 3936 verba,
1364 3871 1559 3940 quibus
1604 3874 1793 3927 nititur

234 3950 628 4005 Tillemontius.
680 3951 788 4007 Hoc
834 3964 1038 4009 tantum
1081 3958 1266 4013 dicunt
1310 3964 1569 4032 episcopi,
1612 3964 1799 4020 adesse

234 4044 331 4097 sibi
374 4044 568 4099 librum
605 4043 785 4099 Basilii
824 4047 900 4102 De
944 4049 1148 4117 Spiritu
1184 4063 1386 4117 sancto,
1419 4056 1547 4107 etin
1580 4057 1695 4122 ipso
1729 4057 1795 4108 li-

236 4135 327 4188 bro
356 4135 615 4189 Basiliam
650 4154 662 4189 :
692 4144 780 4206 qui
816 4155 924 4203 vos,
975 4142 1243 4209 inquiunt,
1279 4144 1541 4195 nobiscum
1574 4144 1797 4215 alloqui-

233 4235 335 4288 tur,
366 4227 619 4277 κάκεῖνον
660 4226 747 4279 διὰ
792 4228 885 4281 ταῦ
920 4230 1244 4301 γράμματος
1279 4231 1472 4302 ἔχομεν
1497 4235 1628 4303 ἡμῖν
1666 4252 1797 4304 συμ-

236 4315 627 4385 φθεγγόμενον,
663 4318 784 4383 quia
830 4321 1076 4375 videlicet
1111 4337 1232 4375 eum
1290 4325 1575 4378 mittebant
1610 4325 1793 4379 Eccle-

233 4408 341 4471 sine,
386 4424 413 4459 a
449 4424 555 4477 qua
600 4408 1048 4477 consulebantur;
1094 4431 1197 4468 non
1251 4416 1391 4482 quod
1438 4431 1559 4468 eum
1601 4417 1651 4469 in
1683 4418 1795 4485 ipso

233 4501 460 4552 concilio
518 4499 787 4568 legissent.
841 4498 1031 4555 Tutius
1094 4505 1443 4559 ratiocinatur
1507 4507 1793 4563 Tillemon-

234 4594 336 4645 tius
371 4608 496 4645 cum
536 4609 669 4661 opus
721 4594 786 4647 de
834 4592 1033 4663 Spiritu
1087 4609 1272 4652 sancto
1305 4597 1790 4667 subscriptionihus
1828 4588 1871 4642 Ῑ)

232 4683 604 4753 episcoporum
642 4686 692 4739 in
729 4685 910 4754 aliquo
961 4684 1312 4754 Cappadocia:
1351 4690 1579 4745 concilio
1614 4692 1787 4744 inuni-

235 4788 342 4830 tum
391 4774 559 4831 fuisse
602 4778 807 4845 colligit
847 4795 911 4831 ex
952 4780 1034 4834 his
1067 4781 1242 4834 verbis
1276 4784 1461 4851 synodi
1497 4784 1789 4838 Chalcedo-

233 4868 433 4932 nensis,
486 4882 605 4936 qua:
653 4868 907 4921 Basilimn
969 4872 1044 4923 ait
1101 4869 1174 4939 (p.
1210 4871 1332 4941 89.6)
1383 4885 1684 4927 accuratam
1734 4877 1797 4929 de

233 4965 412 5008 sancto
464 4954 671 5022 Spiritu
731 4957 1022 5010 doctrinam
1081 4961 1397 5027 tradidisse,
1454 4966 1798 5019 consacerdo-

233 5056 341 5098 tum
364 5062 455 5113 per
484 5047 885 5112 subscriptiones
914 5052 1070 5115 petito
1102 5065 1371 5104 consensu.

300 5158 363 5212 ll.
388 5160 514 5214 Duae
534 5160 599 5213 ad
625 5171 867 5214 sanctmn
900 5161 1097 5216 Barsen
1132 5164 1454 5218 Edessenum
1489 5170 1795 5235 episcopum

236 5252 443 5311 .itterze,
473 5267 703 5319 quarum
742 5252 909 5305 altera
955 5264 1039 5307 cst
1066 5255 1191 5317 itit,
1225 5256 1391 5310 altera
1444 5258 1567 5321 267,
1607 5262 1672 5313 ad
1702 5275 1797 5313 cx-

238 5351 436 5395 tremos
468 5340 710 5397 Valentis
738 5360 906 5397 annos
938 5346 1183 5400 videntur
1210 5348 1521 5402 referendm.
1555 5351 1606 5403 In
1647 5362 1797 5404 utra-

240 5450 341 5504 Qtte
382 5439 530 5492 enim
577 5453 701 5502 spes
746 5439 920 5492 elucet
956 5441 1433 5509 appropinquantis
1475 5444 1645 5509 pacis,
1676 5459 1794 5497 cum

240 5530 540 5594 persecutio
580 5530 644 5580 ad
677 5530 949 5581 cumulum
987 5528 1065 5581 sic
1110 5530 1361 5596 perducta
1398 5540 1563 5593 esset,
1601 5540 1653 5583 ut
1704 5529 1795 5585 Dei

241 5618 493 5671 auxilium
531 5620 691 5688 longe
718 5618 907 5675 abesse
938 5637 1038 5674 non
1071 5622 1363 5689 videretur,
1388 5622 1489 5675 nisi
1516 5620 1667 5691 forte,
1717 5624 1799 5677 in-

324 5826 377 5886 a)
405 5816 541 5869 (list.
574 5818 725 5880 ecrl..
758 5817 850 5873 lib.
877 5834 947 5881 tv,
981 5835 1030 5871 c.
1060 5818 1123 5885 16

325 5886 374 5947 ι’)
407 5888 499 5951 Ep.
541 5886 665 5938 268.

1880 651 2035 717 ﬁunt,
2072 650 2289 702 exordia
2348 659 2465 701 sunt
2524 650 2784 713 ingressus
2844 647 3181 701 Antichristi.
3259 646 3449 701 Narrat

1884 740 2252 793 Tlieodoretus
2283 741 2360 807 (a)
2398 740 2537 793 hunc
2562 739 2761 793 Barsen
2808 740 2979 808 primo
3013 740 3062 792 in
3094 740 3330 792 Aradum
3360 739 3448 791 ἰησ-

1883 832 2075 897 solam,
2107 833 2295 886 deinde
2329 847 2449 885 cum
2494 832 2904 885 innumerabilis
2950 832 3225 885 hominum
3262 831 3445 885 multi-

1887 928 2012 979 tudo
2045 941 2110 979 eo
2146 924 2441 979 conﬂueret
2479 926 2547 978 ob
2593 924 2733 978 illius
2780 924 3061 991 miracula,
3094 925 3146 977 in
3192 924 3448 992 oppidum

1887 1014 2103 1085 Egypti
2148 1016 2538 1087 Oxyrinchum,
2576 1032 2639 1070 ac
2676 1026 2945 1085 postremo
2980 1017 3030 1069 in
3079 1026 3313 1069 castrum
3366 1031 3451 1069 re-

1888 1109 2249 1161 motissimum
2281 1148 2295 1172 ,
2336 1108 2420 1161 cui
2462 1124 2654 1162 nomen
2698 1108 2887 1169 Philo,
2938 1108 3227 1176 relegatum
3264 1107 3447 1161 fuisse.

1890 1197 2020 1252 Iliiic
2067 1199 2292 1251 Basilius
2328 1199 2618 1267 scripserat
2658 1200 2827 1253 oblata
2880 1199 3131 1253 facultate
3179 1199 3451 1263 Domnim,

1888 1305 2055 1359 seque
2102 1292 2245 1362 illius
2286 1292 2534 1359 precibus
2588 1293 3073 1344 commendaverat.
3112 1291 3215 1345 Sed
3254 1306 3375 1344 cum
3409 1293 3453 1345 is

1888 1380 2067 1434 Basilii
2111 1381 2489 1435 salutationem
2526 1397 2629 1435 non
2668 1383 2995 1451 pertulisset,
3023 1382 3101 1436 vel
3126 1384 3314 1436 saltem
3355 1398 3451 1434 an-

1892 1484 2106 1542 tequam
2154 1476 2485 1544 pertulisset,
2527 1476 2593 1527 de
2634 1474 2813 1528 Basilii
2862 1475 3074 1529 silentio
3122 1485 3343 1544 questus
3371 1485 3453 1531 est

1893 1565 2106 1619 Barses.
2138 1567 2314 1631 Quare
2348 1564 2582 1619 Basilius
2623 1566 2815 1617 iterum
2850 1564 3065 1632 scripsit
3099 1580 3195 1633 per
3228 1566 3453 1618 nonnul-

1892 1661 1972 1713 los
1996 1659 2343 1730 Cappadoces
2372 1658 2436 1711 ad
2470 1674 2590 1712 eum
2620 1657 3041 1726 proficiscentes,
3075 1657 3269 1725 quibus
3293 1659 3453 1711 etiam

1890 1755 2135 1820 quasdam
2185 1751 2498 1807 intinnscnla
2549 1761 2737 1804 sancto
2782 1748 2950 1803 exsuli
2992 1748 3264 1803 offerenda
3308 1766 3437 1805 com-

1895 1844 2055 1897 misit.

1966 1933 2113 1988 lnter
2154 1934 2416 1987 tumultus
2449 1947 2582 1997 quos
2609 1931 2767 1985 Gothi
2800 1934 2851 1983 in
2878 1929 3104 1985 Thracia
3134 1931 3456 1995 excitarunt,

1894 2032 2043 2083 venit
2094 2028 2145 2081 in
2196 2042 2463 2082 summum
2493 2026 2615 2077 vine
2650 2024 2941 2077 discrimen
2969 2024 3041 2093 (ὺ)
3070 2062 3085 2087 ,
3127 2023 3265 2077 bello
3306 2024 3431 2077 undi

1899 2136 2004 2189 que
2036 2120 2445 2181 circumstante,
2477 2127 2695 2171 amictus
2723 2115 2986 2169 Eusebius
3021 2113 3456 2171 Samosalcnsis:

1894 2213 2035 2282 quod
2092 2211 2307 2280 quidem
2368 2210 2480 2263 fere
2548 2210 2743 2263 Basilio
2799 2222 2949 2275 aeque
3015 2209 3255 2263 mirabile
3313 2210 3449 2263 vide-

1897 2316 2002 2367 tur,
2039 2320 2099 2358 ac
2149 2302 2338 2357 Jouam
2392 2306 2442 2355 in
2502 2314 2689 2356 ventre
2734 2304 2835 2357 ceti
2882 2313 2935 2355 et
2972 2303 3025 2356 ir:
3076 2300 3288 2354 ﬂamma
3323 2301 3459 2370 ignis

1901 2409 2011 2450 tres
2053 2411 2250 2465 pueros
2296 2411 2416 2450 esse
2455 2405 2720 2448 servatos.
2767 2393 2893 2447 Haec
2934 2393 3165 2447 Basilius
3199 2394 3458 2447 didicerat

1894 2505 1957 2543 ex
1998 2489 2227 2542 Libanio
2251 2490 2480 2543 diacono
2512 2488 2756 2541 Caesarea
2790 2497 3139 2551 transeunte;
3163 2488 3254 2542 sed
3279 2496 3459 2554 postea

1894 2580 2147 2634 evenisse
2175 2580 2277 2632 alia
2310 2580 2476 2634 multo
2508 2581 2708 2647 majora
2736 2580 2998 2635 audierat.
3032 2595 3148 2647 qua:
3178 2579 3317 2633 scire
3340 2593 3439 2631 ave

1898 2672 2011 2736 bat,
2062 2673 2107 2725 si
2156 2672 2335 2726 minus
2374 2682 2495 2724 ante
2534 2671 2763 2725 reditum
2818 2671 2963 2723 Pauli
3010 2671 3333 2741 presbyteri.
3368 2671 3458 2739 qui

1898 2764 2039 2819 illius
2074 2764 2354 2834 epistolam
2391 2764 2617 2827 ferebat,
2672 2764 2861 2817 saltem
2899 2780 2962 2816 eo
3012 2762 3288 2816 redeunte.
3328 2761 3459 2817 llnic

1897 2859 2214 2927 presbytero
2255 2856 2483 2910 Basilius
2529 2857 2659 2909 nihil
2703 2858 2752 2909 in
2802 2872 2993 2910 manus
3036 2856 3245 2909 tradere
3294 2870 3459 2909 ausus

1896 2960 1999 3014 est,
2044 2966 2110 3003 ne
2157 2966 2279 3003 eum
2324 2951 2375 3003 in
2416 2950 2608 3003 mortis
2651 2949 2946 3017 periculum
2993 2948 3317 3013 coojiceret;
3361 2948 3460 3001 vias

1896 3043 2042 3097 enim
2088 3042 2428 3114 pnedonibus
2475 3051 2529 3097 et
2589 3040 2952 3096 desertoribus
3004 3040 3227 3094 ditl‘erta:
3282 3054 3459 3097 erant.

1900 3136 2007 3190 Sed
2048 3146 2224 3191 tamen
2267 3134 2748 3205 appropinquantis
2797 3132 3069 3187 exercitus
3126 3134 3268 3186 tanta
3311 3148 3459 3203 spem

1824 3251 1867 3310 ρ
1901 3229 2138 3297 aliquam
2184 3227 2442 3283 aﬂ‘erebat
2488 3226 2931 3295 tranquillitatis:
2966 3241 3124 3295 quam
3164 3226 3379 3295 quidem
3416 3228 3461 3280 si

1903 3323 2162 3375 Dominus
2193 3321 2476 3384 concedat,
2507 3322 2765 3389 promitti:
2799 3318 3025 3374 Basilius
3060 3320 3346 3372 missurum
3382 3334 3461 3381 se,

1901 3414 1991 3483 qui
2029 3412 2316 3466 Eusebium
2343 3413 2554 3465 invisat.
2595 3412 2812 3465 Volebat
2840 3426 2967 3481 ergo
2999 3402 3229 3465 Basilius
3260 3410 3461 3480 aliquid

1902 3504 2139 3560 muneris
2176 3503 2403 3558 Eusebio
2426 3505 2476 3557 in
2510 3504 2680 3557 exsilii
2714 3504 2961 3558 solatium
2998 3504 3233 3559 mittere.

1970 3596 2116 3651 lianc
2134 3596 2411 3667 epistolam
2435 3612 2575 3650 anno
2597 3596 2699 3649 377
2718 3605 2972 3661 exeunte,
2992 3604 3085 3648 aut
3110 3596 3332 3647 ineunte
3360 3593 3463 3649 578

1900 3691 2153 3761 scriptam
2184 3692 2457 3745 existimat
2494 3690 2887 3754 Tillemontius,
2926 3690 3010 3743 cui
3045 3688 3290 3757 equidem
3316 3688 3464 3755 prius

1901 3784 2247 3838 assentiebar.
2275 3782 2380 3836 Sed
2396 3798 2451 3836 re
2473 3782 2724 3835 attentius
2738 3782 3090 3840 considerata,
3108 3783 3223 3833 diue
3239 3779 3337 3833 illa:
3359 3781 3464 3832 cir-

1901 3875 2235 3929 cumstantiae
2268 3889 2399 3941 quas
2438 3873 2858 3932 observavimus,
2895 3884 3084 3938 nempe
3132 3868 3360 3923 diﬂ'erta:
3387 3868 3463 3920 la-

1903 3969 2143 4020 tronihus
2171 3975 2223 4019 et
2250 3964 2617 4019 desertoribus
2650 3964 2768 4025 vice,
2812 3963 3058 4016 videntur
3101 3961 3291 4016 melius
3324 3976 3459 4029 qna-

1900 4061 2058 4111 drare
2088 4073 2208 4111 cum
2240 4067 2426 4113 testate
2458 4057 2581 4110 anni
2614 4056 2736 4111 ὅτι.
2764 4055 2915 4109 Tunc
2960 4056 3125 4119 enim,
3176 4065 3311 4109 teste
3342 4056 3461 4107 Am—

1900 4150 2079 4204 miano
2123 4151 2190 4219 (c)
2218 4191 2232 4215 ,
2274 4150 2515 4205 hostibus
2564 4163 2621 4202 se
2686 4146 3045 4213 adjunxerunt
3082 4148 3460 4216 sequendarum

1898 4244 2017 4297 auri
2054 4258 2299 4295 uenarum
2335 4241 2485 4308 periti
2530 4255 2629 4290 non
2664 4240 2840 4305 pauci,
2880 4238 3202 4307 vectigalium
3231 4238 3461 4304 perfer“

1896 4353 2046 4405 posse
2080 4352 2180 4388 non
2226 4333 2529 4401 sti/ﬁdentes
2570 4332 2805 4384 sarcinas
2858 4346 3056 4399 graves.
3092 4327 3186 4383 llis
3223 4330 3463 4383 deserto-

1902 4428 2046 4481 ribus
2076 4425 2442 4494 prmeuntibus
2478 4423 2609 4477 nihil
2654 4422 2815 4476 Gothi
2865 4423 3129 4475 intactum
3166 4422 3454 4489 reliquere,

1900 4520 1992 4573 sed
2022 4515 2201 4571 omnia
2236 4518 2341 4585 igni
2381 4516 2629 4583 ferroque
2657 4526 2936 4569 vastarunt
2980 4515 3124 4568 nullo
3158 4516 3335 4568 :etatis
3365 4526 3457 4567 aut

1901 4628 2063 4665 sexus
2092 4612 2427 4665 discrimine.
2463 4607 2667 4672 Quibus
2707 4608 2771 4659 de
2821 4608 2979 4659 rebus
3010 4606 3317 4660 admonitus
3355 4606 3461 4659 Va-

1901 4705 2015 4757 lens
2046 4704 2395 4758 Profuturum
2429 4701 2572 4755 misit
2614 4699 2897 4753 Antiochia
2933 4709 2987 4755 et
3018 4698 3305 4768 Trajanum
3336 4715 3456 4755 cum

1901 4796 2203 4863 legionibus
2250 4811 2313 4847 cx
2352 4794 2603 4846 Armenia
2659 4791 2855 4846 ductis.
2908 4790 3081 4859 Atque
3120 4792 3207 4846 hic
3249 4794 3462 4846 videtur

1900 4901 2021 4940 esse
2052 4888 2327 4940 exercitus
2356 4902 2513 4954 quem
2538 4884 2836 4951 exspectari
2873 4884 2947 4935 ait
2982 4882 3228 4937 Basilius.

1972 4978 2206 5047 Epistula
2260 4977 2365 5031 269
2417 4978 2615 5044 scripta
2674 4978 2725 5030 in
2784 4977 3041 5030 extremis
3088 4976 3267 5030 Basilii
3337 4976 3456 5030 vitm

1902 5069 2193 5124 mensibus.
2243 5068 2377 5121 Nam
2412 5068 2740 5132 Ariuthteus,
2789 5069 2939 5135 cujus
2992 5082 3163 5121 morte
3208 5064 3455 5122 alliictam

1900 5176 2119 5215 uxorem
2162 5161 2471 5216 consolatur
2515 5159 2764 5222 Basilius,
2802 5158 3035 5211 nondum
3079 5158 3291 5211 obierat
3334 5174 3455 5210 cum

1902 5253 2093 5307 Valens
2116 5254 2180 5305 ad
2225 5253 2463 5322 praelium
2502 5267 2621 5305 cum
2657 5250 2901 5303 barbaris
2935 5250 3372 5303 committendmn
3399 5262 3457 5301 se

1896 5347 2223 5415 accingeret.
2264 5346 2397 5397 Cum
2448 5344 2590 5397 enim
2642 5341 2908 5411 Trajattus
2954 5340 3161 5394 Valenti
3216 5340 3459 5394 declara-

1898 5450 2000 5501 ret,
2030 5437 2398 5491 calamitatnm
2436 5451 2649 5490 causam
2676 5452 2779 5490 non
2811 5436 3024 5490 aliunde
3053 5451 3214 5503 quam
3244 5452 3307 5489 ex
3338 5449 3459 5501 per-

1896 5530 2171 5583 secutione
2229 5528 2526 5583 Catholicis
2579 5528 2723 5581 illata
2768 5530 3145 5597 repetendam;
3183 5528 3362 5581 Victor
3403 5534 3457 5577 et

1895 5622 2229 5685 Arintlneus,
2276 5633 2409 5677 teste
2460 5622 2922 5691 Thcodoretotd),
2971 5624 3290 5676 sententiam
3324 5614 3455 5670 Tra-

1968 5816 2034 5879 (c)
2064 5814 2176 5864 Lib.
2210 5830 2354 5872 xxxi,
2381 5827 2495 5877 cap.
2530 5812 2579 5863 6.

1962 5878 2035 5951 (ἄ)
2064 5880 2205 5933 llist.
2231 5885 2432 5943 cretea,
2475 5881 2567 5931 lib.
2599 5895 2669 5941 tv,
2698 5894 2744 5931 c.
2774 5878 2862 5933 35.
