4214 6486
727 418 845 460 CLVI

2076 410 2614 468 PBOLEGOMENA.

728 522 836 591 iani
868 523 1279 589 confirmarunt,
1310 539 1374 579 ac
1413 524 1688 580 Valentem
1732 535 2009 596 rogarunt,
2051 542 2118 581 ne
2153 528 2294 581 veri-
2322 533 2369 588 Α
2397 526 2524 590 272,
2563 536 2620 582 et
2657 528 2783 597 quid
2827 528 3003 585 locum
3036 530 3116 585 eis
3146 529 3275 585 dare
3323 530 3580 600 potuerit,
3611 530 3846 600 ingenue
3875 544 3989 587 ex-

731 620 899 666 tatem
940 628 1063 668 cum
1108 614 1527 683 reprehensione
1558 616 1903 685 conjunctam
1932 631 2077 682 aegre
2112 616 2298 671 ferret.

730 702 847 758 Non
877 715 1054 759 tamen
1080 705 1131 759 in
1156 705 1258 760 hoc
1288 705 1531 761 Valentis
1558 717 1805 762 extremo
1832 708 2019 776 prmlio
2049 708 2303 762 occubuit

729 797 1059 865 Arintbazus,
1101 800 1196 854 sed
1244 813 1351 855 non
1389 800 1555 855 multo
1600 808 1725 869 post
1766 814 2009 854 summus
2060 799 2149 853 ille
2198 799 2300 864 vir,

732 889 963 943 nondum
1011 890 1163 944 senio
1212 889 1437 957 fractus,
1483 892 1697 944 unicam
1761 890 1923 945 filiam
1970 890 2300 961 relinquens,

728 983 937 1045 placida
990 996 1164 1038 morte
1223 984 1449 1053 quievit.
1524 983 1653 1038 Erat
1706 984 2149 1055 praestantissima
2184 998 2303 1037 cor-

728 1074 875 1142 poris
907 1071 1100 1138 forma,
1129 1090 1194 1129 ac
1222 1075 1469 1145 corporis
1495 1076 1671 1129 robori
1712 1090 1894 1144 parem
1942 1075 2103 1130 animi
2134 1076 2302 1128 virtu-

730 1175 837 1217 tem
874 1164 1132 1227 habebat,
1174 1166 1491 1235 bellicisque
1524 1166 1831 1221 abundabat
1884 1166 2128 1221 laudibus
2157 1184 2171 1220 :
2204 1167 2298 1220 sed

729 1255 855 1311 fidei
889 1257 1169 1313 catholica:
1203 1260 1382 1313 studio
1427 1258 1629 1312 clarior
1670 1267 1807 1324 erat,
1834 1273 1898 1313 ac
1926 1272 2138 1312 omnem
2184 1257 2301 1311 ani—

730 1361 831 1402 inte
880 1348 1142 1403 maculam
1193 1350 1622 1420 regenerationis
1674 1350 1889 1404 lavacro
1933 1348 1984 1402 in
2026 1348 2141 1418 ipso
2176 1349 2300 1405 vita:

728 1440 876 1495 exitu
906 1451 1250 1512 expurgavit.
1277 1442 1435 1497 Tanti
1473 1444 1719 1498 beneficii
1768 1442 2108 1497 conciliatrix
2136 1453 2190 1498 et
2214 1445 2300 1498 ad-

728 1533 897 1602 jutrix
934 1550 1073 1590 uxor
1097 1554 1112 1589 :
1139 1534 1295 1603 cujus
1319 1535 1522 1591 luctum
1558 1536 1790 1591 Basilius
1824 1536 1927 1590 hoc
1960 1536 2297 1607 potissimum

728 1624 919 1679 solatio
945 1637 1172 1681 conatur
1201 1629 1529 1684 demulcere.

798 1714 947 1773 Vidit
981 1719 1197 1775 tandem
1226 1719 1457 1776 Basilius
1480 1724 1624 1791 quod
1665 1721 1915 1776 omnibus
1941 1720 2083 1776 votis
2111 1720 2301 1788 exqui-

727 1809 919 1876 sierat,
969 1826 1153 1882 pacem
1201 1812 1585 1877 Ecelesiarnm,
1636 1830 1700 1870 ac
1748 1825 1992 1883 pastores
2040 1813 2297 1870 Ecclesiis

2408 622 2578 688 ponit.
2614 619 2799 676 Fidem
2840 623 2942 677 sibi
2988 624 3174 678 haberi
3218 624 3486 694 postulat;
3525 638 3631 678 non
3660 625 3807 679 enim
3842 627 3985 679 adeo

2406 711 2747 776 desperatum
2766 728 2830 768 se
2852 729 2993 781 esse,
3027 724 3083 767 ut
3116 729 3366 784 magnum
3394 714 3600 783 peccati
3636 713 3983 768 mendacium

2406 805 2774 873 parvipendat.
2832 805 3124 862 Protitetur
3174 823 3233 862 se
3282 807 3426 861 nullo
3466 822 3533 862 ex
3590 807 3677 869 iis,
3709 807 3802 876 qui
3836 807 3982 861 ami—

2410 897 2551 952 citia:
2585 897 2744 953 laude
2768 901 2993 967 spectati
3026 908 3172 964 sunt,
3206 899 3579 969 ignobiliorcm
3604 913 3755 963 esse;
3781 898 3985 966 quippe

2408 1004 2529 1044 cum
2562 1005 2837 1060 nunquam
2882 992 2936 1045 in
2970 992 3205 1047 amicitia
3252 991 3543 1060 quidquam
3583 1004 3842 1062 peccasse
3885 990 3984 1044 de-

2408 1084 2703 1151 prehensus
2737 1085 2827 1141 sit.

2477 1175 2653 1228 Alium
2703 1175 2886 1231 Basilii
2932 1175 3359 1248 condiscipulum
3393 1192 3457 1231 ex
3495 1175 3668 1233 tribus
3701 1175 3984 1246 sequenti-

2410 1268 2511 1322 bus
2545 1268 2810 1337 epistolis,
2841 1269 3037 1324 lleram
3089 1269 3326 1333 nomine,
3361 1268 3762 1337 cognoscimus,
3810 1282 3977 1338 quem

2408 1360 2621 1416 invidia:
2653 1360 2770 1416 telis
2791 1370 2846 1416 et
2873 1361 3219 1417 inimicorum
3251 1361 3537 1423 calumnll;
3566 1360 3792 1430 petitum
3823 1359 3981 1414 Basio

2406 1454 2511 1510 lius
2536 1470 2642 1509 non
2674 1453 3039 1523 perfunctorie
3079 1457 3445 1510 commendat.

2476 1542 2706 1614 Insignis
2733 1550 2853 1599 erat
2879 1542 3139 1599 Caesarea
3179 1546 3337 1611 civis,
3385 1544 3693 1599 Harmatlus
3734 1541 3982 1609 nomine,

2407 1636 2824 1691 simulacrorum
2855 1635 3075 1705 quidem
3132 1637 3378 1693 addictus
3420 1636 3611 1703 cultui,
3659 1635 3753 1690 sed
3798 1644 3982 1687 tamen

2408 1727 2615 1783 civitati
2649 1728 3028 1784 charissimus.
3062 1726 3231 1797 Hujus
3274 1728 3416 1782 filius
3447 1729 3617 1783 inscio
3643 1736 3796 1797 patre
3821 1724 3985 1781 Chri—

2407 1822 2636 1876 stianam
2665 1823 2976 1892 religionem
3006 1821 3292 1893 amplexus
3330 1831 3497 1876 totam
3542 1822 3817 1876 civitatem
3853 1833 3985 1890 gau-

729 1906 844 1959 suis
880 1905 1141 1960 redditos.
1170 1904 1293 1959 Haec
1323 1905 1521 1961 divinae
1549 1907 1935 1962 misericordia:
1960 1907 2153 1961 indicia
2182 1922 2302 1961 cum
2334 1892 2379 1950 Β
2408 1914 2496 1969 dio
2525 1914 2779 1983 perfudit,
2814 1928 2934 1983 qua
2975 1913 3079 1968 sibi
3123 1912 3409 1980 videbatur
3462 1912 3634 1980 ipsum
3672 1912 3835 1966 etiam
3878 1924 3982 1980 pa-

732 1998 974 2055 Valentis
1018 2010 1187 2053 morte
1221 2000 1506 2067 conjuncta
1546 2001 1785 2063 fuerunt,
1832 2014 1944 2068 quo
1984 1999 2309 2054 miserabili-

729 2102 830 2156 ter,
889 2102 945 2145 ut
994 2092 1243 2146 omnibus
1292 2104 1477 2147 notum
1530 2102 1635 2156 est,
1677 2091 1949 2145 exstincto
1982 2092 2067 2145 die
2101 2090 2134 2145 9
2182 2090 2303 2145 Maii

728 2202 871 2241 anno
901 2186 1027 2250 578,
1055 2185 1398 2240 confessores
1441 2186 1492 2239 in
1549 2184 1821 2241 Ecclesias
1875 2201 2003 2239 suas
2058 2184 2303 2241 Gratiani

726 2278 906 2333 edicto
964 2280 1199 2333 revocati
1241 2288 1387 2334 sunt.
1449 2276 1565 2333 Non
1618 2278 1787 2334 multo
1844 2290 1968 2350 post
2003 2280 2303 2334 mirabilem

728 2375 871 2429 hunc
909 2383 1160 2428 eventmn
1213 2374 1469 2429 dimissus
1520 2392 1550 2429 a
1609 2375 1836 2429 Domino
1886 2375 1939 2429 in
1978 2390 2105 2445 pace
2148 2374 2302 2429 Basi-

728 2468 849 2524 lius.
882 2470 975 2523 sed
1018 2477 1308 2536 antequam
1350 2467 1493 2521 illius
1539 2479 1768 2523 mortem
1820 2467 2140 2535 referamus,
2188 2469 2305 2523 bre-

728 2560 868 2613 viter
904 2560 1247 2613 recensendas
1276 2558 1457 2629 plures
1488 2558 1748 2629 epistolas,
1794 2561 1859 2615 de
1886 2561 2081 2630 quibus
2112 2562 2302 2633 agendi

731 2650 968 2703 nondum
996 2650 1234 2704 occurrit
1274 2652 1507 2705 occasio.

803 2741 887 2797 Ill.
921 2741 1137 2813 Scripta
1184 2756 1270 2799 est
1318 2745 1545 2814 cpistola
1581 2743 1688 2797 270
1723 2758 1844 2814 post
1884 2746 2178 2798 secundam
2210 2760 2300 2799 ca-

731 2837 1005 2889 nonicam.
1029 2834 1174 2889 Citat
1210 2836 1352 2889 enim
1390 2833 1619 2889 Basilius
1666 2850 1929 2889 canonem
1968 2837 2304 2891 tricesimum

730 2943 760 2982 a
800 2942 859 2982 se
899 2928 1193 2998 vulgatum.
1239 2926 1373 2984 Cum
1425 2928 1600 2998 puella
1666 2929 1905 2999 qumdam
1957 2936 2107 2996 rapta
2140 2936 2302 2992 esset,

732 3020 925 3076 scribit
972 3020 1202 3077 Basilius
1258 3024 1613 3095 presbytero,
1663 3038 1757 3077 seu
1828 3024 2007 3092 potius
2062 3022 2302 3077 locorum

737 3115 1145 3183 cborcpiscopo,
1192 3130 1351 3182 quem
1398 3126 1505 3168 tam
1545 3114 1781 3184 indignis
1827 3114 2154 3168 facinoribus
2196 3128 2300 3167 non

2408 2012 2543 2060 trem
2583 2004 2637 2059 in
2676 2004 2784 2059 filio
2822 2004 3191 2060 Christianum
3228 2002 3555 2072 suscepisse.
3588 2000 3695 2056 Sed
3723 2016 3845 2056 cum
3886 2016 3983 2072 pa—

2408 2098 2505 2152 tris
2544 2097 2819 2153 iracundia
2853 2108 3186 2154 metueretur
3226 2098 3277 2152 in
3310 2096 3730 2167 przcclarissimo
3762 2094 3858 2149 filii
3892 2094 3979 2149 fa-

2408 2191 2613 2254 cinore,
2642 2202 2850 2259 patrem
2880 2190 3113 2246 Basilius
3145 2206 3243 2245 suo
3278 2200 3331 2245 et
3354 2188 3591 2243 civitatis
3626 2184 3846 2240 nomine
3871 2183 3986 2255 pla-

2407 2297 2532 2336 care
2560 2292 2803 2335 conatur.

2478 2374 2613 2429 Cum
2649 2374 2927 2428 didicisset
2959 2372 3190 2428 Basilius
3220 2390 3286 2429 ea
3326 2373 3638 2429 Tlieotecno
3665 2374 3733 2427 de
3762 2384 3980 2425 summa

2407 2468 2627 2525 Maximi
2662 2466 2982 2523 Sebolastici
3014 2467 3234 2535 pietate,
3264 2468 3357 2537 qui
3383 2484 3450 2522 ex
3497 2468 3675 2538 ampla
3699 2477 3755 2521 et
3780 2466 3980 2521 illustri

2406 2564 2610 2618 familia
2631 2565 2697 2618 ad
2728 2563 3019 2618 asceticam
3047 2562 3209 2615 vitam
3247 2563 3559 2624 transierat.
3591 2563 3825 2617 libenter
3854 2576 3980 2618 eum

2403 2657 2769 2720 convenisset,
2810 2655 2911 2709 nisi
2946 2654 3155 2708 senium
3190 2662 3246 2707 et
3287 2662 3541 2705 consueta
3590 2652 3879 2707 infirmitas
3910 2667 3976 2707 ac

2407 2748 2662 2803 Ecclesiae
2706 2748 2915 2818 negotia
2972 2745 3351 2800 detinuissent.
3398 2741 3577 2810 Quare
3627 2757 3721 2812 per
3769 2742 3982 2796 litteras

2406 2854 2529 2893 eum
2591 2840 2642 2892 in
2702 2851 2955 2909 suscepto
3012 2839 3259 2893 instituto
3294 2835 3600 2901 continuat,
3632 2849 3697 2888 ac
3745 2833 3983 2888 breviter

2405 2932 2659 2987 admouet
2690 2947 2853 2984 unum
2878 2945 2998 2985 esse
3025 2930 3414 2999 expetendum,
3442 2938 3702 2983 reternum
3729 2925 3933 2980 bonum
3959 2941 3977 2979 :

2406 3039 2494 3079 res
2542 3032 2720 3078 autem
2777 3022 3042 3077 humanas
3080 3024 3267 3079 umbra
3320 3022 3590 3078 tenuiores
3640 3027 3697 3074 et
3752 3017 3982 3072 somniis

2406 3119 2714 3173 fallaciorcs
2742 3130 2884 3170 esse.

734 3207 869 3261 satis
892 3205 1219 3259 COHIIIIOVel'l
1253 3210 1521 3274 queritur.
1549 3205 1714 3259 lubet
1746 3218 1803 3259 ut
1846 3206 2021 3275 puella
2051 3207 2273 3260 t'estitua
2330 3244 2371 3300 Ο
2479 3214 2901 3285 υίδιίιιειιειμιυς
3052 3209 3315 3265 “agimus
3340 3207 3707 3262 Scholasticus
3748 3221 3777 3259 δ
3810 3199 3984 3257 Magi-

735 3307 824 3352 tur
871 3296 1206 3368 parentibus,
1254 3304 1441 3365 raptor
1479 3312 1509 3350 a
1549 3298 1803 3369 precibus
1836 3304 2089 3351 arceatur
2113 3306 2166 3351 et
2204 3313 2302 3351 ex-

733 3390 1163 3446 communicatus
1217 3389 1588 3456 denuntietur,
1639 3406 1700 3445 ac
1739 3390 1774 3444 ii
1833 3389 2019 3453 etiam,
2054 3389 2144 3460 qui
2180 3406 2300 3444 cum

731 3498 798 3539 eo
826 3483 1037 3539 facinus
1067 3484 1308 3554 aggressi
1347 3492 1493 3548 sunt,
1524 3498 1554 3537 a
1579 3484 1833 3552 precibus
1862 3496 1957 3552 per
1997 3491 2105 3537 tres
2134 3497 2303 3535 annos

734 3586 1141 3642 removeantur,
1182 3576 1313 3646 quin
1354 3585 1410 3631 et
1454 3576 1544 3630 ille
1588 3577 1704 3643 ipse
1748 3590 1936 3645 pagus,
1967 3575 2058 3644 qui
2093 3585 2299 3643 raptam

734 3668 942 3736 recepit
971 3682 1035 3721 ac
1059 3669 1371 3734 custodivit,
1411 3668 1494 3722 vel
1528 3668 1693 3721 etiam
1716 3665 1781 3720 ad
1816 3680 1935 3718 eam
1966 3667 2299 3720 retinendam

730 3761 1016 3831 pugnavit,
1072 3760 1417 3817 universusa
1452 3775 1671 3831 precum
1730 3760 1991 3814 societate
2039 3761 2303 3813 rest-inda-

732 3863 840 3909 tur.

799 3947 931 4003 Cum
978 3945 1206 4000 Basilius
1236 3946 1309 4016 (α)
1343 3959 1527 4000 senem
1576 3960 1635 4000 se
1674 3944 1857 3999 dicere
1898 3944 2178 4013 incmperit
2213 3958 2303 3996 an-

732 4053 804 4094 no
830 4036 957 4101 an,
989 4052 1111 4091 cum
1138 4052 1259 4091 eum
1285 4036 1619 4107 gravissimis
1651 4038 1854 4093 morbis
1891 4036 2121 4092 fractum
2158 4038 2302 4091 vires

730 4129 1082 4196 defecerunt;
1112 4138 1233 4199 post
1267 4128 1368 4182 hoc
1400 4137 1607 4192 tempus
1654 4130 1881 4199 scriptas
1910 4132 2151 4185 ducimus
2184 4131 2303 4201 plu-

732 4239 823 4279 res
851 4222 1133 4292 epistolas,
1162 4223 1215 4277 in
1250 4222 1446 4292 quibus
1471 4222 1607 4276 senii
1653 4223 1735 4276 sui
1774 4223 2113 4278 incommoda
2152 4242 2289 4280 com-

731 4327 1017 4373 memorat.
1046 4315 1192 4372 Talis
1220 4328 1303 4373 est
1332 4318 1558 4387 epistola
1589 4316 1688 4371 27f
1728 4318 1793 4372 ad
1818 4316 2127 4382 Eusebium,
2162 4334 2299 4388 quo-

732 4426 859 4466 cum
882 4410 1011 4465 olim
1038 4410 1267 4464 Basilius
1297 4420 1352 4463 et
1382 4411 1559 4465 focum
1588 4427 1751 4465 unum
1784 4421 1837 4467 et
1870 4410 2215 4480 paedagogum
2244 4423 2299 4467 et

731 4502 899 4557 animi
950 4501 1340 4556 relaxationem
1389 4511 1441 4554 et
1489 4502 1699 4564 studia,
1753 4514 1805 4557 et
1850 4502 2072 4558 delicias
2122 4514 2175 4558 et
2212 4505 2291 4559 in.

2405 3320 2494 3358 mo
2533 3306 2868 3377 philosopho,
2900 3304 2966 3359 ad
3012 3316 3170 3373 quem
3210 3300 3407 3367 scripta
3462 3309 3545 3352 est
3600 3314 3740 3353 noua
3793 3294 3980 3351 Basilii

2403 3399 2650 3468 epistola.
2681 3397 2890 3452 Praeter
2920 3398 3132 3451 diversa
3180 3390 3523 3459 cognomina,
3567 3387 3837 3442 Maximus
3861 3389 3981 3459 pbi-

2404 3492 2663 3560 losopbus
2706 3488 2928 3557 mqualis
2974 3497 3092 3541 erat
3142 3484 3320 3538 Basilii
3370 3491 3426 3535 et
3473 3479 3763 3534 asceticam
3808 3481 3977 3533 vitam

2404 3583 2779 3653 profitebatur,
2832 3581 3066 3635 nondum
3111 3576 3308 3631 Basilio
3344 3572 3699 3645 presbytero;
3749 3570 3981 3626 Schola-

2402 3676 2574 3731 sticus
2606 3684 2783 3728 autem
2831 3687 3020 3727 recens
3061 3679 3180 3726 erat
3221 3685 3247 3723 a
3293 3678 3546 3736 suscepto
3574 3666 3698 3719 vita:
3729 3664 3982 3719 asceticc

2403 3768 2656 3833 consilio,
2680 3781 2802 3820 eum
2830 3764 3066 3818 Basilius
3088 3760 3341 3817 Ecclesim
3365 3759 3511 3813 curis
3536 3756 3978 3828 distringeretur;

2404 3877 2465 3913 ac
2491 3860 2704 3929 juvenis
2737 3867 2855 3910 erat
2880 3872 3010 3912 sene
3037 3854 3256 3920 Basilio,
3282 3853 3372 3923 qui
3401 3866 3524 3906 eum
3557 3851 3635 3904 ait
3659 3850 3866 3903 ratione
3888 3847 3979 3918 ju-

2403 3961 2657 4004 venlutem
2692 3948 2920 4015 frenare.

2474 4039 2562 4093 IV.
2618 4040 2931 4094 Senectutis
2985 4052 3095 4093 suze
3140 4038 3384 4091 meminit
3432 4038 3594 4091 etiam
3638 4034 3873 4090 Basilius
3920 4034 3973 4089 in

2402 4134 2630 4204 epistula
2663 4132 2730 4186 ad
2760 4132 3130 4196 Valerianum,
3161 4132 3254 4203 qui
3297 4132 3513 4201 negotia
3544 4144 3667 4184 eum
3701 4128 3976 4183 nonnullis

2402 4227 2612 4281 civibus
2653 4226 3081 4283 Caesariensibus
3109 4226 3361 4281 habebat.
3393 4223 3571 4290 Quare
3606 4223 3862 4287 Basilius,
3885 4222 3975 4293 qui

2403 4338 2470 4378 ne
2496 4323 2564 4378 ab
2605 4323 2689 4377 bis
2717 4324 2935 4393 quidem
2966 4323 3128 4375 rebus
3154 4318 3539 4387 componendis
3572 4332 3789 4387 operam
3820 4330 3975 4370 suam

2403 4418 2732 4483 removebat,
2766 4415 3113 4473 Valerianum
3143 4412 3396 4481 accersit,
3428 4421 3486 4466 ut
3520 4412 3634 4467 suis
3668 4424 3791 4464 eum
3819 4408 3973 4479 adju-

2402 4516 2490 4561 vet
2516 4505 2775 4562 consiliis.

725 4598 906 4665 0piam
929 4605 983 4651 et
1007 4598 1186 4650 omnia
1224 4608 1447 4663 prorsus
1479 4594 1745 4649 babuerat
1780 4595 2109 4651 communia.
2131 4596 2297 4651 Suum
2327 4587 2379 4648 D
2477 4595 2611 4652 Tres
2646 4605 2939 4665 sequentes
2969 4596 3211 4666 epistola:
3249 4608 3368 4667 post
3396 4613 3593 4651 annum
3624 4593 3732 4651 372
3758 4596 3975 4667 scripta

725 4686 776 4738 ei
813 4682 1051 4739 dolorem
1084 4683 1352 4752 signiflcat
1381 4681 1633 4746 Basilius,
1658 4685 1799 4751 quod
1829 4700 1951 4739 eum
1980 4686 2032 4739 in
2080 4687 2296 4743 civitate

723 4792 835 4833 non
879 4778 1162 4847 repererit.
1198 4777 1250 4831 in
1292 4792 1395 4845 qua
1439 4777 1678 4830 futurum
1724 4789 2042 4844 speraverat
2083 4789 2142 4834 ut
2171 4796 2294 4836 eum

725 4871 955 4924 videret.
995 4870 1348 4924 Commendat
1375 4869 1421 4923 ei
1451 4869 1739 4940 Cyriacum
1788 4872 2165 4943 presbyterum
2212 4872 2294 4926 iu-

729 4963 1102 5033 tegerrimum,
1146 4960 1300 5029 cujus
1342 4961 1541 5017 famam
1580 4981 1647 5019 ne
1698 4964 1732 5019 ii
1775 4964 1993 5031 quidem
2026 4974 2294 5023 attentare

726 5056 838 5110 ausi
865 5054 1099 5118 fuerant,
1130 5054 1220 5125 qui
1254 5070 1443 5109 manus
1476 5055 1527 5110 in
1562 5070 1752 5111 omnes
1779 5054 2114 5123 injiciebant.

792 5144 927 5201 Cum
970 5148 1169 5202 multos
1196 5146 1429 5202 Basilius
1460 5148 1526 5203 ab
1556 5148 1776 5204 ineunte
1802 5157 1959 5205 (etate
2004 5165 2177 5222 usque
2224 5153 2292 5208 ad

724 5245 1059 5292 senectutem
1107 5238 1407 5301 dilexisset,
1456 5240 1723 5295 neminem
1767 5254 2002 5309 unquam
2038 5243 2291 5312 pratulo:—

725 5340 809 5382 rat
838 5330 1148 5400 Sopbronio
1170 5328 1471 5384 officiorum
1505 5334 1784 5403 magistro.
1812 5332 1917 5388 Sed
1945 5343 2122 5391 tamen
2160 5352 2291 5390 non-

725 5422 853 5476 nulli
908 5433 1279 5477 assentatores
1342 5423 1650 5495 Sopbronio
1717 5428 2050 5496 persuadere
2110 5430 2289 5484 conati

727 5514 962 5575 fuerant,
1012 5526 1071 5566 ut
1122 5512 1323 5569 Basilio
1379 5528 1761 5581 succenseret,
1810 5534 2042 5589 eumque
2102 5529 2290 5575 contra

721 5620 836 5665 rem
864 5615 920 5659 et
951 5605 1283 5663 voluntatem
1306 5622 1458 5662 suam
1491 5612 1543 5664 in
1567 5611 1800 5679 quodam
1834 5613 2045 5680 negotio
2078 5612 2293 5669 venisse

720 5698 988 5750 crederet.
1016 5696 1233 5753 Befellit
1255 5699 1359 5757 has
1386 5701 1683 5759 calumnias
1710 5701 1939 5761 Basilius
1969 5704 2020 5760 in
2068 5704 2290 5777 epistola

792 5879 864 5939 (al
900 5878 993 5938 Eu.
1031 5880 1148 5938 fdi.

2402 4699 2551 4756 sunt,
2609 4705 2718 4760 quo
2775 4688 3006 4743 Basilius
3043 4692 3206 4758 coepit
3262 4692 3399 4761 apml
3455 4690 3749 4743 Modestum
3780 4688 3975 4761 prmfe-

2402 4792 2549 4838 ctum
2607 4781 2934 4837 auctoritate
2984 4792 3039 4837 et
3086 4782 3256 4851 gratia
3303 4783 3502 4838 valere.
3536 4781 3588 4835 In
3620 4785 3792 4851 prima
3825 4797 3975 4837 cum-

2402 4879 2621 4930 meudat
2646 4874 2817 4929 civem
2845 4873 3203 4947 Tyanensem,
3223 4875 3273 4930 in
3301 4874 3531 4930 secunda
3558 4891 3720 4930 unum
3750 4889 3815 4930 ex
3849 4887 3975 4944 pro-

2400 4968 2615 5040 pinquis
2665 4968 2778 5021 suis
2830 4983 2991 5037 quem
3037 4967 3089 5022 in
3123 4966 3218 5022 tilii
3270 4968 3387 5022 loco
3433 4966 3687 5033 babebat,
3718 4967 3772 5023 in
3813 4966 3973 5024 tertia

2405 5059 2724 5122 Ilelladium,
2788 5077 2947 5129 quem
3023 5060 3409 5131 pericquatoris
3464 5077 3685 5117 munere
3766 5061 3970 5118 exsolvi

2402 5160 2581 5221 rogat,
2613 5151 2746 5205 utin
2772 5152 3128 5221 Cappadociae
3165 5152 3325 5206 rebus
3373 5152 3728 5222 procurandis
3748 5165 3970 5221 operam

2402 5260 2555 5300 suam
2584 5245 2879 5313 impendat.
2910 5244 3105 5315 Liquet
3131 5260 3195 5298 ex
3245 5245 3328 5299 bis
3361 5245 3557 5300 litteris
3592 5244 3812 5299 solitum
3851 5260 3973 5305 esse

2400 5334 2655 5389 Basilium
2730 5336 2990 5405 plurimos
3062 5336 3316 5406 praefecto
3381 5337 3969 5409 commendare:quod

2398 5425 2614 5496 quidem
2677 5438 2735 5480 ut
2774 5427 2999 5493 faceret,
3030 5428 3098 5482 ab
3131 5428 3245 5497 ipso
3272 5430 3526 5496 praefecto
3559 5427 3819 5484 invitatus
3854 5429 3959 5486 fue-

2406 5528 2506 5573 rat.
2544 5517 2832 5574 Scribebat
2878 5519 3063 5591 itaque
3096 5520 3322 5575 libenter
3361 5522 3410 5575 ei
3465 5519 3715 5585 Basilius,
3744 5537 3851 5577 non
3883 5537 3957 5578 so

2400 5610 2508 5665 lum
2577 5627 2635 5666 se
2694 5627 2948 5680 responsa
3011 5614 3402 5681 perhonorifica
3454 5623 3796 5683 accepturum
3845 5628 3942 5683 spe

2401 5720 2553 5767 rans,
2578 5705 2671 5761 sed
2714 5706 2874 5761 etiam
2919 5706 2986 5764 ab
3032 5706 3146 5776 ipso
3184 5706 3460 5778 pnet’ccto,
3494 5710 3618 5762 dum
3652 5706 3701 5763 ei
3728 5709 3947 5763 occasio
