4214 6484
1554 415 1715 473 VITA
1753 413 1812 470 8.
1853 413 2118 471 BASlLll.

3294 430 3434 471 ειτιι

208 546 300 588 nes
321 528 721 587 beneﬁciorum
754 530 1153 598 subministrat,
1181 531 1320 587 inter
1365 532 1639 589 beneﬁcos
1676 548 1777 587 nu-
1802 531 1850 589 Δ
1881 540 2124 599 rogatus,
2158 540 2217 583 ιιι
2244 544 2368 583 eum
2402 541 2465 582 es
2495 528 2597 584 hoc
2649 527 2887 599 periculo
2919 529 3174 598 eriperet,
3216 543 3439 597 respon-

204 631 462 679 tneratum
490 622 581 677 iri.

261 711 496 767 Basilius
534 713 589 767 in
621 712 852 783 epistola
880 713 988 769 282
1030 714 1334 785 episcopum
1372 715 1658 785 quemdam
1685 713 1771 768 in-

207 802 338 854 vitat
386 802 456 856 ad
512 802 712 858 festum
759 814 1072 860 sanctorum
1119 815 1441 877 martyrum,
1481 820 1586 860 non
1652 805 1770 860 sine

203 902 359 947 acuta
402 896 833 963 reprehensione
884 897 1023 966 quod
1070 912 1175 951 non
1222 908 1455 953 vocatus
1491 908 1767 967 queratur,

206 994 430 1039 vocatus
457 1000 564 1040 non
594 988 795 1042 veniat.
822 985 877 1041 in
907 993 1154 1056 sequenti
1179 990 1353 1045 viduae
1387 991 1622 1055 cuidam,
1651 1004 1771 1058 qua:

206 1078 354 1133 illius
376 1077 592 1134 videndi
628 1089 682 1135 et
719 1080 1028 1136 consulendi
1057 1082 1251 1152 cupida
1278 1092 1417 1148 erat,
1448 1097 1596 1151 spem
1616 1080 1771 1136 aﬁert

204 1186 265 1225 sc
286 1171 435 1225 illam
461 1172 724 1236 visurum,
757 1186 878 1225 cum
905 1172 1139 1241 aliquem
1163 1182 1489 1227 conventum
1514 1154 1764 1228 .indicet:

205 1277 385 1332 neque
421 1263 567 1317 enim
596 1263 697 1316 sibi
731 1271 808 1318 tot
840 1264 1069 1333 negotiis
1100 1276 1361 1333 occupato
1384 1264 1527 1318 aliud
1556 1280 1677 1319 cum
1702 1280 1767 1319 ea

206 1351 549 1421 colloquendi
596 1359 806 1418 tempus
834 1365 1148 1409 occurrere.
1180 1350 1431 1419 Ejusdem
1469 1350 1641 1404 vidua:
1682 1365 1769 1405 ne-

204 1444 319 1499 scio
342 1444 488 1513 quod
524 1442 792 1497 somnium
827 1443 1238 1512 interpretatur.

274 1534 615 1590 Censitorem
653 1544 805 1605 rogat
829 1533 1058 1590 Basilius
1081 1536 1134 1589 in
1158 1534 1383 1605 epistola
1406 1534 1533 1602 εει,
1570 1545 1628 1589 ιιι
1654 1552 1770 1590 mo-

206 1638 433 1688 nachos,
470 1625 563 1693 qui
598 1640 696 1680 nec
724 1628 965 1697 pecuniis
1004 1641 1105 1682 nec
1142 1643 1405 1697 corporeo
1440 1628 1622 1683 labore
1654 1643 1767 1682 rem

203 1716 480 1786 publicam
528 1718 721 1786 juvare
758 1727 1026 1785 poterant,
1054 1718 1273 1773 tributis
1306 1720 1529 1785 esimat,
1562 1721 1772 1789 sibique

201 1822 298 1861 eos
332 1809 475 1877 apud
519 1808 682 1863 Deum
715 1820 1026 1877 precatores
1048 1809 1151 1865 ltoc
1175 1810 1444 1865 beneﬁcio
1478 1821 1649 1881 paret.
1674 1809 1767 1865 Vi-

203 1900 361 1953 detur
386 1900 551 1955 etiam
580 1901 905 1956 censitorem
923 1901 1121 1971 alloqui
1151 1902 1204 1957 in
1237 1904 1464 1974 epistola
1492 1905 1764 1973 sequenti,

201 2006 322 2059 qua
348 2007 445 2061 per
466 2006 802 2047 meonomum
820 1990 1073 2047 Ecclesiae
1091 1994 1251 2048 missa
1276 2003 1375 2047 est.
1406 1993 1579 2063 Bogat
1600 2005 1655 2049 ut
1686 1994 1769 2049 al—

201 2083 339 2139 levet
362 2099 658 2154 pauperum
692 2086 1082 2154 possessiones,
1099 2094 1246 2139 tanto
1264 2085 1584 2142 tributorum
1604 2104 1772 2147 onere

200 2192 512 2247 oppressas,
545 2188 605 2233 ut
632 2193 845 2247 semper
873 2188 1185 2247 qutcrantur
1210 2178 1299 2247 qui
1330 2192 1425 2233 eas
1452 2182 1766 2250 suscipiant,

202 2285 263 2323 ac
289 2284 444 2324 suum
482 2270 659 2340 potius
704 2271 919 2338 insuper
953 2271 1199 2325 absumat
1229 2270 1487 2339 Ecclesia,
1515 2287 1674 2341 quam
1702 2288 1771 2331 ex

208 2364 291 2418 his
318 2365 756 2431 possessionibus
784 2363 1076 2433 quidquam
1103 2364 1382 2434 percipiat.

270 2456 609 2524 Episcopalis
648 2456 989 2511 auctoritatis
1020 2458 1367 2512 defendendae
1388 2459 1626 2513 studium
1656 2456 1772 2513 elu-

201 2555 285 2601 cet
312 2547 365 2600 in
396 2546 623 2617 epistola
649 2546 775 2601 286.
823 2548 994 2604 Fures
1023 2551 1075 2603 in
1112 2550 1343 2619 quadam
1377 2548 1607 2605 ecclesia
1642 2552 1769 2606 vilia

201 2654 501 2709 pauperum
524 2640 844 2695 vestimenta
873 2640 1206 2709 subripuere,
1235 2649 1289 2695 et
1327 2640 1394 2695 ab
1433 2641 1520 2705 iis,
1573 2642 1770 2713 quibus

202 2731 333 2786 recti
380 2732 433 2787 in
490 2733 721 2789 ecclesia
754 2732 961 2786 ordinis
1008 2748 1138 2788 cura
1173 2735 1483 2800 commissa,
1523 2750 1772 2805 compre-

202 2823 353 2879 hensi
410 2834 557 2880 sunt.
617 2825 753 2879 Tum
801 2824 1053 2890 Basilius,
1104 2825 1374 2894 descripto
1426 2827 1479 2879 in
1526 2828 1768 2881 omnium

202 2914 373 2972 oculis
397 2917 628 2971 vestium
658 2918 981 2981 inventario,
1006 2926 1058 2970 et
1093 2927 1267 2971 vestes
1293 2924 1350 2970 et
1397 2914 1544 2971 fures
1602 2917 1768 2985 recipi

204 3023 268 3063 ac
300 3008 566 3063 custodiri
590 3008 777 3079 jussit,
816 3017 994 3060 vestes
1046 3007 1261 3073 quidem
1308 3008 1502 3075 partim
1554 3008 1770 3062 tradens

208 3099 291 3154 his
311 3100 404 3169 qui
433 3098 661 3154 aderant
688 3096 1041 3165 pauperibus,
1076 3099 1269 3164 partim
1299 3096 1545 3152 venturis
1590 3112 1768 3152 reser-

1874 624 1961 679 det
1990 638 2143 692 teque
2170 622 2270 676 sibi
2295 622 2363 675 ab
2387 621 2621 690 episcopi
2652 618 2825 676 oﬁlcio
2850 620 3081 674 alienum
3117 619 3309 683 videri,
3340 637 3438 675 no-

1872 723 2058 769 centes
2084 720 2178 767 aut
2198 712 2468 781 iudicibus
2496 712 2710 765 tradere
2765 720 2857 764 aut
2891 711 3118 765 traditos
3177 712 3385 780 eripere
3415 727 3432 765 :

1872 806 1988 861 sive
2013 806 2141 876 quia
2168 805 2446 875 improbus
2467 804 2554 859 ille
2580 813 2863 859 recantare
2884 802 3166 871 opprobria
3199 801 3433 865 nolebat,

1870 899 1986 952 sive
2018 897 2143 967 quia
2171 911 2238 950 ne
2262 896 2587 951 recantando
2612 894 2827 964 quidem
2856 895 3085 950 dedecus
3109 892 3301 964 virgini
3328 895 3432 948 im-

1871 990 2101 1060 positum
2133 988 2264 1042 satis
2296 995 2622 1055 reparasset.

1942 1078 2230 1134 Nectarius
2292 1077 2490 1133 Basilio
2517 1092 2582 1130 ex
2645 1075 2920 1144 prmciaris
2969 1072 3183 1129 dotibus
3207 1088 3236 1127 a
3266 1088 3433 1145 puero

1870 1178 2052 1234 notus,
2080 1170 2135 1223 in
2162 1183 2431 1223 summum
2467 1167 2802 1237 splendorem
2842 1165 2984 1219 omni
3034 1166 3290 1218 virtutum
3340 1179 3431 1234 ge-

1870 1280 1999 1319 nere
2028 1270 2368 1335 pervenerat.
2407 1261 2643 1333 Rogatus
2668 1259 2818 1315 abeo
2850 1257 3078 1313 Basilius
3115 1267 3173 1311 ιιι
3201 1257 3432 1327 aliquem

1868 1356 2023 1427 pagis
2051 1354 2495 1423 cltorepiscopum
2522 1352 2840 1421 prmﬁceret,
2877 1350 2958 1404 vel
2989 1351 3173 1405 saltent
3204 1350 3270 1405 de
3296 1349 3437 1417 npti-

1870 1464 1955 1503 ma
1990 1446 2360 1517 eligendorum
2391 1445 2903 1512 cborepiscoyurum
2958 1443 3167 1498 ratione
3220 1442 3435 1496 consul-

1871 1551 1982 1604 tus,
2009 1538 2207 1594 eximia
2252 1538 2416 1592 tradit
2460 1546 2751 1605 praecepta,
2790 1544 2844 1587 et
2892 1533 3147 1602 episcopo
3167 1541 3221 1587 et
3246 1533 3312 1586 iis
3334 1532 3426 1600 qui

1871 1632 2182 1701 suﬁ’ragium
2232 1630 2365 1684 dant
2400 1628 2795 1683 convenientia.
2835 1624 3079 1678 Declarat
3137 1638 3194 1677 se
3232 1638 3428 1689 caupo.

1869 1740 2015 1789 nem,
2041 1716 2146 1777 non
2176 1723 2603 1791 dispensatorem
2638 1717 2895 1783 futurum,
2923 1724 2979 1769 et
3006 1714 3216 1783 quidvis
3244 1714 3426 1781 potius

1869 1829 2029 1884 quam
2059 1811 2376 1867 electionem
2418 1820 2782 1879 peracturum,
2814 1811 2858 1863 si
2904 1807 3030 1877 quid
3061 1808 3245 1875 gratim
3274 1820 3434 1859 causa

1873 1913 1967 1959 aut
2002 1903 2178 1958 timori
2199 1903 2396 1957 cedens
2431 1900 2640 1955 fecerit.
2674 1900 2743 1952 lis
2769 1908 2946 1952 autem
2981 1896 3069 1967 qui
3126 1895 3433 1963 suilragium

1875 1997 2005 2052 dant
2035 2003 2225 2049 auctor
2256 2002 2360 2054 est,
2401 2002 2457 2045 ut
2483 1992 2627 2046 dicto
2690 1988 2997 2044 testimonio
3035 1988 3099 2041 ab
3133 1988 3278 2041 omni
3309 2001 3436 2040 con-

1873 2085 2112 2140 tentione
2171 2084 2499 2147 abstineant,
2542 2093 2598 2137 et
2651 2081 2817 2135 Deum
2865 2087 3168 2149 precentur,
3198 2086 3255 2130 ut
3291 2077 3436 2145 quod

1872 2178 2001 2234 utile
2028 2176 2210 2242 fuerit,
2247 2192 2351 2231 non
2375 2176 2559 2229 lateat.

1943 2269 2168 2324 Videtur
2196 2268 2248 2321 in
2272 2267 2580 2335 episcopatu
2608 2263 2807 2332 scripta
2836 2260 3059 2330 epistula
3086 2261 3212 2325 291,
3244 2260 3299 2315 in
3329 2272 3437 2329 qua

1868 2360 2100 2416 Basilius
2124 2358 2464 2414 Timouteum
2499 2356 2940 2425 cborepiscopum
2962 2368 3026 2406 ex
3060 2367 3268 2406 summo
3288 2366 3439 2405 asce-

1874 2454 1992 2507 ticze
2030 2454 2155 2505 vita:
2205 2450 2418 2505 fervore
2452 2449 2517 2501 ad
2573 2446 2852 2501 stecularia
2900 2443 3112 2514 negotia
3160 2442 3434 2511 delapsum

1868 2557 2128 2599 revocare
2181 2540 2249 2595 ad
2307 2540 2587 2609 pristinam
2623 2538 2875 2606 pietatem
2916 2544 3162 2590 conatur.
3211 2531 3437 2587 Videtur

1871 2638 2011 2692 idem
2063 2650 2186 2691 esse
2244 2633 2560 2688 Timotheus
2618 2629 3058 2697 cborepiscopus,
3115 2624 3185 2678 de
3234 2637 3340 2691 quo
3380 2622 3434 2674 in

1872 2726 2096 2797 epistola
2130 2725 2202 2779 24
2235 2724 2497 2793 loquitur.
2553 2720 2724 2776 Grato
2759 2725 2941 2773 animo
2968 2717 3190 2789 suscipit
3215 2714 3376 2767 missa
3404 2728 3432 2764 a

1871 2817 2161 2874 Timotheo
2226 2830 2479 2880 munera,
2512 2814 2863 2881 vicissimque
2915 2811 2964 2864 ei
3014 2810 3249 2862 misisset
3280 2805 3433 2861 Ponti

1869 2907 2210 2971 munuscula,
2250 2921 2405 2960 ceras
2429 2914 2485 2959 et
2527 2919 2720 2972 acopa,
2760 2903 2804 2957 si
2854 2913 2980 2956 tunc
3011 2909 3206 2969 przesto
3234 2897 3437 2952 adfuis-

1868 3009 2019 3067 sent;
2047 2999 2140 3053 sed
2175 3013 2298 3052 cum
2322 2998 2570 3056 aderunt.
2598 2998 2883 3049 missurum
2919 2991 3203 3060 promittit.

2393 3112 2621 3168 CAPUT
2663 3108 2903 3163 XXXIX.

202 3205 357 3285 vans,
385 3188 534 3242 fures
566 3196 745 3241 autem
780 3186 1053 3285 canonica:
1087 3185 1422 3257 paenitentia:
1452 3190 1766 3260 subiiciens.
1795 3228 1838 3285 ο
1870 3211 1911 3267 ι⁸
1935 3210 2011 3265 οε
2029 3208 2260 3273 "mm/{3
2283 3202 3024 3285 qufrlrum.lentpus.i.ltt'erluni'.
3047 3198 3120 3285 Ι[1,
3144 3197 3221 3285 Qa
3239 3199 3431 3285 epis-(3..

203 3281 308 3335 Sed
348 3294 473 3333 cum
496 3279 1000 3335 commentariensis
1016 3281 1278 3351 ejusmodi
1313 3282 1586 3336 hominum
1615 3298 1771 3337 reoc-

203 3373 444 3442 ptionem
489 3371 591 3426 sibi
630 3372 907 3428 vindicare
941 3373 1127 3440 vellet,
1182 3374 1461 3427 contendit
1518 3374 1768 3439 Basilius,

208 3479 327 3531 qua:
360 3464 413 3517 in
436 3462 683 3518 ecclesiis
722 3474 1052 3533 peccantur,
1074 3466 1143 3518 ab
1190 3464 1462 3536 episcopis
1492 3465 1768 3520 emendari

204 3555 419 3618 debere,
455 3569 555 3609 nec
605 3553 817 3623 indices
866 3570 988 3610 esse
1044 3556 1485 3626 interpellandos.
1534 3556 1686 3624 Quod
1724 3556 1770 3612 si

204 3645 711 3700 commentariensis
736 3646 802 3699 ad
831 3646 1084 3699 comitem
1133 3647 1218 3700 his
1243 3647 1308 3700 de
1340 3648 1502 3701 rebus
1569 3646 1773 3702 referre

206 3735 368 3797 velit,
418 3734 652 3788 libenter
713 3735 1012 3788 assentitur
1067 3735 1323 3801 Basilius,
1347 3744 1402 3790 et
1434 3751 1532 3793 suo
1570 3735 1680 3806 juri
1714 3748 1771 3794 et

207 3824 305 3878 viri
338 3825 637 3894 integritati
664 3825 961 3881 conﬁdens.

274 3913 394 3970 Jam
431 3930 577 3986 stepe
606 3916 836 3972 vidimus
861 3932 1023 3988 quam
1069 3917 1305 3974 libenter
1326 3920 1558 3976 Basilius
1599 3920 1772 3976 homi-

204 4020 299 4063 nes
327 4006 380 4061 in
424 4007 688 4077 judicium
747 4020 971 4065 vocatos
1021 4012 1194 4079 gratia
1229 4026 1323 4067 sua
1353 4020 1406 4065 et
1450 4014 1773 4069 auctoritate

206 4101 517 4155 sublevaret
556 4117 569 4152 :
612 4100 709 4155 sed
759 4108 936 4154 tamen
971 4101 1128 4169 bujns
1160 4105 1237 4156 rei
1290 4103 1506 4159 modum
1536 4105 1772 4175 aliquem

205 4199 258 4246 et
308 4193 584 4246 delectum
622 4193 829 4247 sciebat
888 4193 1179 4247 tenendum
1233 4208 1376 4249 esse.
1431 4195 1566 4251 Cum
1620 4198 1773 4266 virgo

205 4282 450 4353 quaedam
506 4282 808 4350 improbutn
846 4283 1119 4339 hominem
1147 4294 1200 4341 et
1248 4286 1300 4341 in
1365 4290 1773 4359 corrumpendis

207 4374 455 4431 domibus
482 4386 511 4425 a
539 4386 708 4441 puero
736 4375 1058 4440 institutum,
1092 4375 1143 4429 in
1171 4378 1388 4433 domum
1417 4394 1569 4433 suam
1603 4380 1771 4434 inscia

206 4468 348 4525 illius
384 4480 601 4521 morum
655 4466 981 4533 admisisset,
1015 4468 1173 4536 eique
1227 4484 1292 4524 es
1327 4469 1560 4539 simplici
1606 4472 1772 4526 collo-

1944 3282 2010 3333 lt's
2038 3266 2224 3333 Basilii
2248 3266 2313 3328 ad
2343 3266 2687 3327 Libaninm'et
2714 3270 2916 3322 Libanii
2941 3270 3009 3321 ad
3040 3266 3318 3322 Basiliam.
3344 3267 3429 3323 ΙΙΙ.

1944 3349 2177 3403 Maxime
2213 3348 2383 3399 dubia:
2413 3345 2672 3399 videntur.
2708 3342 2792 3394 ιγ.
2830 3338 2933 3394 Sea:
2959 3339 3188 3407 epistola:
3218 3340 3431 3405 speriat.

1942 3464 1983 3520 l.
2014 3461 2165 3518 Nunc
2194 3460 2433 3515 breviter
2455 3458 2609 3512 nobis
2641 3453 2986 3510 recensendas
3016 3461 3142 3508 sunt
3170 3450 3290 3506 aliae
3331 3449 3437 3504 Ba-

1870 3560 1975 3615 silii
2012 3554 2270 3627 epistola,
2302 3566 2422 3622 quae
2446 3565 2564 3603 cum
2595 3546 2737 3601 nulla
2775 3543 3033 3614 temporis
3062 3551 3187 3597 nota
3218 3543 3436 3611 signen-

1871 3661 1959 3706 tur
2007 3662 2193 3704 earum
2248 3647 2494 3700 ordinem
2546 3657 2612 3696 ex
2671 3639 2801 3708 ipsis
2857 3638 3065 3707 rebus,
3137 3634 3205 3690 de
3241 3632 3436 3703 quibus

1871 3750 2058 3811 agunt,
2118 3734 2467 3806 repetendum
2512 3733 2784 3785 duximus.
2831 3728 2963 3782 Alia:
3025 3725 3167 3780 enim
3219 3724 3432 3795 egregia

1871 3848 2080 3890 morum
2106 3840 2368 3903 pracepta
2402 3826 2641 3886 tradunt,
2665 3821 2784 3875 aliae
2806 3820 3223 3889 propinquorum
3262 3825 3436 3870 morte

1871 3927 2099 3983 aﬁlictos
2133 3922 2500 3983 consolantur,
2523 3918 2642 3972 alia:
2685 3911 3205 3970 conuueudationem
3230 3922 3437 3980 egeno-

1872 4034 2013 4082 rum,
2043 4016 2160 4070 aiia:
2180 4012 2407 4080 denique
2440 4009 2670 4060 amicant
2710 4005 2909 4059 habent
2941 4000 3345 4057 salutationem.

1942 4108 2112 4175 Digna
2152 4104 2264 4157 visa
2314 4110 2397 4155 est
2425 4114 2544 4167 qua:
2595 4112 2787 4167 agmen
2846 4094 3066 4149 duceret
3093 4090 3319 4159 epistola
3365 4092 3434 4144 ad

1872 4198 2168 4255 Palladium
2196 4208 2387 4249 recens
2419 4191 2765 4260 baptizatum,
2792 4200 2950 4254 quem
2987 4182 3221 4237 Basilius
3250 4184 3433 4238 horta-

1874 4304 1983 4356 tur,
2034 4298 2093 4345 ut
2124 4286 2330 4342 ﬁdelem
2361 4300 2419 4337 se
2456 4279 2692 4336 thesauri
2741 4277 3017 4330 custodem
3081 4274 3344 4344 praebeat,
3371 4285 3435 4324 ac

1871 4384 2016 4439 omni
2064 4396 2193 4435 cura
2224 4377 2519 4447 depositum
2546 4370 2753 4439 regium
2793 4377 3093 4424 conservet.
3129 4364 3276 4418 illius
3298 4377 3437 4418 uxor

1874 4476 2135 4530 iuviserat
2159 4470 2440 4531 Basilium,
2471 4465 2558 4534 qui
2590 4464 2873 4517 dimidium.
2919 4469 3127 4514 tantum
3182 4457 3434 4513 desiderii

205 4563 328 4632 quio
365 4560 585 4631 cognita
613 4568 796 4623 esset;
850 4559 896 4615 is
949 4574 1013 4613 eo
1058 4559 1399 4628 impudentiae
1449 4564 1689 4629 devenit,
1716 4572 1772 4617 ut
1804 4576 1847 4632 Ῑ)
1876 4565 1957 4619 sui
2010 4561 2354 4630 adimpletum
2417 4554 2671 4619 ducebat,
2730 4552 2853 4623 quia
2902 4566 3008 4605 non
3066 4550 3242 4619 ipsum
3270 4547 3437 4603 etiam

205 4654 470 4723 virginem
514 4661 629 4706 tota
689 4650 822 4705 urbe
879 4652 1210 4715 decantaret,
1246 4669 1309 4708 ac
1352 4654 1558 4710 famoso
1594 4654 1772 4712 libello

205 4744 457 4802 ecclesia:
486 4743 656 4797 valvis
696 4740 854 4797 allisa
884 4742 1168 4801 laceraret.
1201 4744 1258 4800 in
1294 4747 1543 4803 exsilium
1575 4748 1774 4806 missus

205 4849 285 4895 est
327 4842 401 4894 ob
434 4836 576 4891 banc
632 4836 928 4907 nequitiam
993 4856 1007 4891 :
1066 4839 1161 4895 sed
1224 4840 1439 4897 rediens
1484 4842 1773 4901 maledicta

204 4945 293 4984 sua
322 4926 629 4992 renovavit,
662 4937 720 4984 et
740 4927 1025 4986 calumniis
1069 4931 1124 4986 in
1157 4930 1467 5002 pudicitiam
1518 4934 1770 5003 virginis,

205 5022 406 5088 forum,
446 5020 750 5093 gymnasia,
784 5021 991 5077 theatra
1026 5032 1082 5077 et
1122 5026 1266 5078 :edes
1292 5022 1656 5093 improborum
1688 5026 1771 5082 sui

202 5115 465 5169 similium
503 5110 763 5183 implevit.
817 5113 971 5169 Hunc
1018 5113 1292 5171 hominem
1346 5110 1579 5173 Basilius
1599 5119 1772 5188 pomis

203 5204 256 5259 in
277 5202 525 5275 episcopi
549 5210 815 5273 potestate
831 5203 1020 5271 positis
1046 5205 1308 5268 coercuit,
1334 5218 1366 5258 a
1394 5206 1773 5263 communione

203 5297 348 5352 illum
399 5293 767 5350 ecclesiastica
810 5307 1133 5350 removens:
1201 5295 1469 5365 simulque
1507 5298 1769 5369 virginem

204 5394 452 5449 hortatus
481 5401 589 5454 est,
630 5398 689 5446 ut
730 5404 789 5445 se
816 5406 925 5445 non
976 5392 1349 5459 ulcisceretur,
1382 5393 1479 5450 sed
1544 5393 1772 5449 Domino

204 5484 459 5542 ultionem
486 5485 844 5554 permitteret.
875 5484 945 5537 At
984 5484 1140 5555 virgo
1172 5486 1515 5541 vehementer
1544 5501 1665 5539 cum
1704 5502 1771 5542 eo

204 5575 584 5648 expostulavit,
625 5581 767 5644 quod
791 5589 972 5630 secum
1006 5588 1229 5640 paterno
1260 5577 1439 5632 animo
1470 5590 1575 5631 non
1623 5577 1770 5631 dole-

206 5676 299 5733 ret,
334 5682 399 5722 ac
451 5662 928 5733 famzjacturam,
966 5679 1081 5735 qua
1122 5666 1285 5722 totius
1332 5665 1467 5721 cieri
1510 5666 1766 5720 damnum

206 5764 334 5818 erat.
363 5759 639 5829 negligere
658 5754 895 5825 juberet.
929 5756 1113 5826 itaque
1139 5758 1342 5812 instare
1376 5758 1568 5827 virgini
1596 5758 1767 5811 noluit

203 5845 445 5916 Basilius,
486 5857 541 5904 et
596 5856 781 5915 postea
842 5848 911 5904 ab
963 5847 1142 5913 aliquo
1189 5849 1536 5914 svconhantte
1591 5848 1765 5906 amico

1874 4654 2168 4710 Palladium
2211 4650 2436 4703 viderat.

1944 4742 2303 4800 Christianam
2332 4741 2384 4794 in
2415 4738 2616 4793 morbis
2648 4748 2700 4791 et
2727 4736 2884 4789 rebus
2912 4731 3153 4787 adversis
3173 4739 3437 4786 constan-

1876 4836 2001 4891 tiam
2027 4832 2207 4887 laudat
2236 4831 2462 4885 Basilius
2492 4830 2543 4882 in
2573 4827 2798 4896 epistola
2824 4824 2889 4876 ad
2912 4821 3211 4885 lulianum,
3237 4822 3303 4875 de
3329 4835 3437 4889 quo

1873 4926 2012 4982 scire
2035 4933 2157 4977 avet
2188 4939 2254 4977 an
2291 4934 2478 4975 manus
2506 4933 2656 4969 usum
2691 4913 2973 4980 receperit,
2998 4927 3066 4966 an
3101 4911 3173 4964 illi
3216 4908 3435 4976 reliqua

1874 5033 1962 5073 res
2002 5018 2124 5069 vita:
2152 5031 2215 5069 es
2252 5012 2517 5067 sententia
2569 5008 2755 5060 ﬂuant.
2790 5004 3008 5060 Videtur
3046 5004 3091 5056 is
3144 4999 3325 5053 Basilii
3353 4998 3433 5053 vl-

1874 5108 2034 5164 dcndi
2069 5122 2227 5161 causa
2261 5108 2562 5157 (L'csat‘eam
2597 5099 2831 5163 venisse,
2889 5094 2983 5150 sed
3041 5092 3193 5146 illum
3237 5089 3439 5146 Basilio

1878 5218 1976 5274 per
2011 5200 2223 5271 negotia
2254 5206 2463 5252 tantum
2502 5194 2687 5246 videre
2738 5188 2908 5254 licuit,
2948 5194 3214 5274 quantum
3255 5181 3343 5274 qui
3379 5196 3439 5236 se

1875 5272 1926 5347 in
1969 5292 2101 5345 mari
2132 5288 2358 5344 invicem
2409 5291 2759 5354 prmtereunt.
2803 5279 2935 5333 Eum
2976 5286 3152 5332 tamen
3188 5272 3437 5335 Basilius,

1875 5386 2020 5441 velttt
2052 5398 2115 5437 es
2148 5396 2324 5450 ungue
2358 5380 2590 5437 leonem,
2621 5390 2687 5429 es
2726 5371 2873 5426 brevi
2903 5369 3275 5440 experimento
3304 5365 3435 5419 satis

1872 5482 2219 5547 cognoverat.

1944 5568 2021 5621 Ex
2048 5563 2270 5634 epistola
2297 5558 2421 5621 294.
2452 5561 2585 5614 duos
2630 5556 3009 5627 cognoscimus
3063 5551 3242 5606 Basilii
3276 5547 3441 5603 disci-

1873 5659 2046 5731 pulos,
2081 5658 2298 5711 Festum
2330 5662 2385 5707 et
2434 5650 2705 5722 Magnum,
2734 5663 2959 5719 quorum
3001 5645 3200 5711 teneris
3226 5643 3436 5696 anima-

1873 5752 1974 5805 bus
2013 5765 2133 5804 cutu
2162 5749 2415 5817 pietatem
2460 5744 2762 5806 iusevisset,
2795 5742 3016 5813 optabat
3066 5752 3185 5793 eam
3218 5736 3285 5792 ad
3322 5748 3439 5789 mu—

1874 5854 2024 5901 turos
2056 5842 2261 5897 {ructus
2290 5840 2604 5907 perductam
2632 5838 2833 5893 videre.
