4214 6484
740 447 898 489 αιἰιι

2087 411 2619 471 PROLEGOMENA.

807 549 1035 603 Basilius
1065 548 1190 600 vitae
1236 544 1627 599 anachoretica:
1675 542 1829 611 longe
1861 539 2311 610 praeferebatcoe-
2340 546 2387 601 Α
2418 538 2603 590 bastizn
2634 535 2726 603 qui
2767 532 2909 586 illius
2949 530 3159 583 litteras
3192 526 3419 580 libenter
3460 524 3706 590 accipere
3743 516 3979 583 solebat,

741 644 1060 706 nobilicatn;
1092 639 1357 707 huiusque
1393 635 1623 690 instituti
1678 643 1870 688 auctor
1924 633 2023 686 fuit
2053 633 2106 686 in
2132 632 2307 687 Ponto

740 746 793 789 et
818 734 1174 804 Cappadocia,
1213 731 1408 799 quibus
1457 730 1507 781 in
1550 728 1682 783 locis
1721 727 1813 780 vix
1855 734 2010 779 antea
2032 725 2308 793 cognitum

742 836 879 881 crat.
914 824 1090 891 Quare
1117 839 1235 875 cum
1269 821 1570 875 venissetin
1604 820 1870 890 quoddam
1900 818 2307 882 monaSterium,

746 918 835 969 ubi
860 914 1145 983 separatim
1175 922 1369 967 ascetae
1404 912 1691 980 degebant,
1719 913 1963 963 hortatus
1997 918 2081 963 est
2113 924 2209 962 eos
2246 909 2311 962 ad

748 1008 911 1060 vitam
953 1020 1314 1059 communem.
1349 1001 1410 1055 lli
1441 1002 1635 1055 docilis
1686 1002 1849 1053 animi
1892 999 2314 1067 significationes

751 1102 1032 1162 dederunt,
1059 1108 1113 1152 et
1136 1098 1201 1151 de
1229 1097 1318 1159 iis,
1344 1110 1462 1164 quae
1485 1093 1717 1147 Basilius
1746 1093 2099 1155 disseruerat,
2134 1091 2316 1145 Domi-

749 1210 817 1249 no
840 1195 1041 1263 gratias
1064 1198 1313 1260 egerunt.
1373 1187 1618 1257 Cupidus
1668 1184 1875 1240 sciendi
1932 1184 2187 1249 Basilius,
2247 1199 2314 1237 an

748 1280 916 1333 vitam
950 1278 1093 1331 illam
1157 1277 1384 1330 testibus
1435 1283 1708 1328 carentem
1768 1274 2112 1343 reliquerint,
2155 1272 2319 1327 mittit

748 1372 979 1441 aliquem
1020 1386 1085 1424 ex
1112 1369 1390 1431 fratribus,
1416 1369 1505 1436 qui
1538 1375 1590 1421 et
1637 1366 1776 1435 quod
1809 1366 1985 1421 alacre
2009 1375 2089 1420 est
2120 1381 2319 1435 cogno-

751 1472 885 1529 scat,
911 1473 965 1517 et
1024 1462 1167 1531 quod
1208 1461 1419 1531 pigrum
1483 1459 1711 1523 excitet,
1742 1468 1796 1513 et
1838 1458 1979 1529 quod
2020 1458 2321 1512 reluctatur

750 1556 852 1610 sibi
876 1555 1092 1611 indicet.

820 1665 875 1719 ln
935 1665 1160 1736 epistola
1210 1665 1315 1721 296
1375 1667 1586 1719 viduam
1666 1665 1919 1718 hortatur
1964 1661 2217 1726 Basilius,
2264 1669 2321 1715 ut

752 1766 979 1811 mortem
1011 1774 1074 1811 ac
1101 1758 1468 1825 Deijudicinm
1502 1771 1717 1825 semper
1744 1766 1867 1809 ante
1895 1755 2079 1811 oculos
2102 1755 2318 1809 habeat.

753 1851 897 1904 Illius
949 1851 1111 1904 etiam
1149 1851 1313 1903 liliam
1373 1851 1593 1910 salutat.
1630 1850 1785 1918 eique
1825 1858 2013 1902 auctor
2038 1857 2120 1901 est
2172 1860 2229 1900 ιιι
2267 1846 2319 1899 in

756 1942 1074 1996 meditandis
1113 1941 1407 2009 Scripturis
1441 1940 1658 1996 assidue
1698 1951 1959 1995 versetur.
1994 1939 2159 1994 Mulas
2199 1954 2324 1994 suas

759 2034 873 2088 haec
897 2034 1057 2087 vidua
1089 2034 1528 2088 commodaverat
1564 2031 1785 2096 Basilio,
1842 2034 2037 2102 quibus
2072 2033 2161 2086 ille
2207 2033 2327 2101 qui—

753 2125 877 2178 dem
910 2141 1067 2195 parce
1097 2135 1351 2194 tanquam
1389 2125 1501 2178 suis
1533 2141 1661 2178 usus
1692 2134 1806 2187 est;
1834 2125 1926 2178 sed
1953 2134 2129 2176 tamen
2156 2122 2327 2175 vidua:

756 2215 812 2271 in
861 2230 919 2269 se
975 2217 1211 2269 animum
1260 2225 1312 2269 et
1346 2216 1580 2269 studium
1613 2231 1737 2283 erga
1772 2216 1862 2267 Dei
1897 2229 2029 2282 Opus
2084 2212 2328 2267 conside-

759 2320 910 2370 rans,
960 2320 1145 2359 earum
1180 2321 1331 2358 usum
1383 2306 1596 2373 longius
1642 2306 1987 2372 produxerat.
2048 2303 2212 2358 Aliam
2244 2304 2325 2355 vi-

754 2393 914 2448 duam
955 2395 1006 2446 in
1064 2394 1291 2463 epistola
1342 2395 1586 2460 sequenti
1648 2392 1894 2446 hortatur
1940 2392 2003 2446 ad
2046 2394 2325 2461 pietatem,

759 2489 916 2556 eique
964 2488 1305 2541 commendat
1362 2485 1663 2553 mulierem,
1716 2502 1832 2556 quae
1868 2486 2007 2541 hanc
2044 2485 2326 2545 epistolam

758 2578 1086 2650 perferebat.

832 2696 888 2749 In
918 2695 1141 2765 epistola
1174 2694 1281 2749 298
1327 2696 1589 2749 refellitur
1628 2702 1993 2749 commentum
2048 2690 2327 2759 cujusdam

767 2789 930 2856 plani,
966 2790 1053 2855 qui
1112 2804 1264 2855 aqua:
1316 2791 1417 2840 vim
1468 2788 1757 2857 quamdam
1814 2786 1986 2841 inesse
2042 2784 2328 2839 absurdam

762 2881 1043 2950 tingebat,
1093 2890 1147 2931 ut
1194 2880 1617 2946 simplicioribus
1662 2880 1926 2933 illuderet.
1986 2879 2201 2947 Scripta
2251 2888 2333 2931 est

760 2971 985 3041 epistola
1018 2970 1123 3026 299
1149 2974 1263 3026 viro
1297 2972 1498 3039 pietate
1540 2970 1761 3037 insigni,
1793 2971 1877 3023 cui
1934 2987 2054 3024 cum
2093 2971 2330 3024 oblatum

763 3072 906 3119 esset
926 3079 1118 3117 munus
1154 3063 1442 3118 censitoris
1474 3064 1524 3116 in
1558 3062 1776 3132 regione
1804 3059 2147 3125 lboritarum,
2171 3063 2336 3129 signi-

762 3156 1017 3211 ﬁcaverat
1060 3156 1259 3211 Basilio
1292 3157 1574 3212 molestam
1629 3156 1731 3210 sibi
1802 3170 1923 3209 esse
1966 3153 2041 3209 rei
2106 3154 2333 3219 publica:

763 3249 1309 3305 administrationem.
1362 3248 1479 3305 Jaut
1531 3250 1674 3304 enim
1737 3263 1767 3302 e
1814 3247 1957 3302 civili
2010 3246 2246 3315 potentia
2282 3238 2404 3298 inC

765 3342 936 3398 otium
965 3357 1024 3395 se
1055 3354 1356 3409 receperat.
1388 3338 1646 3393 llortatur
1686 3355 1807 3393 eum
1859 3339 2091 3393 Basilius
2138 3351 2192 3393 ut
2236 3339 2334 3393 hoc

767 3448 963 3489 munus
998 3433 1261 3501 accipiat,
1307 3430 1544 3500 illudque
1601 3430 1681 3483 sic
1725 3429 2089 3485 administret.
2129 3440 2186 3481 ut
2238 3446 2336 3483 nec

766 3528 1062 3599 potentiam
1100 3525 1357 3581 formidet
1380 3539 1479 3577 nec
1512 3530 1886 3593 paupertatem
1926 3527 2264 3572 contemnat.

842 3642 1153 3710 Sequuntur
1193 3650 1302 3694 tres
1334 3641 1523 3693 littera:
1551 3637 1945 3700 censolatorize,
2006 3650 2233 3705 quarum
2283 3635 2334 3686 in

772 3739 945 3807 prima
990 3746 1245 3803 parentes
1274 3732 1603 3796 consolatur,
1634 3732 1724 3782 filii
1754 3770 1769 3791 ,
1825 3745 1983 3797 quem
2050 3730 2114 3781 ad
2162 3728 2336 3781 studia

770 3830 1073 3883 litterarum
1132 3829 1437 3887 miserant,
1487 3830 1661 3875 morte
1724 3818 1995 3885 alllictos;
2063 3818 2118 3871 in
2171 3817 2337 3871 altera

774 3921 1065 3974 Maximum
1102 3917 1192 3986 qui
1240 3931 1461 3969 uxorem
1493 3914 1779 3979 amiserat;
1818 3912 1869 3964 in
1904 3911 2061 3965 tertia
2116 3924 2337 3964 uxorem

774 4010 1039 4072 Brisonis,
1076 4008 1175 4059 viri
1211 4012 1372 4059 rebus
1426 4006 1477 4058 in
1520 4005 1659 4058 bello
1715 4004 1882 4073 gestis
1911 4003 2066 4067 clari,
2094 4018 2252 4072 quem
2287 4003 2338 4057 in

775 4105 891 4173 ipso
922 4100 1093 4155 anatis
1117 4098 1245 4153 ﬂore
1294 4106 1507 4167 raptum
1570 4097 1865 4163 imperator
1915 4096 2339 4160 desideraverat,

776 4194 975 4249 milites
1032 4192 1369 4261 planxerant,
1422 4187 1645 4255 ejusque
1687 4186 1955 4252 jacturam
2023 4197 2190 4241 totum
2232 4189 2343 4240 lere

776 4285 1077 4341 Romanum
1110 4284 1393 4352 imperium
1430 4290 1692 4334 senserat.

851 4399 930 4452 Ex
978 4396 1438 4450 commendatitiis
1492 4394 1675 4447 Basilii
1735 4394 1932 4448 litteris
2002 4396 2343 4463 perspicitur,

773 4499 975 4559 quanta
1012 4485 1331 4539 auctoritate
1364 4484 1503 4552 apud
1533 4492 1826 4550 potestates
1856 4480 2077 4545 valeret,
2104 4490 2156 4535 et
2178 4496 2339 4550 quam

2412 630 2576 682 etiam
2624 636 2782 694 atque
2829 623 2986 677 etiam
3021 629 3193 688 rogat,
3228 626 3286 671 ut
3341 616 3549 671 civibus
3599 610 3983 667 Alexandrinis

2414 719 2695 788 propinqui
2719 716 2915 769 mortui
2948 726 3144 781 corpus
3178 707 3391 779 publico
3416 704 3664 759 mandato
3684 712 3981 770 exportan-

2413 812 2539 861 dunt
2600 807 2798 871 tradat,
2865 804 3077 870 illiSque
3110 799 3310 868 aliquid
3359 796 3543 851 auxilii
3572 810 3635 848 ex
3677 809 3836 847 cursu
3887 807 3983 859 po-

2414 899 2558 953 hlico
2577 897 2857 952 concedat.
2891 891 3129 948 Notanda
3172 892 3333 945 etiam
3360 886 3586 959 epistola
3636 884 3759 947 507,
3792 885 3842 937 in
3872 897 3982 952 qua

2411 992 2588 1045 virum
2622 998 2893 1060 potentem
2927 995 3097 1056 rogat,
3132 994 3190 1037 ut
3216 983 3423 1037 duobus
3457 978 3790 1047 litigantibus
3820 991 3981 1044 opem

2417 1081 2577 1145 ferat,
2630 1081 2926 1151 prohibens
2982 1092 3047 1131 ne
3097 1075 3163 1129 ad
3216 1075 3450 1145 judicem
3489 1072 3784 1128 introeant,
3815 1080 3984 1133 seque

2414 1177 2649 1246 judicem
2693 1176 2800 1231 illis
2829 1174 3072 1244 prmbens
3102 1189 3115 1225 :
3141 1171 3279 1240 quod
3312 1172 3356 1225 si
3390 1171 3647 1223 alteruter
3700 1164 3985 1221 sententia:

2421 1285 2525 1323 non
2555 1270 2717 1333 cedit,
2748 1267 2925 1322 faveat
2989 1264 3240 1332 injuriam
3271 1262 3586 1334 patienti,et
3614 1272 3764 1328 aqua
3797 1264 3987 1327 postu-

2422 1361 2553 1416 lanti
2578 1363 2934 1429 patrocinium
2962 1358 3255 1427 impendat.

2492 1453 2711 1508 Caetera:
2747 1452 2927 1506 Basilii
2960 1450 3222 1519 epistolae,
3262 1448 3531 1503 salutandi
3559 1461 3722 1501 causa
3744 1443 3990 1512 scriptae,

2422 1540 2698 1611 leporibus
2752 1558 2815 1595 ac
2864 1539 3133 1610 perpolito
3166 1552 3417 1594 sermone
3456 1552 3647 1590 soaves
3674 1545 3728 1590 et
3773 1533 3991 1601 pietatis

2423 1636 2570 1690 notis
2611 1634 2866 1702 inspersze
2888 1642 3033 1688 sunt.
3066 1633 3266 1687 Eorum
3323 1631 3394 1684 ad
3413 1645 3545 1697 quos
3575 1630 3790 1697 scripta:
3838 1632 3990 1688 sunt,

2426 1727 2644 1783 nomina
2678 1741 2785 1780 non
2809 1734 3046 1789 exstant,
3083 1726 3125 1778 si
3154 1723 3393 1789 excipias
3429 1720 3758 1790 Philagrium
3819 1720 3990 1773 Arce-

2425 1833 2577 1882 num,
2612 1816 2880 1871 hominem
2936 1815 3275 1883 eloquentem
3309 1821 3364 1866 et
3422 1811 3489 1864 de
3532 1824 3588 1863 re
3623 1809 3991 1861 ecclesiastica

2353 1900 2397 1955 Β
2424 1910 2627 1978 optime
2659 1908 3003 1971 sentientem,
3025 1906 3328 1960 Pasinicutn
3374 1904 3660 1965 medicum,
3693 1899 3992 1965 Magninia-

2427 2018 2554 2055 num
2585 2042 2600 2067 ,
2661 2000 3081 2071 Hyperechium,
3135 2006 3190 2051 et
3235 1996 3563 2060 Pltalerium,
3610 1992 3700 2061 qui
3749 1989 3995 2044 ﬂuviales

2428 2094 2605 2164 pisces
2632 2093 2830 2147 Basilio
2868 2092 3115 2145 miserat.
3143 2089 3321 2144 Plena:
3357 2096 3483 2141 sunt
3519 2084 3858 2139 acuminibus
3883 2083 3996 2149 epi-

2429 2186 2580 2240 stolae
2630 2188 2696 2237 ad
2735 2184 3002 2237 notarium
3051 2192 3105 2236 et
3171 2180 3475 2243 librarium,
3524 2178 3617 2231 sed
3657 2173 3897 2244 epistola
3928 2173 3997 2225 ad

2432 2278 2690 2331 Tlieclam
2726 2276 2969 2328 acumina
2994 2276 3161 2343 magis
3197 2274 3437 2329 redolent
3472 2271 3741 2343 ingenium
3789 2267 3999 2336 Grego-

2430 2370 2494 2423 rii
2524 2365 2851 2421 Nazianzeni
2883 2366 2979 2432 (a),
3022 2365 3174 2431 cujus
3205 2365 3321 2418 alia:
3345 2377 3454 2419 tres
3487 2371 3701 2417 exstant
3727 2360 3790 2413 ad
3844 2375 3999 2413 eam-

2429 2463 2551 2515 dem
2598 2460 2813 2513 litterae.
2846 2456 3023 2527 Rogat
3056 2471 3175 2511 eam
3213 2456 3263 2509 in
3292 2456 3378 2509 illa
3405 2496 3420 2519 ,
3457 2471 3573 2521 qua:
3612 2468 3693 2509 est
3726 2454 3864 2507 inter
3896 2451 4001 2505 Ba-

2429 2552 2677 2615 silianas,
2705 2550 2955 2619 episwla,
2987 2558 3045 2600 ut
3088 2562 3298 2608 eorum,
3342 2548 3433 2614 qui
3487 2554 3803 2613 conceptum
3829 2543 4003 2597 eccle-

2431 2643 2525 2695 sia:
2553 2640 2925 2702 exstruebant,
2953 2639 3129 2692 aridas
3161 2636 3342 2694 fauces
3393 2651 3613 2689 uvarum
3644 2637 3852 2703 liquore
3916 2650 4000 2689 reo

2432 2745 2598 2788 creet.
2628 2734 2768 2788 Anni
2798 2733 2942 2787 enim
2998 2732 3255 2801 praeteriti
3312 2730 3501 2797 frigus,
3534 2727 3759 2797 gemmis
3809 2729 4001 2781 vitium

2433 2828 2678 2891 succisis,
2716 2826 2823 2879 vini
2883 2824 3164 2894 penuriam
3215 2823 3535 2876 adduxerat.
3579 2816 3858 2886 Templum
3902 2816 4005 2869 Nx-

2434 2923 2755 2974 zianzenum
2828 2918 3043 2987 magnis
3116 2916 3421 2984 sumptibus
3475 2929 3505 2967 a
3552 2911 4007 2981 Gregorio-patre

2435 3015 2708 3068 conditum
2736 3012 2993 3066 discimus
3022 3025 3088 3064 ex
3129 3008 3382 3076 Theologi
3416 3016 3555 3060 orat.
3592 3004 3678 3059 l9.

2512 3102 2572 3156 ll.
2610 3103 2829 3155 Littera:
2852 3100 3034 3155 Basilii
3069 3100 3134 3151 ad
3165 3098 3473 3162 Libanium,
3508 3108 3561 3152 et
3590 3111 3725 3165 quas
3761 3110 3788 3148 a
3844 3093 4007 3147 Liba-

2439 3193 2527 3246 nio
2558 3193 2787 3247 Basilius
2811 3191 3035 3259 accepit,
3064 3191 3106 3242 si
3132 3205 3260 3243 vere
3291 3192 3503 3259 utrique
3532 3189 3826 3243 tribuenda!
3859 3197 4009 3252 sunt,

2441 3287 2629 3358 partim
2672 3286 2720 3340 in
2744 3298 2961 3340 secessu
3011 3282 3192 3337 Basilii
3227 3283 3440 3349 scriptae
3476 3290 3619 3341 sunt,
3654 3283 3847 3347 partim
3884 3298 4009 3335 cum

2438 3382 2490 3434 in
2567 3381 3004 3451 presbyterorum
3076 3375 3331 3428 cathedra
3404 3374 3660 3436 sederet,
3738 3374 4010 3427 noun-Iliae

2440 3484 2724 3542 postquam
2757 3472 2819 3523 ad
2849 3474 3218 3537 episcOpatum
3254 3467 3521 3533 pervenit.

2508 3564 2589 3616 Ad
2648 3576 2922 3616 secessum
2976 3561 3272 3614 referenda!
3333 3559 3585 3612 videntur
3613 3555 4012 3626 epistolaaitlzr,

2439 3654 2635 3725 quibus
2681 3654 2909 3708 Basilius
2967 3652 3317 3722 Cappadoces
3380 3652 3748 3705 adolescentes
3783 3647 4015 3702 Libanio

2440 3748 2804 3809 commendat,
2828 3753 2982 3813 eique
3009 3748 3059 3798 in
3093 3745 3428 3814 disciplinam
3462 3744 3641 3795 tradit.
3669 3741 3800 3795 Nam
3827 3742 4016 3810 primat:

2445 3836 2773 3903 respondens
2804 3835 3056 3889 Libanius
3097 3836 3325 3887 tniratur
3353 3844 3407 3886 et
3460 3834 3661 3896 laudat,
3696 3834 3835 3900 quod
3881 3833 3930 3885 ei
3983 3848 4015 3887 a

2443 3926 2715 3981 nonnullis
2738 3926 3039 3979 nuntiatum
3076 3934 3214 3984 erat,
3240 3924 3496 3977 Basilinm
3528 3926 3649 3978 vita:
3684 3941 3854 3994 genus
3876 3940 4017 3992 prm-

2441 4015 2829 4071 stantissitnum
2887 4016 3193 4083 ingressum
3257 4027 3410 4075 esse,
3461 4024 3624 4081 atque
3680 4014 3781 4065 hoc
3843 4015 4018 4081 magis

2442 4119 2685 4179 spectare
2725 4109 2993 4178 quomodo
3027 4107 3235 4161 amicus
3268 4107 3375 4160 Deo
3422 4110 3646 4170 evadat,
3678 4121 3840 4175 quam
3887 4123 4019 4175 quo-

2443 4203 2603 4253 modo
2641 4215 2829 4250 aurum
2868 4199 3103 4268 colligat.
3140 4197 3303 4251 Paulo
3351 4205 3468 4265 post
3507 4194 3668 4249 aliam
3718 4196 4013 4264 epistolam

2443 4291 2523 4345 sic
2552 4290 2762 4344 orditur
2788 4288 3016 4343 Basilius
3051 4305 3065 4340 :
3104 4286 3239 4341 Ecce
3264 4289 3354 4340 tibi
3380 4298 3426 4339 et
3466 4287 3600 4341 alius
3630 4290 3764 4342 venit
3810 4287 4012 4355 Cappa-

2443 4383 2569 4448 dox,
2603 4392 2707 4436 etc.
2744 4381 2895 4435 llunc
2926 4380 3285 4434 comitabatur
3325 4381 3462 4435 alios
3518 4380 3762 4449 aequalis,
3818 4381 4019 4435 nobilis

2444 4482 2500 4528 et
2538 4473 2653 4541 ipse
2677 4487 2739 4526 ac
2766 4470 2967 4523 Basilio
2995 4470 3214 4536 charos,
3250 4471 3345 4525 sed
3378 4472 3603 4525 minime
3632 4471 3783 4522 dives
3804 4508 3819 4530 ,
3852 4484 4017 4537 quem

776 4556 1005 4634 libenter
1066 4579 1166 4631 hac
1221 4575 1393 4645 gratia
1454 4576 1518 4628 ad
1570 4575 1843 4628 ferendam
1905 4575 2232 4643 pauperibus
2290 4585 2404 4652 etp

2375 4598 2417 4652 υ
2447 4571 2626 4615 tamen
2656 4560 2890 4613 Basilius
2916 4573 3020 4611 non
3050 4557 3252 4612 idcirco
3288 4558 3428 4625 apud
3472 4556 3754 4610 Libanium
3808 4557 4020 4610 minore

779 4668 989 4722 alllictis
1020 4682 1175 4735 npcm
1203 4674 1466 4740 uteretur.
1508 4662 1680 4732 Rogat
1713 4662 1962 4715 comitem
1997 4666 2071 4716 rei
2098 4665 2337 4732 privatas,

778 4765 832 4817 in
876 4762 1099 4829 epistola
1135 4761 1259 4823 505,
1300 4769 1357 4811 ut
1390 4757 1668 4826 cujusdam
1732 4754 1831 4810 loci
1890 4755 2101 4817 incolis,
2149 4757 2344 4826 quibus

777 4858 1134 4923 imperaverat
1167 4852 1563 4916 praestationem
1591 4864 1869 4916 equarum,
1922 4849 2058 4902 hanc
2096 4850 2339 4911 multam,

778 4957 961 5017 utpote
987 4958 1056 4999 ot)
1109 4944 1240 4997 falsa
1297 4944 1520 4995 crimina
1554 4943 1879 5008 impositam,
1922 4943 2178 4995 remittat.
2219 4940 2339 4994 Ple-

780 5056 957 5109 u-que
986 5037 1253 5106 ejusmodi
1287 5037 1526 5103 epistola:
1557 5035 1915 5089 censitoribus
1947 5035 2159 5102 scripta:
2192 5041 2337 5096 sunt,

776 5133 917 5200 apud
970 5146 1104 5199 quos
1140 5129 1371 5182 Basilius
1407 5126 1775 5195 deprecatoris
1832 5142 2055 5179 munere
2082 5124 2341 5194 fungitur,

779 5240 921 5277 nunc
950 5240 1046 5292 pro
1082 5226 1209 5276 totis
1238 5222 1410 5289 pagis,
1442 5226 1574 5273 utin
1609 5218 1851 5288 epistolis
1880 5218 1983 5272 308
2009 5228 2063 5270 et
2091 5216 2195 5271 510
2245 5232 2343 5284 pro

782 5313 1020 5382 Capralis
1049 5323 1105 5366 et
1127 5312 1449 5365 Ariarathis:
1483 5309 1705 5373 incolis;
1739 5323 1879 5361 nunc
1911 5324 2006 5376 pro
2055 5307 2264 5369 amicis,
2288 5314 2345 5357 ut

785 5406 837 5459 in
875 5404 1100 5473 epistola
1131 5405 1255 5468 315,
1286 5417 1383 5471 pro
1409 5401 1631 5471 Sulpicii
1667 5403 1823 5455 domo
1846 5400 1897 5451 in
1918 5400 2124 5454 Galatia
2154 5416 2169 5464 ;
2206 5413 2345 5451 nunc

787 5512 885 5564 pro
923 5497 1240 5549 necessariis
1266 5505 1319 5548 et
1353 5494 1615 5562 cognatis,
1654 5494 1784 5545 utin
1813 5492 1969 5562 epist.
2002 5490 2105 5545 510
2133 5503 2183 5544 et
2220 5490 2341 5543 515.

789 5588 1038 5641 Paratum
1099 5596 1215 5640 erat
1254 5585 1555 5653 hospitibus
1602 5594 1656 5637 et
1703 5580 1999 5652 peregrinis
2039 5580 2343 5650 perlugium

785 5677 1036 5742 Basilius,
1070 5688 1124 5730 ut
1159 5684 1309 5745 patet
1354 5690 1420 5728 ex
1454 5673 1677 5743 cpistola
1706 5672 1828 5728 519.
1861 5671 2219 5740 Principalem
2251 5670 2347 5724 Sch

855 5869 932 5931 (αδ
956 5870 1086 5927 har.
1118 5887 1203 5930 et).
1237 5872 1326 5931 l9.
1357 5873 1475 5930 100,
1511 5874 1623 5926 101.

2447 4669 2608 4723 quam
2639 4655 2776 4706 alios
2803 4652 2853 4704 in
2900 4651 3077 4718 pretio
3110 4651 3351 4703 futurum
3401 4659 3598 4720 sperat.
3634 4648 3780 4703 lianc
3823 4650 4019 4717 episto-

2448 4746 2552 4799 lam
2580 4743 2839 4798 Libauius
2862 4741 2927 4794 ad
2957 4741 3155 4795 caelum
3184 4740 3359 4805 ell'ert,
3409 4754 3575 4807 seque
3626 4737 3710 4793 illa
3763 4740 4017 4808 privatim

2451 4836 2588 4890 lecta
2618 4835 2957 4889 extrlamasse
2995 4843 3199 4897 narrat,
3255 4830 3427 4884 Victus
3452 4847 3589 4894 sum,
3617 4841 3670 4884 et
3706 4846 3829 4885 cum
3871 4844 4020 4881 earn-

2447 4927 2566 4979 dem
2619 4925 2835 4990 legisset
2894 4922 3115 4990 Alypius
3173 4938 3355 4977 coram
3417 4921 3656 4991 pluribus
3710 4920 4016 4983 honoratis,

2447 5031 2637 5072 omnes
2670 5017 2863 5070 Basilio
2895 5016 3129 5085 palmam
3159 5014 3434 5068 detulisse.
3462 5016 3727 5069 Craterum
3771 5015 4016 5082 pecunia:

2445 5122 2812 5178 contemptum
2845 5125 2952 5176 pra:
3001 5123 3059 5163 se
3113 5108 3215 5161 lert
3240 5104 3516 5167 Libanius,
3550 5122 3612 5159 ac
3643 5119 3904 5175 pauperes
3935 5107 4013 5160 di-

2445 5204 2627 5258 scendi
2681 5203 2952 5255 studiosos
2996 5200 3166 5268 pluris
3189 5200 3325 5265 apud
3375 5212 3434 5251 se
3471 5213 3633 5267 quam
3667 5197 3866 5252 divites
3899 5199 4013 5251 ﬁeri

2447 5295 2710 5357 declarat,
2743 5292 2991 5360 quamvis
3044 5292 3157 5358 ipse
3188 5290 3383 5343 talibus
3416 5306 3519 5344 non
3580 5304 3707 5341 usus
3741 5289 3812 5343 sit
3840 5291 4015 5359 magi-

2450 5386 2601 5440 stris.
2637 5384 2849 5439 Laudes
2914 5383 3149 5437 vicissim
3190 5380 3435 5450 rependit
3489 5381 3712 5435 l.ibanio
3761 5382 4014 5446 Basilius,

2451 5489 2501 5534 et
2538 5479 2639 5532 iste
2660 5493 2846 5531 rursus
2874 5476 3038 5529 instat
3065 5476 3116 5528 in
3150 5475 3456 5529 extollendo
3472 5473 3692 5527 Basilio.

2524 5571 2631 5625 Sex
2662 5570 2988 5635 litterarum,
3024 5584 3141 5639 qua:
3176 5566 3375 5621 Basilio
3427 5567 3742 5636 presbytero
3798 5567 4017 5632 scrip'z

2454 5661 2723 5728 videntur,
2761 5660 2874 5713 haec
2899 5660 2997 5713 fuit
3027 5658 3263 5715 occasio.
3314 5658 3485 5730 Rogat
3510 5657 3736 5713 Basilius
3760 5656 3834 5726 (ὁ)
3861 5655 4014 5711 Liba-

2526 5867 2596 5925 (ω
2640 5866 2733 5924 lin.
2761 5864 2887 5917 231.
