4214 6488
1545 435 1707 493 νιτΑ
1749 433 1805 489 S.
1847 431 2112 487 BASlLll.

3297 445 3416 487 CLIX

194 560 335 618 nium
359 571 420 618 ut
448 560 517 615 ad
540 573 599 614 se
629 558 814 613 mittat
844 568 1167 622 orationem,
1201 568 1361 626 quam
1386 552 1439 607 in
1490 552 1759 606 hominem
1791 555 1833 610 Δ
1865 549 2026 617 paulo
2056 555 2173 618 post
2197 545 2375 601 Basilii
2410 547 2641 603 reditum
2690 542 2743 599 in
2779 543 3169 617 Cappadociam
3219 545 3416 610 scripta

200 666 489 714 morosum,
517 648 961 718 frequentissimo
981 657 1247 700 conventu
1294 659 1360 700 ae
1411 643 1643 697 maxima
1668 657 1758 696 ce-

201 746 467 805 lebritate,
491 741 957 811 pronuntiaverat.
981 736 1143 791 Mittit
1166 736 1419 793 Libanius
1451 733 1589 787 hanc
1635 747 1757 784 ora-

206 841 432 899 tionem.
456 848 623 903 seque
659 844 891 889 tremere
922 831 1209 900 significat.
1259 830 1477 882 Lectam
1529 824 1759 878 Basilius

203 929 255 981 in
285 933 434 977 astra
466 922 873 980 tollit.Gratias
926 921 1035 990 agit
1079 919 1356 979 Lihanius,
1406 930 1471 968 ac
1520 914 1757 967 vicissim

201 1014 335 1085 petit
360 1018 665 1070 oratiunem
692 1010 873 1064 Basilii
904 1010 955 1062 in
988 1010 1249 1073 ebriosos,
1272 1021 1432 1074 quam
1470 1003 1757 1073 perlectam

203 1107 429 1163 Athenis
474 1121 637 1176 quam
694 1102 1029 1171 Cappadocia
1088 1099 1385 1169 digniorem
1429 1096 1655 1165 iudicat.
1691 1095 1761 1147 At

204 1197 433 1254 Basilius
481 1195 670 1251 Atticm
728 1196 1049 1261 eloquentia:
1092 1191 1302 1243 laudem
1332 1190 1383 1243 in
1407 1190 1579 1258 ipsum
1604 1187 1761 1242 Liba-

204 1290 351 1343 nium
394 1293 689 1354 retorquet,
715 1298 879 1354 seque
914 1285 1246 1353 piscatorum
1275 1279 1600 1350 discipulum
1634 1289 1762 1331 esse

203 1382 506 1450 prolitetur.

277 1474 402 1525 Duae
444 1478 649 1523 tantum
680 1466 918 1537 epistolae
954 1472 1108 1518 notas
1137 1462 1474 1533 episcopatus
1496 1458 1755 1514 referunt.

203 1563 462 1618 Libanius
500 1565 739 1616 avaritiae
765 1560 1039 1627 episcopos
1064 1566 1301 1619 accusat,
1335 1565 1387 1609 et
1424 1563 1629 1623 quanto
1658 1565 1760 1604 ca:-

204 1654 335 1708 tcris
367 1656 581 1709 doctior
620 1648 867 1714 Basilius,
907 1657 1056 1703 tanto
1106 1647 1496 1701 restrictiorem
1558 1644 1609 1694 in
1663 1641 1761 1695 lar-

204 1748 403 1818 giendo
428 1746 667 1798 futurum
717 1742 1041 1811 suspicatur.
1082 1740 1222 1793 Petit
1252 1749 1428 1791 tamen
1454 1736 1522 1790 ab
1556 1748 1619 1788 eo
1649 1743 1759 1789 tre-

204 1852 357 1896 centa
386 1842 556 1908 tigna,
593 1853 655 1892 ne
681 1839 779 1892 sub
808 1838 896 1889 dio
952 1836 1192 1888 hiemare
1224 1840 1465 1899 cogatur.
1526 1827 1755 1882 Basilius

203 1932 431 1989 Libanio
453 1932 803 2002 iudicandum
832 1927 1114 1993 relinquit,
1143 1924 1247 1978 utri
1278 1924 1386 1978 sint
1430 1924 1752 1986 tenaciores,

202 2026 437 2095 episcopi
462 2042 529 2077 an
558 2023 856 2092 sophista;
907 2035 1028 2075 cunt
1065 2018 1317 2087 sophistae
1374 2015 1614 2069 venalem
1648 2012 1760 2065 elo-

203 2118 477 2186 quentiam
511 2124 829 2184 proponant,
883 2114 1261 2184 episcoporum
1327 2108 1506 2161 nullus
1541 2104 1760 2161 omnino

206 2207 499 2279 vectigales
529 2207 820 2276 discipulos
866 2205 1051 2260 faciat.
1113 2201 1279 2256 Mittit
1340 2199 1564 2255 Libanio
1620 2196 1759 2266 quod

204 2304 455 2372 petierat,
498 2313 554 2357 et
580 2302 747 2356 debiti
800 2299 1069 2355 solutione
1091 2297 1308 2349 ﬂuvium
1342 2294 1615 2362 Alpinarum
1666 2290 1762 2344 ob-

208 2392 448 2463 Stringit.

270 2484 443 2553 Magni
468 2482 594 2535 facit
616 2479 716 2533 bas
734 2476 988 2545 epistolas
1015 2474 1421 2535 'l'illemontius,
1448 2487 1546 2526 nec
1574 2468 1764 2539 probat

206 2592 291 2630 eas
346 2578 398 2629 in
439 2573 657 2626 dubium
710 2571 973 2625 revocari.
1006 2568 1193 2639 Neque
1244 2568 1386 2621 enim
1436 2574 1529 2619 aut
1578 2559 1763 2617 Basilii

206 2670 498 2723 amicitiam
549 2681 672 2719 cum
735 2665 973 2727 ethnico,
1003 2673 1095 2716 aut
1143 2662 1283 2731 quod
1325 2660 1582 2715 Libanius
1608 2656 1762 2725 plena

207 2774 363 2813 manu
397 2771 666 2811 secessum
696 2755 879 2809 Basilii
910 2755 1112 2818 laudat,
1143 2754 1277 2806 satis
1309 2749 1612 2817 argumenti
1645 2760 1766 2799 esse

207 2851 371 2913 ducit,
406 2865 506 2904 cur
532 2851 614 2904 hac
639 2849 953 2918 rejiciantur
980 2845 1241 2915 epistolm.
1276 2841 1583 2897 Asseutirer
1617 2839 1765 2907 equi-

206 2945 320 2998 dem
352 2944 720 3009 Tillemontlo,
756 2942 798 2997 si
824 2941 908 2995 his
936 2949 1140 2993 tantum
1172 2938 1237 2992 de
1282 2935 1464 2990 causis
1502 2932 1647 3002 rejici
1681 2932 1769 2986 de-

207 3036 413 3090 berent.
442 3036 550 3090 Sed
589 3035 707 3090 alia:
764 3037 1002 3089 rationes
1054 3040 1346 3100 suppetunt
1382 3029 1537 3099 longe
1556 3027 1766 3097 gravio-

208 3144 310 3183 res.

274 3261 359 3317 lll.
392 3262 447 3316 1⁸
494 3260 638 3315 Nihil
667 3261 863 3313 habent
893 3258 974 3312 ha:
1005 3256 1217 3321 litterrc,
1253 3256 1296 3309 si
1323 3269 1485 3308 unum
1506 3260 1600 3306 aut
1643 3260 1769 3304 atte-

206 3369 321 3407 rum
384 3354 559 3408 locum
619 3352 873 3420 excipias,
922 3349 1061 3418 quod
1114 3362 1362 3417 magnum
1409 3343 1589 3399 Basilii
1621 3342 1769 3409 inge-

206 3445 353 3499 nium
386 3442 646 3505 redoleat,
683 3440 813 3494 nihil
868 3441 1009 3508 quod
1066 3437 1270 3492 Libanii
1301 3437 1437 3489 fama
1481 3450 1581 3487 non
1616 3432 1769 3501 longe

210 3534 388 3589 minus
439 3533 530 3586 sit.
590 3531 705 3586 Non
765 3543 996 3598 agnosco
1026 3526 1283 3579 Basilium
1339 3527 1391 3579 in
1438 3524 1539 3577 hoc
1569 3522 1769 3576 insulso

206 3626 387 3694 lepore
424 3624 499 3697 (a)
553 3642 565 3677 :
643 3621 767 3676 Veto
819 3621 965 3674 niveo
1015 3628 1178 3672 tectus
1225 3616 1495 3686 epistolam
1548 3615 1767 3683 scripsi,

206 3734 360 3787 quam
406 3734 522 3769 cum
592 3714 850 3783 acceperis
904 3721 955 3766 et
1006 3727 1165 3762 manu
1218 3709 1535 3779 contigeris,
1582 3708 1769 3761 senties

206 3824 361 3877 quam
395 3810 463 3859 sit
498 3807 670 3875 gelida
695 3846 710 3871 ,
743 3819 1001 3873 quamque
1052 3802 1244 3869 referat
1283 3816 1458 3879 eum_a
1480 3814 1579 3867 quo
1612 3799 1769 3850 missa

207 3911 304 3961 est,
330 3898 627 3951 latitantem
683 3914 772 3951 nec
820 3907 969 3951 extra
993 3900 1129 3947 (edes
1169 3893 1460 3960 prospicere
1494 3888 1767 3941 valentem.

209 3992 374 4047 llulto
412 3991 591 4045 minus
627 3990 850 4043 dixisset
893 3986 1123 4040 Basilius
1162 3984 1237 4055 (b)
1295 3981 1506 4037 Libanii
1565 3979 1768 4034 oratio-

208 4102 328 4140 nem
389 4084 665 4139 admirans
723 4096 737 4131 :
794 4078 839 4133 0
888 4094 1050 4131 musa:
1109 4085 1160 4129 et
1205 4077 1393 4128 littera:
1437 4081 1485 4125 et
1534 4071 1767 4135 Athenis,

210 4177 386 4245 qualia
450 4172 717 4244 iargimini
763 4170 946 4224 vestris
995 4165 1354 4220 amatoribus!
1412 4162 1543 4230 Quis
1587 4160 1773 4231 probet

212 4267 336 4319 illud
364 4265 576 4321 Libanii
607 4265 676 4336 (c)
705 4281 720 4317 :
751 4261 958 4315 Horreo
998 4276 1058 4313 ac
1088 4270 1248 4313 tremo
1274 4297 1289 4323 ,
1339 4272 1455 4309 cum
1486 4271 1597 4308 eam
1635 4253 1772 4305 diem

211 4373 409 4411 mecum
444 4367 657 4425 reputo,
684 4371 787 4425 qua
821 4369 988 4406 meam
1018 4350 1258 4418 inspicies
1298 4348 1584 4402 orationem
1615 4361 1633 4399 :
1665 4347 1769 4398 imo

212 4449 364 4503 etiam
394 4447 502 4515 {ere
522 4458 689 4499 mente
719 4444 895 4512 lapsus
914 4459 1028 4497 sum
1049 4440 1075 4494 ?

274 4583 333 4637 2°
363 4580 528 4636 Multa
585 4580 638 4633 in
674 4579 757 4633 his
786 4576 1025 4648 epistolis
1050 4584 1103 4630 et
1130 4590 1252 4631 cum
1294 4572 1473 4628 Basilii
1500 4570 1660 4625 rebus
1714 4577 1769 4622 et
1800 4582 1843 4637 ι)

212 4690 389 4730 secum
426 4669 858 4726 disconveniunt.
894 4665 1028 4721 Tres
1060 4665 1304 4734 epistola:
1337 4666 1411 4718 ita
1452 4677 1633 4717 secum
1682 4676 1779 4727 pu-

212 4775 391 4835 gnant,
425 4774 483 4817 ut
510 4761 651 4816 nulla
671 4761 740 4812 sit
770 4774 838 4813 ex
862 4759 1053 4819 tribus,
1082 4770 1317 4825 quianon
1340 4753 1510 4823 prima
1538 4750 1777 4805 omnium

212 4855 408 4922 scripta
452 4852 720 4906 videatur.
758 4849 908 4903 llunc
936 4848 1039 4903 sibi
1064 4847 1240 4901 locum
1280 4843 1520 4897 vindicat
1549 4841 1777 4911 epistola

211 4945 335 5011 545,
359 4961 524 5015 quam
555 4945 635 4998 sic
663 4941 850 5011 incipit
878 4940 1165 4995 Libanius:
1203 4937 1374 5007 Magis
1398 4935 1623 4988 arbitror
1649 4934 1777 4988 mihi

212 5056 335 5105 opus
369 5053 479 5091 esse
510 5036 867 5100 excusatione,
895 5032 1034 5101 quod
1064 5049 1165 5085 non
1196 5031 1321 5084 olim
1371 5029 1440 5082 ad
1472 5038 1520 5083 te
1556 5026 1777 5082 scribere

213 5130 533 5201 increperim,
567 5145 723 5198 quam
763 5142 897 5179 nunc
931 5124 1251 5178 recusatione
1279 5123 1417 5193 quod
1439 5120 1663 5175 scribere
1691 5122 1775 5172 in-

214 5224 425 5289 cipiam.
472 5220 624 5274 Tunc
654 5219 885 5289 primum
929 5230 1058 5285 ergo
1086 5214 1355 5269 scribebat
1398 5212 1677 5275 Libanius,
1723 5217 1779 5264 et

216 5316 362 5383 prior
387 5312 670 5368 scribebat
697 5308 918 5364 Basilio.
942 5307 1047 5363 Sed
1075 5304 1347 5375 quomodo
1377 5304 1427 5358 id
1458 5302 1774 5359 conciliabi-

218 5424 334 5462 mus
383 5421 507 5461 cum
557 5404 785 5473 epistola
819 5401 944 5466 358,
996 5402 1048 5454 in
1095 5414 1199 5469 qua
1249 5397 1475 5454 Basilius
1508 5398 1778 5463 laudatur,

220 5500 356 5567 quod
374 5496 649 5553 scribendi
681 5496 942 5563 incteptor
972 5491 1172 5547 fuerit?
1198 5490 1275 5545 Eo
1297 5490 1503 5559 aequius
1546 5490 1777 5555 videtur,

222 5600 275 5642 ut
310 5590 425 5646 haec
446 5587 679 5659 epistola
705 5587 809 5643 558
830 5588 1062 5659 primum
1093 5584 1353 5641 sortiatur
1387 5582 1588 5650 locum,
1637 5582 1777 5653 quod

279 5790 356 5932 a
385 5792 485 5934 a-

1858 650 1963 707 est,
2000 654 2121 695 cum
2152 639 2395 693 Alcimus
2416 638 2635 693 Romam
2662 636 3008 709 proficiscens
3041 650 3226 691 curam
3261 634 3418 688 insti-

1862 734 2181 787 tuendorum
2214 744 2496 800 puerorum
2523 732 2568 783 ei
2600 728 2957 798 imposuisset.

1931 823 2036 877 Sed
2073 824 2242 893 prima
2291 822 2417 875 sede
2473 829 2754 888 utramque
2792 816 3069 888 epistolam
3128 830 3255 871 erce
3314 814 3419 867 alia

1860 913 2057 983 pellere
2108 916 2317 967 nititur.
2351 911 2484 965 Nam
2520 911 2596 981 (ιι)
2629 924 2747 962 cum
2779 909 3087 965 adolescens
3132 908 3417 978 Cappadox

1862 1006 1928 1060 ad
1968 1006 2249 1060 Libanium
2300 1002 2533 1057 venisset
2584 1015 2704 1056 cum
2748 1001 2936 1055 litteris
2965 998 3143 1054 Basilii
3184 1014 3417 1068 conque-

1862 1098 2050 1161 remis,
2091 1097 2229 1165 quod
2278 1110 2359 1148 Slll
2411 1092 2689 1148 Libanium
2747 1093 2973 1157 cepisset
3012 1090 3239 1153 oblivio;
3280 1106 3418 1159 quo—

1862 1192 2020 1245 modo
2068 1192 2170 1245 hoc
2219 1190 2423 1243 crimen
2475 1204 2503 1241 a
2550 1202 2608 1242 se
2662 1185 2937 1256 propulsat
2975 1185 3262 1240 Libanius?
3302 1186 3419 1243 Non

1862 1283 2088 1350 scriptas
2119 1299 2147 1334 a
2179 1296 2237 1336 se
2292 1280 2549 1349 epistolas
2582 1288 2987 1342 commemorat,
3027 1281 3117 1333 sed
3156 1281 3230 1334 ait
3270 1293 3328 1334 se
3356 1281 3421 1335 de

1862 1373 2059 1428 Basilio
2100 1375 2150 1427 in
2194 1372 2419 1442 patriam
2485 1384 2700 1425 reverso
2766 1370 3053 1424 sollicitum
3101 1369 3285 1436 fuisse,
3329 1384 3420 1425 ec-

1861 1466 2001 1534 quod
2025 1468 2147 1519 vita:
2179 1479 2350 1534 genus
2384 1462 2663 1529 amplexus
2709 1472 2871 1527 esset,
2900 1476 3026 1515 mnu
3057 1462 3108 1514 in
3136 1460 3249 1515 foro
3298 1477 3423 1517 ver—

1861 1567 2093 1620 saretur,
2128 1573 2252 1611 num
2285 1557 2532 1610 rhetores
2567 1551 2806 1606 elli‘ceret
2836 1554 3209 1622 Cappadocum
3252 1553 3418 1617 ﬁlios;

1860 1657 1917 1703 at
1954 1647 2042 1702 ubi
2076 1662 2140 1700 ex
2183 1648 2452 1701 nonnullis
2480 1662 2509 1701 e
2548 1646 2882 1713 Cappadocia
2925 1645 3263 1699 venientibus
3287 1645 3423 1697 didi-

1860 1742 2024 1797 cisset
2071 1754 2193 1795 eum
2242 1737 2395 1807 longe
2449 1738 2879 1806 praestantiorem
2936 1737 3076 1789 viam
3124 1738 3421 1804 ingressum

1862 1849 2001 1897 esse,
2058 1841 2168 1886 tum
2219 1845 2347 1885 vero
2376 1830 2559 1883 beatos
2601 1827 2703 1882 sibi
2745 1838 2799 1880 et
2837 1827 3181 1896 Cappadoces
3207 1839 3257 1881 et
3281 1827 3425 1881 Basi-

1860 1925 1987 1978 lium
2023 1926 2166 1980 visos
2213 1937 2351 1977 esse.
2410 1919 2522 1974 Non
2574 1920 2845 1975 immerito
2899 1933 3028 1988 ergo
3062 1919 3172 1972 Itmc
3220 1918 3424 1971 Libanii

1862 2018 2091 2087 epistola
2136 2016 2374 2071 omnium
2411 2014 2585 2084 prima
2623 2014 2687 2065 ad
2730 2012 2981 2065 Basilium
3013 2011 3210 2081 scripta
3242 2010 3424 2063 videa-

1863 2124 1967 2169 tur.
2033 2112 2162 2166 Illud
2223 2113 2380 2164 etiam
2440 2108 2677 2164 occurrit
2722 2107 3060 2167 incommodi,
3119 2103 3259 2171 quod
3304 2119 3423 2157 cum

1861 2206 2061 2273 scripta
2128 2204 2370 2257 videatur
2431 2218 2536 2255 non
2600 2199 2780 2254 multis
2832 2199 2988 2252 annis
3041 2207 3159 2266 post
3196 2198 3424 2250 reditum

1862 2298 2043 2352 Basilii
2086 2296 2138 2350 in
2201 2293 2630 2363 Cappadociam,
2684 2304 2808 2346 tunc
2845 2302 3020 2344 tamen
3055 2290 3425 2359 presbyterum

1865 2391 2032 2444 fuisse
2090 2388 2344 2443 Basilium
2395 2395 2487 2439 aut
2540 2386 2849 2452 episcopum
2902 2398 2966 2436 ex
3019 2382 3125 2434 alio
3179 2380 3295 2434 loco
3333 2394 3427 2445 pa-

1866 2490 1994 2534 teat.
2066 2482 2155 2533 Sic
2211 2482 2351 2534 enim
2409 2477 2592 2545 incipit
2656 2475 2879 2529 Basilius
2934 2474 3208 2539 epistolam
3273 2470 3422 2526 357:

1866 2570 2001 2624 Ecce
2024 2570 2116 2623 tibi
2142 2580 2189 2623 et
2220 2571 2355 2623 alius
2384 2572 2514 2623 venit
2546 2567 2851 2635 Cappadox,
2880 2581 3019 2617 meus
3048 2576 3093 2616 et
3120 2567 3224 2631 ipse
3262 2563 3427 2629 ﬁlius.

1868 2661 2057 2716 Omnes
2086 2661 2218 2715 enim
2247 2662 2392 2714 nobis
2420 2662 2633 2725 adoptat
2671 2660 2903 2730 dignitas
2930 2658 3045 2723 illa,
3071 2659 3126 2712 in
3157 2674 3257 2727 qua
3294 2673 3430 2709 nunc

1866 2768 2065 2808 sumus.
2108 2751 2257 2807 Hanc
2274 2760 2449 2804 autem
2479 2749 2763 2817 epistolam
2793 2750 2947 2818 paulo
2972 2759 3091 2817 post
3123 2749 3429 2816 praeceden-

1868 2849 1973 2894 tem
2025 2841 2279 2909 scriptam
2337 2854 2456 2893 esse
2512 2848 2661 2908 patet
2709 2852 2774 2892 ex
2812 2840 3157 2907 responsione
3200 2838 3429 2893 Libanii.

1867 2930 1989 2986 Scio
2023 2942 2089 2997 te,
2135 2932 2328 3000 inquit,
2381 2932 2477 2983 hoc
2508 2931 2687 2983 crebro
2715 2932 3049 2998 scripturum,
3093 2929 3224 2983 Ecce
3250 2930 3341 2981 tibi
3382 2940 3429 2983 et

1869 3022 2006 3074 alius
2028 3023 2161 3075 venit
2186 3020 2489 3090 Cappadox.
2519 3020 2715 3075 Multos
2745 3037 2986 3091 namque,
3012 3030 3158 3090 puto,
3182 3021 3430 3074 misr-mss

1870 3128 1941 3165 es.
1974 3110 2219 3166 Nondum
2249 3126 2378 3178 ergo
2412 3111 2612 3165 multos
2662 3112 2887 3165 miserat
2932 3110 3177 3175 Basilius,
3212 3112 3304 3164 sed
3331 3111 3432 3164 ini-

1796 3227 1839 3286 ο
1876 3202 2004 3256 tium
2037 3200 2267 3257 ducebat
2312 3202 2559 3257 mittendi
2595 3212 2647 3256 et
2677 3202 2971 3257 scribendi.
3004 3204 3070 3254 At
3094 3202 3136 3255 si
3163 3210 3302 3254 tanta
3336 3202 3433 3255 fuit

1874 3294 2125 3349 Basiliam
2148 3295 2291 3350 inter
2327 3307 2381 3349 et
2414 3293 2695 3349 Libanium
2734 3294 3097 3357 necessitudo,
3133 3304 3330 3363 quanta
3365 3307 3433 3348 cx

1874 3387 1958 3443 bis
1991 3387 2180 3442 litteris
2228 3387 2576 3457 perspicitur,
2629 3387 2717 3440 vix
2753 3382 3009 3441 credibile
3053 3395 3135 3440 est
3176 3395 3289 3439 tum
3338 3386 3435 3437 de-

1877 3496 2018 3535 mum
2050 3481 2189 3535 inter
2215 3496 2309 3535 eos
2340 3480 2610 3533 silentium
2654 3480 2825 3549 rumpi
2857 3478 3108 3548 cmpisse,
3138 3494 3259 3533 cum
3284 3478 3437 3531 Basi-

1874 3572 1978 3629 lius
2012 3573 2316 3629 sacerdotio
2346 3571 2680 3643 fungeretur,
2719 3571 2768 3628 id
2801 3579 2902 3634 est,
2936 3569 3090 3623 annis
3122 3582 3307 3622 novem
3346 3577 3438 3621 aut

1876 3664 2059 3718 decem
2090 3652 2208 3734 post
2254 3664 2437 3718 Basilii
2468 3665 2695 3719 reditum
2739 3666 2789 3717 in
2837 3661 3249 3732 Cappadoriam.
3302 3657 3435 3721 Hoc,

1877 3755 2116 3823 inquam,
2148 3755 2238 3807 vix
2273 3753 2530 3806 credibile
2563 3762 2666 3811 est.
2704 3767 2765 3805 ac
2792 3762 3047 3820 praeterea
3082 3762 3281 3821 pugnat
3312 3763 3435 3804 cum

1876 3846 1976 3899 alia
2026 3846 2271 3912 cpistola,
2321 3847 2371 3898 in
2421 3860 2523 3913 qua
2563 3843 2823 3898 Basilium
2881 3844 3152 3897 laudatum
3203 3842 3437 3897 vidimus

1876 3938 2018 4007 quod
2048 3938 2194 4005 prior
2238 3936 2565 4005 scripsisset,
2591 3946 2728 4003 tum,
2758 3952 2878 3989 cum
2903 3935 3325 3988 adolescentium
3357 3936 3433 3987 in.

1879 4027 2265 4082 stituendorum
2298 4043 2492 4081 munus
2520 4028 2869 4095 suscepisset,
2912 4026 2965 4078 id
3010 4034 3095 4077 est
3123 4034 3247 4079 octo
3282 4025 3437 4079 anuis

1877 4128 2158 4187 antequam
2181 4119 2457 4188 presbyter
2481 4117 2651 4172 ﬁeret.

1947 4255 2214 4310 Praeterea
2251 4270 2315 4308 ex
2345 4253 2569 4320 epistola
2604 4252 2708 4305 545
2740 4252 3003 4323 colligitur
3028 4254 3305 4306 Libanium
3338 4252 3441 4303 lla-

1879 4348 1981 4406 Silii
2016 4344 2449 4413 condiscipulum
2499 4344 2702 4411 fuisse;
2748 4345 2863 4414 ipse
2891 4360 3017 4399 vero
3052 4343 3293 4411 magistri
3321 4357 3441 4394 llill-

1878 4456 1976 4495 nus
2025 4440 2345 4495 sustinuisse
2385 4454 2441 4491 se
2492 4438 2690 4491 indicat
2742 4438 2794 4490 in
2843 4438 3003 4505 epist.
3044 4435 3169 4489 555.
3203 4432 3335 4487 Nam
3386 4434 3437 4487 in

1879 4535 2050 4603 prima
2080 4532 2323 4601 queritur
2352 4530 2510 4598 quod,
2546 4545 2663 4583 cum
2694 4530 2747 4581 in
2792 4529 3042 4597 praetorio
3071 4530 3133 4582 de
3156 4541 3301 4580 more
3336 4542 3439 4577 una

1876 4639 1997 4678 cum
2036 4622 2234 4677 Basilio
2286 4632 2611 4684 versaretur,
2666 4635 2896 4687 eumque
2927 4626 3139 4689 rogaret
3174 4630 3232 4672 ut
3267 4632 3325 4671 se
3356 4618 3439 4669 in-

1876 4715 2187 4769 troduceret
2218 4714 2268 4766 in
2311 4711 2631 4781 profundum
2681 4708 2951 4764 llomerici
2991 4710 3212 4773 furoris,
3250 4708 3299 4761 id
3337 4710 3438 4759 im-

1874 4816 2090 4877 petrare
2145 4822 2246 4860 non
2280 4807 2527 4874 potuerit.
2574 4808 2627 4857 lu
2661 4803 2829 4856 altera
2887 4809 3065 4855 autem
3101 4799 3278 4855 Basilii
3314 4814 3440 4853 ora-

1875 4900 2075 4953 tionem
2116 4908 2301 4952 contra
2340 4896 2583 4951 ebriosos
2618 4897 2691 4949 sic
2728 4895 2932 4948 extollit
2969 4895 3233 4959 laudibus,
3280 4902 3335 4945 ut
3382 4907 3442 4948 se

1883 4990 2007 5044 talia
2042 4990 2185 5043 illum
2215 5004 2319 5043 non
2357 4989 2608 5043 docuisse
2636 4988 2884 5041 fateatur.
2921 4985 3183 5039 Videntur
3216 5000 3344 5053 ergo
3361 4986 3442 5037 Ine

1882 5081 2061 5137 Basilii
2096 5082 2158 5133 ad
2198 5079 2485 5133 Libanium
2519 5088 2572 5132 et
2617 5077 2826 5133 Libanii
2872 5077 2937 5130 ad
2968 5075 3220 5130 Basilium
3253 5074 3445 5129 littera:

1883 5172 1936 5226 in
1974 5171 2209 5224 maxime
2238 5167 2419 5221 dubiis
2446 5170 2722 5235 ponendze.

1953 5304 2043 5360 ιν.
2071 5305 2176 5361 Sex
2218 5312 2526 5373 sequentes,
2558 5312 2616 5355 ut
2660 5298 2944 5354 manifeste
2977 5295 3194 5366 spurize,
3237 5293 3303 5347 ab
3334 5308 3452 5347 om-

1885 5397 2041 5456 nibus
2074 5395 2286 5466 explodi
2321 5394 2541 5460 debent,
2590 5391 2635 5446 si
2676 5401 2852 5445 tamen
2899 5388 3135 5456 excipias
3186 5384 3448 5446 ultimam,

1886 5504 2049 5561 quam
2084 5487 2459 5543 'l'illemontius
2502 5499 2611 5540 non
2638 5483 2856 5537 omnino
2888 5478 3234 5548 rejiciendam
3276 5483 3447 5545 putat.

1888 5578 2137 5651 quamvis
2165 5576 2305 5631 illius
2337 5575 2573 5631 rationes
2594 5587 2700 5629 non
2729 5570 2876 5626 valde
2910 5566 3210 5639 probabiles
3235 5564 3363 5630 sint,
3392 5572 3453 5615 ut

1966 5777 2037 5919 θ
2065 5777 2160 5845 Ep.
2197 5776 2321 5830 552.

2024 5851 2042 5919 )
2070 5849 2164 5916 Ep.
2190 5846 2311 5902 556.

2024 5851 2042 5919 )
2070 5849 2164 5916 Ep.
2190 5846 2311 5902 556.
