4212 6490
742 458 845 502 CLX

2098 408 2631 475 PROLEGOMENA.

745 564 798 617 in
838 568 961 615 nota
991 556 1055 611 ad
1079 556 1220 609 hanc
1257 546 1541 617 epistolam
1579 539 2008 598 observavimus.
2029 538 2098 591 At
2122 538 2317 609 prima.
2348 536 2396 592 Α

2348 536 2396 592 Α
2423 525 2497 580 vel
2539 526 2803 583 manibus,
2838 516 2913 571 vel
2958 498 3198 580 precibus
3240 512 3350 577 cogi
3382 514 3575 578 posset,
3613 506 3848 562 arripere
3874 514 3992 556 stu-

742 652 997 728 qusmvis
1028 651 1077 701 in
1108 642 1342 699 concilio
1365 640 1596 711 septimo
1616 636 1779 690 citata
1814 632 1999 695 fuerit,
2029 630 2109 686 sic
2134 641 2312 684 tamen

747 722 1045 817 imaginum
1070 740 1279 796 cultum
1300 734 1560 797 defendit,
1584 740 1642 784 ut
1664 746 1784 785 eam
1813 730 1879 783 ab
1899 725 2077 794 aliquo
2099 722 2319 779 Graeco-

746 812 1033 897 rum'tunc
1063 834 1386 889 fabricatam
1417 828 1585 882 fuisse
1633 825 1857 894 liqueat,
1898 833 2022 873 cum
2048 818 2190 872 hunc
2215 812 2302 868 Ec-

745 933 924 991 clesia:
955 942 1109 983 usum
1142 923 1488 979 lconoelastte
1519 919 1922 987 impugnarunt.

814 1023 966 1090 Quod
996 1026 1203 1090 spectat
1229 1014 1295 1069 ad
1322 1012 1580 1083 epistolas
1615 1008 1799 1062 Basilii
1831 1006 1895 1059 ad
1923 1001 2314 1071 Apollinarium

741 1128 799 1171 et
834 1111 1147 1182 Apollinarii
1199 1110 1265 1163 ad
1294 1106 1572 1167 Basilium,
1606 1118 1727 1156 cum
1779 1102 1843 1155 de
1886 1098 2045 1151 rebus
2077 1110 2107 1149 e
2143 1093 2315 1146 media

748 1205 1015 1276 theologia
1059 1203 1303 1274 repetitis
1335 1202 1686 1268 pertractent,
1724 1194 1825 1245 hoc
1877 1189 1993 1257 ipso
2027 1183 2319 1257 peregrini-

757 1310 921 1354 tatem
962 1299 1265 1351 elamitaut.
1308 1286 1487 1343 Semel
1530 1286 1675 1340 enim
1709 1282 1937 1337 Basilius
1962 1282 2013 1336 in
2046 1283 2154 1334 vita
2185 1278 2320 1333 scri-

756 1391 860 1460 psit
884 1384 1239 1456 Apollinario,
1265 1392 1319 1437 ut
1349 1382 1462 1451 ipse
1489 1389 1565 1434 tot
1594 1378 1725 1432 locis
1750 1375 2011 1435 declarat,
2038 1374 2197 1440 idque
2222 1370 2322 1423 lai-

748 1496 845 1534 cus
881 1481 947 1534 ad
979 1478 1195 1543 laieum,
1235 1486 1290 1532 et
1323 1474 1457 1529 nihil
1482 1486 1702 1542 prorsus
1726 1470 1791 1523 de
1832 1466 1954 1531 title,
1989 1467 2079 1521 sed
2115 1471 2319 1516 tantum

750 1570 940 1625 amica:
992 1567 1338 1624 salutationis
1364 1579 1550 1618 causa.
1600 1560 1906 1616 Cotclerius
1953 1556 2043 1626 qui
2093 1566 2324 1623 quatuor

748 1662 962 1716 litteras
995 1662 1046 1714 in
1081 1660 1254 1714 lucem
1278 1658 1468 1722 edidit,
1505 1656 1810 1724 suppositas
1840 1646 2322 1719 abApollinaristis

747 1764 924 1823 putat,
959 1761 1036 1815 et,
1063 1752 1204 1819 quod
1226 1764 1310 1804 me
1332 1748 1507 1803 lateor
1547 1762 1651 1801 non
1680 1744 2145 1808 animadvertisse,
2170 1742 2323 1794 Aria-

747 1845 914 1900 nismi
941 1853 997 1899 et
1028 1842 1437 1913 Apollinarismi
1487 1838 1787 1894 seminibus
1835 1837 2125 1903 inspersas.
2181 1832 2321 1888 San-

745 1948 871 1995 etus
918 1938 1166 2009 Ephrsem
1210 1933 1581 1989 Antiochenus
1612 1932 1751 1999 apud
1796 1929 2042 1983 Photium
2083 1926 2159 1997 (η)
2192 1928 2322 1981 citat

747 2030 1033 2099 epistolam
1067 2028 1236 2083 sancti
1270 2025 1455 2080 Basilii
1495 2025 1561 2078 ad
1592 2022 2009 2091 Apollinarium,
2051 2030 2109 2073 ut
2133 2022 2322 2090 probet

748 2120 1036 2174 veritatem
1069 2118 1296 2170 duarum
1341 2116 1392 2169 in
1419 2129 1525 2169 una
1562 2127 1789 2181 persona
1833 2120 2168 2163 naturarum.
2218 2110 2322 2163 Sed

751 2213 867 2267 lucc
897 2208 1119 2279 epistola
1154 2209 1223 2263 ab
1253 2209 1339 2270 iis,
1360 2222 1495 2275 quas
1519 2206 1685 2259 edidit
1712 2202 2032 2265 Cotelerius,
2067 2202 2319 2271 distingui

750 2305 935 2366 debet,
955 2318 1074 2371 qua:
1098 2302 1227 2355 nihil
1257 2300 1604 2368 suppeditant
1636 2298 1894 2351 adversus
1911 2296 2274 2365 Entychianos
2304 2309 2319 2345 :

750 2410 901 2465 teque
922 2404 1100 2447 autem
1135 2408 1199 2447 ac
1230 2392 1344 2445 istac
1367 2391 1553 2461 spuria
1593 2400 1697 2455 est,
1722 2404 1843 2443 cum
1876 2401 2147 2454 nunquam
2180 2383 2325 2439 Basi-

750 2489 856 2542 lius
888 2489 954 2541 ad
992 2485 1389 2553 Apollinarium
1422 2484 1489 2539 de
1539 2483 1701 2537 rebus
1729 2476 2050 2548 dogmaticis
2091 2476 2325 2545 scripse-

753 2581 845 2634 iit.

1350 2665 1577 2724 CAPUT
1611 2663 1685 2721 XI
1713 2706 1725 2719 .

750 2762 1007 2819 [Basilii
1038 2777 1177 2815 mors
1205 2770 1251 2812 et
1283 2760 1461 2828 funus.
1501 2758 1564 2813 ΙΙ.
1610 2757 1765 2811 Illius
1808 2756 2122 2828 corporiset
2161 2754 2325 2828 animi

822 2836 1029 2919 efﬁgies.
1080 2830 1164 2886 Ill.
1216 2823 1431 2895 quanta
1465 2830 1532 2882 de
1582 2829 1674 2882 illo
1702 2826 1995 2880 exstiterint
2052 2823 2322 2875 hominum

816 2908 1047 2977 judicia.

823 2998 864 3054 ι.
894 2997 998 3053 Tot
1032 2994 1312 3051 laboribus
1339 3006 1436 3063 pro
1460 2989 1701 3046 Ecclesia
1722 2987 2036 3060 perfunctus
2066 2984 2323 3051 Basilius,

755 3088 1004 3160 pervenit
1036 3088 1249 3141 tandem
1289 3087 1354 3138 ad
1403 3096 1707 3138 extremam
1744 3081 1954 3147 horam,
1995 3094 2156 3150 quam
2184 3091 2327 3148 stepe

754 3190 815 3235 ut
844 3189 1164 3249 prtesentem
1208 3177 1514 3247 gravissimi
1566 3176 1737 3229 morbi
1777 3176 2198 3238 intentaverant,
2231 3171 2325 3226 sed

758 3275 899 3330 Deus
917 3271 1172 3328 Ecclesiae
1198 3268 1521 3324 utilitatibus
1550 3268 1839 3337 providens
1860 3275 2153 3322 averterat.
2185 3264 2327 3318 Pau-

760 3379 810 3424 to
839 3376 965 3421 ante
1015 3376 1241 3420 mortem
1272 3361 1370 3435 (ὁ),
1406 3375 1529 3417 eum
1556 3358 1671 3415 fere
1706 3366 1953 3411 mortuus
1976 3366 2032 3409 et
2061 3356 2329 3410 exanimis

759 3472 938 3525 esset,
976 3474 1170 3514 novum
1194 3455 1592 3527 quodammodo
1615 3452 1777 3507 robur
1801 3448 2017 3520 collegit
2042 3449 2109 3501 ad
2147 3457 2331 3501 extre-

760 3569 877 3608 mos
907 3564 1204 3613 sermones,
1236 3558 1293 3601 ut
1327 3562 1449 3601 cum
1473 3548 1690 3615 pietatis
1714 3543 1893 3600 verbis
1921 3541 2256 3604 abscederet,
2277 3549 2333 3593 et

761 3643 1089 3700 ﬁdelissimis
1112 3643 1224 3695 suis
1251 3639 1530 3707 discipulis
1577 3654 1793 3692 manum
1828 3637 2108 3706 imposuit,
2153 3650 2219 3690 ne
2244 3650 2333 3689 sa-

760 3736 1023 3802 crarium,
1069 3734 1246 3805 inquit
1281 3731 1574 3803 Gregorius
1597 3733 1692 3802 (e),
1739 3728 2151 3783 deiraudaretur
2192 3727 2333 3781 illius

761 3828 1043 3898 discipulis
1065 3836 1120 3882 et
1146 3826 1435 3881 sacerdotii
1461 3823 1819 3895 adiutoribus.
1839 3822 2122 3878 Concludit
2143 3836 2205 3875 ex
2234 3836 2335 3891 po-

764 3920 982 3975 stremis
1012 3918 1193 3974 verbis
1223 3916 1623 3979 Tillemontius,
1667 3916 1867 3985 quibus
1901 3913 2133 3968 Basilius
2161 3912 2335 3983 .disci-

766 4011 903 4080 pulis
957 4024 1173 4063 manum
1205 4010 1483 4077 imposuit,
1513 4023 1629 4070 eos,
1673 4008 1925 4075 cumjam
1954 4015 2113 4059 antea
2157 4014 2339 4059 essent

766 4104 909 4157 illius
940 4101 1229 4156 sacerdotii
1272 4100 1572 4170 adjutores,
1605 4100 1890 4167 episcopos
1915 4098 1966 4150 in
1991 4098 2126 4151 locis
2149 4097 2337 4151 catho-

764 4196 870 4251 lico
902 4196 1159 4265 episcopo
1200 4193 1511 4248 carentibus
1537 4192 1869 4248 constitutos
1905 4191 2072 4244 fuisse
2107 4204 2122 4244 :
2184 4188 2337 4257 cujus

767 4291 843 4346 rei
872 4291 1083 4361 copiam
1114 4289 1279 4342 dabat
1308 4303 1412 4356 pax
1472 4285 1729 4341 Ecclesia:
1750 4294 1871 4355 post
1893 4292 2119 4337 mortem
2148 4281 2339 4337 Valen-

767 4383 837 4437 tis
871 4382 1099 4436 reddita.
1128 4379 1233 4435 Sed
1267 4379 1379 4432 haec
1416 4377 1726 4445 conjectura
1759 4391 1862 4431 non
1897 4375 2086 4429 nititur
2131 4370 2339 4443 magnis

767 4472 1080 4527 momentis.
1108 4471 1406 4525 Saeerdotii
1453 4471 1595 4524 enim
1632 4468 1910 4536 adjutores
1938 4466 2044 4522 dici
2091 4474 2338 4535 possunt,

2417 618 2564 669 dens.
2604 614 2873 668 Dementes
2916 608 3053 661 enim
3103 624 3190 661 eos
3246 604 3521 658 calamitas
3567 595 3852 655 reddebat:
3903 611 3995 649 nec

2415 710 2692 779 quisquam
2723 716 2857 769 erat,
2894 702 2981 771 qui
3006 716 3106 751 non
3134 701 3365 767 aliquant
3396 694 3512 745 rita:
3546 709 3656 745 sua:
3689 698 3915 756 partem,
3947 688 3993 737 si

2418 778 2533 867 fieri
2566 812 2759 867 posset,
2793 796 2938 851 illius
2970 794 3086 847 vita:
3116 794 3309 846 addere
3350 796 3566 858 paratus
3603 795 3755 839 esset.
3793 778 3864 835 Ut
3896 793 3995 831 au-

2415 906 2516 947 tem
2569 893 2690 945 uicti
2734 899 2855 946 sunt
2908 884 3195 958 (oportebat
3257 884 3393 937 enim
3437 895 3553 934 eum
3600 878 3861 929 hominem
3906 873 3994 924 de-

2415 986 2687 1060 prehendi)
2713 996 2870 1038 ataue
2896 984 3004 1052 ipse
3030 987 3143 1047 post
3179 987 3411 1029 extrema
3440 975 3549 1028 harc
3573 970 3723 1023 rerba
3741 986 3759 1022 :
3786 969 3841 1023 ln
3876 981 3994 1021 ma.

2419 1101 2519 1140 nus
2554 1092 2673 1137 tuas
2713 1076 3035 1133 commendo
3052 1071 3299 1141 spiritum
3333 1086 3508 1125 meum
3539 1066 3635 1137 (e),
3661 1065 3799 1117 inter
3834 1078 3997 1133 ange-

2417 1178 2519 1242 los,
2554 1196 2584 1230 a
2609 1174 2799 1247 quibus
2828 1169 3183 1226 abducebatur
3203 1206 3218 1231 ,
3261 1165 3492 1217 animam
3523 1166 3671 1218 Icelus
3709 1157 3996 1221 exhalat-it,

2419 1290 2522 1326 non
2546 1282 2663 1323 ante
2707 1280 2879 1320 tamen
2917 1279 3077 1335 quant
3109 1266 3443 1314 sacrosancta
3480 1256 3720 1309 doctrina
3745 1267 3853 1313 eos,
3906 1251 3996 1317 qui

2418 1365 2661 1422 aderant,
2712 1358 2949 1412 nonnihil
2993 1352 3344 1414 instruxisset,
3376 1350 3724 1417 extremisque
3746 1340 3994 1411 alloquiis

2421 1456 2661 1509 meliores
2716 1450 3007 1517 effecisset;
3062 1456 3171 1500 tum
3205 1458 3321 1495 sero
3367 1437 3682 1493 miraculum
3736 1433 3995 1493 omnium,

2420 1564 2533 1617 qua
2570 1558 2793 1614 unquam
2835 1540 3045 1608 fuerunt
3075 1534 3462 1590 celeberrimum
3494 1528 3822 1598 designatur.
3859 1525 4001 1593 Effe-

2424 1643 2637 1695 rebatnr
2659 1637 2736 1691 vir
2759 1642 2995 1692 sanctus.
3031 1640 3331 1685 sanctorum
3351 1629 3579 1678 virorum
3626 1619 3869 1673 manibus
3888 1619 4003 1673 ela-

2424 1744 2506 1785 tus
2538 1749 2556 1785 :
2578 1727 2929 1795 unusquisque
2968 1734 3138 1775 autem
3171 1735 3378 1781 onerant
3408 1717 3589 1779 dabat,
3622 1713 3758 1765 alius
3788 1721 3843 1763 ut
3885 1711 4005 1778 ﬁm—

2427 1823 2614 1881 briam,
2643 1819 2781 1871 alius
2813 1828 2867 1869 ut
2915 1817 3178 1874 umbram,
3211 1810 3351 1864 alius
3386 1818 3443 1862 ut
3496 1806 3808 1874 sacriferum
3836 1801 4003 1854 lectu-

2359 1894 2398 1948 Β
2424 1916 2529 1968 lum
2558 1915 2829 1978 arriperet,
2863 1927 2924 1964 ac
2956 1907 3032 1963 cel
3063 1905 3233 1961 solum
3262 1907 3538 1974 attingeret
3574 1899 3721 1971 (quid
3753 1897 3891 1951 enim
3910 1893 4003 1947 illo

2422 2022 2637 2075 corpore
2666 2009 2893 2060 sanctius
2928 2014 2974 2058 et
3004 2003 3187 2071 purius
3206 2000 3275 2069 2’),
3303 2000 3439 2053 alius
3481 2007 3533 2050 ut
3555 1995 3767 2064 propius
3801 1991 3870 2045 ad
3894 2004 4002 2052 eos,

2422 2099 2509 2166 qui
2548 2114 2735 2162 corpus
2778 2095 3035 2164 ferebant,
3073 2096 3358 2156 accederet,
3391 2090 3531 2143 alius
3569 2098 3622 2140 ut
3651 2096 3865 2155 aspectu
3893 2083 4003 2137 solo

2424 2188 2707 2253 frueretur,
2750 2194 3000 2252 tanquam
3031 2196 3090 2233 eo
3118 2195 3321 2247 quoque
3355 2178 3601 2231 utilitatis
3635 2175 3839 2242 aliquid
3868 2173 4003 2241 olfe-

2424 2285 2585 2333 rente.
2617 2273 2783 2329 Plena
2804 2284 2950 2328 erant
2981 2275 3121 2341 fora,
3154 2270 3407 2339 porticus,
3433 2267 3660 2335 duplicia
3699 2277 3747 2317 et
3773 2263 4003 2332 triplicia

2427 2370 2688 2433 tabulata,
2716 2369 2984 2421 hominum
3021 2362 3405 2424 deducentium,
3433 2358 3800 2426 pra-euntium,
3824 2370 4007 2423 prose-

2427 2464 2717 2531 quentium,
2757 2460 3152 2520 assectantium,
3182 2458 3241 2509 in
3268 2470 3322 2509 se
3349 2453 3567 2506 invicem
3607 2449 4002 2511 insultantium,

2426 2556 2591 2608 multa
2639 2553 2807 2607 millia
2848 2552 3115 2604 hominum
3158 2547 3326 2602 omnis
3363 2544 3564 2614 generis
3591 2552 3641 2597 et
3675 2542 3854 2597 letalis
3884 2550 4007 2594 ante

2427 2660 2545 2697 eum
2575 2645 2713 2696 diem
2738 2641 3027 2710 incognita.
3061 2638 3382 2693 Psalmodia:
3406 2653 3437 2690 α
3477 2635 3619 2689 luctu
3644 2634 4006 2697 vincebantur,

2431 2733 2686 2799 patientia
2706 2732 2905 2784 doloris
2937 2729 3297 2799 magnitudine
3326 2724 3687 2797 frangebatur.
3720 2724 4007 2776 Certabant

2428 2824 2590 2876 nostri
2641 2837 2758 2875 cum
2792 2824 3003 2881 exteris,
3055 2837 3172 2874 cum
3223 2821 3462 2881 ethnicis,
3510 2816 3733 2877 Jul/tris,
3770 2814 4005 2876 advenis,

2427 2914 2565 2984 iique
2592 2912 2819 2967 uicissim
2844 2910 3133 2974 nobiscum,
3164 2910 3296 2962 utris
3319 2908 3579 2961 uberiores
3608 2908 3856 2975 lacryma?
3887 2910 4011 2960 ube-

2428 3009 2619 3060 riorem
2682 3005 2965 3057 utilitatem
3011 3000 3289 3072 allerrent.
3336 3000 3573 3069 Denique
3621 3000 3899 3053 calamitas
3949 3015 4009 3053 ea

2430 3098 2485 3152 in
2525 3097 2812 3167 periculum
2842 3094 3015 3149 desiit.
3069 3092 3251 3147 Multa'
3286 3093 3419 3145 enim
3470 3091 3661 3145 animte
3690 3107 3755 3145 ει
3800 3092 3849 3145 oi
3883 3108 4010 3158 pro-

2433 3189 2679 3243 trusionis
2716 3197 2763 3242 et
2806 3185 3207 3256 compressionis
3244 3200 3348 3236 uno
3381 3199 3499 3235 cum
3530 3198 3588 3237 eo
3618 3189 3959 3236 excesserunt
3988 3196 4006 3232 :

2432 3299 2551 3353 qute
2598 3283 2757 3351 hujus
2796 3280 2915 3349 ﬁnis
2963 3280 3170 3331 nomine
3208 3277 3384 3347 {elices
3426 3276 3725 3345 prmu’icala:
3757 3282 3899 3334 sunt,
3956 3282 4009 3325 ut

2436 3377 2685 3429 discessus
2722 3376 2885 3443 ipsius
2922 3375 3099 3437 sociw,
3149 3382 3305 3441 atque
3354 3380 3408 3422 ut
3452 3369 3819 3439 ferventiorum
3864 3365 4013 3435 quis-

2431 3469 2573 3538 piam
2607 3468 2822 3529 dixerit,
2858 3466 3097 3528 funebres
3134 3465 3373 3516 uictimte.
3406 3460 3633 3513 Tandem
3666 3472 4012 3520 corpus,cum

2434 3559 2749 3627 rapientium
2778 3572 2961 3608 manus
2990 3557 3076 3608 cia:
3108 3554 3393 3622 e/Iugisset,
3424 3567 3484 3603 ac
3527 3558 3891 3617 prosequentes
3923 3562 4015 3600 sst-

2432 3658 2681 3717 perasset,
2701 3648 2753 3699 in
2780 3657 3051 3710 parentum
3069 3644 3306 3709 sepulcro
3339 3642 3606 3705 conditur,
3629 3657 3691 3693 uc
3718 3639 4015 3693 sacerdoti-

2434 3743 2526 3797 bus
2562 3738 2891 3795 sacerdotum
2926 3738 3191 3807 princeps,
3210 3732 3641 3805 prtedica'toribns
3670 3749 3865 3802 magna
3892 3750 4014 3797 vox,

2435 3835 2661 3906 meisque
2688 3832 2903 3887 auribus
2928 3833 3200 3895 insonans,
3238 3826 3557 3899 martyribus
3582 3834 3785 3898 martyr
3817 3826 4014 3897 adjun-

2436 3928 2600 3998 gitur.

2509 4017 2688 4072 Basilii
2722 4030 2867 4070 mors
2919 4014 3050 4085 ipsis
3088 4014 3253 4068 etiam
3304 4010 3552 4066 veritatis
3589 4008 3825 4063 inimicis
3860 4008 4015 4064 dolo-

2440 4124 2553 4162 rem
2583 4107 2763 4161 attulit
2808 4104 3167 4158 admiratione
3212 4111 3371 4154 tanta:
3397 4100 3615 4153 virtutis
3652 4115 3666 4151 :
3725 4101 4017 4167 quominus

2440 4202 2658 4267 mirum,
2691 4200 2735 4253 si
2775 4195 3070 4266 Gregorius
3096 4202 3150 4248 et
3178 4192 3414 4247 Maerina
3444 4200 3499 4244 et
3536 4206 3634 4245 suo
3660 4200 3713 4244 et
3762 4190 4018 4244 Ecclesiae

2439 4293 2766 4348 detrimento
2792 4288 3097 4345 doluerunt.
3124 4286 3229 4338 Sed
3267 4295 3444 4339 tamen
3470 4282 3805 4354 Macrinam
3828 4298 3857 4336 a
3884 4296 4013 4336 con-

2439 4382 2671 4447 stantia,
2706 4394 2870 4449 quam
2910 4378 2963 4433 in
2998 4375 3251 4432 omnibus
3281 4375 3442 4429 rebus
3489 4374 3763 4440 servabat,
3795 4372 4017 4425 minime

2440 4472 2710 4535 discessit.
2745 4483 2810 4523 ac
2842 4468 3156 4539 episcopum
3203 4463 3429 4519 fratrem
3464 4464 3679 4519 videtur
3713 4464 3815 4516 hac
3850 4462 3905 4515 in
3959 4473 4018 4515 re

768 4564 1074 4633 quicunque
1104 4563 1302 4617 Basilio
1335 4577 1552 4634 operam
1597 4561 1649 4615 in
1702 4559 1955 4616 Ecclesia:
1996 4560 2342 4616 administra-
2374 4584 2416 4639 υ
2445 4578 2749 4635 superasse.
2782 4560 2915 4615 Nam
2941 4575 3063 4614 cum
3096 4557 3254 4611 ambo
3281 4569 3471 4610 novem
3500 4562 3621 4624 post
3657 4551 3839 4607 Basilii
3874 4566 4017 4607 ιηοιι.

770 4657 916 4709 tione
950 4655 1242 4708 navabant.
1277 4653 1340 4709 ili
1381 4668 1511 4723 ergo
1539 4668 1603 4707 es
1635 4653 1782 4706 clero
1812 4650 2069 4706 interiore
2100 4653 2334 4717 diaconi,

768 4747 856 4801 vel
885 4761 952 4801 ex
990 4746 1239 4802 diaconis
1257 4746 1562 4817 presbyteri
1593 4758 1622 4797 a
1650 4742 1852 4797 Basilio
1881 4741 2126 4798 ordinari
2152 4753 2340 4811 potue-

772 4850 919 4897 runt.
964 4839 1243 4908 Quomodo
1289 4850 1468 4893 autem
1522 4834 1971 4909 pretiosissimam
2010 4850 2191 4891 coram
2229 4835 2338 4889 Deo

770 4942 999 4988 mortem
1027 4933 1245 4993 obierit,
1264 4939 1316 4984 et
1332 4946 1492 4999 quam
1522 4926 1751 4983 mirabili
1776 4926 2051 4979 hominum
2077 4939 2341 4980 concursu

770 5022 1015 5093 sepultus
1031 5023 1210 5083 fuerit.
1224 5024 1439 5091 egregie
1461 5019 1714 5074 describit
1733 5016 2025 5087 Gregorius
2044 5014 2343 5069 Nazianze-

774 5132 891 5170 nus.
909 5114 1125 5168 Jacehat
1152 5116 1259 5179 ille,
1282 5113 1573 5183 iuquit(d),
1597 5123 1854 5166 extremos
1883 5110 2096 5179 spiritus
2119 5111 2342 5171 ducens,

772 5214 929 5273 atque
963 5222 995 5257 a
1028 5205 1219 5258 ccclein
1257 5208 1437 5265 choro,
1488 5205 1558 5255 ad
1604 5218 1758 5272 quem
1805 5200 2127 5270 jampridem
2161 5200 2343 5252 oculo-

772 5311 889 5349 rum
920 5297 1084 5349 aciem
1128 5298 1447 5358 intendebat,
1494 5297 1776 5355 expetitus.
1812 5294 2001 5363 E/Iusa
2032 5306 2205 5345 autem
2237 5292 2345 5344 cir-

771 5409 890 5445 cum
926 5408 1040 5445 eum
1069 5404 1178 5447 erat
1210 5404 1317 5445 tota
1349 5392 1553 5453 civitas,
1590 5392 1857 5460 jncturam
1903 5391 2035 5442 hanc
2077 5388 2345 5457 tegerrime

774 5481 969 5550 ferens,
1008 5501 1070 5537 ac
1123 5486 1427 5544 discessum.
1461 5484 1674 5553 perinde
1708 5493 1761 5535 ut
1802 5481 2155 5551 tyrannidem,
2190 5496 2347 5531 accu-

771 5586 919 5637 sons,
953 5573 1167 5643 ejusque
1202 5577 1432 5628 animam
1462 5592 1561 5629 non
1592 5592 1737 5629 secus
1776 5590 1838 5629 ac
1865 5576 1911 5629 si
1943 5572 2171 5636 retineri,
2194 5580 2348 5639 atque

853 5715 928 5781 (η)
952 5714 1226 5770 Οοιί.915.

858 5788 932 5858 (b)
954 5785 1093 5858 _Naz.
1132 5802 1213 5842 ur.
1239 5786 1329 5851 20,
1362 5802 1413 5858 p.
1454 5784 1578 5845 370.

859 5856 930 5924 (ο)
952 5856 1083 5909 Ibid.

856 5926 936 5995 (tt)
967 5926 1059 5983 0r.
1087 5926 1173 5983 ‘20.

2442 4666 2550 4713 tem
2586 4655 2867 4710 mensibus
2901 4652 3361 4720 colloquerentur,
3400 4663 3465 4702 ac
3492 4648 3559 4701 de
3598 4646 3766 4701 lratre
3794 4643 4021 4699 incidis-

2444 4760 2527 4803 set
2556 4746 2781 4810 mentio,
2821 4742 3066 4813 Gregorii
3090 4740 3246 4794 dolor
3264 4740 3446 4793 statim
3466 4736 3759 4801 recruduit,
3787 4749 3854 4789 ac
3884 4750 4021 4791 mm-

2447 4842 2593 4897 stitia
2639 4839 2819 4892 vultus
2848 4847 2902 4891 et
2943 4834 3198 4906 laerymis
3246 4832 3491 4901 proditus
3516 4839 3642 4883 est:
3678 4837 3733 4881 at
3778 4825 4021 4882 Maerina

2451 4931 2742 4987 immobilis
2759 4929 2983 4991 exstitit,
3011 4942 3075 4981 ac
3097 4928 3231 4980 tanti
3258 4926 3358 4980 viri
3380 4921 3754 4980 recordatione
3776 4922 4020 4976 animum

2447 5028 2514 5079 ad
2542 5024 2911 5078 sublimiorem
2946 5020 3338 5089 philosophiam
3365 5016 3589 5072 arrexit.

2517 5115 2741 5170 Videtur
2785 5112 3081 5183 Gregorius
3131 5110 3405 5181 Nyssenus
3450 5104 3697 5159 ttiorienti
3730 5102 3887 5157 fratri
3928 5099 4022 5156 ad-

2448 5206 2637 5271 fuisse,
2689 5205 2771 5260 vel
2800 5207 2995 5259 saltem
3050 5204 3235 5257 audita
3279 5201 3425 5256 illius
3465 5205 3639 5251 morte
3690 5195 4019 5248 accurrisse.

2450 5298 2583 5353 Nam
2658 5296 2951 5368 Gregorius
3014 5294 3388 5349 Nazianzenus
3453 5288 3713 5343 Seleucia:
3775 5286 4023 5339 detentus

2451 5392 2598 5460 gravi
2634 5400 2687 5444 et
2711 5390 3017 5459 periculoso
3046 5388 3231 5441 morbo
3256 5396 3545 5438 maerorem
3593 5394 3749 5435 suum
3779 5376 4022 5447 Nysseno

2451 5477 2721 5546 signiﬁcat
2750 5475 2847 5547 (g),
2879 5476 3021 5545 quod
3055 5476 3102 5528 ei
3126 5488 3188 5527 ac
3212 5470 3587 5527 communibus
3612 5466 3799 5521 altricis
3833 5466 3887 5518 in
3919 5467 4022 5520 hoc

2456 5572 2593 5626 tristi
2648 5582 2842 5625 eventu
2900 5570 3112 5631 adesse,
3147 5574 3201 5622 et
3254 5574 3500 5620 sanctum
3548 5560 3733 5617 Basilii
3776 5557 4023 5615 cinerem

2529 5709 2600 5778 (ε)
2626 5708 2765 5778 l‘sal.
2803 5723 2929 5778 xxx‘,
2950 5708 3001 5759 ϐ.

2530 5772 2598 5850 (Π
2638 5777 2740 5850 Yit.
2772 5778 2831 5831 S.
2862 5775 3054 5850 M_a_cr.,
3080 5789 3131 5845 p.
3160 5772 3282 5829 189.

2532 5846 2608 5921 (g)
2637 5846 2762 5902 Νη.
2794 5864 2877 5917 cp.
2902 5846 2988 5901 57.
