4212 6498
1545 450 1702 506 νιτλ
1740 450 1797 503 5.
1839 450 2107 507 BASILII.

3322 462 3451 505 ειη

196 568 498 625 exosculari
536 581 648 621 non
705 568 901 638 possit.
931 565 1281 621 Caesariensis
1324 566 1578 623 Ecclesia:
1622 578 1773 623 tanto
1802 571 1848 626 Δ
1873 572 2077 630 modus.
2111 578 2219 623 tum
2255 567 2413 622 etiam
2460 569 2524 622 ad
2561 564 2875 640 loquendum
2904 562 3120 617 minime
3147 571 3449 630 promptum

204 667 523 716 ornamento
551 659 801 726 spoliata:
847 656 1077 709 solitudo
1120 657 1219 723 (α),
1262 657 1619 724 spectaculum
1662 664 1781 711 erat

210 750 463 818 Gregorio
495 748 845 805 Nazianzeno
878 762 1097 815 prorsus
1127 746 1483 802 intolerabile.
1504 746 1618 815 Ipse
1654 760 1781 801 vero

212 850 449 897 mortuus
482 858 553 897 ex
609 839 785 893 media
838 848 989 906 parte
1036 848 1089 891 et
1122 838 1386 893 dissectus
1426 838 1530 892 sibi
1560 838 1780 893 videba-

212 946 299 988 tur
335 933 430 1001 (ὁ),
471 934 675 989 amisso
710 931 801 984 tali
838 932 1005 990 socio.
1036 946 1065 985 a
1099 947 1205 1000 quo
1232 934 1395 985 etiam
1438 945 1531 998 per
1558 940 1779 985 nocturo

211 1039 309 1079 nas
339 1026 593 1085 visiones,
621 1033 675 1075 ut
707 1022 835 1077 olim
864 1037 984 1076 cum
1012 1026 1235 1083 viveret,
1281 1024 1673 1077 admonebatur
1725 1030 1780 1075 et

211 1119 597 1187 castigabatur,
625 1116 666 1169 si
702 1114 829 1183 quid
862 1114 1079 1169 fecisset
1104 1115 1277 1167 minus
1301 1115 1514 1169 decore.
1548 1115 1779 1169 Carmen

209 1207 438 1264 funebre
467 1207 751 1261 duodecim
784 1208 854 1277 (c)
878 1248 893 1271 ,
920 1216 977 1261 ut
1007 1209 1123 1273 ipse
1155 1206 1403 1275 appellat,
1430 1208 1781 1278 epigramma-

210 1302 302 1355 tiis
320 1307 597 1361 constans,
637 1300 716 1353 sui
759 1300 811 1353 in
841 1297 1093 1352 Basilium
1140 1300 1339 1352 amoris
1376 1304 1777 1353 monumentum

209 1407 333 1448 esse
359 1390 545 1445 voluit.
584 1390 689 1447 Sed
727 1393 893 1446 multo
924 1390 1140 1445 uberius
1174 1392 1285 1444 desi
1311 1391 1441 1446 lerio
1477 1404 1575 1444 suo
1615 1388 1778 1443 satis-

210 1483 365 1545 fecit,
401 1497 526 1536 cum
567 1498 815 1539 reversus
843 1481 1304 1549 ConstantinOpoli
1338 1482 1390 1534 in
1435 1479 1633 1535 Basilio
1659 1480 1778 1533 exi-

209 1575 318 1629 mia
355 1576 602 1629 oratione
629 1571 893 1627 laudando
921 1586 1111 1626 omnes
1146 1571 1344 1641 ingenii
1378 1580 1433 1627 et
1459 1570 1778 1638 eloquentiae

208 1670 353 1721 vires
412 1666 668 1737 profundit.
703 1664 958 1719 Testatur
991 1664 1069 1732 (it)
1110 1662 1217 1730 jam
1255 1663 1688 1733 multospublice
1716 1676 1779 1717 ac

208 1758 463 1825 privatim
523 1758 622 1810 hoc
682 1754 930 1810 laudandi
966 1753 1149 1807 Basilii
1193 1767 1415 1807 munere
1464 1752 1776 1821 perfunctos

209 1846 399 1900 fuisse.

1879 679 2005 726 esse,
2069 666 2158 718 sed
2212 659 2573 730 utplurimum
2635 658 3043 731 cogitabundum
3100 665 3258 726 atque
3306 656 3451 709 intro

1878 755 2147 808 collectum
2180 752 2253 822 (id
2272 752 2408 821 quod
2428 752 2577 803 ntulti
2606 768 2708 806 non
2730 757 2865 804 recte
2888 749 3177 808 imitantes.
3206 762 3297 799 nec
3324 749 3448 799 ani-

1880 849 2281 909 maduertentes,
2318 846 2372 898 in
2416 844 2652 897 odiosam
2693 841 2977 912 quamdam
3003 840 3269 894 tristitiam
3314 836 3447 891 iaci-

1878 940 2119 1009 derunt);
2152 938 2303 993 uestis
2326 936 2483 990 etiam
2512 951 2695 1005 genus,
2728 946 2772 987 et
2800 931 2979 987 lectuli
3010 933 3221 995 species,
3258 940 3305 986 et
3346 927 3449 982 cibi

1878 1032 2117 1084 sumendi
2156 1027 2341 1083 modus
2374 1041 2393 1079 :
2417 1042 2637 1095 quorum
2676 1024 2804 1076 nihil
2826 1022 2913 1077 ille
2945 1022 3125 1075 dedita
3160 1039 3333 1087 opera,
3356 1019 3448 1073 sed

1877 1124 2182 1190 simpliciter
2203 1141 2264 1177 at:
2292 1120 2512 1191 fortuito
2544 1118 2844 1186 factitabat.
2883 1116 2955 1167 Ac
2990 1113 3182 1167 multos
3200 1114 3305 1179 iam
3341 1112 3447 1167 Ba-

1878 1214 2027 1268 silios
2066 1217 2231 1281 specie
2262 1223 2409 1267 tenus
2446 1213 2621 1267 uidere
2660 1209 2804 1272 licet,
2847 1217 3054 1261 statuas
3110 1204 3357 1259 nimirum
3392 1205 3447 1258 in

1880 1306 2113 1370 umbris;
2153 1307 2375 1358 multum
2415 1305 2550 1355 enim
2589 1300 2745 1371 fuerit
2776 1299 2821 1351 si
2866 1297 3130 1364 repetitam
3162 1293 3339 1347 Ecltus
3357 1310 3448 1346 tto-

1880 1415 1987 1453 eem
2012 1414 2121 1452 esse
2142 1399 2346 1450 dixero.
2373 1394 2509 1448 Nam
2537 1394 2629 1446 illa
2658 1389 2893 1460 quamvis
2920 1398 3230 1453 postremam
3252 1388 3447 1439 dunta—

1878 1498 1969 1544 xat
2002 1488 2141 1541 cocis
2188 1496 2387 1555 partem
2420 1482 2714 1549 expressius
2755 1492 2927 1533 tamen
2943 1476 3165 1545 eﬁiugit,
3194 1476 3245 1525 lii
3275 1486 3450 1527 autent

1880 1581 2087 1647 longius
2111 1578 2175 1631 ab
2203 1595 2262 1630 eo
2287 1576 2503 1637 distant,
2525 1588 2680 1644 quam
2713 1582 2964 1641 quantum
2994 1568 3240 1622 accedere
3257 1581 3450 1617 concu-

1878 1676 2103 1741 piscunt.
2148 1668 2291 1722 Illud
2318 1684 2432 1722 vero
2458 1683 2559 1719 non
2582 1666 2695 1735 jam
2724 1664 2891 1731 parvi,
2930 1663 3018 1715 sed
3053 1658 3449 1713 maximietiam

1880 1761 2122 1815 momenti
2182 1761 2248 1812 ad
2304 1758 2526 1828 gloriam
2597 1752 2738 1806 haud
2794 1750 3050 1803 immerito
3094 1748 3447 1806 existimatur,

1879 1853 2306 1906 consuetudinem
2343 1865 2457 1902 cum
2488 1864 2545 1901 eo
2582 1844 2867 1914 aliquando
2908 1841 3170 1900 habuisse,
3201 1848 3289 1890 aut
3334 1854 3449 1889 eum

281 1933 566 1990 Prmclaris
596 1936 755 1991 etiam
782 1934 1114 1992 orationibus
1138 1934 1421 1990 laudarunt
1448 1936 1504 1991 S.
1530 1936 1777 2006 Ephra-m
1811 1928 1853 1984 Β
1882 1944 2120 2005 coluisse,
2176 1950 2265 1993 aut
2320 1942 2585 2008 quidpiam
2636 1938 2700 1989 ab
2726 1953 2783 1990 eo
2809 1933 2934 2004 joco
2976 1934 3050 1985 rel
3086 1933 3220 1985 serio
3254 1932 3451 1982 dicllm

208 2039 263 2085 et
311 2042 531 2087 sanctus
588 2032 880 2102 Gregorius
934 2030 1226 2103 Nysscnus.
1276 2030 1420 2084 Nihil
1474 2032 1646 2083 dicam
1716 2032 1782 2085 de

210 2121 269 2178 S.
283 2125 685 2192 Amphilochio,
702 2125 785 2176 cui
804 2124 977 2179 oratio
1004 2122 1315 2178 attribuitur
1342 2122 1393 2174 in
1414 2132 1658 2174 sanctum
1677 2118 1781 2173 Ba-

210 2216 388 2269 siliqu
420 2215 537 2283 ipso
569 2213 1010 2271 Circumcisionis
1042 2215 1127 2269 die
1161 2212 1526 2282 pronuntiata,
1555 2227 1661 2281 quo
1686 2212 1785 2265 Ba-

212 2307 370 2362 silius
415 2308 663 2377 migravit
714 2308 763 2361 iu
809 2308 1025 2363 caelum.
1078 2306 1200 2360 Hac
1234 2305 1430 2369 oratio,
1483 2305 1663 2358 itidem
1727 2312 1785 2359 ut

211 2409 416 2470 septem
457 2398 575 2454 alite
607 2417 636 2453 a
673 2398 998 2455 Cumbellsio
1041 2399 1138 2452 sub
1173 2397 1535 2467 Amphilochii
1569 2396 1785 2452 nomine

211 2491 263 2544 in
293 2492 468 2545 lucem
500 2492 679 2553 editm,
715 2489 957 2558 pluribus
992 2490 1207 2544 videtur
1261 2506 1365 2545 non
1420 2490 1783 2544 certissimum

209 2600 329 2639 esse
362 2594 791 2641 monumentum,
813 2585 1059 2650 quamvis
1090 2597 1193 2637 non
1227 2591 1332 2635 tam
1358 2582 1641 2634 manifeste
1662 2597 1784 2647 spu-

212 2680 287 2728 ria
340 2676 434 2738 sit,
468 2688 629 2743 quam
686 2673 868 2727 Basilii
919 2673 1034 2726 Vita
1080 2672 1254 2727 eidem
1284 2670 1457 2725 allicta
1504 2670 1783 2739 Amphilo-

210 2765 351 2818 chio.

278 2857 344 2912 Il.
375 2857 563 2913 Sancti
600 2856 787 2911 Basilii
821 2855 1044 2927 eﬂigiem
1097 2857 1176 2911 sic
1228 2854 1552 2924 descriptam
1588 2853 1789 2923 reperit

208 2948 470 3005 Baroniu-s
506 2953 575 3018 te)
608 2955 656 3005 in
684 2966 950 3021 anonymo
984 2949 1274 3005 Vaticano:
1308 2948 1529 3019 Magnus
1552 2947 1785 3001 Basilius

207 3055 423 3105 procero
446 3038 547 3105 [nit
578 3042 757 3091 habitu
789 3040 1019 3104 corporis
1047 3049 1094 3091 et
1129 3049 1287 3099 recto,
1311 3039 1504 3099 siccus,
1530 3039 1742 3107 gracilis
1765 3054 1784 3100 ;

206 3130 351 3184 color
376 3128 495 3199 ejus
537 3130 737 3198 fuscus,
777 3130 945 3181 vultus
994 3138 1314 3196 temperatus
1347 3130 1569 3196 pallore,
1604 3128 1783 3195 justus

206 3240 390 3287 nasus,
423 3223 706 3293 supercilia
735 3224 787 3275 in
809 3220 980 3275 orbem
1004 3222 1197 3291 inflexa
1222 3232 1267 3275 et
1293 3224 1554 3285 adducta;
1582 3220 1786 3289 cogita-

206 3316 383 3371 διιεάο
412 3318 603 3371 similis
634 3317 759 3387 fuit,
793 3331 973 3384 pauca:
1001 3315 1052 3368 ia
1082 3315 1223 3369 vultu
1258 3330 1421 3384 rugae,
1450 3330 1621 3383 eisque
1646 3314 1786 3367 reni-

204 3410 411 3473 dentes,
445 3426 592 3478 gente
620 3410 875 3476 oblongis,
896 3420 1125 3477 tempora
1151 3410 1475 3478 aliquantum
1494 3423 1641 3471 cava,
1658 3424 1786 3477 pro-

204 3500 374 3553 missa
398 3500 562 3552 barba
586 3510 631 3552 et
671 3499 945 3551 mediocris
977 3500 1212 3553 canities.

278 3592 433 3645 Illius
468 3591 634 3644 animi
663 3590 860 3656 eﬂigies
886 3604 952 3642 ex
984 3594 1143 3645 rebus
1168 3592 1352 3661 gestis,
1386 3605 1525 3660 quas
1560 3603 1787 3644 enarra-

206 3700 267 3740 re
289 3684 477 3740 conati
509 3698 719 3746 sumus,
756 3683 888 3737 satis
908 3684 1251 3751 perspicitur.
1284 3683 1400 3754 Ipse
1436 3698 1562 3736 vero
1587 3698 1709 3738 sese
1732 3682 1784 3735 in

205 3777 433 3846 scriptis
463 3790 529 3829 ac
566 3774 863 3844 praesertim
893 3774 945 3827 in
990 3772 1231 3841 epistolis
1262 3774 1487 3827 mirifice
1527 3773 1784 3842 depingit.

208 3868 362 3923 Illius
405 3870 650 3940 gravitas
678 3877 731 3923 et
776 3865 1078 3921 constantia
1117 3865 1388 3919 nonnullis
1420 3865 1591 3918 fastus
1617 3874 1672 3916 et
1707 3879 1790 3916 su-

205 3964 397 4031 perbia
434 3976 559 4016 esse
596 3963 898 4020 videbatur,
926 3960 1020 4011 scd
1048 3958 1382 4013 demonstrat
1410 3955 1701 4026 Gregorius
1720 3952 1787 4022 (ι’)

204 4054 488 4110 neminem
532 4054 600 4107 ab
623 4054 726 4108 hoc
756 4053 885 4108 vitio
916 4050 1083 4120 magis
1114 4050 1347 4103 alienum
1393 4047 1577 4111 fuisse,
1629 4062 1788 4115 quam

203 4144 491 4208 Basilium,
545 4145 637 4214 qui
666 4158 730 4198 ne
776 4143 1014 4214 leprosos
1044 4142 1257 4210 quidem
1296 4139 1597 4195 deosculari
1641 4139 1791 4190 dedi-

202 4238 502 4305 gnabatur.
545 4236 676 4290 Erat
731 4236 873 4290 illius
904 4234 1164 4289 severitas
1209 4248 1415 4287 summa
1459 4230 1791 4299 benignitate

204 4339 514 4399 temperata
545 4329 619 4400 (p.
653 4327 801 4398 36l),
836 4328 908 4381 ita
956 4336 1014 4380 ut
1049 4327 1190 4379 illius
1227 4325 1308 4378 vel
1342 4323 1620 4394 pertenuis
1652 4322 1792 4374 risus

200 4421 453 4477 laudatio
482 4432 646 4489 esset,
673 4432 728 4477 et
752 4420 1023 4476 silentium
1050 4418 1374 4489 obiurgatio.
1421 4415 1537 4470 Non
1585 4414 1792 4481 lepidus

202 4517 437 4584 quidam
479 4527 623 4576 erat,
644 4525 697 4568 et
720 4514 925 4570 facetus
950 4509 1522 4566 atltcircumforanetts
1550 4524 1561 4559 :
1591 4506 1681 4559 sed
1712 4515 1763 4557 ta

1881 2049 1971 2092 aut
2026 2038 2225 2106 factum
2274 2035 2575 2088 monimenti
2645 2030 2758 2083 loco
2810 2030 2948 2099 ferre
2997 2024 3451 2096 (quemadmodum

1886 2129 1998 2195 ipse
2017 2142 2220 2197 quoque
2250 2141 2330 2179 me
2349 2126 2444 2177 Itoc
2468 2121 2673 2175 nomine
2688 2135 2824 2188 sirpe
2848 2118 3128 2187 gloriatum
3152 2131 3261 2169 esse
3288 2112 3453 2181 scio):

1883 2220 2131 2289 quoniam
2173 2234 2291 2286 quia
2340 2217 2404 2269 ab
2458 2215 2551 2269 illo
2604 2213 2741 2268 velut
2798 2212 2963 2265 obiter
3012 2208 3226 2275 ﬁebant,
3289 2206 3455 2259 multo

1884 2311 2251 2382 prwstantiora
2303 2318 2476 2371 erant,
2526 2323 2681 2375 quam
2713 2322 2773 2359 ea
2810 2307 2862 2357 in
2903 2302 3092 2373 quibus
3143 2299 3237 2353 alii
3275 2298 3452 2354 elabo-

1886 2417 2025 2460 rant.

1956 2496 2095 2553 Idem
2120 2498 2183 2551 de
2210 2494 2405 2550 Basilio
2431 2507 2494 2547 ac
2531 2492 2595 2546 de
2645 2489 2888 2559 pluribus
2942 2488 3061 2541 aliis
3094 2484 3455 2541 sanctissimis

1886 2590 2015 2643 viris
2048 2590 2151 2643 dici
2194 2598 2391 2657 potest,
2441 2584 2821 2640 miraculorum
2848 2578 3003 2635 donis
3030 2580 3318 2633 instructos
3361 2590 3456 2629 eos

1888 2696 1992 2735 non
2040 2680 2230 2742 fuisse,
2280 2680 2373 2733 sed
2424 2679 2648 2747 gradum
2692 2674 3018 2736 sanctitatis,
3063 2672 3129 2725 ad
3165 2685 3326 2740 quam
3356 2683 3455 2722 eos

1887 2772 2089 2830 Christi
2122 2771 2294 2842 gratia
2325 2770 2535 2831 evexit,
2567 2768 2738 2834 majus
2771 2767 3037 2835 quoddam
3070 2779 3190 2820 esse
3228 2766 3449 2823 donum,

1888 2883 2046 2936 quam
2084 2861 2320 2932 prodigia
2348 2868 2403 2913 et
2426 2857 2709 2913 miracula.
2734 2856 2995 2910 Nonnulla
3029 2866 3205 2908 tamen
3231 2853 3297 2906 de
3329 2867 3457 2907 san-

1888 2969 1974 3011 cto
2016 2953 2212 3009 Basilio
2238 2962 2548 3012 narrantur,
2584 2962 2704 3016 qua:
2734 2946 2785 2999 in
2815 2943 3076 3014 prodigiis
3100 2951 3154 2995 et
3179 2941 3459 2994 miraculis

1890 3048 2157 3104 numerari
2198 3047 2448 3100 debeant.
2492 3042 2692 3095 Praiter
2716 3054 2777 3093 ea
2801 3077 2816 3102 ,
2848 3051 2967 3108 quae
2998 3050 3140 3089 anno
3168 3033 3273 3088 372
3306 3042 3455 3103 gesta

1888 3142 2191 3203 retulimus,
2220 3153 2340 3190 cum
2375 3136 2566 3189 Valens
2602 3134 2859 3189 Cresarete
2895 3137 3240 3193 versaretur,
3274 3135 3462 3179 narrat

1896 3231 2194 3302 Gregorius
2229 3228 2499 3299 Nyssenus
2531 3225 2603 3295 (g)
2635 3226 2751 3294 ejus
2802 3222 3052 3293 precibus
3089 3221 3316 3273 imbrem
3380 3216 3459 3271 dio

1892 3327 2091 3381 vinitus
2164 3337 2477 3377 comessum
2526 3317 2739 3380 fuisse,
2810 3330 2931 3368 cum
2991 3314 3212 3369 siccitas
3262 3310 3459 3367 hiemis

1890 3417 2089 3472 nullam
2108 3429 2257 3485 spem
2279 3411 2487 3483 frugum
2515 3407 3107 3477 reliiiquere'videretur
3123 3422 3137 3458 :
3156 3420 3217 3457 ac
3238 3404 3313 3472 (p.
3333 3402 3459 3477 J93)

1892 3524 1957 3564 eo
1982 3519 2140 3563 noctu
2168 3506 2457 3575 aliquando
2493 3514 2703 3565 orante,
2742 3506 2959 3555 domum
2997 3497 3284 3569 aﬂulgente
3324 3497 3445 3551 divi-

1890 3601 2035 3655 nitus
2064 3598 2294 3668 quodam
2336 3596 2537 3648 lumine
2570 3591 2867 3646 reiulsisse.

1962 3693 2084 3747 Dies
2117 3688 2289 3743 festus
2308 3688 2478 3742 sancti
2509 3684 2692 3739 Basilii
2723 3698 2827 3738 non
2863 3680 3030 3736 multo
3058 3690 3181 3751 post
3221 3680 3340 3749 ejus
3364 3679 3459 3733 ob-

1890 3786 2021 3839 itum
2083 3780 2404 3836 celebratus.
2448 3777 2702 3833 Testatur
2749 3774 2893 3829 enim
2942 3770 3233 3841 Gregorius
3266 3766 3458 3841 Nysso-

1889 3892 1989 3931 nus
2014 3875 2089 3945 (p.
2123 3872 2245 3943 479)
2276 3873 2415 3927 diem
2446 3870 2637 3925 festum
2667 3869 2735 3922 de
2768 3866 2909 3921 illius
2942 3865 3159 3920 nomine
3189 3872 3310 3931 post
3354 3859 3454 3913 Na-

1890 3971 1993 4025 tale
2020 3967 2251 4031 Domini,
2279 3976 2333 4021 et
2371 3963 2613 4019 uatalitia
2660 3960 2829 4016 sancti
2862 3956 3157 4026 Stephani,
3191 3954 3463 4017 S.'Petri,

1890 4062 1948 4119 S.
1980 4061 2187 4124 Jacobi,
2226 4059 2280 4113 S.
2300 4056 2525 4112 Joannis
2556 4064 2609 4109 et
2630 4052 2688 4107 S.
2718 4050 2864 4106 Pauli
2898 4060 3207 4104 occurrere.
3230 4044 3459 4115 Amphi-

1891 4154 2119 4214 lochius,
2158 4159 2214 4203 ut
2239 4148 2349 4216 jam
2400 4147 2653 4208 diximus,
2678 4157 2771 4198 seu
2806 4139 2986 4211 quivis
3035 4138 3172 4191 alius
3200 4134 3462 4190 orationis

1892 4262 2049 4314 supra
2088 4244 2246 4298 dicta:
2292 4250 2501 4305 auctor,
2555 4237 2746 4292 festum
2790 4233 2965 4288 sancti
2998 4229 3181 4285 Basilii
3219 4227 3306 4282 die
3344 4224 3459 4280 Cir-

1891 4334 2239 4390 cutucisionis
2271 4333 2324 4386 in
2381 4330 2633 4386 omnibus
2679 4327 2830 4383 orbis
2866 4336 3136 4379 terrarum
3166 4321 3301 4376 locis
3322 4318 3460 4374 cele-

1893 4428 2034 4483 brari
2060 4428 2255 4483 docet:
2287 4428 2429 4495 quod
2464 4424 2681 4494 quidem
2714 4421 2781 4473 de
2814 4416 3008 4470 vicinis
3042 4414 3350 4485 regionibus
3378 4413 3447 4465 in-

1894 4530 2220 4591 tcrpretatur
2264 4516 2663 4575 Tillemontius.
2718 4514 2863 4567 idem
2901 4526 3018 4567 mos
3070 4507 3208 4578 apud
3246 4504 3460 4561 Graecos

205 4624 337 4662 men
376 4607 580 4661 fatetur
604 4604 897 4675 Gregorius
941 4605 1208 4660 neminem
1242 4603 1293 4656 in
1324 4601 1556 4655 ctetibus
1594 4598 1791 4668 jncun-
1822 4644 1866 4699 Β

1822 4644 1866 4699 D
1896 4614 2282 4685 perseveravit,
2346 4627 2445 4666 nec
2489 4608 2673 4663 Basilii
2721 4604 2915 4660 festum
2971 4617 2999 4656 a
3048 4598 3462 4655 circumcisione

206 4701 427 4755 diorem
469 4709 524 4752 et
556 4698 606 4751 in
646 4698 913 4750 narrando
946 4696 1276 4751 festiviorem
1323 4692 1645 4749 exstitisse:
1694 4703 1785 4742 ne-

208 4794 419 4846 minem
463 4792 516 4845 in
539 4791 773 4859 jocando
798 4790 1124 4858 argutiorem
1153 4796 1209 4843 et
1246 4788 1296 4841 in
1322 4782 1654 4857 objurgando
1710 4780 1790 4834 le-

211 4884 455 4939 niorem.

285 4973 373 5031 III.
421 4973 635 5039 Quanta
673 4972 981 5027 exstiterint
1020 4971 1084 5027 de
1116 4970 1317 5025 Basilio
1353 4969 1631 5024 hominum
1656 4964 1797 5036 judi-

214 5062 304 5120 eia
335 5062 595 5133 pmclare
626 5060 918 5133 Gregorius
946 5061 1029 5115 his
1061 5060 1243 5115 verbis
1292 5068 1543 5113 testatum
1576 5057 1793 5125 reliquit

219 5155 295 5226 (p.
323 5155 455 5225 370)
489 5171 503 5207 :
540 5152 706 5207 Tanta
738 5154 925 5222 ipsius,
958 5151 1151 5219 inquit,
1172 5152 1333 5205 uirtus
1364 5150 1645 5218 gloriaque
1668 5165 1797 5213 prte-

222 5248 425 5299 stantia
443 5244 569 5312 fuit,
590 5251 647 5295 ut
676 5243 838 5295 multa
860 5243 1019 5295 etiam
1046 5255 1109 5295 ex
1128 5243 1304 5307 parvis
1331 5239 1470 5290 illius
1489 5237 1792 5301 virtutibus,

227 5346 380 5407 atque
395 5336 531 5388 adeo
557 5350 623 5387 ea:
650 5332 910 5399 corporeis
928 5331 1215 5401 defectibus
1242 5330 1304 5381 ab
1328 5329 1449 5381 aliis
1477 5328 1544 5380 ad
1576 5328 1796 5396 gloriam

230 5429 557 5499 nominisque
611 5424 904 5479 claritatem
960 5424 1253 5490 parandam
1322 5418 1617 5487 excogitata
1671 5419 1797 5471 sint.

236 5517 389 5588 Cujus
418 5519 624 5590 generis
667 5526 813 5583 sunt,
859 5514 1052 5585 pallor,
1097 5513 1283 5579 l-arba,
1321 5520 1494 5565 certus
1529 5508 1799 5565 incedendi

296 5678 370 5751 (ᾳ)
398 5676 529 5751 Naz.
565 5673 773 5751 epzb'l.

389 5750 522 5823 ibas.
542 5744 744 5823 περι.

280 5816 357 5956 ἐξ)
379 5820 570 5876 Carm.
597 5816 691 5873 65.

341 5899 356 5957 )
382 5891 481 5952 0r.
507 5889 598 5947 ω.

1899 4706 2240 4777 disiungitur.
2276 4704 2428 4774 Apud
2458 4703 2677 4757 Latinos
2713 4699 2856 4753 illius
2891 4711 3035 4750 mors
3060 4702 3357 4749 annotatur
3400 4691 3464 4743 ad

1901 4798 2041 4853 diem
2115 4796 2555 4852 Circutncisionis
2609 4794 2665 4848 in
2715 4789 3090 4860 Martyrologio
3142 4784 3368 4841 Usuardi
3412 4792 3463 4837 et

1901 4891 2021 4946 aliis
2062 4890 2474 4960 posterioribus.
2510 4890 2579 4941 At
2625 4888 2742 4942 dies
2794 4886 2960 4939 festus
3014 4880 3259 4936 dill'ertur
3297 4892 3458 4947 usque

1902 4986 1967 5039 ad
2002 4984 2144 5041 diem
2171 4983 2239 5038 14
2262 4982 2429 5047 Junii,
2466 4997 2574 5051 quo
2606 4981 2693 5034 die
2750 4978 2941 5033 festum
2974 4974 3155 5029 Basilii
3192 4985 3333 5027 nono
3369 4986 3457 5023 8:!!-

1899 5078 2019 5132 culo
2052 5077 2315 5132 celebrari
2360 5075 2576 5132 solitum
2627 5074 2790 5127 fuisse
2812 5087 2875 5125 cx
2930 5068 3179 5124 Usuardo
3208 5064 3455 5136 perspicis

1901 5185 2038 5225 mus.

2472 5256 2696 5314 CAPUT
2729 5254 2865 5311 XLI.

1903 5373 1942 5427 1.
1973 5371 2183 5435 Quanta
2220 5372 2359 5437 apud
2413 5382 2651 5438 antiquos
2690 5370 2859 5424 sancti
2904 5366 3337 5438 Basiliipperum
3379 5362 3450 5413 ad

1972 5434 2206 5499 miratio.
2255 5434 2317 5494 ll.
2376 5440 2447 5495 De
2482 5434 2655 5494 novem
2716 5438 2942 5493 nomiliis
2977 5438 3032 5490 in
3090 5434 3450 5488 Hexaemeron

1974 5510 2057 5564 Ill.
2095 5510 2173 5565 De
2198 5513 2361 5565 tribus
2386 5512 2615 5566 ltomiliis
2659 5525 2774 5581 qua:
2819 5521 2939 5563 sunt
2978 5508 3042 5561 de
3080 5504 3304 5559 hominis
3332 5516 3447 5557 stru

1976 5668 2047 5807 (3
2088 5668 2164 5723 Ad
2196 5683 2281 5722 an.
2312 5668 2435 5723 ⁸578.

1980 5745 1996 5805 (
2088 5738 2218 5795 Nae.
2248 5754 2329 5791 or.
2352 5736 2435 5792 20.

1980 5736 2047 5805 (Γ)
2088 5738 2218 5795 Nae.
2248 5754 2329 5791 or.
2352 5736 2443 5792 20.

1983 5806 2057 5880 (9)
2098 5809 2191 5866 0r.
2228 5808 2282 5863 in
2310 5806 2472 5864 Basd.
