4212 6492
785 439 921 480 εωιι

848 554 1013 595 ctura.
1050 541 1138 612 tv.
1170 545 1241 597 De
1260 543 1489 597 Itomiliis
1525 544 1578 598 in
1620 543 1878 601 Psalnios.
1910 542 1972 597 ν.
2006 543 2078 597 De
2122 549 2347 601 nonnqu
2374 556 2421 612 Α

847 613 1003 684 lisin
1050 611 1603 684 Psalmoshltomiliis,
1650 630 1765 684 qua
1807 618 1996 682 spuria:
2044 630 2131 666 aut
2172 622 2346 673 dubia:

846 683 1239 759 existimantur.
1290 682 1372 735 Vl.
1405 684 1477 735 De
1524 682 1668 759 locis
1700 687 1986 759 nonnullis,
2017 701 2131 747 qua:
2172 689 2224 740 in
2268 706 2347 759 ge-

848 753 1039 806 nuinas
1061 754 1303 807 Iwmilias
1343 762 1522 806 assuta
1558 757 1804 807 dicuntur
1830 757 2010 821 fuisse.

847 903 886 957 I.
928 907 1229 973 Antequam
1266 904 1389 959 huic
1415 907 1824 974 pertractationi
1863 909 2019 963 linem
2052 908 2345 977 imponam,

773 995 1007 1049 breviter
1028 999 1356 1053 recensendo
1392 1001 1562 1054 sancti
1594 1000 1777 1053 Basilii
1821 1017 2087 1072 opera,ac
2124 1018 2348 1072 prteser-

774 1086 868 1138 tint
919 1087 972 1141 in
1029 1089 1294 1144 nonnullis
1339 1092 1717 1145 examinandis
1767 1094 2181 1160 immorandum,
2228 1111 2347 1164 quas

773 1192 1054 1248 perperam
1086 1179 1133 1231 ei
1159 1179 1485 1247 abjudicata.
1525 1182 1628 1235 Sed
1654 1182 1706 1235 in
1741 1186 1932 1253 primis
1956 1197 2155 1251 quanta
2184 1187 2347 1239 luerit

774 1270 920 1326 illius
950 1270 1275 1338 scriptorum
1303 1272 1443 1341 apud
1476 1275 1725 1341 antiquos
1770 1276 2079 1341 admiratio,
2114 1293 2176 1331 ex
2206 1277 2344 1331 Gre-

770 1362 903 1433 gorii
940 1363 1245 1418 testimonio
1266 1367 1634 1433 spectandum.
1657 1367 1908 1431 Quantam
1935 1368 2087 1421 hodie
2111 1370 2238 1431 alia,
2268 1370 2346 1421 in-

769 1454 1003 1525 quit(a),
1041 1456 1199 1510 ullius
1244 1470 1517 1511 conventus
1552 1458 1735 1514 ltetitia
1766 1461 1789 1512 ?
1828 1476 1944 1528 qua:
1996 1464 2343 1514 conviviorum

769 1546 1001 1611 voluptas
1030 1546 1191 1613 ?qua:
1222 1546 1321 1613 fori
1359 1549 1384 1602 7
1420 1566 1535 1615 qua:
1579 1550 1930 1602 lfcclesiarum
1963 1552 1987 1602 ?
2014 1568 2129 1619 qua:
2149 1554 2345 1618 princi-

765 1653 888 1703 pum
929 1648 974 1689 et
1024 1640 1344 1705 privatorum
1386 1642 1631 1696 delicin
1671 1660 1785 1713 qua:
1833 1646 2224 1707 monachorum,
2254 1658 2343 1699 aut

764 1743 943 1779 eorum
987 1729 1077 1797 qui
1110 1735 1354 1785 societate
1402 1736 1627 1803 gaudent
1654 1737 1678 1787 .7
1705 1753 1820 1800 qua:
1863 1755 2074 1799 eorum,
2106 1738 2193 1806 qui
2219 1754 2271 1790 se
2310 1754 2343 1791 a

766 1821 984 1887 negotiis
1017 1835 1363 1889 removerunt,
1392 1826 1467 1877 vel
1498 1842 1678 1880 eorum
1719 1830 1806 1897 qui
1843 1830 1897 1881 in
1931 1831 2078 1881 rebus
2104 1831 2339 1899 gerendis

766 1921 1034 1962 versantur
1066 1914 1091 1965 ἰ)
1122 1928 1237 1977 quin
1282 1930 1463 1968 eorum
1507 1918 1594 1985 qui
1639 1920 1897 1987 profante,
1930 1919 2005 1973 vel
2043 1936 2222 1972 eorum
2254 1923 2346 1990 qui

765 2014 955 2055 nostra'
991 2004 1281 2072 disciplina:
1315 2008 1549 2062 studium
1593 2013 1907 2079 profitentur
1934 2013 1959 2065 .9
1992 2010 2111 2066 Una
2156 2024 2204 2068 et
2252 2031 2344 2083 per

762 2094 960 2158 omnia,
985 2106 1029 2146 et
1069 2098 1299 2149 maxima
1331 2100 1630 2164 oblectatio,
1656 2103 1796 2155 illius
1828 2103 2093 2159 volumina
2119 2116 2165 2159 et
2188 2107 2341 2159 lucu-

762 2183 1045 2240 brationes.
1074 2186 1185 2241 Nec
1209 2190 1547 2257 scriptoribus
1586 2196 1802 2247 materia
1834 2196 1945 2250 ulla
1973 2199 2080 2250 alia
2112 2207 2160 2250 et
2196 2199 2342 2266 copia

760 2288 874 2343 post
897 2294 1011 2330 eum
1035 2290 1221 2345 pra'ter
1248 2281 1408 2347 ipsius
1433 2284 1626 2349 scripta
1671 2288 1918 2355 suppetit.
1955 2286 2190 2342 Silentur
2212 2298 2344 2342 vete-

763 2384 847 2432 ra,
869 2384 1185 2437 qutecunque
1209 2370 1261 2422 in
1288 2371 1581 2427 diuinorum
1613 2379 1945 2430 oraculorum
1975 2379 2342 2447 explanatione

762 2472 792 2508 a
829 2457 1137 2524 quibusdam
1179 2458 1448 2513 elaborata
1492 2474 1611 2517 sunt
1642 2480 1662 2517 :
1701 2483 1832 2519 nova
1864 2469 2241 2533 pra’dicantur,
2270 2482 2346 2524 at-

762 2565 858 2618 que
898 2550 941 2603 is
976 2551 1116 2619 apud
1171 2568 1262 2605 nos
1320 2556 1709 2610 eruditissimus
1757 2561 2006 2627 habetur,
2056 2564 2145 2632 qui
2179 2564 2340 2618 libros

762 2642 921 2706 ipsius
947 2659 1102 2710 quam
1136 2644 1360 2696 niaxime
1397 2646 1673 2718 intelligit,
1712 2668 1772 2705 ac
1815 2653 1994 2723 lingua
2022 2667 2212 2720 uersat,
2244 2674 2342 2710 au-

762 2736 1002 2803 ribusque
1033 2734 1275 2788 instillat.
1313 2734 1458 2791 Unus
1488 2746 1624 2795 enim
1675 2748 1906 2799 omnium
1937 2748 2049 2801 loco
2085 2752 2339 2804 studiosis

763 2830 827 2879 ad
850 2832 1190 2887 eruditionem
1216 2838 1622 2906 comparandam
1654 2838 1863 2908 suﬁicit.
1900 2839 2013 2893 Hoc
2039 2851 2243 2895 tantum
2276 2846 2340 2897 de

763 2935 817 2974 eo
862 2922 1057 2977 dicant.
1096 2926 1224 2980 Cum
1261 2929 1617 2985 Hexaemeron
1650 2933 1792 2985 illius
1845 2934 1898 2985 in
1941 2951 2126 2987 manus
2168 2952 2337 3003 sumo,

763 3020 913 3077 atque
940 3014 991 3064 in
1021 3032 1107 3066 ore
1129 3017 1310 3083 habeo,
1337 3040 1450 3072 cum
1476 3021 1723 3075 Creatore
1761 3023 2069 3094 conjungor,
2104 3044 2166 3081 ac
2204 3046 2342 3082 crea-

762 3099 914 3155 tionis
952 3107 1177 3159 rationes
1227 3126 1501 3178 cognosco,
1540 3112 1939 3185 Creatoremque
1984 3122 2147 3189 magis
2177 3124 2342 3174 admi-

763 3209 849 3247 ror
870 3214 930 3249 ac
966 3203 1219 3269 suspicio,
1245 3220 1401 3271 quam
1435 3209 1581 3267 prius
1611 3208 1860 3275 solebam,
1900 3228 2017 3263 cum
2042 3215 2152 3266 solo
2192 3232 2313 3279 aspe

770 3298 856 3339 ctu
902 3292 1151 3359 magistro
1189 3305 1376 3349 uterer.
1412 3296 1540 3350 Cum
1585 3299 1744 3352 libros
1794 3318 1901 3362 eos,
1934 3303 2119 3370 quibus
2166 3307 2337 3358 Itwre-
2366 3273 2411 3333 Ο

762 3376 984 3433 tit-orum
1043 3385 1235 3452 scripta
1286 3388 1501 3455 refutat,
1559 3390 1691 3459 lego,
1738 3393 2122 3447 Sodomiticum
2169 3398 2339 3466 ignem

762 3485 915 3526 cerno
940 3491 1040 3542 quo
1076 3478 1322 3546 improbis
1369 3496 1430 3533 ac
1469 3482 1738 3538 scelerata:
1777 3485 1970 3555 linguae
2016 3489 2068 3541 in
2115 3490 2339 3543 cinerem

763 3564 1090 3633 rediguntur,
1128 3581 1217 3623 aut
1264 3571 1516 3627 CItalantz
1564 3577 1774 3638 turrim,
1831 3590 1883 3630 ut
1928 3581 2062 3633 male
2106 3594 2343 3635 constru-

763 3669 917 3725 Jtam,
947 3663 1019 3714 ita
1053 3674 1189 3716 recte
1242 3666 1586 3733 interruptam
1632 3678 1785 3736 atque
1822 3671 2061 3723 deletam.
2092 3670 2221 3723 Cant
2254 3689 2335 3735 ea,

763 3770 873 3821 quat
903 3754 967 3805 de
1001 3752 1204 3819 Spiritu
1236 3767 1418 3806 sancto
1458 3758 1703 3824 scripsit,
1733 3759 1927 3821 evolvo,
1964 3759 2156 3823 Deum,
2186 3777 2331 3830 quem

761 3846 943 3907 habeo,
992 3844 1287 3908 nanciscor,
1328 3847 1594 3901 veritatem
1643 3849 1803 3901 libero
1836 3857 1884 3901 et
1934 3849 2116 3917 ﬁdenti
2157 3854 2335 3905 animo

762 3937 1007 4003 prter/ica,
1050 3936 1194 3990 illius
1236 3937 1469 3991 videlicet
1517 3937 1786 4006 theologia:
1820 3952 1973 4011 atque
2021 3944 2339 4013 contempla-

762 4029 889 4080 tioni
913 4030 1170 4084 insistens.
1203 4029 1336 4084 Cum
1364 4031 1499 4086 alias
1541 4032 1654 4103 ejus
1690 4036 2049 4089 enarratioues
2089 4038 2297 4107 perlego
2318 4077 2335 4103 ,

761 4136 889 4189 quas
912 4121 998 4185 iis,
1034 4122 1124 4192 qui
1153 4125 1399 4177 Itebetiori
1430 4125 1636 4193 ingenio
1663 4136 1782 4181 sunt
1823 4129 2043 4198 explicat
2070 4130 2335 4199 trifariam

761 4211 813 4263 in
846 4211 1025 4265 solidis
1059 4214 1143 4265 sui
1188 4214 1379 4267 tabulis
1410 4218 1729 4279 describens,
1757 4235 1815 4272 eo
1862 4221 2118 4285 adducor,
2143 4231 2199 4274 ut
2233 4238 2336 4277 non

762 4302 815 4357 in
840 4313 1048 4356 externo
1088 4303 1278 4357 littera
1315 4308 1506 4359 cortice
1530 4310 1709 4374 pedem
1735 4310 1917 4378 ﬁgam,
1954 4328 2044 4364 nec
2063 4315 2334 4369 uerborum

763 4404 963 4449 tantum
995 4396 1316 4465 superﬁciem
1345 4408 1588 4467 spectem,
1634 4403 1723 4453 sed
1757 4402 1976 4454 ulterius
2005 4406 2333 4473 progrediar,

762 4499 914 4557 atque
933 4504 997 4542 ea:
1026 4491 1288 4558 profundo
1323 4492 1375 4544 in
1420 4491 1740 4560 profundum
1764 4503 2050 4557 transeam,
2087 4499 2333 4565 abyssum

2131 429 2659 485 PROLECOMENA.

2519 548 2581 603 ll.
2618 547 2696 602 Ex
2720 547 2786 603 iis
2807 562 2925 617 quae
2948 561 3168 602 sanetus
3182 545 3413 602 Basilius
3445 545 3498 599 in
3515 542 3847 616 explicandis
3873 540 4024 597 Scri-

2448 640 2623 706 pturis
2655 638 2987 702 elaboravit,
3022 636 3224 691 nullmn
3256 650 3390 707 opus
3433 637 3695 704 majorem
3727 632 3893 690 habet
3922 633 4023 683 δάε

2450 730 2808 798 mirationem,
2844 745 3005 799 quam
3037 744 3224 784 novem
3260 730 3315 781 in
3360 728 3726 783 Hexaemeron
3762 724 4018 783 homilite.

2448 820 2639 887 Quanti
2679 824 2779 877 hoc
2813 836 2946 889 opus
2990 822 3193 877 faceret
3223 819 3617 881 Nazianzenus,
3655 834 3721 872 ex
3768 821 3855 875 his
3902 830 4023 889 quae

2452 913 2609 967 modo
2647 915 2925 967 attulimus
2957 914 3185 982 perspici
3214 921 3407 982 potest.
3440 912 3556 965 Non
3588 912 3801 979 parcior
3836 914 3889 966 in
3923 928 4020 966 eo-

2447 1004 2566 1058 dem
2597 1021 2761 1074 opere
2810 1006 3081 1060 laudando
3110 1004 3405 1074 Nyssenus,
3436 1004 3517 1058 vel
3546 1004 3723 1072 potius
3756 1017 3862 1056 nan
3903 1005 4023 1060 sine

2446 1100 2864 1167 exaggeratione
2895 1101 3025 1155 illud
3060 1099 3261 1152 laudat.
3299 1099 3470 1166 Hujus
3507 1095 3879 1153 testimonium
3931 1098 4023 1150 ba-

2445 1190 2541 1245 bes
2570 1191 2621 1245 in
2658 1189 2862 1246 Mouito
2895 1195 2977 1247 his
3005 1191 3242 1247 homiliis
3271 1192 3510 1259 prteﬁxo.

2518 1283 2623 1338 Sed
2652 1283 2783 1337 nihil
2818 1286 2883 1338 ad
2937 1285 3097 1354 hujus
3133 1282 3312 1353 operis
3347 1282 3873 1338 commendationem
3902 1278 4024 1334 illu-

2445 1378 2612 1432 strius
2649 1376 2826 1432 all'erri
2867 1388 3063 1447 potest,
3089 1394 3251 1447 quam
3278 1374 3540 1446 judicium
3576 1377 3752 1431 sancti
3789 1373 4022 1428 Ambro-

2444 1468 2508 1521 sii
2537 1470 2650 1537 qui,
2682 1470 2928 1537 quamvis
2960 1468 3189 1532 Basilio,
3222 1477 3279 1522 ut
3306 1468 3384 1522 ait
3427 1464 3824 1527 Tillemontius,
3878 1461 4022 1517 nulla

2446 1557 2498 1611 in
2535 1574 2593 1613 re
2616 1564 2852 1621 cederet,
2884 1556 3003 1625 ejus
3036 1567 3214 1610 tamen
3269 1554 3498 1623 vestigia
3527 1565 3774 1622 premere
3804 1549 4021 1604 indeco-

2444 1665 2561 1702 rum
2601 1651 2701 1705 sibi
2735 1664 2855 1703 esse
2884 1665 2989 1701 non
3022 1648 3196 1709 duxit,
3230 1654 3391 1713 atque
3413 1660 3480 1697 ex
3519 1644 3601 1697 his
3628 1656 3818 1696 novem
3843 1640 4023 1695 homi-

2443 1742 2531 1796 liis
2562 1742 2790 1812 plurima
2821 1742 2874 1794 in
2913 1755 3048 1809 opus
3097 1737 3273 1794 simile
3324 1735 3619 1800 transtulit,
3653 1748 3717 1786 ac
3756 1746 3856 1801 pro
3911 1733 4024 1786 suis

2446 1851 2575 1890 usus
2599 1844 2699 1890 est.
2722 1835 3087 1888 Pronuntiatte
3116 1826 3782 1899 l'ueruntQuadragesima:
3814 1834 4024 1893 tempo-

2380 1912 2422 1967 Β
2453 1942 2511 1979 re
2540 1925 2611 1998 (c)
2644 1941 2657 1978 :
2689 1941 2752 1980 ac
2792 1925 2923 1978 duas
2965 1924 3177 1993 quidem
3227 1924 3437 1994 priores
3479 1923 3665 1978 eodem
3709 1920 3799 1974 die
3833 1916 4025 1975 habuit

2444 2017 2691 2080 Basilius,
2715 2016 2805 2086 qui
2832 2016 2984 2069 initio
3018 2016 3269 2071 secundae
3294 2023 3684 2070 commemorat
3712 2012 4023 2067 orationem

2445 2112 2721 2167 matutinis
2754 2112 2901 2166 horis
2931 2112 3356 2181 pronuntiatam.
3399 2109 3556 2163 Initio
3576 2107 3776 2167 .tertias
3816 2104 4026 2175 pariter

2445 2219 2831 2266 commemorat
2864 2210 3174 2265 hesternam
3208 2205 3659 2274 disputationem;
3690 2203 3785 2257 sed
3839 2210 4022 2254 tamen

2444 2318 2667 2359 necesse
2695 2313 2779 2359 est
2813 2319 2923 2358 uno
2959 2302 3141 2368 aliquo
3170 2297 3257 2352 die
3280 2295 3447 2351 semel
3474 2303 3684 2348 tantum
3724 2291 4022 2346 conciona—

2447 2406 2531 2452 tus
2556 2397 2645 2460 sit,
2680 2399 2793 2451 sive
2827 2397 3005 2464 aliqua
3042 2390 3383 2462 aegritudine,
3412 2388 3524 2445 sive
3572 2381 4025 2453 occupationibus

2444 2488 2711 2543 detentus.
2740 2486 2872 2539 Nam
2903 2485 3004 2539 sub
3056 2482 3217 2536 linem
3244 2490 3448 2535 octava:
3485 2474 3721 2531 homiliae
3751 2471 4025 2542 promittit

2446 2580 2801 2647 vespertinam
2840 2577 2915 2648 (p.
2948 2576 3059 2645 80),
3085 2590 3245 2646 quam
3268 2573 3457 2627 eodem
3487 2569 3592 2633 die,
3636 2578 3882 2637 tempore
3930 2562 4025 2617 ad-

2445 2680 2877 2737 vesperasce‘nte,
2916 2668 3151 2725 absolvit
3179 2669 3253 2739 (p.
3283 2666 3394 2737 88).

2512 2763 2768 2818 Basiliam
2797 2780 2861 2820 ex
2892 2774 3137 2834 tempore
3181 2758 3490 2816 concionari
3535 2756 3750 2812 solitum
3781 2767 3907 2809 esse
3937 2764 4023 2807 reo

2444 2853 2548 2911 fert
2578 2856 2833 2925 Ruﬁnus;
2868 2858 3025 2925 idque
3058 2856 3121 2908 de
3154 2852 3239 2906 bis
3285 2850 3581 2919 praesertim
3615 2860 3807 2899 novem
3843 2841 4023 2898 homi-

2444 2945 2530 3002 liis
2559 2948 2812 3017 opinatur
2841 2943 3241 3007 Tillemontius,
3280 2939 3588 3007 conjectura
3618 2940 3777 2993 ducta
3820 2952 3888 2992 ex
3923 2936 4021 2989 hov

2444 3042 2589 3095 milia
2621 3052 2807 3093 oetava
2858 3038 2933 3107 (p.
2985 3036 3097 3108 7|),
3141 3036 3233 3091 ubi
3282 3035 3510 3089 Basilius
3568 3046 3876 3089 sermonem
3918 3027 4021 3081 ali-

2442 3133 2675 3202 quandiu
2717 3132 3079 3201 interrumpit,
3134 3146 3196 3187 ac
3245 3129 3501 3184 nonnulla
3542 3122 3908 3195 praetermissa
3962 3118 4019 3172 in

2444 3224 2755 3280 memoriam
2794 3240 3045 3280 revocare
3081 3225 3329 3284 instituit,
3366 3221 3667 3274 acutiorutn
3698 3214 4017 3268 auditorum

2448 3318 2649 3373 mutuis
2683 3318 2825 3372 inter
2866 3333 2924 3372 se
2949 3317 3164 3371 nutibus
3187 3312 3511 3368 admonitus.
3536 3309 3642 3365 Sed
3672 3323 3795 3364 cum
3840 3306 4021 3361 multa:

2442 3410 2623 3467 Basilii
2655 3414 2952 3476 orationes,
3002 3412 3149 3465 velut
3181 3407 3235 3461 in
3277 3404 3454 3475 gulam
3501 3412 3557 3458 et
3588 3402 3934 3464 ebrietatem,
3963 3398 4017 3452 in

2440 3504 2814 3569 lmrneratores,
2839 3513 2893 3557 et
2923 3502 3039 3554 aliae
3067 3498 3355 3568 ejusmodi,
3380 3498 3453 3552 ita
3482 3495 3732 3551 omnibus
3759 3492 4021 3561 eloquen-

2443 3599 2529 3651 tiae
2562 3596 2802 3650 numeris
2832 3593 3091 3647 absoluta:
3118 3602 3263 3658 sunt,
3298 3604 3356 3646 ut
3379 3599 3603 3661 patratus
3628 3602 3688 3642 ac
3727 3585 4022 3639 meditatus

2440 3688 2651 3741 venisse
2695 3685 2976 3751 videatur;
3016 3693 3125 3739 tum
3183 3684 3344 3737 etiam
3392 3682 3532 3736 idem
3578 3681 3644 3733 de
3694 3677 3778 3730 his
3826 3687 4018 3730 novem

2392 3812 2400 3819 ο
2440 3777 2674 3832 hemiliis
2700 3777 3005 3841 dicendum,
3037 3792 3155 3845 quae
3184 3776 3344 3828 rebus
3376 3782 3429 3827 et
3458 3779 3617 3825 acute
3659 3769 3919 3839 cogitatis
3965 3779 4020 3824 et

2436 3868 2646 3922 erudite
2681 3866 2923 3922 collectis
2951 3878 3005 3921 et
3042 3864 3393 3932 comportatis
3435 3859 3660 3915 dill‘ertre
3692 3868 3842 3917 sunt.

2510 3960 2619 4016 llas
2664 3975 2855 4015 novem
2911 3958 3161 4013 homilias
3208 3966 3337 4010 ante
3375 3955 3745 4025 cpisc0patum
3802 3954 4020 4007 habitas

2438 4053 2604 4109 fuisse
2634 4054 2879 4123 conjicio.
2908 4049 3210 4103 Verisimile
3243 4048 3384 4102 enim
3414 4056 3498 4101 est
3540 4045 3868 4117 posteriores
3899 4060 4021 4100 esse

2437 4145 2685 4201 bomilias
2727 4146 2777 4197 in
2810 4141 3089 4206 Psalmos;
3126 4156 3260 4209 quas
3298 4139 3552 4203 Basilius,
3584 4148 3641 4191 ut
3668 4138 3830 4192 modo
3866 4137 4021 4190 vide-

2438 4238 2631 4301 bimus,
2657 4237 2938 4307 presbyter
2988 4236 3195 4289 habuit.
3234 4234 3342 4289 Etsi
3397 4234 3543 4287 enim
3585 4240 3793 4287 certum
3839 4242 3897 4285 et
3926 4245 4020 4283 ex-

2438 4329 2705 4401 ploratqu
2743 4344 2851 4382 non
2887 4337 2974 4383 est
3008 4328 3150 4397 quod
3201 4336 3428 4380 testatur
3458 4325 3726 4381 Cassiodo
3761 4337 3825 4375 us
3868 4322 4020 4377 Basi-

2438 4418 2568 4473 lium
2616 4418 3039 4473 commentarios
3090 4417 3145 4471 in
3199 4427 3365 4470 totam
3433 4415 3766 4485 Scripturam
3818 4426 4021 4469 ‘conte-

2436 4513 2649 4577 xuisse;
2674 4511 2799 4580 quia
2829 4520 3005 4565 tamen
3032 4509 3292 4580 plurimos
3312 4507 3476 4561 libros
3503 4507 3894 4577 interpretatus
3914 4514 4017 4569 est,

761 4596 850 4649 per
879 4580 1124 4650 abyssum
1169 4583 1412 4636 invocans
1438 4582 1534 4653 (ὁ),
1560 4600 1622 4635 ac
1656 4600 1749 4652 per
1779 4584 1955 4637 lumen
1992 4584 2163 4640 lumen
2196 4588 2333 4642 inve-

2440 4601 2715 4667 probabile
2746 4613 2828 4655 est
2877 4616 3001 4656 eum
3052 4602 3242 4655 ordine
3290 4599 3473 4668 aliquo
3503 4598 3857 4669 processisse,
3899 4604 3955 4651 et
3987 4610 4019 4649 a

762 4671 928 4734 niens,
965 4673 1305 4742 quoadusque
1331 4678 1398 4727 ad
1422 4692 1681 4729 summum
1710 4679 1918 4729 tandem
1942 4680 2183 4732 uerticem
2216 4696 2332 4749 per-

762 4778 965 4819 uenero.
1009 4760 1139 4817 Cum
1194 4776 1487 4836 martyrum
1520 4768 1753 4821 encomia
1793 4766 1927 4838 lego,
1976 4786 2163 4838 corpus
2212 4787 2335 4824 con-

761 4865 954 4921 temno,
983 4866 1033 4909 et
1057 4873 1171 4909 cum
1196 4858 1262 4911 iis
1285 4860 1372 4928 qui
1406 4858 1651 4914 laudibus
1680 4860 1990 4929 eﬂ'eruntur,
2018 4863 2194 4916 animo
2224 4880 2336 4916 ver-

760 4967 866 5014 sor,
894 4962 1048 5020 atque
1093 4951 1160 5004 ad
1203 4964 1466 5006 certamen
1506 4956 1723 5007 excitor.
1769 4953 1899 5009 Cum
1935 4956 2198 5009 orationes
2247 4972 2334 5009 eas

761 5061 887 5110 quas
908 5046 971 5097 de
1011 5043 1244 5099 moribus
1286 5063 1346 5099 ac
1397 5048 1520 5100 bene
1550 5048 1748 5101 vivendi
1795 5048 1995 5102 ratione
2025 5049 2254 5116 scripsit,
2278 5049 2333 5102 in

763 5154 945 5191 manus
970 5138 1193 5204 accipio,
1228 5140 1402 5192 animo
1418 5150 1465 5192 et
1492 5156 1711 5208 corpore
1738 5156 1952 5210 purgor,
1988 5140 2334 5208 templumque

765 5227 858 5281 Dei
887 5245 1055 5296 capax
1092 5228 1305 5297 emcior,
1350 5240 1502 5299 atque
1556 5232 1957 5285 instrumentum
2005 5232 2261 5284 musicum
2298 5250 2329 5284 a

762 5322 968 5383 Spiritu
1011 5322 1281 5390 pulsatum
1330 5326 1661 5392 divinumque
1693 5323 1916 5391 gloriam
1953 5334 2001 5376 et
2046 5326 2329 5393 potentiam

760 5431 969 5470 canens.
1008 5413 1112 5468 Per
1140 5432 1227 5468 eas
1265 5417 1503 5484 corrigor
1535 5425 1581 5468 et
1605 5416 1890 5468 concinnor
1911 5458 1926 5482 ,
1969 5426 2125 5486 atque
2159 5417 2333 5470 divina

760 5508 984 5575 quadam
1010 5509 1373 5560 immutatione
1400 5508 1539 5561 alius
1568 5522 1631 5562 es;
1653 5507 1756 5560 alio
1789 5507 1999 5576 efficior.
2035 5508 2165 5563 Vide
2196 5507 2336 5563 Pho—

759 5598 888 5648 tiunt
924 5597 1041 5651 cod.
1085 5597 1180 5651 ιιι
1218 5607 1271 5651 et
1304 5599 1425 5653 19!.

828 5734 908 5805 (α)
940 5733 1074 5789 Naz.
1112 5751 1195 5791 or.
1219 5738 1307 5792 20.

830 5806 905 5879 (ὁ)
940 5805 1089 5879 γεεί,
1106 5824 1216 5869 xu,
1250 5809 1302 5864 8.

829 5876 902 5949 (c)
943 5878 1139 5933 llomil.
1172 5879 1222 5933 8.

2440 4694 2707 4763 prioribus
2744 4694 2895 4749 libris
2922 4694 3132 4747 initium
3174 4692 3417 4746 duxisse.

2512 4780 2780 4836 Praeterea
2813 4783 2863 4837 in
2894 4784 2977 4837 his
3037 4782 3278 4837 homiliis
3321 4781 3464 4836 nulla
3496 4779 4021 4836 Pneumatomacho-

2443 4890 2557 4928 rum
2589 4874 2810 4927 han-esis
2846 4873 3081 4935 mentio,
3116 4888 3237 4940 qua:
3282 4872 3436 4927 initio
3468 4872 3805 4940 episeopatus
3834 4869 4022 4924 Basiiii

2443 4964 2524 5018 vel
2555 4964 2711 5032 paulo
2753 4972 2879 5017 ante
2919 4964 3152 5033 grassari
3186 4964 3372 5031 erepit.
3422 4960 3573 5028 Quod
3610 4959 3655 5012 si
3688 4973 3883 5013 novem
3919 4960 4022 5014 illa:

2441 5056 2716 5125 orationes
2745 5065 2869 5108 ante
2922 5055 3291 5125 episcopatum
3339 5051 3732 5123 pronuntiatte,
3775 5065 3883 5105 non
3908 5049 4021 5118 jam

2443 5158 2629 5200 sancto
2652 5120 2907 5212 .Ephraem
2937 5157 3157 5214 accepta
3207 5145 3391 5198 referri
3426 5152 3603 5212 potest
3637 5141 4021 5211 interpretatio

2437 5237 2628 5289 horum
2677 5237 2995 5297 verborum,
3033 5234 3097 5288 Et
3148 5236 3375 5302 Spiritus
3406 5233 3497 5286 Dei
3549 5233 3815 5301 ferebatur
3865 5248 4021 5299 super

2439 5343 2601 5395 aquas
2626 5325 2704 5397 (d)
2724 5366 2736 5389 ,
2770 5340 2928 5393 quam
2964 5325 3276 5398 Busilius(e)
3301 5344 3328 5379 a
3355 5327 3470 5379 viro
3493 5326 3629 5395 Syro
3648 5323 3927 5393 accepisse
3961 5337 4019 5377 se

2452 5427 2703 5472 testatur.
2756 5419 3037 5473 Libentius
3099 5436 3219 5474 cum
3286 5418 3636 5473 Tillemontio
3687 5416 4019 5486 conjicerem

2446 5509 2506 5563 S.
2567 5510 2857 5563 Eusebium
2926 5511 3362 5565 Samosatensetn
3413 5510 3500 5565 hic
3553 5507 3855 5578 designari,
3891 5507 3938 5559 si
3968 5505 4020 5559 ei

2448 5611 2771 5671 congrueret
2820 5603 2960 5671 quod
3015 5603 3083 5657 de
3128 5604 3215 5659 illo
3245 5604 3384 5675 Syro
3418 5603 3496 5658 ait
3534 5600 3805 5665 Basilius,
3836 5613 3961 5655 eum
3990 5612 4020 5651 a

2507 5741 2583 5811 (ά)
2618 5740 2750 5796 Gen.
2780 5757 2827 5809 ι,
2865 5740 2918 5794 2.

2522 5816 2592 5883 (ε)
2633 5813 2824 5868 llomil.
2853 5813 2909 5882 2,
2939 5828 2993 5885 p.
3027 5813 3115 5869 l8.
