4212 6502
1509 441 1668 497 νιτΑ
1710 441 1765 496 S.
1808 439 2072 495 BASILII.

3250 452 3417 495 CL‘XIII

177 570 350 625 mundi
395 566 661 638 sapientia
695 576 905 622 tantum
934 564 1225 627 distitisse,
1256 568 1516 632 quantum
1552 562 1616 615 ad
1659 576 1739 615 re—
1768 567 1813 623 Α
1840 564 1908 617 ad
1944 559 2140 631 ingenii
2176 556 2621 613 exercitationem
2656 554 2907 623 eligeret;
2937 569 3058 609 cum
3113 556 3412 624 praesertim

181 680 287 715 nun
321 677 565 715 verarum
608 660 895 714 scientiam
932 656 1417 726 appropinquabat.
1442 653 1573 707 Nam
1623 667 1747 707 san-

181 764 313 804 ctum
358 750 648 805 Eusebium
697 764 968 803 sacrarum
1015 746 1231 817 quidem
1266 745 1569 799 litterarum
1603 742 1748 811 peri-

183 844 440 896 tissimum
503 842 671 896 fuisse
700 843 937 904 scimus;
984 849 1039 893 at
1089 840 1141 891 in
1178 836 1419 892 externis
1451 834 1747 901 disciplinis

183 935 370 1001 hospes
396 934 559 987 fuisse
584 949 690 987 non
722 933 1052 1000 perhibetur.
1081 928 1223 981 Nihil
1251 942 1379 995 ergo
1410 935 1575 991 vetat,
1606 939 1741 993 quo-

184 1027 355 1078 minus
386 1025 626 1094 ignotum
672 1022 823 1076 nobis
858 1036 981 1075 esse
1012 1020 1209 1091 Syrum
1235 1020 1379 1072 illum
1414 1016 1670 1072 fateatur.

248 1118 335 1172 ΙΙΙ.
368 1117 703 1171 Promiserat
738 1114 964 1168 Basilius
995 1113 1071 1180 (rt)
1106 1128 1164 1166 se
1196 1111 1601 1181 explanaturnm
1649 1110 1747 1163 ho-

185 1213 342 1265 minis
395 1208 794 1280 generationem
846 1224 860 1258 :
906 1206 999 1258 sed
1052 1213 1226 1255 tamen
1293 1200 1575 1270 promissis
1642 1214 1747 1252 non

183 1304 395 1357 videtur
438 1301 669 1354 stetisse.
714 1297 845 1349 Nam
893 1311 1083 1350 novem
1124 1302 1326 1347 tantum
1378 1293 1654 1346 orationes
1697 1292 1748 1345 in

185 1396 548 1450 Hexaemeron
626 1400 981 1445 numerantur
1056 1389 1123 1442 ab
1184 1387 1515 1457 Hieronymo
1566 1385 1639 1455 (ιι)
1698 1396 1751 1438 et

184 1490 501 1545 Cassiodoro
522 1483 866 1553 (c).Testatur
883 1484 1133 1537 Socrates
1153 1480 1228 1550 (ά)
1249 1494 1384 1546 opus
1409 1478 1611 1541 Basilii,
1630 1493 1749 1533 cum

187 1580 554 1647 imperfectum
578 1584 741 1636 eSset,
784 1591 812 1628 a
843 1573 1102 1642 Gregorio
1134 1574 1299 1640 ipsius
1338 1572 1507 1625 fratre
1534 1570 1752 1624 absolu-

188 1684 294 1722 tmn
354 1668 539 1719 fuisse.
573 1667 746 1735 Atque
792 1665 904 1733 ipse
943 1665 1105 1716 etiam
1158 1661 1452 1731 Gregorius
1496 1661 1565 1729 (e)
1617 1660 1754 1713 hanc

187 1756 282 1809 sibi
317 1755 383 1807 de
415 1754 649 1808 boxninis
687 1753 897 1821 Opilicio
928 1753 1200 1807 scribendi
1229 1767 1448 1805 causam
1495 1764 1613 1805 esse
1659 1750 1753 1802 de-

186 1847 379 1909 clarat,
412 1848 555 1917 quod
606 1854 852 1901 vereatur
901 1861 965 1900 ne
1001 1844 1232 1900 Basilius
1277 1844 1749 1913 reprehensionem

1848 653 2030 706 statim
2066 661 2184 719 post
2237 659 2462 703 mortem
2494 648 2666 701 sancti
2705 646 2887 699 Basilii
2919 661 3055 715 opus
3083 645 3248 708 illius,
3279 655 3418 699 teste

1848 742 2054 807 Niceta,
2102 741 2269 794 frater
2314 738 2625 793 absolverit.
2663 736 2799 793 Hinc
2834 739 2994 792 etiam
3034 746 3143 791 tres
3180 738 3419 792 homilia:

1851 837 2192 907 reperiuntur
2213 834 2429 903 quidem
2463 831 2562 885 sub
2592 833 2810 886 nomine
2850 832 2907 886 S.
2936 830 3115 885 Basilii
3146 832 3197 884 in
3227 846 3424 885 recen-

1853 929 2076 983 tioribus
2107 926 2383 981 codicibus
2434 940 2599 987 mss.,
2641 934 2695 977 at
2742 940 3008 993 nusquam
3051 934 3309 992 apparent
3365 921 3420 976 in

1850 1019 2265 1089 antiquioribus.
2309 1018 2423 1071 Non
2488 1017 2633 1071 enim
2685 1016 2922 1070 eruditos
2979 1016 3227 1069 librarios
3270 1014 3420 1068 fraus

1852 1112 2132 1169 manifesta
2185 1111 2450 1167 latuisset.
2489 1112 2560 1165 At
2597 1110 3011 1172 recentioribus,
3058 1125 3179 1163 cum
3225 1108 3423 1161 doctis-

1852 1207 1971 1260 simi
2003 1221 2106 1258 non
2138 1216 2338 1267 essent,
2365 1214 2544 1274 atque,
2565 1213 2623 1255 ut
2649 1201 2940 1255 verisimile
2977 1210 3079 1262 est,
3115 1201 3428 1267 ignorarent

1852 1298 2033 1352 Basilii
2061 1312 2195 1366 Opus
2219 1312 2246 1349 a
2277 1295 2445 1350 fratre
2474 1294 2717 1365 Nysseno
2749 1292 3044 1346 absolutum
3078 1290 3265 1351 fuisse,
3298 1304 3426 1357 pro-

1852 1391 1988 1444 clive
2020 1389 2120 1442 fuit
2149 1388 2419 1451 homilias,
2446 1402 2562 1454 qua:
2592 1386 2656 1440 ad
2701 1384 2827 1437 illud
2863 1399 2997 1450 Opus
3039 1381 3424 1436 absolvendum

1853 1493 1988 1552 apta:
2016 1480 2355 1544 videbantur,
2396 1479 2577 1533 Basilii
2609 1476 2809 1530 nomini
2841 1475 3110 1541 attingere.

1923 1579 1981 1631 2°
2006 1577 2140 1631 Tres
2174 1576 2406 1629 homilia:
2442 1588 2543 1626 non
2580 1590 2672 1626 sua
2704 1582 2895 1639 sponte
2927 1569 3086 1621 simul
3126 1568 3428 1637 conjuncta:

1854 1678 1999 1729 sunt,
2030 1667 2121 1720 sed
2153 1667 2265 1721 bmc
2301 1683 2328 1719 a
2371 1666 2604 1719 librariis
2652 1664 2893 1718 instituta
2933 1660 3260 1725 conjunctio.
3297 1656 3429 1710 Nam

1853 1758 2101 1812 secanda:
2129 1757 2359 1811 orationi
2392 1758 2594 1812 nullum
2629 1759 2768 1811 inest
2800 1754 3083 1811 consilium
3118 1750 3431 1804 absolvendi

1856 1849 1907 1903 id
1955 1851 2094 1919 quod
2132 1850 2183 1904 in
2237 1850 2409 1917 prima
2456 1850 2643 1904 disseri
2692 1859 2929 1918 ereptum
2979 1844 3181 1899 fuerat.
3226 1840 3425 1895 Habita

188 1954 287 1992 ηοιι
322 1939 564 2010 emisi“.
600 1940 644 1993 Si
679 1940 819 1994 illius
852 1939 903 1992 ill
930 1954 1064 2008 οριιε
1098 1953 1193 1991 εει
1228 1938 1435 1991 dierum
1476 1936 1757 1990 elucubt‘a-
1788 1919 1829 1978 Β
1858 1942 2002 1997 enim
2027 1950 2108 1996 est
2144 1944 2257 1996 haec
2284 1942 2517 1996 secunda
2544 1941 2761 1995 homilia
2798 1942 2865 1993 ad
2909 1937 3250 1992 occasionem
3280 1933 3432 1988 Scri-

186 2030 313 2084 tioui
350 2030 493 2084 desit
523 2045 868 2099 eorum,qua2
918 2029 983 2082 ad
1018 2028 1293 2082 hominem
1335 2036 1607 2095 spectant,
1631 2041 1757 2080 con-

185 2120 461 2175 sideratio.

255 2214 481 2268 Exstant
515 2211 582 2281 (f)
622 2220 797 2263 tamen
841 2208 982 2264 inter
1019 2224 1183 2279 opera
1224 2209 1401 2265 Basilii
1438 2212 1555 2266 dua:
1585 2212 1759 2267 homi-

189 2301 267 2356 lia:
299 2303 366 2355 de
400 2301 631 2354 hominis
664 2310 954 2365 structura,
978 2302 1176 2370 quibus
1205 2304 1362 2356 tertia
1400 2304 1465 2357 de
1510 2305 1763 2373 paradiso

186 2393 508 2462 adjnngitur.
559 2391 697 2447 Sunt
733 2393 814 2448 ha:
838 2393 1111 2447 orationes
1152 2394 1215 2446 ad
1252 2393 1438 2448 Basilii
1493 2397 1761 2464 promissa

186 2484 510 2555 perﬁcienda
556 2485 687 2540 satis
724 2488 1000 2555 appositae,
1052 2502 1113 2540 ac
1141 2487 1213 2540 ita
1249 2487 1389 2539 inter
1424 2500 1483 2540 se
1507 2502 1676 2550 nexze,
1707 2498 1764 2540 ut

186 2593 302 2647 qua:
353 2578 404 2631 in
445 2594 551 2632 una
587 2588 906 2644 tractantur,
957 2579 1008 2632 in
1053 2578 1296 2646 sequenti
1357 2578 1760 2635 coatinueutur.

187 2669 384 2723 Basilio
420 2671 730 2723 tribuuntur
759 2685 786 2723 a
827 2669 1149 2725 Gombetisio
1177 2678 1229 2725 et
1264 2670 1472 2739 Dupino
1507 2687 1521 2735 ;
1552 2672 1644 2726 sed
1672 2687 1763 2726 eas

188 2762 567 2817 Tillemoutius
610 2764 677 2817 ab
721 2762 900 2831 aliquo
934 2764 1165 2832 scriptas
1222 2764 1518 2830 existimat,
1556 2766 1765 2819 exerci-

190 2852 409 2905 tationis
444 2865 632 2918 causa,
665 2865 765 2903 nor
822 2864 915 2920 per
960 2851 1161 2914 dolum,
1216 2863 1309 2907 aut
1358 2853 1555 2908 malum
1603 2854 1762 2907 alieni

190 2945 324 2997 fetus
363 2942 565 2995 Basilio
604 2941 936 3012 supponendi
979 2942 1285 2996 consilium.

256 3034 489 3089 Difﬁcile
520 3043 608 3090 est
636 3034 875 3105 profecto
903 3034 1002 3090 bas
1038 3036 1289 3091 homilias
1342 3045 1527 3090 sancto
1564 3034 1765 3093 Basilio

188 3128 509 3189 attribuere,
548 3143 667 3180 cum
716 3128 938 3182 accedat
966 3126 1031 3180 ad
1067 3128 1368 3183 certissima
1414 3137 1652 3183 veterum
1688 3140 1766 3183 te-

189 3221 452 3275 stimonia
486 3220 612 3291 styli
641 3221 1040 3275 dissimilitudo.
1075 3221 1180 3274 Sed
1212 3222 1589 3291 inquirendum
1613 3223 1765 3276 nobis

187 3321 291 3377 est,
331 3327 401 3365 an
436 3314 633 3367 merito
671 3313 944 3368 existimet
975 3311 1348 3368 'l‘illemontius
1378 3314 1609 3383 aliquem
1645 3330 1766 3371 sese

192 3406 241 3459 in
266 3407 351 3459 bis
374 3404 613 3459 bomiliis
635 3404 735 3459 sub
754 3404 935 3460 Basilii
958 3407 1170 3460 nomine
1199 3405 1579 3461 elucubrandis
1606 3421 1764 3461 exer-

190 3502 412 3555 citasse.
432 3498 599 3554 Favet
620 3498 745 3553 huic
767 3498 1045 3553 sententia:
1071 3509 1259 3551 auetor
1290 3512 1480 3567 prmne
1512 3498 1763 3560 homilire,

192 3599 315 3648 dum
352 3594 597 3648 declarat
644 3593 788 3660 (pag.
823 3589 951 3660 524)
1006 3606 1063 3644 se
1114 3599 1265 3645 vetus
1324 3592 1586 3659 debitum,
1615 3593 1768 3663 cujus

192 3684 520 3737 solutionem
555 3696 695 3750 rgra
721 3680 966 3735 valetudo
1012 3680 1386 3750 impediverat,
1421 3683 1636 3739 tandem
1668 3686 1766 3737 alio

192 3776 410 3844 quando
450 3774 778 3844 persolvere.
824 3773 1073 3842 Iniquum
1110 3774 1248 3829 enim
1275 3774 1455 3841 fuerit,
1481 3778 1681 3847 inquit,
1717 3786 1769 3829 ut

192 3885 309 3922 cum
352 3869 566 3933 bestiis,
604 3868 765 3939 deque
814 3868 1124 3921 natatilibus
1166 3878 1210 3921 et
1235 3868 1487 3936 jumentis
1527 3886 1588 3920 ac
1628 3868 1769 3921 volu-

193 3962 390 4029 cribus,
438 3962 502 4014 de
541 3962 667 4015 crelo
700 3963 818 4014 item
857 3970 906 4014 et
949 3961 1028 4014 his
1071 3977 1187 4030 qua
1235 3964 1289 4014 in
1328 3961 1591 4039 caelo,tde
1632 3972 1769 4013 terra

194 4061 241 4105 et
261 4054 532 4120 stirpibus,
564 4069 682 4122 qua!
707 4055 759 4105 in
781 4064 918 4105 terra
940 4066 1056 4105 sunt
1080 4094 1093 4117 ,
1114 4054 1471 4118 didicerimus,
1492 4069 1591 4105 non
1614 4053 1770 4105 etiam

196 4146 257 4198 de
286 4155 468 4197 nostra
494 4146 825 4214 generatione
859 4160 922 4197 ea:
954 4144 1244 4213 Scriptura:
1280 4148 1469 4199 divime
1505 4146 1618 4199 luce
1648 4149 1773 4199 edo-

197 4248 429 4288 eeumur.
475 4234 697 4290 Mirifice
727 4238 841 4291 haec
878 4234 1074 4287 Basilio
1114 4247 1434 4304 congruunt.
1465 4236 1771 4301 Quinetiam

199 4342 318 4381 cum
367 4326 447 4381 ait
488 4340 547 4379 se
590 4337 746 4381 antea
800 4329 1100 4383 ostendisse
1143 4327 1264 4395 quis
1313 4328 1541 4394 dixerit,
1574 4326 1773 4381 Facia-

200 4435 314 4472 mus
345 4422 541 4490 (g),et
586 4418 649 4471 ad
676 4434 834 4487 quem
877 4420 1106 4481 dixerit,
1143 4433 1247 4472 non
1297 4420 1524 4473 obscure
1577 4422 1775 4473 indicat

199 4515 503 4564 orationem
541 4523 733 4563 nonam
772 4509 821 4561 in
872 4510 1278 4577 Hexaemeron,
1310 4511 1359 4563 in
1401 4528 1503 4579 qua
1550 4514 1663 4567 lucc
1709 4511 1773 4566 ad

1859 2044 2049 2105 pturae,
2076 2050 2195 2103 qua:
2222 2035 2310 2088 illo
2342 2035 2429 2089 die
2476 2035 2610 2089 lecta
2658 2032 2833 2088 fuerat
2866 2048 2879 2086 :
2911 2045 3140 2099 eamque
3179 2032 3257 2083 sic
3306 2043 3434 2081 con-

1862 2128 2029 2182 cludit
2069 2126 2115 2181 is
2147 2144 2176 2179 a
2224 2141 2330 2196 quo
2366 2127 2708 2195 pronuntiata
2740 2135 2842 2191 est,
2875 2132 2933 2177 ut
2963 2137 3024 2177 se
3068 2123 3134 2176 ad
3173 2135 3431 2175 necessa-

1862 2219 2001 2274 rium
2033 2220 2136 2273 iter
2165 2228 2541 2288 pr0perantem
2578 2219 2881 2271 auditorum
2933 2215 3187 2285 precibus
3239 2213 3431 2267 deduci

1862 2311 2118 2381 postulet.
2152 2310 2330 2365 Tertia
2384 2313 2500 2366 sine
2550 2310 2654 2364 ullo
2682 2323 2904 2380 prorsus
2941 2308 3165 2362 exordio
3191 2305 3379 2375 incipit
3407 2319 3435 2357 a

1864 2403 2129 2456 versiculo
2157 2401 2471 2472 Scriptura},
2505 2402 2753 2471 quamvis
2790 2396 3031 2469 praelatio
3062 2399 3309 2466 quaedam
3339 2395 3436 2448 ad-

1864 2495 2035 2548 hiberi
2062 2493 2358 2559 debuisset,
2379 2495 2421 2547 si
2455 2496 2499 2548 is
2524 2495 2613 2563 qui
2640 2492 2927 2547 secundam
2964 2490 3435 2559 pronuntiaverat,

1866 2586 2078 2640 tertiam
2107 2600 2171 2639 ex
2225 2584 2417 2638 itinere
2473 2584 2639 2637 redux
2690 2581 3110 2651 proauutiasset.
3167 2578 3302 2634 Tota
3352 2594 3438 2631 res

1865 2694 1993 2749 ergo
2019 2681 2069 2733 in
2094 2680 2369 2733 librarium
2400 2677 2634 2747 aliquem
2672 2677 2983 2745 rejicienda,
3022 2673 3113 2742 qui
3145 2687 3267 2727 cum
3307 2686 3441 2740 opus

1865 2771 2035 2825 sancti
2089 2770 2269 2823 Basilii
2326 2770 2627 2825 absolutum
2683 2778 2802 2838 post
2838 2768 2978 2821 illius
3009 2776 3237 2819 mortem
3277 2764 3443 2817 fuisse

1867 2862 2120 2927 nesciret,
2146 2862 2305 2914 simul
2359 2861 2641 2929 conjunxit
2686 2872 2792 2914 tres
2846 2858 2964 2911 illas
3010 2855 3289 2921 bomilias,
3322 2868 3442 2924 quae

1866 2956 2069 3009 idonea:
2104 2954 2170 3007 ad
2196 2954 2323 3008 illud
2369 2954 2748 3009 absolvendum
2782 2953 3124 3006 videbantur.

1935 3046 1992 3100 5ο
2026 3046 2220 3100 Addita
2247 3060 2368 3100 esse
2401 3055 2453 3098 et
2500 3053 2703 3109 assuta,
2730 3058 2850 3113 qua:
2880 3042 2931 3094 in
2972 3043 3143 3109 prima
3196 3040 3444 3093 oratione

1868 3140 2155 3194 consilium
2196 3140 2439 3193 indicant
2487 3138 2802 3192 absolvendi
2846 3136 3027 3207 eperis
3069 3134 3279 3199 Basilii,
3321 3134 3445 3186 inde

1870 3232 2214 3301 perspicitur,
2234 3231 2376 3300 quod
2404 3245 2523 3284 cum
2551 3246 2645 3284 sua
2669 3240 2857 3299 sponte
2892 3231 3006 3284 haec
3036 3227 3213 3281 oratio
3244 3225 3444 3280 nullam

1868 3324 2065 3378 habeat
2098 3336 2218 3374 cum
2250 3324 2456 3376 duabus
2483 3322 2606 3376 aliis
2639 3322 3113 3383 necessitudinem,
3148 3333 3209 3371 ac
3237 3318 3302 3371 de
3328 3320 3449 3386 plu-

1868 3416 2017 3470 ribus
2040 3429 2071 3468 a
2098 3414 2295 3468 Basilio
2324 3414 2603 3483 promissis
2644 3430 2813 3482 pauca
2851 3422 3231 3481 persequatur,
3266 3412 3448 3463 minus

1870 3508 2060 3561 idonea
2108 3507 2181 3560 sit
2217 3506 2284 3560 ad
2342 3505 2730 3561 absolvendum
2764 3521 2900 3575 opus
2948 3506 2999 3559 in
3051 3504 3440 3558 Hexaemeron.

1869 3600 2047 3665 Quare
2081 3600 2375 3654 verisimile
2403 3611 2488 3653 est
2516 3614 2662 3662 eunt,
2689 3600 2778 3668 qui
2821 3614 2943 3651 cum
2986 3598 3086 3650 hac
3118 3595 3289 3665 prima
3315 3594 3448 3648 duas

1870 3691 2003 3747 alias
2047 3692 2363 3762 conjunxit,
2396 3706 2461 3745 ea
2516 3690 2679 3744 etiam
2735 3690 2799 3744 de
2854 3704 2953 3745 suo
2996 3689 3290 3751 addidisse,
3332 3700 3451 3756 quae

1873 3784 1931 3839 S.
1975 3785 2171 3839 Basilio
2204 3799 2503 3854 congruere
2532 3784 2871 3839 videbantur.

1941 3876 2026 3930 ιν.
2064 3877 2195 3930 Cum
2235 3876 2421 3929 decem
2463 3885 2515 3929 et
2559 3886 2764 3935 septem
2819 3876 3051 3928 b0milize
3099 3874 3151 3927 in
3208 3871 3450 3927 Psalmos

1872 3968 2002 4024 nihil
2028 3982 2247 4039 prorsus
2273 3966 2632 4036 suppeditant,
2658 3983 2724 4021 ex
2757 3981 2863 4035 quo
2886 3965 3140 4022 Basiliam
3178 3976 3305 4019 tunc
3332 3964 3448 4032 epi-

1874 4082 2092 4135 scopum
2124 4065 2307 4126 l'uisse,
2344 4073 2437 4117 attt
2468 4060 2580 4129 jam
2614 4063 2878 4131 prodiisse
2908 4063 3155 4117 hazresim
3188 4061 3453 4115 Pneuma-

1876 4153 2249 4205 tomachorum
2305 4149 2731 4219 perspiciamus;
2777 4159 2885 4204 tum
2930 4167 3057 4205 vero
3087 4152 3205 4205 dua:
3242 4166 3307 4203 cx
3349 4150 3452 4203 illis

1875 4247 2059 4299 decem
2102 4255 2155 4297 et
2194 4254 2397 4313 septem
2440 4242 2676 4297 bomiliis
2722 4243 3093 4311 presbyterum
3143 4243 3289 4295 illum
3327 4254 3452 4296 tunc

1875 4337 2044 4390 fuisse
2065 4334 2316 4403 probant.
2348 4334 2437 4389 Sic
2468 4335 2607 4387 enim
2634 4332 2868 4400 loquitur
2905 4333 2956 4386 in
2989 4333 3206 4387 homilia
3232 4334 3282 4386 in
3308 4334 3451 4400 psal-

1877 4443 1963 4482 mo
1992 4444 2081 4482 xtv
2113 4428 2187 4498 (p.
2222 4425 2343 4494 HO)
2373 4445 2385 4479 :
2422 4426 2531 4478 Ἑνὶ
2574 4424 2748 4489 τούτῳ
2770 4424 3097 4497 διαφέρομεν
3130 4425 3239 4480 τῶν
3288 4427 3453 4479 πλου-

1874 4522 2107 4574 τούντων
2131 4522 2179 4572 οἱ
2211 4521 2457 4588 πένητες,
2489 4520 2553 4589 τῇ
2594 4518 2916 4590 ἀμεριμνίᾳ.
2958 4518 3075 4573 "ac
3105 4537 3208 4571 una
3243 4536 3295 4571 re
3330 4520 3458 4571 divi-

199 4598 393 4653 ΡὶΙίυιη
423 4602 567 4655 dicta
598 4614 720 4655 esse
742 4601 1062 4656 ostenditur.
1085 4604 1191 4658 Sed
1225 4613 1401 4658 tamen
1442 4621 1545 4657 ΙΙΟΙΙ
1580 4606 1771 4659 desunt
1805 4629 1848 4684 D
1877 4614 2009 4665 (ibus
2052 4629 2141 4664 ηος
2193 4627 2444 4680 paupere;
2490 4620 2821 4680 ρνιυειαηιιη,
2866 4627 3113 4662 curarum
3172 4613 3453 4665 ιιαευίιαιε.

203 4696 462 4760 rationes,
491 4714 588 4752 cur
618 4698 801 4751 malim
837 4697 952 4751 hzec
985 4716 1013 4751 a
1056 4701 1296 4755 librariis
1331 4702 1636 4755 recentibus
1686 4714 1774 4753 as-

201 4797 320 4845 suta
361 4791 606 4851 credere.
637 4806 798 4861 quant
828 4802 936 4844 tres
989 4791 1109 4845 illas
1140 4793 1388 4847 beinilias
1429 4792 1633 4846 llUtlllnl
1680 4790 1776 4844 tri-

238 4895 370 4935 uere
418 4878 615 4934 otioso.

272 4972 331 5027 1ο
370 4970 709 5041 Perantiqum
734 4985 859 5030 sunt
882 4974 983 5031 illm
1026 4974 1278 5040 homilim,
1316 4992 1379 5029 ac
1406 4987 1644 5029 veterum
1677 4974 1779 5027 Ρη-

208 5074 344 5119 trum
382 5065 683 5119 disserendi
715 5068 976 5123 rationem
1034 5070 1257 5122 omnino
1309 5069 1571 5123 referunt.
1612 5070 1777 5122 l’orro

207 5160 473 5213 neminem
512 5174 579 5211 ex
611 5158 845 5225 antiquis
875 5161 1033 5230 paulo
1071 5162 1377 5231 peritiorem
1415 5162 1578 5215 fuisse
1603 5161 1782 5215 existi-

207 5265 373 5316 ment,
426 5253 517 5323 qui
567 5269 703 5323 opus
754 5254 937 5310 Basilii
988 5257 1042 5309 in
1105 5254 1473 5310 Hexaemeron
1523 5255 1783 5324 Gregorio

210 5341 447 5413 Nysscno
496 5346 802 5401 absolutum
848 5347 1014 5402 fuisse
1077 5350 1331 5405 nesciret.
1378 5348 1559 5413 Quare
1603 5346 1791 5401 debuit

209 5451 269 5489 ea
302 5454 386 5493 res
405 5441 703 5503 deterrere,
730 5440 1020 5510 quominus
1035 5442 1320 5511 quisquam
1351 5441 1490 5495 hanc
1508 5441 1787 5494 materiam

301 5686 351 5745 η)
393 5683 588 5737 llontil.
630 5685 683 5743 9,
720 5699 769 5749 p.
809 5685 896 5737 88.

301 5686 351 5745 n)
393 5685 588 5737 llontil.
630 5685 683 5743 9,
720 5699 769 5749 p.
809 5685 896 5737 88.

277 5685 348 5880 gl);
396 5753 472 5803 De
492 5755 736 5829 scriptor.
770 5754 985 5831 Izjc'clesa

286 5833 324 5880 _:
391 5819 463 5870 Ue
501 5823 914 5872 rrtstduhdwm.
947 5822 983 5872 lt

277 5819 345 5883 (ε)
391 5819 463 5870 Ue
501 5820 914 5872 instduhdiviu.
947 5822 1051 5885 lit.,
1080 5838 1196 5889 Cap.
1244 5824 1288 5874 l.

274 5888 350 5942 td)
392 5883 512 5939 Lib.
542 5901 617 5944 tv.
651 5900 701 5938 c.
722 5886 809 5940 26.

1878 4703 2159 4771 Nunquam
2221 4717 2348 4757 sane
2401 4716 2601 4772 pauper
2647 4714 2766 4755 esse
2812 4701 2973 4755 desiit
3006 4700 3255 4767 Basilius,
3292 4704 3455 4757 etiam

1878 4794 2017 4847 inter
2069 4796 2273 4864 amplos
2306 4796 2508 4849 reditus
2558 4793 2900 4863 episcopatus
2945 4794 3296 4850 Gmsariensis
3324 4814 3336 4850 :
3365 4796 3456 4849 sed

1849 4877 2057 4940 'tamen
2087 4888 2250 4939 multo
2273 4889 2476 4954 aequius
2493 4894 2547 4940 et
2564 4886 2743 4941 verius
2766 4887 2906 4942 inter
2925 4901 3188 4955 pauperes
3208 4898 3327 4942 sese
3354 4902 3455 4937 nu-

1881 4994 2092 5032 merare
2126 4979 2317 5047 potuit,
2341 4994 2462 5033 cum
2490 4995 2611 5035 eum
2646 4981 2899 5034 omnibus
2930 4980 3091 5034 rebus
3119 4982 3314 5032 nudum
3342 4996 3459 5048 pro-

1880 5071 2061 5139 pinqui
2095 5081 2147 5123 et
2173 5071 2321 5125 cbari
2359 5080 2748 5133 sustentarent,
2782 5086 2941 5139 quam
2980 5086 3099 5125 cum
3134 5071 3247 5139 ipse
3269 5074 3461 5141 Opibus

1881 5163 1945 5215 ad
1988 5162 2213 5217 aliorum
2245 5165 2477 5233 inopiam
2512 5164 2923 5217 sustentandam
2959 5161 3278 5221 abundaret,

1955 5252 2130 5322 Supra
2173 5256 2248 5323 ili)
2290 5256 2567 5309 attulimus
2620 5254 2769 5309 aliutl
2832 5255 3201 5308 testimonium
3258 5272 3320 5310 ex
3367 5259 3436 5311 ho

1888 5346 2033 5398 milia
2065 5347 2115 5399 in
2146 5349 2336 5415 psalm.
2367 5362 2493 5401 cstv
2562 5346 2696 5399 Cum
2741 5346 2970 5415 populus
3016 5362 3044 5399 a
3097 5348 3268 5401 media
3301 5356 3461 5402 nocte

1890 5454 2059 5509 usque
2109 5441 2173 5492 ad
2219 5440 2497 5493 meridiem
2546 5439 2597 5492 in
2634 5440 2864 5507 quadam
2907 5448 3201 5511 martyrum
3233 5439 3461 5496 ecclesia

1964 5688 2029 5755 (e)
2075 5686 2225 5757 Tum.
2261 5688 2301 5749 l,
2336 5706 2386 5757 p.
2415 5691 2467 5743 6.

1960 5757 2024 5818 (1')
2065 5756 2216 5826 'llum.
2253 5756 2291 5820 l,
2323 5756 2580 5826 appelli,
2615 5774 2668 5826 p.
2703 5759 2825 5813 5⁸21.

1962 5827 2035 5885 (g)
2074 5824 2208 5876 fieri.
2244 5844 2279 5882 i,
2306 5825 2395 5879 20'.

1961 5894 2035 5945 Hi)
2077 5890 2203 5942 Cat).
2248 5894 2327 5949 lO.
2368 5908 2420 5946 n.
2459 5894 2507 5945 2.
