4212 6488
780 456 941 500 ειιιν

2130 426 2642 485 ΡιιοιεοοιιεΝΑ
2653 467 2670 481 .

784 561 1005 627 psalmis
1033 558 1289 615 canendis
1308 563 1605 626 occupatus
1634 554 1820 610 fuisset
1844 593 1861 619 ,
1896 550 2112 605 advenit
2138 550 2352 605 tandem
2382 552 2429 609 Α
2460 558 2667 613 rentur,
2720 547 2771 602 id
2817 547 2955 618 quod
2995 547 3236 604 secundo
3281 544 3466 602 Basilii
3505 546 3851 617 episcopatus
3892 559 4041 601 anno

782 654 1035 717 Basilius,
1074 662 1237 721 atque
1267 650 1366 704 hac
1395 649 1742 704 excusatione
1769 650 1958 707 utitur,
1984 660 2081 698 cur
2113 643 2200 697 ditt
2237 658 2355 695 mo-

782 756 933 800 ratus
963 744 1187 799 fuisset:
1214 741 1277 793 Ei
1308 740 1366 793 δὲ
1390 739 1469 792 δεῖ
1497 738 1593 792 καὶ
1640 737 1787 808 ἡμᾶς
1819 734 1958 805 ὑπὲρ
1993 731 2151 804 ἡμῶν
2180 730 2357 783 αὐτῶν

781 834 1245 907 ἀπολογήσασθαι,
1297 832 1395 904 τῆς
1445 830 1727 901 διατριὸῆς
1773 828 1958 881 ἕνεκεν
2007 826 2103 879 καὶ
2136 825 2233 893 τῆς
2266 823 2359 876 ἐπὶ

781 929 1033 983 πλεῖστον
1058 925 1391 995 ἀπολείψεως
1424 922 1601 994 ὑμῶν,
1637 918 1870 991 ἐροῦμεν
1908 915 2005 984 τὴν
2030 916 2235 976 αἰτίαν,
2274 915 2358 968 ὅτι

779 1018 948 1089 ἄλλην
984 1019 1243 1090 ὁμότιμον
1282 1014 1454 1087 ταύτῃ
1494 1014 1588 1068 τοῦ
1613 1012 1749 1067 Θεοῦ
1792 1009 2117 1081 Ἐκκλησίαν
2151 1010 2362 1061 οἰκονο-

785 1115 1009 1187 μοῦντες
1038 1113 1139 1165 οὐκ
1170 1110 1336 1181 ὀλίγῳ
1376 1108 1513 1179 πρὸς
1552 1108 1697 1179 ὑμᾶς
1742 1103 2119 1178 διειργομένην
2146 1101 2223 1172 τῷ
2248 1102 2362 1155 δια-

783 1208 1042 1277 στήματι,
1068 1202 1158 1255 τὸν
1188 1202 1377 1273 χρόνον
1404 1199 1593 1255 τοῦτον
1636 1199 1735 1267 τῆς
1784 1197 1995 1268 ἡμέρας
2038 1191 2360 1247 κατανωλώ-

783 1314 976 1369 σαμεν.
1014 1295 1167 1348 Ἐπεὶ
1192 1289 1286 1347 οὖν
1328 1292 1527 1345 ἔδωκεν
1576 1292 1605 1343 ὁ
1650 1288 1846 1361 Κύριος
1898 1286 2172 1349 κάκείνοις
2222 1284 2361 1353 πλη-

785 1392 956 1462 Ρὼσαί
1026 1388 1122 1461 τὴν
1174 1384 1551 1456 λειτουργίαν.
1610 1383 1703 1436 καὶ
1760 1382 1834 1453 μὴ
1884 1380 2202 1451 διαμαρτεῖν
2259 1375 2360 1445 τῆς

782 1479 1054 1551 ὑμετέρας
1091 1477 1334 1545 ἀγάπης,
1376 1473 1600 1527 ἀπόδοτε
1649 1470 1766 1543 μεθ’
1797 1468 1952 1541 ἡμῶν
1994 1468 2093 1539 τὴν
2139 1466 2360 1535 εὐχαρι-

782 1570 935 1627 στίαν
970 1570 1048 1642 τῷ
1082 1568 1367 1642 εὐεργέτῃ,
1412 1566 1491 1637 τῷ
1538 1566 1636 1634 τὴν
1682 1562 1966 1633 ὁρωμένην
2020 1558 2223 1628 ταύτην
2264 1554 2358 1608 τοῦ

783 1663 1035 1736 σώματος
1067 1661 1224 1734 ἡμῶν
1258 1659 1542 1714 ἀσθένειαν
1578 1659 1646 1727 τῇ
1681 1654 1899 1725 ἀοράτῳ
1939 1648 2102 1706 αὑτοῦ
2131 1648 2358 1718 δυνάμει

780 1756 1227 1830 χιιραγωγοῦντι.
1265 1752 1418 1819 Quod
1457 1751 1502 1805 si
1544 1750 1693 1803 nobis
1735 1745 2072 1800 excusatione
2104 1758 2233 1809 opus
2260 1750 2357 1805 est,

779 1854 920 1923 quod
953 1852 1146 1905 morati
1195 1852 1380 1913 simus,
1427 1857 1472 1901 et
1510 1863 1541 1899 a
1586 1845 1725 1900 vobis
1774 1841 2095 1910 abfuerimus
2133 1840 2315 1907 perdiu
2340 1876 2357 1901 ,

2456 640 2701 708 contigit.

2526 729 2754 785 Videtur
2790 730 3085 800 Gregorius
3127 728 3506 786 Nazianzenus
3556 731 3809 786 homilias
3850 732 4040 787 Basilii

2457 822 2512 875 in
2549 823 2791 879 Psalmos
2817 823 3079 885 indicare,
3104 839 3227 880 cum
3255 823 3436 878 laudat
3467 823 3609 879 illius
3632 824 4040 888 enarrationes,

2458 913 2512 967 in
2565 914 2761 979 quibus
2818 912 3157 982 Scripturam
3204 915 3291 979 iis,
3340 913 3433 983 qui
3483 912 3839 982 simpliciores
3888 924 4039 980 sunt,

2463 1005 2725 1060 trifariam
2784 1005 3132 1075 explanabat.
3188 1005 3243 1060 ld
3294 1004 3498 1074 Optime
3556 1006 3812 1060 convenit
3848 1005 3940 1060 his
3986 1006 4038 1059 in

2462 1096 2696 1165 psalmos
2724 1096 2985 1151 homiliis.
3014 1093 3130 1148 Non
3164 1095 3306 1150 enim
3340 1094 3571 1150 Basilius
3598 1095 3649 1149 in
3687 1095 3886 1150 litteras
3918 1109 4041 1149 cor-

2464 1185 2589 1249 tice,
2618 1196 2676 1239 ut
2713 1186 2788 1240 ait
2829 1186 3144 1256 Gregorius,
3188 1187 3376 1255 pedem
3439 1186 3571 1256 figit,
3615 1188 3709 1242 sed
3768 1197 4039 1257 pra:tcrea

2463 1276 2719 1331 moralem
2750 1292 2965 1334 sensum
2994 1288 3049 1333 et
3075 1294 3159 1343 ea,
3187 1293 3308 1348 qua
3351 1280 3416 1333 ad
3450 1279 3729 1335 Christum
3758 1289 4039 1349 spectant,

2462 1370 2773 1440 investigat.
2816 1372 3106 1427 Existimat
3153 1371 3531 1429 Tillemontius
3575 1373 3816 1444 psalmos
3842 1373 4041 1429 ordine

2463 1478 2493 1517 a
2525 1476 2715 1518 sancto
2737 1464 2934 1522 Basilio
2966 1466 3290 1536 expianatos
3319 1465 3505 1530 fuisse,
3538 1477 3699 1537 atque
3737 1483 3805 1523 ex
3840 1482 4041 1537 magno

2462 1557 2554 1612 illo
2604 1558 2943 1613 homiliarum
3002 1574 3228 1615 numero
3268 1574 3562 1630 perpaucas
3605 1562 3672 1615 ad
3713 1577 3813 1616 nos
3846 1575 4043 1630 perve-

2462 1654 2628 1709 nisse.
2663 1652 2758 1706 llis
2789 1652 3091 1708 rationibus
3137 1653 3329 1707 nititur
3382 1652 3727 1709 doctissimus
3781 1655 4040 1724 scriptor,

2462 1747 2605 1815 quod
2641 1746 2784 1799 nulla
2810 1746 3030 1801 videtur
3050 1747 3326 1803 exstitisse
3370 1760 3557 1812 causa,
3589 1760 3686 1799 cur
3714 1747 3814 1802 hos
3857 1748 4043 1818 potius

2462 1852 2622 1908 quam
2647 1838 2769 1893 illos
2787 1837 2854 1893 ad
2879 1838 3270 1908 cxplanandum
3297 1836 3526 1893 Basilius
3548 1836 3817 1907 elegisset,
3845 1838 4043 1895 deinde

782 1949 919 2001 hanc
959 1946 1237 2015 afferentur
1275 1958 1512 2005 causam,
1545 1938 1704 2008 quod,
1730 1952 1847 1989 cum
1872 1934 2034 1988 aliam
2064 1931 2159 1985 Dei
2191 1930 2355 1985 eccle-
2391 1928 2435 1984 B
2462 1930 2601 1999 quod
2664 1929 3044 1987 nonnullorum
3100 1930 3534 2000 explanationem
3596 1944 3700 1983 non
3762 1929 4035 1996 absolvit;

781 2039 939 2096 siam.
963 2039 1084 2091 huic
1115 2038 1312 2090 [tonare
1358 2050 1559 2103 parem,
1605 2030 2057 2090 administremus,
2100 2041 2203 2078 non
2253 2040 2361 2076 me-

782 2132 951 2186 diocri
985 2148 1017 2184 a
1059 2131 1199 2185 vobis
1230 2131 1513 2181 distantem
1538 2123 1839 2185 intervallo,
1885 2122 1983 2174 hoc
2019 2128 2220 2188 tempus
2256 2117 2360 2171 diei

782 2224 1282 2292 consumpserimus.
1322 2217 1452 2276 Cum
1484 2220 1645 2289 igitur
1686 2216 1889 2271 dederit
1918 2213 2193 2275 Dominus,
2234 2220 2288 2263 ut
2312 2215 2362 2262 et

781 2318 890 2372 illis
916 2316 1182 2384 implerem
1228 2314 1519 2383 liturgiam,
1556 2328 1649 2365 nec
1697 2318 1878 2365 vestra
1921 2308 2148 2361 deessem
2186 2301 2363 2357 chari-

783 2410 906 2475 tati,
939 2424 1139 2462 mecum
1163 2406 1390 2473 beneﬁca
1424 2403 1669 2474 largitori
1696 2402 1894 2471 gratias
1922 2401 2085 2469 agite,
2106 2398 2197 2466 qui
2224 2397 2361 2448 lianc

781 2519 943 2567 quam
981 2501 1167 2557 videtis
1230 2498 1468 2565 corporis
1526 2498 1693 2550 nostri
1752 2492 2070 2547 debilitatem
2114 2487 2361 2543 invisibili

783 2612 880 2651 sua
900 2594 1133 2665 potentia
1162 2592 1399 2646 deduxit.
1440 2590 1513 2644 Ex
1559 2590 1642 2643 his
1690 2597 1839 2658 patet
1872 2600 2035 2640 unam
2082 2598 2151 2638 ex
2180 2581 2362 2638 Caasa-

789 2687 1056 2743 riensibus
1109 2684 1354 2741 ecclesiis
1400 2681 1595 2737 Basilio
1650 2681 1994 2734 commissam
2053 2676 2252 2741 fuisse,
2298 2687 2364 2728 ac

786 2778 1017 2852 proinde
1052 2778 1289 2833 nondum
1330 2774 1642 2845 episcopum
1685 2770 1875 2826 fuisse.
1909 2769 2025 2824 Non
2087 2767 2229 2821 enim
2283 2764 2364 2820 sic

786 2872 1040 2929 Ioanatur
1064 2872 1354 2940 episcopus
1388 2866 1452 2921 ad
1493 2880 1652 2934 quem
1685 2864 1927 2919 omnium
1982 2860 2235 2917 ditecesis
2274 2873 2363 2914 ec-

784 2962 1071 3018 clesiarum
1106 2976 1235 3014 cura
1280 2958 1553 3026 pertinet;
1591 2965 1687 3010 aut
1738 2956 1784 3009 si
1827 2953 2136 3016 ecclesiam,
2172 2951 2224 3006 in
2255 2963 2361 3020 qua

784 3054 1061 3125 liturgiam
1088 3054 1367 3109 celebrare
1416 3050 1575 3115 solet,
1606 3049 1708 3105 sibi
1741 3048 1807 3101 ad
1842 3046 2133 3117 regendum
2168 3042 2362 3113 praeci-

785 3164 892 3220 pue
921 3147 1267 3203 commissam
1303 3144 1487 3197 dicere
1521 3142 1712 3211 possit,
1747 3155 1852 3193 non
1889 3147 2067 3191 tamen
2104 3137 2231 3191 huic
2276 3149 2367 3190 ec-

787 3241 966 3299 clesia:
990 3240 1122 3294 alias
1164 3238 1217 3291 in
1255 3237 1400 3306 agris
1438 3244 1528 3289 aut
1558 3233 1625 3287 ad
1655 3232 1844 3286 urbem
1892 3238 2233 3284 constructas
2266 3227 2365 3281 ho-

790 3345 923 3389 nore
949 3343 1005 3389 et
1040 3330 1301 3403 dignitate
1336 3342 1495 3401 pares
1525 3326 1823 3383 existimet.

860 3517 919 3577 Si
979 3516 1238 3573 Basilium
1296 3517 1363 3571 ad
1411 3515 1511 3571 has
1564 3514 1696 3568 duas
1743 3510 2017 3575 homilias,
2071 3507 2277 3578 nempe’
2308 3509 2362 3561 in

788 3615 982 3688 psalm.
1010 3628 1101 3668 xtv
1129 3621 1184 3667 et
1212 3626 1360 3678 cxtv,
1408 3609 1527 3681 ipso
1574 3606 1907 3679 psalmorum
1955 3604 2147 3660 ordine
2195 3604 2365 3657 addu-

787 3717 937 3764 ctum
975 3719 1098 3760 θεοῦ
1135 3713 1453 3767 constaret,
1496 3712 1739 3757 statuere
1797 3714 2082 3769 possemus
2141 3707 2366 3753 CIEICI'IS

784 3812 1003 3871 quoque
1034 3796 1087 3851 in
1118 3793 1356 3866 psalmos
1396 3791 1651 3847 homilias
1690 3800 1815 3844 ante
1855 3788 2223 3857 episcopatum
2265 3788 2365 3840 ha-

786 3891 933 3948 bitas
967 3890 1155 3945 fuisse.
1183 3887 1288 3944 Sed
1313 3886 1534 3943 homilia
1571 3885 1625 3940 in
1657 3884 1851 3956 psalm.
1874 3896 2001 3938 cxtv
2036 3881 2087 3934 in
2114 3878 2363 3943 ecclesia,

792 3982 847 4037 in
880 3997 986 4052 qua
1015 3981 1245 4037 Basilius
1275 3978 1586 4035 concionari
1624 3994 1729 4031 non
1764 3977 1991 4042 solebat,
2022 3972 2088 4029 ad
2117 3972 2365 4028 occasio-

792 4087 915 4129 nem
980 4072 1194 4144 psalmi,
1241 4072 1333 4143 qui
1397 4070 1732 4141 ingrediente
1784 4068 1984 4125 Basilio
2047 4067 2363 4133 cauebatur,

788 4166 1141 4238 pronuntiata
1208 4175 1312 4221 est.
1384 4163 1538 4234 Quod
1596 4173 1803 4234 spectat
1860 4162 1928 4217 ad
1984 4162 2259 4217 homiliam
2310 4160 2363 4215 in

790 4260 985 4332 psalm.
1022 4275 1138 4325 xsv,
1174 4258 1316 4314 illam
1343 4259 1559 4329 quidem
1586 4257 1776 4311 habuit
1811 4255 2061 4316 Basilius,
2099 4262 2158 4308 ιιι
2186 4253 2365 4308 absol-

788 4359 942 4405 veret
973 4366 1093 4420 quas
1113 4351 1284 4420 pridie
1318 4350 1385 4405 de
1424 4348 1614 4405 eodem
1649 4347 1855 4418 psalmo
1883 4348 2233 4402 disseruerat.
2259 4345 2365 4401 Sed

789 4457 913 4497 cum
950 4441 1168 4496 dubium
1199 4442 1271 4495 sit
1304 4457 1371 4496 an
1416 4440 1694 4496 homiliam
1744 4439 1887 4494 illam
1916 4438 2089 4509 pridie
2125 4452 2365 4507 pronun-

789 4533 1344 4600 tiatam'habeamus,
1392 4532 1655 4588 incertum
1686 4534 1851 4587 etiam
1884 4541 1968 4587 est
2002 4540 2182 4585 utrum
2218 4533 2270 4583 in
2303 4545 2363 4585 ea

2465 2034 2577 2079 tum
2606 2026 2767 2081 etiam
2798 2027 2920 2097 quia
2955 2026 3009 2080 in
3056 2025 3274 2080 homilia
3314 2026 3365 2079 in
3395 2024 3587 2094 psalm.
3623 2038 3809 2078 xxxvn
3838 2024 4040 2079 citatur

2464 2115 2681 2170 homilia
2728 2116 2779 2170 in
2833 2117 3027 2187 psalm.
3078 2133 3154 2183 vr,
3202 2128 3257 2171 et
3313 2117 3451 2186 apud
3505 2116 3831 2188 Symeonem
3867 2113 4039 2169 hleta-

2464 2208 2738 2279 phrastem
2792 2210 3025 2264 homiiiae
3074 2210 3127 2265 in
3176 2209 3410 2280 psalmos
3448 2225 3527 2273 xl,
3575 2222 3767 2271 xxxiv,
3802 2222 4039 2273 xxxvut,

2463 2316 2531 2356 ιν
2590 2301 2849 2354 citantur.
2920 2300 3255 2355 Sententiam
3318 2300 3648 2356 Tillemontii
3710 2301 4041 2355 coitiirmare

2462 2408 2749 2465 possumus
2792 2408 2857 2448 ex
2903 2393 3117 2446 homilia
3149 2394 3200 2446 in
3244 2394 3438 2463 psahn.
3486 2409 3638 2456 XXIX,
3669 2393 3757 2447 ubi
3809 2390 4042 2445 Basilius

2462 2486 2607 2539 velut
2636 2485 2689 2539 in
2718 2484 2875 2555 longo
2905 2484 3136 2553 quodam
3173 2497 3238 2537 ac
3281 2500 3384 2536 non
3420 2483 3734 2537 intermisso
3770 2494 3938 2551 opere
3965 2479 4043 2534 cio

2465 2586 2680 2647 tat~quce
2708 2576 2762 2631 in
2798 2575 3173 2646 superioribus
3204 2573 3442 2629 homiliis
3472 2588 3612 2642 saepe
3653 2574 3889 2628 dixerat.
3923 2573 4042 2629 Sa:-

2462 2684 2523 2739 pe
2546 2670 2742 2723 dictum
2766 2681 2863 2733 est,
2897 2667 3094 2734 inquit,
3124 2670 3187 2719 de
3214 2664 3442 2719 clamore
3467 2665 3535 2715 ad
3566 2662 3874 2725 Dominum,
3900 2663 4040 2732 quod

2462 2760 2531 2813 sit
2562 2758 2676 2829 ejus
2704 2760 2889 2823 solius,
2913 2761 3001 2827 qui
3026 2774 3216 2829 magna
3244 2766 3289 2809 et
3327 2754 3554 2808 cmlestia
3586 2753 3746 2820 cupit,
3782 2752 4039 2808 clamare.

2465 2849 2685 2905 Scilicet
2718 2848 2877 2919 hujus
2927 2852 3076 2904 vocis
3122 2862 3264 2917 smpe
3316 2844 3650 2917 explicandae
3695 2844 4042 2898 occasionem

2462 2942 2757 2997 attulerant
2788 2938 2977 3009 psalmi
2998 2941 3049 2992 in
3075 2939 3269 3007 quibus
3296 2952 3439 3000 saepe
3470 2935 3731 2992 occurrit.
3756 2934 3913 3002 Quod
3941 2949 4042 2988 an-

2465 3043 2573 3089 tem
2598 3045 2807 3105 spectat
2836 3034 2904 3087 ad
2958 3033 3207 3087 lioznilias
3278 3049 3307 3085 ιι
3360 3029 3626 3103 Symeone
3674 3027 4045 3097 lletaphraste

2465 3128 2683 3190 citatus,
2716 3133 2827 3180 tota
2867 3140 2954 3178 res
2986 3125 3173 3178 nititur
3199 3124 3349 3178 i‘alsis
3381 3121 3643 3195 numeris,
3672 3122 3763 3189 qui
3800 3120 3868 3175 ad
3896 3135 4047 3174 mar-

2467 3213 2646 3285 ginem
2672 3211 2996 3266 Parisiensis
3030 3210 3286 3265 editionis
3315 3211 3537 3279 appositi
3579 3212 3814 3265 fuerant.
3845 3210 4045 3265 Errata

2465 3305 2872 3361 emendavimus
2904 3304 2958 3358 in
2989 3303 3091 3357 hac
3116 3302 3372 3356 editione.
3405 3301 3504 3358 Ubi
3529 3303 3673 3356 enim
3703 3303 4048 3357 indicabatur

2466 3398 2686 3455 bomilia
2743 3396 2917 3454 sancti
2970 3394 3156 3451 Basilii
3212 3394 3265 3448 in
3328 3392 3520 3464 psalm.
3581 3407 3638 3446 ιιι
3702 3394 4045 3461 reposuimus

2464 3489 2655 3560 psalm.
2693 3503 2807 3553 xiv,
2849 3487 3065 3544 homilia
3120 3486 3175 3542 iu
3224 3484 3422 3557 psalm.
3472 3497 3640 3539 xxxiv
3685 3481 3959 3538 citabatur
3987 3482 4043 3539 in

2464 3598 2715 3639 sermone
2754 3584 2942 3654 quinto
2984 3598 3132 3637 num.
3171 3581 3204 3637 5
3251 3590 3309 3638 et
3351 3582 3403 3636 in
3452 3581 3685 3651 septimo
3734 3595 3787 3634 n.
3840 3577 3894 3634 6.
3937 3578 4044 3635 Sed

2465 3676 2580 3731 haec
2624 3677 2731 3731 duo
2790 3676 2903 3731 loca
2962 3675 3310 3745 reperiuntur
3352 3673 3404 3727 in
3458 3672 3695 3727 homiliis
3745 3669 3931 3726 Basilii
3986 3670 4042 3725 in

2465 3769 2657 3841 psalm.
2708 3783 2880 3822 xxxttt
2937 3777 2992 3822 et
3040 3782 3163 3821 va.
3215 3764 3479 3821 Similiter
3524 3780 3646 3834 quae
3696 3764 3749 3819 in
3790 3777 4045 3819 sermone

2466 3861 2570 3919 15.
2614 3875 2763 3913 num.
2807 3858 2858 3924 4,
2903 3859 3217 3928 deprompta
3262 3857 3584 3910 videbantur
3621 3871 3687 3910 ex
3735 3855 3952 3910 humilia
3987 3856 4044 3910 in

2468 3951 2659 4022 psalm.
2700 3966 2789 4020 ιν,
2818 3962 2873 4006 et
2912 3951 2966 4004 in
3006 3963 3256 4005 sermone
3291 3946 3381 4013 ﬂ,
3432 3963 3487 4000 ιι.
3528 3947 3586 4012 3,
3629 3962 3696 4003 ex
3740 3947 3960 4002 homilia
3990 3948 4043 4003 in

2466 4047 2657 4116 psalm.
2702 4061 2935 4110 xxxvut,
2975 4059 3040 4101 ea
3079 4043 3380 4114 reperimus
3412 4041 3465 4095 in
3495 4039 3736 4096 homiliis
3761 4040 3815 4095 itt
3844 4041 4041 4113 psalm.

2467 4154 2552 4194 LIX
2604 4150 2660 4196 et
2694 4156 2805 4195 LXI.

2537 4232 2846 4300 Quinetiam
2882 4233 2949 4288 de
2980 4231 3087 4287 illis
3123 4244 3248 4306 quze
3276 4235 3495 4283 exstant
3534 4226 3721 4284 decem
3752 4238 3808 4283 et
3837 4235 4042 4297 septem

2466 4326 2702 4383 homiliis
2732 4326 3098 4382 controversia
3121 4332 3203 4377 est
3223 4337 3289 4375 an
3314 4320 3513 4377 Basilio
3534 4336 3724 4378 omnes
3746 4319 4043 4375 tribuenda)

2466 4420 2595 4476 sint.
2630 4419 2873 4488 Quatuor
2900 4420 3114 4488 rcjecta:
3143 4426 3269 4471 sunt
3312 4416 3365 4471 in
3404 4414 3795 4488 Appendicem,
3825 4423 3884 4467 ut
3911 4429 4042 4484 spu-

2468 4516 2563 4572 ria:
2589 4529 2654 4570 ac
2697 4514 2897 4570 Basilio
2942 4526 3167 4582 prorsus
3205 4510 3456 4582 indignas,
3498 4523 3691 4577 nempe
3728 4508 3903 4576 prima
3945 4509 4045 4567 ito-

790 4627 1023 4684 Basilius
1066 4635 1374 4697 susceptam
1420 4624 1859 4694 explicandorum
1903 4624 2233 4693 psalmorum
2282 4636 2363 4676 se-

2468 4608 2614 4662 milia
2650 4608 2702 4661 in
2734 4607 2927 4679 psalm.
2971 4619 3085 4667 xlv,
3117 4609 3353 4661 secunda
3400 4606 3454 4659 in
3498 4602 3688 4671 psalm.
3720 4617 3914 4669 xxvut,
3946 4604 4042 4659 bo-

792 4721 955 4789 rium,
982 4735 1051 4775 an
1076 4720 1311 4775 oblatam
1356 4717 1595 4791 aliquam
1644 4718 1988 4772 occasionem
2019 4724 2241 4770 secutus
2269 4714 2363 4770 sit.

790 4814 969 4885 Quare
996 4813 1251 4886 temporis
1278 4823 1439 4879 notae,
1476 4827 1611 4881 quas
1668 4811 1721 4865 in
1773 4809 2010 4865 homiliis
2056 4810 2110 4863 in
2166 4808 2362 4878 psalm.

791 4923 880 4965 xtv
909 4916 1119 4965 ctcxtv
1180 4903 1655 4975 deprehendimus.
1716 4900 1782 4957 ad
1838 4899 1973 4954 alias
2024 4897 2075 4951 in
2127 4896 2367 4968 psalmos

790 5000 1041 5056 homilias
1079 5014 1185 5054 non
1220 4997 1493 5067 pertinent
1529 5012 1544 5049 :
1578 5010 1713 5063 quas
1752 5004 1930 5049 tamen
1964 4989 2257 5046 verisimile
2282 4998 2368 5043 est

790 5101 919 5145 ante
959 5099 1323 5162 eptscOpatum
1376 5085 1588 5141 habitas
1644 5084 1827 5150 fuisse,
1882 5092 2164 5151 propterea
2194 5079 2363 5151 quod,

793 5182 986 5251 titiam
1032 5182 1167 5248 dixi,
1201 5179 1401 5235 nullam
1434 5177 1782 5249 episcopatus
1822 5185 2029 5237 notam,
2090 5172 2222 5227 nihil
2268 5170 2367 5225 ad-

790 5289 981 5331 versus
1006 5270 1526 5329 Pneumatomachos
1572 5267 1809 5325 habent»
1832 5266 2140 5335 Quinetiam
2175 5264 2226 5318 in
2264 5265 2364 5316 ho-

790 5367 937 5423 milia
962 5365 1030 5420 'in
1056 5362 1247 5434 psalm.
1272 5378 1463 5428 xxvm,
1491 5378 1547 5416 ιι.
1584 5364 1640 5426 3,
1671 5370 1729 5417 et
1778 5359 1879 5416 sub
1932 5358 2090 5413 linem
2132 5353 2366 5412 humilia:

786 5457 846 5512 in
874 5456 1064 5525 psalm.
1104 5468 1229 5519 cxv,
1280 5454 1570 5508 vehemens
1626 5450 1973 5521 reprehensio
2026 5462 2234 5508 eorum,
2272 5444 2364 5513 qui

790 5546 979 5603 relicta
1008 5546 1263 5610 ecclesia,
1289 5558 1523 5614 synaxes
1550 5546 1602 5598 in
1638 5543 1861 5612 privatis
1881 5537 2089 5595 uadibus
2117 5537 2355 5592 celebra-

790 5640 940 5705 bant,
966 5637 1195 5709 probare
1218 5635 1388 5708 possit
1417 5634 1513 5689 has
1549 5634 1800 5689 homtiias
1834 5642 1961 5687 ante
1993 5629 2205 5685 habitas
2230 5626 2353 5681 fuis-

786 5744 869 5795 se,
898 5744 1059 5800 quam
1090 5728 1397 5799 persecutio
1436 5727 1488 5781 in
1516 5723 1737 5782 Oriente
1789 5723 2030 5781 Valentis
2075 5720 2362 5792 praesentia

789 5820 1209 5894 ingravesceret,
1241 5834 1305 5874 ac
1350 5818 1592 5890 pluribus
1630 5816 1683 5871 in
1728 5816 1863 5873 locis
1893 5811 2158 5870 Catholici
2207 5819 2362 5865 extra

790 5928 973 5971 muros
1026 5912 1111 5971 vel
1160 5913 1215 5969 in
1270 5912 1498 5983 privatis
1551 5909 1757 5969 edibus
1817 5905 2141 5981 congregari
2196 5918 2362 5975 coge-

2468 4701 2631 4755 milia:
2680 4702 2731 4754 in
2763 4698 3002 4771 psalmos
3043 4714 3227 4755 xxxvu
3280 4711 3336 4755 et
3365 4714 3489 4755 cxv.
3539 4695 3806 4753 Praeterea
3852 4709 4043 4753 auctor

2467 4793 2800 4864 praefationis
2842 4792 2893 4847 in
2949 4803 3151 4849 tomum
3192 4795 3424 4864 primum
3477 4791 3730 4847 nonnulla
3779 4791 4041 4862 rejicitin

2466 4887 2587 4941 aliis
2616 4886 2875 4951 homiliis,
2910 4900 3030 4956 qua:
3058 4903 3124 4941 ex
3159 4884 3393 4941 Eusebio
3417 4898 3445 4937 a
3494 4883 3732 4938 librariis
3757 4885 4041 4951 desumpta

2465 4981 2741 5035 existimat
2768 4996 2781 5032 :
2810 4994 3003 5048 nempe
3026 4980 3076 5034 in
3102 4979 3287 5034 homii.
3313 4977 3362 5030 in
3385 4976 3578 5045 psalm.
3608 4989 3780 5039 xxxtt,
3803 4976 3870 5029 ad
3901 4975 4043 5029 hunc

2465 5070 2814 5137 versiculum,
2859 5070 3022 5125 Verba
3059 5070 3272 5124 Domini
3306 5068 3421 5123 caeli
3465 5068 3665 5137 firmati
3689 5077 3810 5121 sunt
3837 5074 3886 5119 et
3930 5066 4042 5129 spi-

2466 5166 2573 5217 ritu
2604 5163 2714 5217 oris
2742 5163 2855 5231 ejus
2895 5162 3063 5216 ontnis
3091 5165 3258 5217 virtus
3295 5175 3499 5227 eorum,
3549 5157 3760 5212 initium
3808 5152 4043 5210 homiliis

2466 5254 2520 5309 in
2551 5256 2745 5325 psalm.
2779 5270 2926 5322 xuv,
2954 5255 3172 5327 longum
3207 5252 3569 5324 fragmentum
3594 5252 3646 5306 in
3674 5250 3781 5305 line
3806 5247 4044 5304 homilite

2468 5346 2521 5402 in
2554 5348 2746 5416 psalm.
2772 5363 2915 5403 cxtv.

2547 5440 2611 5497 γ.
2646 5440 2772 5495 Scio
2801 5441 3136 5495 eruditorum
3188 5439 3467 5494 hominum
3504 5450 3609 5491 non
3636 5432 3825 5503 paucis
3851 5430 4042 5500 displi-

2474 5538 2667 5601 cuisse,
2701 5534 2844 5603 quod
2877 5534 2937 5589 S.
2971 5531 3168 5587 Basilio
3219 5533 3273 5586 in
3324 5529 3534 5584 duobus
3580 5526 3851 5597 prioribus
3882 5524 4043 5579 tomis

2491 5644 2578 5683 am
2608 5626 2771 5681 multa
2803 5626 3104 5695 ahjudicata
3136 5625 3246 5679 sint
3274 5638 3455 5694 Opera.
3489 5619 3562 5677 Ut
3583 5633 3771 5676 eorum
3801 5615 4042 5688 querelis

2468 5719 2794 5776 satisfaciam
2828 5732 2928 5772 nec
2976 5717 3029 5771 in
3060 5718 3389 5772 contrariam
3436 5716 3713 5770 incurram
3748 5711 4043 5781 reprehen-

2465 5815 2671 5871 sionem
2693 5852 2708 5877 ,
2729 5822 2930 5883 quanta
2957 5820 3145 5881 potero
3169 5810 3400 5863 maxima
3424 5808 3508 5865 his
3532 5808 3584 5861 in
3610 5806 3774 5862 rebus
3787 5804 4042 5860 cautione

2468 5906 2747 5962 versabar.
2794 5899 2950 5969 Quod
2988 5908 3201 5972 spectat
3243 5901 3312 5957 ad
3356 5908 3589 5969 quatuor
3616 5894 3892 5962 homilias,
3920 5905 4041 5965 quas
