4212 6484
1570 428 1724 482 VITA
1762 429 1817 480 S.
1862 426 2131 480 BASILII.

3304 458 3434 493 ειιν

224 528 270 578 in
320 528 683 599 Appendicem
730 530 941 601 refecta:
980 542 1133 599 sunt;
1167 550 1268 590 non
1322 535 1503 588 timide
1569 553 1779 594 asseve-
1809 553 1854 605 Α
1882 538 2195 591 memoriam
2236 552 2487 594 onerasse
2518 543 2704 599 alienis
2738 544 2995 611 ejusmodi
3043 548 3265 599 divitiis.
3302 549 3445 601 lnest

226 621 346 675 rabo
380 620 508 675 nihil
548 620 604 673 in
637 620 718 678 eis
749 624 872 696 legi,
905 624 1045 693 quod
1072 623 1270 681 Basilio
1297 624 1569 697 indignum
1594 629 1665 680 sit
1689 640 1780 681 aut

224 710 289 764 ab
314 712 425 777 ejus
449 710 696 767 doctrina
732 716 987 769 alienum.
1027 713 1082 769 In
1107 716 1323 772 homilia
1358 716 1409 770 in
1446 716 1639 786 psalm.
1667 735 1776 777 xlv.

224 800 344 870 quid
381 800 452 854 sit
494 802 903 859 tabernaculum
945 806 1037 865 Dei
1078 808 1267 864 eodem
1300 810 1458 863 modo
1482 810 1781 878 explicatur

225 907 285 945 ac
315 891 365 943 in
390 897 619 963 genuina
653 896 867 951 homilia
911 899 962 954 in
1001 901 1191 970 psalm.
1236 916 1427 963 xxvm,
1462 902 1525 955 ad
1556 900 1653 957 has
1687 919 1783 957 vo-

223 997 312 1036 ces
342 984 508 1048 tituli,
532 1003 587 1038 in
613 987 758 1040 exitu
788 1006 817 1042 a
841 989 1195 1046 tabernaculo.
1230 989 1324 1045 [iis
1358 990 1515 1045 etiam
1542 994 1779 1055 vocibus,

225 1073 326 1139 Qui
348 1078 645 1146 ingreditur
685 1082 797 1136 sine
826 1084 1053 1147 macula,
1092 1083 1178 1153 pia
1222 1092 1275 1139 et
1310 1094 1462 1139 acuta
1501 1086 1783 1157 apponitur

222 1171 528 1225 observatio
548 1172 622 1242 (p.
641 1173 753 1241 93),
776 1190 933 1243 quam
953 1174 1113 1228 etiam
1134 1174 1184 1229 in
1216 1177 1432 1232 homilia
1452 1178 1502 1233 in
1524 1178 1713 1248 psalm.
1743 1192 1777 1237 ι.

222 1261 460 1325 reperire
517 1272 620 1317 est.
682 1262 736 1315 ln
785 1264 887 1318 line
914 1264 1151 1332 ejusdem
1194 1267 1245 1321 in
1271 1273 1459 1338 psalm.
1495 1286 1583 1325 xiv
1613 1268 1782 1323 homi-

221 1350 301 1405 lite
326 1353 566 1407 delectus
600 1353 813 1420 quidam
841 1358 1143 1425 praecipitur
1165 1369 1215 1412 et
1244 1360 1423 1413 cautio
1458 1363 1508 1414 in
1542 1362 1774 1416 elecmo-

220 1447 368 1515 synis
402 1453 461 1497 ut
513 1446 564 1497 in
612 1445 734 1501 aliis
786 1446 966 1503 Basilii
1008 1451 1162 1514 locis,
1224 1467 1414 1520 nempe
1459 1469 1571 1525 reg.
1626 1453 1775 1507 brev.

221 1536 321 1590 100
352 1543 410 1590 et
436 1534 559 1601 101,
592 1547 645 1593 et
687 1553 768 1609 cp.
816 1540 936 1607 150,
975 1559 1031 1597 n.
1071 1543 1124 1596 3.
1162 1540 1343 1612 Neque
1393 1546 1551 1601 etiam
1583 1545 1779 1601 Basilio

220 1643 320 1681 non
352 1628 693 1700 dignissima,
726 1632 770 1686 si
800 1647 884 1687 res
911 1644 964 1687 et
1005 1634 1303 1689 sententias
1332 1646 1559 1705 spectes,
1601 1638 1777 1691 homi-

221 1719 284 1773 lia
318 1721 372 1777 in
413 1722 606 1793 psalm.
637 1738 761 1778 cxv.
807 1725 917 1777 Sub
958 1724 1118 1777 linem
1163 1726 1531 1795 vituperantur
1570 1729 1656 1795 qui
1692 1745 1775 1783 re-

220 1814 335 1869 licta
388 1816 614 1870 ecclesia
665 1816 716 1868 in
770 1815 992 1884 privatis
1022 1818 1228 1872 adibus
1276 1831 1505 1886 synaxes
1538 1818 1776 1875 celebra-

1889 626 2025 681 idem
2054 628 2240 681 vitium
2273 627 2503 682 homilia:
2548 633 2601 684 in
2644 635 2907 701 psalmum
2946 648 3055 694 xlv,
3093 633 3242 701 cujus
3286 638 3439 690 initio

1886 720 2125 787 prolixus
2152 718 2377 773 'Euscbii
2432 718 2601 783 locus,
2642 724 2859 780 totidem
2916 738 3052 795 pene
3092 727 3291 791 verbis,
3346 727 3440 780 sed

1886 812 2061 870 minus
2096 813 2370 884 eleganter
2412 812 2740 866 constructis
2788 815 3000 884 legitur.
3047 814 3325 872 Dillicilius
3360 831 3445 873 est

1884 902 2080 961 Basilio
2104 906 2319 961 auferre
2350 903 2622 958 homiliam
2650 903 2702 958 in
2736 906 2995 973 psalmum
3020 925 3142 974 cxv,
3168 925 3286 981 qua:
3311 910 3442 964 nihil

1884 995 2042 1051 habet
2069 1013 2131 1052 ex
2168 996 2393 1052 Eusebio
2430 994 2645 1049 totidem
2680 994 2858 1049 verbis
2891 998 3247 1071 desuinptum,
3283 1017 3381 1056 nec
3411 1018 3438 1055 .1

1883 1086 2020 1156 slylo
2038 1087 2217 1140 Basilii
2240 1088 2516 1144 discedere
2539 1085 2773 1155 videtur,
2802 1086 2845 1141 si
2876 1090 3110 1155 excipias
3134 1094 3245 1147 haec
3276 1097 3437 1147 verba

1884 1178 2045 1231 modo
2076 1177 2235 1231 allata
2283 1195 2296 1231 :
2335 1178 2440 1234 Sed
2479 1179 2681 1231 utinam
2728 1190 2773 1231 et
2818 1179 2943 1231 mihi
2994 1184 3254 1252 contingat
3288 1187 3441 1256 digne

1882 1266 2106 1331 credere,
2140 1278 2192 1318 ut
2226 1283 2359 1319 nunc
2395 1282 2598 1336 magna:
2643 1265 2762 1317 huic
2795 1264 2889 1318 Dei
2936 1263 3181 1319 Ecclesia:
3219 1271 3440 1339 quinque

1882 1358 2033 1411 verba
2058 1358 2241 1427 loquar
2267 1358 2318 1408 in
2343 1368 2507 1414 mente
2541 1374 2672 1412 mea.
2704 1354 2836 1410 Cum
2879 1360 2989 1412 lure
3028 1356 3209 1411 Basilii
3246 1356 3436 1428 st'ylnni

1882 1464 1987 1504 non
2030 1448 2291 1513 redolent,
2357 1456 2467 1500 tum
2520 1449 2682 1502 etiam
2733 1446 2984 1501 videntur
3033 1450 3102 1504 ab
3160 1448 3266 1505 alio
3309 1465 3442 1519 quo-

1880 1541 2001 1595 dam
2056 1538 2329 1608 episcopo,
2383 1536 2497 1592 sive
2554 1538 2868 1610 presbytero
2915 1538 3209 1596 Ecclesiam
3266 1540 3442 1596 Caesa-

1878 1635 2108 1689 riensem
2180 1631 2446 1685 invisente
2508 1632 2876 1699 pronuntiata.
2949 1630 3093 1685 lnest
3147 1633 3288 1688 enim
3358 1634 3441 1689 his

1877 1725 2055 1780 verbis
2109 1725 2317 1793 species
2381 1722 2623 1791 quaedam
2688 1722 2998 1778 honoriﬁca:
3057 1722 3436 1790 salutationis,

1876 1816 2089 1884 qualem
2150 1816 2218 1871 ab
2272 1814 2481 1884 hospite
2540 1812 2892 1869 concionante
2958 1826 3055 1885 par
3108 1824 3224 1868 erat
3282 1817 3432 1869 adhi-

216 1905 363 1970 bant,
399 1915 461 1959 ut
506 1904 659 1959 initio
698 1907 943 1975 genuinae
997 1908 1228 1961 homilia
1264 1907 1315 1962 in
1366 1910 1552 1980 psalm.
1580 1928 1769 1966 xxvm.
1805 1916 1849 1975 Β
1880 1905 2017 1959 beri-

217 1995 514 2063 Displicere
546 2011 655 2052 non
694 1997 885 2052 debent
910 2012 1028 2067 qua:
1072 1997 1319 2071 leguntur
1352 2020 1409 2057 n.
1438 2004 1509 2057 5:
1550 2004 1774 2068 Quando

212 2089 417 2156 quidem
448 2090 621 2143 tuoin
659 2090 922 2159 infernum
964 2093 1209 2148 descensu
1251 2112 1281 2148 a
1327 2094 1523 2163 peccati
1562 2092 1776 2146 vinculis

212 2197 290 2233 me
315 2181 581 2243 liberaui,
612 2190 769 2252 atque
788 2182 1067 2239 humanam
1098 2196 1346 2239 naturam
1401 2184 1581 2237 mortis
1622 2190 1777 2237 astri-

212 2282 348 2322 ctam
381 2270 621 2337 vinculis,
651 2282 698 2326 et
732 2272 788 2327 in
816 2274 1009 2343 inferni
1038 2272 1358 2337 carceribus,
1384 2272 1521 2325 unde
1561 2272 1775 2325 evadere

214 2378 312 2417 non
336 2363 519 2430 datur,
560 2365 821 2419 detentum
868 2365 1155 2427 exsolvisti,
1200 2364 1393 2417 idcirco
1434 2365 1529 2417 tibi
1571 2363 1775 2431 sacriﬁ-

212 2456 357 2520 cabo,
394 2463 505 2511 etc.
537 2455 612 2508 Ex
647 2456 730 2509 his
758 2454 935 2525 colligi
967 2463 1144 2525 potest
1182 2469 1454 2511 auctorem
1482 2456 1641 2527 hujus
1673 2456 1772 2511 ho-

212 2544 371 2597 milia:
402 2544 747 2599 existimasse
790 2546 933 2615 ipsos
979 2547 1143 2601 etiam
1173 2547 1507 2617 patriarchas
1532 2557 1585 2600 et
1602 2548 1774 2617 justos

210 2632 407 2687 veteris
433 2636 741 2688 testamenti
776 2636 827 2688 iu
859 2635 1046 2689 inferis
1086 2644 1211 2691 ante
1250 2635 1452 2690 Christi
1484 2636 1771 2691 adventum

211 2723 457 2777 detentos
489 2731 542 2777 et
578 2723 813 2779 inclusos
851 2723 1032 2780 fuisse.
1087 2723 1197 2779 Sed
1241 2724 1437 2779 similia
1482 2735 1774 2780 occurrunt

210 2816 347 2885 apud
382 2814 521 2871 alios
582 2816 874 2887 scriptores
920 2816 1348 2883 ecclesiasticos;
1398 2816 1511 2887 ipse
1544 2813 1773 2873 Basilius

210 2907 395 2962 homil.
424 2907 480 2959 in
526 2907 716 2973 psalm.
746 2923 938 2973 xum,
981 2924 1127 2963 num.
1165 2908 1218 2973 9,
1249 2910 1327 2964 sic
1366 2910 1601 2979 loquitur
1629 2924 1643 2963 :
1669 2910 1770 2964 De-

208 2999 453 3064 pascebat
481 2998 618 3054 enim
644 3013 781 3049 mors
810 2999 873 3049 ab
901 2999 1070 3049 Adam
1099 2998 1166 3051 ad
1198 3015 1358 3067 usque
1389 2998 1587 3068 Moysis
1610 3002 1774 3053 admi-

209 3090 442 3143 nistratir
476 3090 751 3145 .emdonec
773 3090 907 3143 venit
938 3105 1086 3143 uerus
1123 3099 1322 3159 pastor,
1359 3091 1447 3160 qui
1480 3108 1629 3145 suam
1658 3094 1774 3144 ani-

210 3201 345 3238 mam
376 3199 473 3251 pro
509 3184 687 3238 ovibus
715 3185 907 3253 posuit,
932 3186 1103 3256 sicque
1131 3202 1218 3240 eas
1242 3202 1413 3241 secum
1442 3188 1695 3242 excitatas
1724 3198 1770 3242 et

1949 1994 2034 2053 VI.
2077 1995 2230 2065 Quod
2288 2006 2495 2065 spectat
2544 1995 2609 2051 ad
2658 1995 2903 2065 quaedam
2957 1996 3093 2062 loca,
3135 2012 3250 2066 qua:
3298 1997 3437 2052 Prago

1877 2087 2094 2143 fationis
2124 2097 2313 2142 auctor
2344 2088 2620 2143 contextui
2657 2088 2716 2143 S.
2756 2086 2940 2142 Basilii
2981 2098 3164 2143 assuta
3200 2105 3228 2142 a
3270 2089 3437 2143 libra—

1878 2181 1971 2234 riis
2002 2191 2175 2249 putat,
2215 2179 2495 2235 fatendum
2530 2195 2660 2236 sane
2697 2192 2778 2237 eSt
2817 2180 3030 2235 initium
3063 2180 3436 2249 explicatiOnis

1876 2266 2030 2336 hujus
2066 2268 2343 2333 versiculi,
2372 2266 2644 2321 Eructavit
2676 2285 2764 2322 cor
2792 2287 2960 2324 meum
2991 2271 3195 2325 verbum
3223 2270 3431 2335 bonum,

1884 2358 2025 2429 quod
2085 2358 2306 2413 totidem
2356 2357 2539 2413 verbis
2587 2358 2724 2426 apud
2783 2357 3072 2413 Eusebium
3135 2360 3433 2429 reperitur,

1878 2467 1999 2507 cum
2034 2466 2128 2505 sua
2157 2456 2350 2521 sponte
2380 2449 2540 2504 nimis
2568 2449 2834 2519 prolixum
2864 2464 3005 2516 esse,
3039 2465 3198 2521 quam
3229 2461 3285 2505 ut
3312 2466 3434 2505 cum

1873 2542 2101 2598 Basilius
2124 2543 2189 2598 ad
2228 2540 2451 2597 verbum
2478 2539 2781 2604 edidicerit,
2816 2550 2925 2595 tum
2961 2556 3090 2596 vero
3113 2542 3311 2596 nullam
3338 2559 3432 2597 ne-

1873 2634 2253 2688 cessitudinem
2285 2634 2485 2689 habere
2512 2648 2634 2689 cum
2667 2633 3025 2703 explicatione
3055 2635 3289 2704 ejusdem
3320 2650 3435 2689 ver-

1874 2724 2028 2781 siculi
2075 2738 2235 2793 quam
2268 2726 2448 2780 statim
2502 2726 2654 2781 aliert
2705 2726 2954 2782 Basilius.
3007 2728 3076 2781 At
3134 2727 3271 2781 idem
3328 2744 3431 2782 non

1872 2816 2046 2872 dicam
2074 2815 2139 2870 de
2167 2814 2533 2886 explicatione
2584 2816 2744 2886 hujus
2792 2818 3061 2882 versiculi,
3113 2817 3278 2871 Verbo
3330 2818 3435 2870 Do-

1872 2907 2001 2963 mini
2040 2906 2155 2963 cteli
2205 2907 2402 2976 ﬁrmati
2443 2918 2600 2972 sunt,
2647 2917 2693 2961 et
2742 2908 2927 2975 spiritu
2968 2910 3071 2961 oris
3112 2908 3223 2978 ejus
3266 2911 3434 2961 omnis

1871 3004 2032 3056 virtus
2074 3017 2273 3056 eorum.
2326 2999 2455 3067 Quae
2505 3001 2643 3072 apud
2712 2999 3001 3053 Eusebium
3060 3001 3253 3054 similia
3306 3011 3433 3054 sunt

1873 3092 1996 3146 huic
2026 3091 2209 3146 Basilii
2241 3092 2613 3159 explicationi,
2660 3106 2727 3145 ex
2762 3089 2962 3144 Basilio
2993 3092 3170 3158 petius
3221 3093 3434 3145 desum—

1873 3192 1957 3253 pta
1992 3182 2157 3237 videri
2200 3182 2416 3239 debent.
2443 3181 2668 3235 Fatetur
2699 3192 2886 3236 auctor
2936 3180 3267 3237 Przel'ationis
3298 3199 3431 3238 nou-

208 3289 270 3327 e:
293 3275 493 3341 inferni
520 3290 726 3328 carcere
761 3274 829 3327 ad
870 3276 1261 3330 resurrectionis
1301 3278 1617 3331 matutinum
1651 3280 1775 3332 edu-
1801 3269 1842 3327 C
1879 3277 2020 3331 nulla
2049 3276 2298 3333 librarios
2327 3291 2360 3331 e
2412 3278 2643 3348 genuina
2701 3278 2881 3333 Basilii
2926 3279 2975 3331 in
3028 3278 3219 3347 psalm.
3260 3294 3429 3331 xxvnt

211 3373 320 3417 etas
340 3364 564 3416 tradidit
588 3363 698 3417 suis
720 3364 937 3432 angelis.
964 3362 1096 3419 Vide
1112 3374 1252 3421 orat.
1276 3368 1329 3420 in
1358 3368 1551 3436 psalm.
1579 3384 1766 3432 vam,

211 3468 327 3525 pag.
391 3453 514 3508 I86.
568 3452 809 3506 Ridicula
864 3454 1134 3509 immerito
1183 3454 1435 3509 videntur
1467 3456 1579 3511 haec
1612 3458 1769 3510 verba

211 3549 282 3614 (p.
318 3545 447 3613 371)
477 3563 490 3598 :
536 3545 672 3597 Ἀλλ’
696 3546 805 3600 εἴθε
836 3546 1003 3615 κάμοὶ
1028 3545 1236 3613 γένοιτο
1271 3546 1554 3600 πιστεῦσαι
1585 3547 1769 3613 ἀξίως,

209 3637 290 3688 ἵνα
322 3636 540 3707 λαλήσω
573 3636 665 3693 νῦν
696 3640 762 3709 τῇ
806 3637 1097 3710 Ἐκκλησίᾳ
1133 3637 1225 3693 τοῦ
1267 3638 1399 3693 Θεοῦ
1446 3642 1510 3711 τῇ
1564 3641 1771 3714 μεγάλῃ

208 3727 373 3800 ταύτῃ
409 3729 569 3781 πέντε
597 3728 783 3797 λόγους
824 3730 881 3782 ὲν
930 3730 1006 3800 τῷ
1048 3730 1127 3783 νοῒ
1172 3747 1295 3799 μου.
1344 3732 1449 3785 Sed
1471 3732 1672 3785 utinam
1722 3744 1767 3785 et

207 3821 332 3872 mihi
358 3821 623 3890 contingat
662 3823 817 3891 digne
850 3824 1072 3881 credere,
1125 3832 1180 3875 ut
1239 3839 1374 3875 nunc
1412 3838 1613 3892 magna:
1650 3824 1771 3876 huic

213 3908 300 3961 Dei
323 3906 575 3963 Ecclesia
602 3912 827 3980 quinque
848 3912 997 3964 verba
1033 3910 1217 3979 loquar
1239 3910 1295 3964 in
1321 3921 1487 3964 mente
1510 3926 1641 3965 mea.
1662 3910 1771 3967 Nec

207 4014 322 4067 qua
348 3999 594 4066 proxime
615 4009 928 4069 sequuntur,
959 4001 1052 4054 καὶ
1089 4002 1278 4073 μηδεὶς
1330 4003 1770 4073 καταχλευαζέτω

205 4091 293 4144 τὸν
318 4092 499 4161 λόγον,
534 4090 647 4146 Nec
666 4094 940 4163 quisquam
966 4094 1181 4149 irrideat
1218 4096 1527 4161 doctrinam,
1562 4096 1611 4149 in
1651 4111 1767 4149 eam

205 4184 531 4236 sententiam
567 4183 797 4252 accipio,
844 4184 998 4253 quasi
1043 4194 1296 4239 vereatur
1325 4195 1513 4239 auctor
1534 4186 1770 4241 homilia:

206 4289 269 4327 ne
302 4273 473 4327 risum
524 4274 860 4333 auditoribus
909 4274 978 4329 ob
1037 4290 1185 4330 suam
1225 4274 1621 4344 simplicitatem
1658 4292 1770 4329 mo-

202 4374 366 4431 veat;
412 4364 507 4419 sed
534 4366 832 4434 generatim
859 4375 1041 4421 monet
1072 4368 1350 4423 ridendam
1390 4383 1496 4421 non
1534 4383 1653 4423 esse
1686 4385 1769 4423 re-

204 4458 455 4527 ligionem
490 4456 872 4523 Christianam,
921 4460 1072 4529 quasi
1119 4461 1236 4515 sine
1276 4469 1592 4529 argumento
1619 4462 1769 4514 audi-

203 4557 345 4604 tores
383 4550 451 4603 ad
480 4548 880 4605 assentiendum
914 4552 1162 4606 adducat.
1186 4552 1369 4619 Neque
1384 4553 1546 4608 etiam
1564 4553 1764 4607 Christi

1874 3367 2091 3423 homilia
2138 3370 2277 3438 apud
2314 3367 2603 3425 Eusebium
2639 3371 2998 3423 transtulisse.
3048 3370 3187 3422 Idem
3231 3370 3297 3422 ab
3353 3370 3432 3423 eis

1875 3459 2074 3513 factum
2123 3460 2174 3513 in
2227 3460 2331 3515 hoc
2378 3460 2669 3525 versiculo,
2726 3461 2879 3528 cujus
2911 3459 3217 3529 explanatio
3251 3476 3429 3514 emen-

1873 3551 2049 3605 datior
2082 3550 2248 3604 multo
2282 3560 2337 3604 et
2380 3549 2587 3619 plenior
2628 3558 2712 3605 est
2760 3552 2898 3619 apud
2946 3550 3229 3614 Basilinm,
3267 3566 3427 3619 quam

1873 3642 2013 3708 apud
2052 3640 2359 3694 Eusebium.
2418 3639 2680 3695 Praeterea
2713 3641 2778 3696 ab
2815 3641 3031 3696 Eusebii
3069 3642 3309 3711 ingenio,
3336 3642 3425 3709 qui

1875 3730 2003 3781 nihil
2058 3729 2227 3797 magis
2256 3728 2533 3783 metuebat
2564 3743 2723 3797 quam
2784 3742 2849 3781 ne
2904 3727 3069 3783 Filius
3097 3739 3149 3782 et
3196 3728 3430 3795 Spiritus

1872 3827 2092 3872 sanctus
2121 3832 2187 3873 ex
2216 3817 2391 3874 Patris
2436 3817 2738 3874 substantia
2769 3833 2885 3873 esse
2933 3819 3261 3883 dicerentur,
3296 3818 3427 3870 alie-

1873 3909 2150 3965 nissimum
2178 3906 2279 3963 fuit
2304 3909 2507 3974 dicere,
2540 3908 2773 3964 Verbum
2802 3910 2915 3965 oris
2951 3920 3005 3963 et
3030 3908 3284 3977 Spiritum
3317 3910 3429 3961 oris

1871 4000 1998 4064 dici,
2033 4011 2088 4054 ut
2136 3999 2459 4069 intelligatur
2506 3998 2755 4055 Salvator
2805 4001 2912 4069 ipse
2960 4011 3005 4053 et
3055 4009 3265 4055 sanctus
3313 4000 3428 4064 eius

1870 4090 2095 4158 Spiritus
2115 4106 2178 4143 ex
2210 4088 2389 4143 Patre.
2414 4090 2653 4145 humane
2680 4100 2936 4160 quantum
2964 4092 3076 4145 haec
3102 4091 3167 4145 ab
3197 4090 3427 4145 Eusebio

1870 4182 2177 4247 discrepant
2204 4178 2303 4248 (a),
2349 4181 2443 4248 qui
2491 4178 2753 4249 Spiritum
2798 4190 3041 4235 sanctum
3076 4195 3171 4249 per
3208 4180 3424 4244 Filium,

1870 4281 1929 4324 ut
1985 4281 2175 4325 eastern
2227 4267 2353 4334 alla,
2415 4280 2656 4325 creatum
2719 4270 2881 4327 fuisse
2918 4272 3192 4341 conceptis
3250 4273 3429 4326 verbis

1870 4361 2197 4430 pronuntiat.

1942 4450 2199 4518 Superest
2245 4451 2386 4506 aliud
2440 4451 2797 4523 fragmentum
2849 4450 3083 4504 homilizn
3132 4452 3181 4504 in
3234 4454 3424 4520 psalm.

1867 4558 2009 4607 cstv,
2044 4545 2109 4597 ab
2143 4544 2225 4597 his
2250 4544 2492 4607 vocibus,
2519 4544 2547 4597 ὁ
2589 4544 2790 4612 κόσμος
2827 4536 2978 4605 οὗτος
3018 4542 3175 4606 αὑτός
3216 4561 3274 4595 τε
3310 4544 3427 4595 ἐστὶ

202 4642 507 4704 passionem
538 4640 854 4709 martyrium
894 4641 1146 4710 appellat,
1205 4640 1298 4695 sed
1345 4641 1457 4695 haec
1493 4641 1653 4695 verba
1687 4639 1763 4709 (ι).
1801 4628 1843 4681 ῐ)

1801 4628 1843 4681 ῐ)
1873 4633 2085 4705 θνητός,
2135 4649 2304 4704 usque
2354 4635 2419 4689 ad
2472 4633 2797 4687 linem.t.1ur
2846 4642 2986 4687 totus
3037 4633 3124 4687 hic
3168 4635 3337 4697 locus,
3373 4642 3432 4685 ut

200 4730 325 4796 δη)
355 4748 369 4783 :
409 4730 526 4785 Hoc
553 4740 649 4794 est,
686 4732 864 4785 sitiens
891 4734 958 4785 ad
994 4734 1232 4803 martyrii
1266 4735 1761 4788 consummationem

198 4822 476 4885 contendo,
508 4822 575 4876 ad
605 4821 856 4876 Davidem
888 4822 1212 4879 referuntur.

268 4910 376 4966 Sed
409 4919 589 4965 tamen
622 4912 761 4966 inest
803 4911 885 4965 his
927 4912 1160 4967 homiliis
1192 4914 1438 4983 quaedam
1472 4927 1591 4968 cum
1625 4916 1763 4983 ston

199 5002 381 5057 Basilii
417 5002 816 5066 dissimilitudo,
846 5017 963 5071 quas
1008 5014 1154 5057 certo
1189 5005 1305 5059 illas
1331 5005 1377 5059 ei
1412 5006 1627 5059 attribui
1659 5023 1759 5059 non

198 5094 342 5147 sinit.
378 5091 584 5146 Idcirco
614 5092 829 5145 homilia
886 5094 938 5145 in
982 5092 1171 5161 psalm.
1216 5109 1382 5147 xtvnt
1415 5093 1525 5148 fere
1556 5096 1621 5147 ab
1646 5110 1759 5147 0m-

199 5185 357 5237 nibus
388 5180 653 5251 rejicitur.
684 5181 847 5235 Dubia
876 5183 1148 5237 nonnullis
1171 5183 1283 5238 visa
1328 5193 1411 5237 est
1457 5184 1671 5238 homilia
1707 5186 1756 5237 in

198 5277 391 5345 psalm.
430 5291 635 5331 xxxvu.
677 5274 941 5329 Praeterea
994 5290 1097 5328 non
1136 5274 1269 5328 levis
1310 5276 1562 5329 momenti
1594 5277 1758 5329 videri

197 5370 354 5423 debet
386 5367 532 5436 quod
562 5368 813 5421 observat
834 5377 1023 5421 auctor
1048 5368 1385 5421 Praefationis
1425 5372 1551 5420 tomi
1580 5368 1759 5436 primi,

200 5462 334 5515 hanc
372 5462 425 5514 in
456 5459 719 5528 psalmum
748 5474 934 5514 xxxv"
962 5458 1235 5513 honiiliam
1262 5474 1329 5515 ex
1359 5458 1521 5511 variis
1548 5457 1761 5513 Eusebii

199 5554 329 5608 locis
358 5551 426 5605 ad
469 5551 690 5605 verbum
740 5554 1011 5621 excerptis
1061 5562 1426 5606 censtructam
1478 5564 1617 5605 esse.
1648 5549 1762 5603 Non

197 5648 334 5701 enim
368 5643 646 5714 probabile
674 5655 754 5699 est
784 5644 839 5698 S.
868 5646 1147 5705 Bssilimn,
1179 5647 1300 5699 dum
1326 5644 1763 5709 concionaretur,

266 5830 337 5901 (a)
375 5847 389 5885 ι
427 5830 502 5883 De
537 5829 715 5892 theol.,
749 5844 865 5897 Cap.
904 5830 955 5884 8.

438 5920 713 5983 Ριτιοι..
756 5922 870 5985 Gn.
924 5921 1158 5982 XXIX.

1867 4725 2021 4793 plane
2036 4724 2247 4793 spurius
2272 4734 2326 4779 et
2352 4737 2415 4777 ex
2445 4722 2677 4777 Eusebio
2710 4731 2953 4792 sumptus
2984 4720 3432 4789 rejiciatur,mul-

1871 4830 1939 4872 tte
1978 4816 2272 4873 afferuntur
2316 4817 2554 4872 rationes
2601 4816 2654 4869 in
2712 4814 3038 4870 Practatione
3078 4814 3171 4884 (b),
3205 4829 3429 4882 quarum

1868 4909 2131 4964 nonnulla:
2166 4909 2367 4977 aliquid
2402 4909 2726 4977 suspicionis
2752 4918 2804 4962 et
2829 4906 3181 4961 dubitationis
3210 4907 3260 4959 in
3290 4908 3430 4960 hunc

1864 5002 2039 5056 locum
2074 5002 2343 5068 conjicere
2398 5001 2629 5071 possint,
2677 5001 2771 5054 sed
2820 4998 3015 5053 nullius
3072 5014 3290 5067 prorsus
3321 5015 3430 5050 mo-

1867 5092 2031 5145 menti
2073 5106 2192 5158 qua:
2226 5091 2467 5145 secundo
2518 5089 2639 5144 loco
2688 5090 2924 5159 ponitur.
2974 5074 3259 5157 Poslqunnt
3306 5105 3435 5141 scri-

1863 5197 1999 5252 ptor,
2035 5183 2209 5252 inquit
2232 5193 2421 5239 auctor
2452 5182 2810 5246 Praelationis,
2834 5199 3034 5236 omnem
3066 5183 3329 5234 hominum
3358 5184 3434 5234 ci-

1863 5285 1969 5326 tam
2004 5274 2168 5327 tribus
2205 5290 2460 5328 annorum
2511 5273 2919 5328 hebdomadibus
2955 5274 3207 5341 deﬁnivit,
3241 5274 3433 5324 nihilo-

1868 5368 2061 5433 minus,
2093 5382 2263 5420 secum
2311 5366 2418 5434 ipse
2450 5383 2552 5418 non
2608 5366 2954 5426 consentiens,
3008 5368 3183 5417 eodem
3229 5366 3281 5414 in
3322 5361 3433 5414 Ιυίὲο

1868 5456 2091 5524 quinque
2122 5466 2365 5519 recenset,
2401 5466 2601 5525 tempus
2627 5455 2955 5518 dentitionis,
2988 5454 3435 5506 accommodatam

1872 5549 1938 5598 ad
1964 5546 2266 5614 disciplinas
2323 5547 2626 5600 ediscendas
2674 5557 2900 5610 (etatem,
2956 5561 3119 5597 annos
3174 5544 3433 5612 ephebios,

1873 5650 2067 5692 statum
2101 5639 2319 5703 virilem,
2345 5648 2676 5693 senectutem.
2721 5639 2837 5694 Non
2888 5647 3050 5692 totum
3093 5637 3325 5691 hominis
3354 5635 3437 5687 vi~

1945 5820 2015 5890 (b)
2058 5819 2120 5874 Ν.
2164 5821 2252 5888 '57,
2294 5838 2345 5892 p.
2386 5822 2475 5876 '53.
