4212 6510
780 424 939 467 CLXVI

2142 416 2667 471 ΡιιυιιίιυΜΕΝΑ.

785 544 892 588 tam
924 528 1155 601 scriptor
1190 526 1279 582 ille
1308 526 1475 581 tribus
1502 538 1765 581 annorum
1789 525 2210 582 hebdomadibus
2247 531 2337 583 de-
2366 535 2411 591 Α
2442 548 2563 587 num
2618 531 2949 589 eruditorum
3000 533 3288 591 auctoritas
3328 535 3478 605 parvi
3521 534 3777 590 momenti
3830 536 4002 594 videri

781 626 919 688 linit,
951 623 1042 678 sed
1077 632 1283 689 tempus
1331 619 1472 673 intra
1506 619 1647 683 quod
1689 619 1933 673 homines
1975 635 2222 676 crescere
2252 637 2338 676 so-

780 717 911 772 lent.
942 712 1145 769 Similis
1175 711 1442 767 sententia
1478 711 1741 779 reperitur
1772 708 1822 762 in
1845 717 1983 762 orat.
2016 709 2042 762 1
2071 711 2135 765 de
2164 710 2336 765 homi-

778 810 865 864 nis
896 812 1189 866 structura,
1230 817 1284 855 n.
1315 800 1378 853 I7
1406 809 1459 855 et
1486 798 1574 854 18.

850 894 1102 952 Pluribus
1134 893 1313 947 Basilii
1348 893 1398 945 in
1427 891 1663 960 psalmos
1703 893 1937 947 homiliis
1968 893 2123 947 nulla:
2153 896 2338 950 insunt

778 997 937 1049 notae,
969 1002 1033 1040 ex
1059 986 1253 1055 quibus
1280 988 1653 1052 pronuntiatus
1680 984 1849 1038 fuisse
1865 998 2177 1052 Cognoscas.
2201 984 2335 1040 Nam

776 1078 1184 1151 gloriﬁcatinne,
1240 1091 1359 1144 qua:
1409 1076 1711 1145 huiusmodi
1771 1078 2044 1131 orationes
2088 1078 2335 1133 claudere

775 1172 931 1234 solet,
965 1178 1152 1223 carent
1213 1168 1446 1222 homilia:
1487 1169 1538 1221 in
1599 1170 1791 1236 psalm.
1844 1185 1937 1233 vn,
1982 1186 2131 1236 χχιχ,
2159 1188 2330 1237 χχχιι,

771 1280 967 1326 xxxnt,
1000 1277 1206 1325 χχχνιι,
1237 1276 1382 1324 χιιν,
1414 1276 1536 1326 XLV,
1569 1277 1757 1318 XLVIII.
1791 1261 1894 1316 Sed
1933 1278 2054 1317 cum
2105 1264 2333 1320 Basilius

772 1359 916 1415 dicat
944 1355 1017 1425 (α)
1048 1356 1098 1407 in
1137 1354 1351 1407 llOlIlilia
1386 1354 1437 1406 in
1485 1354 1674 1422 psalm.
1724 1370 1851 1409 χχιχ
1887 1374 1899 1407 :
1933 1355 2068 1420 Quot
2105 1357 2332 1423 fornica-

770 1461 926 1513 tores,
959 1456 1081 1519 quot
1117 1448 1257 1515 {ures
1290 1447 1372 1499 hic
1409 1449 1590 1501 stant?
1628 1456 1684 1501 et
1722 1447 1771 1500 in
1797 1448 2013 1501 homilia
2058 1448 2107 1501 in
2139 1449 2329 1517 psalm.

771 1558 941 1597 χχχιιι
975 1560 986 1595 :
1022 1542 1206 1593 Audite
1238 1556 1343 1603 vos,
1372 1540 1459 1608 qui
1488 1556 1641 1593 aures
1664 1540 1834 1593 cordis
1873 1540 2071 1592 habetis
2101 1550 2330 1606 apertas,

770 1633 938 1705 liquet
972 1633 1069 1687 has
1099 1633 1231 1685 duas
1270 1631 1541 1697 homilias,
1572 1631 1673 1684 etsi
1716 1632 1767 1684 in
1821 1631 1923 1685 line
1978 1632 2328 1701 glorilicatio-

772 1743 889 1781 nem
935 1741 1038 1780 non
1090 1725 1305 1786 habent,
1358 1722 1731 1791 pronuntiatas
1779 1734 1954 1777 tamen
2000 1724 2051 1777 in
2096 1724 2325 1780 ecclesia

768 1819 964 1883 fuisse;
1002 1832 1101 1872 nec
1128 1817 1279 1871 video
1304 1831 1400 1869 cur
1426 1816 1562 1869 idem
1591 1816 1656 1870 de
1680 1815 1800 1870 aliis
1824 1816 2213 1887 gloriﬁcationc
2236 1831 2328 1871 ca-

768 1913 1010 1968 rentibus
1037 1910 1291 1981 iudicium
1325 1924 1427 1962 non
1465 1907 1690 1963 feratur.

1344 2022 1569 2078 CAPUT
1607 2021 1765 2076 XLII.

764 2116 804 2173 Ι.
848 2116 1292 2172 Commentarium
1351 2116 1405 2167 in
1466 2114 1665 2167 Isaiam
1717 2114 2017 2182 prophetam
2080 2118 2326 2183 perpauci

833 2187 1034 2244 Basilio
1082 2203 1184 2240 non
1239 2186 1610 2237 attribuerunt.
1665 2185 1725 2238 ll.
1773 2182 2032 2251 Scriptum
2072 2182 2322 2245 hoc’opus

834 2260 975 2312 intra
1022 2257 1155 2309 illud
1213 2266 1411 2323 tempus
1464 2271 1564 2323 quo
1611 2254 1842 2307 Basilius
1888 2254 2152 2323 presbyter
2200 2256 2320 2322 fuit.

832 2329 1099 2395 Scriptum
1129 2328 1284 2380 etiam
1316 2321 1392 2376 'in
1442 2321 1791 2395 (Iappadocia.
1836 2323 1917 2377 III.
1952 2321 2136 2395 Basilii
2179 2329 2323 2395 iuge-

830 2392 974 2452 nium
1008 2406 1055 2450 et
1078 2398 1342 2450 sententia?
1366 2396 1419 2446 in
1453 2396 1546 2446 hoc
1573 2394 1972 2446 Commentario.
2004 2392 2089 2447 IV.
2126 2392 2322 2448 Eadem

830 2467 1116 2533 Scriptura?
1158 2466 1557 2533 interpretanda-
1587 2467 1740 2517 ratio.
1768 2465 1822 2517 ν.
1851 2462 2199 2528 Comparatur
2226 2468 2321 2518 hoc

831 2556 958 2603 opus
992 2553 1109 2589 cum
1143 2537 1370 2589 homiliis
1418 2537 1480 2586 de
1504 2533 1711 2601 jejunio
1757 2546 1803 2586 et
1848 2536 1900 2586 in
1944 2535 2188 2587 ebriosos.
2237 2534 2317 2587 VI.

836 2608 1118 2662 Nonnullis
1149 2606 1269 2659 aliis
1295 2604 1540 2669 exemplis
1565 2613 1611 2656 et
1636 2605 1954 2672 argumentis
1982 2606 2321 2673 conﬁrmatur

830 2687 1092 2730 auctorem
1122 2668 1490 2729 Commentarii
1524 2668 1778 2726 Basiliam
1804 2691 1932 2728 esse.
1965 2668 2303 2729 VIICSolvun

832 2758 917 2800 tur
936 2745 1156 2816 objecta.

830 2837 870 2892 I.
906 2837 1150 2891 Debitam
1189 2836 1245 2891 S.
1282 2833 1480 2889 Basilio
1536 2835 1744 2889 laudem
1790 2834 2182 2889 vindicaturum
2236 2850 2321 2889 me

760 2944 936 2999 spero,
997 2930 1041 2984 si
1093 2929 1208 2997 ejus
1243 2927 1443 2982 nomini
1476 2927 1737 2980 vindicem
1783 2926 2225 2980 commentarium
2265 2925 2320 2978 in

761 3021 981 3083 Isaiam,
1038 3019 1131 3090 qui
1174 3020 1243 3084 ei,
1282 3028 1340 3071 ut
1372 3033 1506 3087 opus
1535 3026 1681 3071 tanto
1724 3019 1838 3071 viro
1881 3019 2317 3085 indignissimum,

758 3110 1093 3179 abjutlicatus
1120 3110 1279 3164 estin
1311 3108 1631 3163 Praelatione
1664 3111 1789 3164 tomi
1820 3109 1857 3172 l,
1897 3125 1949 3178 p.
1979 3108 2065 3162 48.
2097 3107 2319 3163 Iamdu-

757 3210 883 3261 dum
921 3206 1068 3259 visus
1097 3212 1178 3259 est
1226 3204 1323 3257 sibi
1369 3204 1621 3257 Erasmus
1658 3203 2018 3271 eloquentiam
2048 3202 2228 3255 Basilii
2267 3202 2318 3255 in

760 3299 860 3352 hoc
907 3311 1067 3365 opere
1120 3311 1223 3349 non
1266 3297 1527 3366 reperire,
1570 3295 1711 3362 quod
1754 3294 1884 3347 satis
1929 3294 1974 3346 ei
2019 3291 2318 3361 argumenti

759 3390 879 3455 fuit,
930 3399 987 3442 ut
1032 3389 1320 3458 genuinum
1370 3402 1489 3441 esse
1542 3386 1705 3439 letum
1746 3394 1987 3454 negaret.
2044 3383 2321 3453 Ascripto-

759 3494 871 3532 rem
908 3477 985 3547 (b)
1015 3478 1115 3531 hac
1139 3478 1190 3531 in
1222 3492 1279 3531 re
1314 3476 1499 3531 habuit
1535 3476 1804 3529 Rivetum.
1833 3474 1951 3543 Ipse
1973 3474 2131 3528 etiam
2169 3474 2322 3528 Peta-

758 3570 877 3623 vius
932 3569 1105 3623 obiter
1157 3570 1465 3637 pronuntiat
1516 3569 1933 3621 commentarios
1991 3566 2056 3619 ad
2102 3565 2316 3629 Isaiam,

757 3662 847 3730 qui
880 3660 1079 3714 Basilio
1110 3660 1284 3714 solent
1320 3660 1561 3722 inscribi,
1588 3659 1729 3714 illius
1764 3674 1865 3711 non
1893 3673 2032 3719 esse,
2069 3657 2159 3710 sed
2202 3655 2321 3709 nul-

760 3755 861 3809 lam
889 3754 1074 3824 judicii
1103 3754 1183 3808 sui
1212 3754 1471 3808 rationem
1499 3754 1719 3822 profert.
1754 3753 1894 3806 Inter
1919 3750 2136 3804 Grzncos
2156 3749 2319 3803 Joan-

759 3861 854 3899 nes
908 3847 1254 3915 Drungarius,
1300 3845 1478 3900 seaculi
1524 3844 1819 3898 duodecimi
1872 3843 2124 3911 scriptOr,
2170 3841 2322 3909 cujus

759 3939 1119 4008 fragmentum
1155 3947 1333 3991 exstat
1377 3939 1428 3990 in
1476 3935 1694 3990 Collect.
1749 3936 1966 3988 Patrum
1995 3934 2319 3997 ercorum,

758 4032 861 4086 hoc
895 4045 1028 4099 opus
1065 4028 1123 4082 S.
1162 4028 1356 4081 Basilio
1394 4027 1661 4095 ahjutlicat
1698 4026 1842 4094 (pag.
1883 4025 2031 4093 350}.
2064 4025 2153 4078 Sic
2177 4025 2320 4079 enim

756 4122 994 4190 loquitur
1035 4139 1047 4174 :
1084 4121 1193 4172 Καὶ
1243 4120 1398 4172 τοῦτο
1450 4120 1505 4172 δὲ
1547 4118 1841 4188 κατάδηλον
1898 4116 2034 4169 ποιῶ
2080 4119 2191 4179 τοῖς
2238 4119 2323 4169 ὲν-

753 4213 1127 4284 τυγχὰνουσιν,
1169 4211 1244 4275 ὡς
1272 4214 1300 4264 ὁ
1334 4214 1392 4264 ὲν
1419 4210 1591 4279 ἁγίοις
1624 4210 1899 4272 Βασίλειος
1944 4210 2105 4279 μέρος
2144 4227 2195 4262 τι
2223 4209 2321 4279 τῆς

752 4309 813 4360 ὲν
830 4306 982 4377 χερσὶ
1003 4303 1335 4376 προφητείας
1370 4304 1709 4373 ἡρμήνευσεν
1729 4319 1743 4332 ·
1776 4303 1894 4372 ἥτις
1924 4300 2184 4374 ἑρμηνεία
2214 4317 2320 4353 πα-

754 4398 824 4471 ρὰ
848 4398 1058 4460 πολλοῖς
1084 4396 1500 4466 ἀμφιϐάλλεται.
1541 4392 1651 4447 Hoc
1690 4403 1861 4447 autem
1887 4394 2099 4446 lectores
2137 4392 2322 4445 admo-

754 4493 887 4545 nitos
928 4492 1062 4555 volo,
1110 4488 1360 4557 Magnum
1395 4486 1653 4541 Basiliam
1704 4486 1859 4555 hujus
1884 4486 2167 4555 prophetia:
2196 4497 2320 4552 par-

747 4598 852 4640 tam
881 4587 1273 4650 interpretatum
1318 4597 1425 4636 esse
1447 4622 1462 4647 ,
1497 4596 1614 4649 qua:
1646 4578 1851 4647 quidem
1898 4576 2252 4644 interpretatio
2285 4591 2316 4627 a
2350 4596 2393 4650 υ

750 4678 928 4730 multis
968 4678 1021 4730 in
1062 4676 1277 4729 dubium
1308 4683 1596 4728 revocatur.
1622 4669 1773 4735 Quod
1808 4670 1883 4723 ait
1926 4668 2260 4737 Druugarius
2284 4682 2314 4719 a

751 4766 933 4820 multis
988 4764 1243 4831 dubitari,
1293 4780 1358 4817 an
1399 4776 1587 4817 auctor
1632 4761 1702 4815 sit
1744 4759 1901 4828 hujus
1940 4755 2317 4811 commentarii

753 4857 997 4921 Bisilius,
1030 4854 1082 4908 id
1120 4855 1183 4909 de
1211 4853 1565 4922 scriptoribus
1588 4848 1970 4906 ecclesiasticis
2009 4844 2317 4913 intelligen-

749 4952 876 5003 dum
920 4964 1027 5004 non
1078 4949 1306 5002 videtur.
1352 4947 1495 5013 Quos
1522 4946 1663 5000 enim
1700 4944 1967 5005 novimus,
2014 4940 2067 4993 bi
2106 4951 2317 4994 summo

750 5058 1017 5096 consensu
1041 5050 1317 5110 parentem
1341 5039 1497 5108 hujus
1517 5038 1695 5107 operis
1715 5034 1968 5089 Basilium
1992 5036 2314 5100 agnoscunt,

750 5132 1013 5185 Maximus
1041 5129 1333 5195 confessor,
1365 5128 1600 5182 Joannes
1642 5128 2024 5184 Damascenus,
2081 5121 2313 5191 Symeon

751 5222 1068 5292 Lngotheta.
1130 5223 1394 5277 Antonius
1440 5220 1676 5283 Melissa,
1742 5216 2056 5279 Tharasius,
2127 5221 2317 5268 auctor

754 5315 1091 5370 Scltoliorutn
1158 5314 1467 5369 Graecorum
1538 5313 1590 5363 in
1656 5307 1911 5379 epistolas
1971 5304 2314 5375 apostolicas.

753 5406 958 5459 (succis
1000 5405 1248 5459 assentiri
1296 5420 1401 5458 non
1423 5401 1735 5456 dubitarunt
1762 5397 2088 5453 recentiores
2122 5394 2317 5459 critici,

753 5496 959 5552 Natalis
980 5498 1301 5559 Alexander,
1347 5497 1606 5561 Dupinus,
1628 5490 2030 5553 'l‘illemontius,
2063 5496 2117 5543 et
2141 5485 2321 5542 erudi—

757 5600 839 5642 tus
861 5590 1036 5645 editor
1057 5604 1279 5656 cperunt
1309 5585 1367 5644 S.
1401 5585 1624 5639 Joannis
1652 5580 1989 5637 Damasceni.
2018 5579 2119 5634 Tot
2156 5576 2322 5632 homi-

828 5788 901 5851 (a)
942 5784 1006 5838 N.
1035 5787 1087 5849 5,
1122 5800 1241 5853 pag.
1281 5784 1401 5836 193.

824 5850 897 5915 lbl
936 5855 1087 5911 Tom.
1114 5850 1385 5917 llI'Doqm.
1412 5855 1657 5920 theoloq.,
1698 5854 1789 5909 lib.
1822 5868 1860 5918 I,
1899 5867 1950 5913 ο.
1984 5851 2040 5918 2,
2074 5866 2126 5905 n.
2156 5850 2209 5904 4.

2445 639 2550 678 non
2581 624 2764 689 debet;
2812 625 2906 680 scd
2935 635 3109 681 tamen
3145 628 3276 682 certi
3311 627 3610 697 argumenti
3653 632 3860 696 pondus
3896 645 4000 684 non

2444 716 2669 769 obtinet.
2725 715 2901 781 Quare
2942 717 3046 772 alia
3095 718 3320 773 ineunda
3373 729 3455 773 est
3502 719 3585 772 via
3637 721 3703 773 ad
3749 722 3864 775 veri
3914 722 4003 775 in-

2443 805 2874 875 vestigationem,
2924 821 2987 862 ac
3040 808 3089 862 in
3132 810 3317 877 primis
3366 810 3696 879 inquirenda:
3744 813 4002 881 temporis

2444 906 2600 951 "0133.

2511 987 2895 1055 Antiquitatem
2936 990 3114 1060 operis
3143 991 3368 1059 pltlrima
3408 990 3666 1059 probant;
3707 989 3799 1044 sed
3847 989 4002 1043 nobis

2444 1087 2565 1130 nota
2600 1078 2773 1146 aliqua
2801 1094 2934 1148 opus
2961 1092 3062 1144 est,
3113 1096 3230 1148 qua:
3269 1095 3372 1133 non
3422 1080 3525 1134 late
3567 1090 3765 1147 pateat,
3799 1095 3861 1132 ac
3895 1095 4001 1132 nun

2443 1162 2597 1225 manu
2643 1172 2893 1226 sacculum
2941 1184 3192 1241 quartum
3239 1173 3495 1242 designet.
3543 1174 3635 1228 sed
3677 1175 3839 1227 etiam
3871 1173 4002 1226 illud

2443 1263 2694 1332 temporis
2721 1265 2975 1334 spatium,
3024 1281 3129 1334 quo
3176 1266 3403 1319 Basilius
3449 1266 3502 1319 in
3538 1265 3767 1319 Ecclesia
3818 1266 4000 1319 Caesa-

2442 1354 2597 1407 riensi
2632 1357 2909 1426 presbyter
2951 1367 3042 1410 aut
3084 1360 3365 1427 episcopus
3398 1358 3520 1411 fuit.
3574 1357 3627 1410 In
3659 1357 3801 1411 hunc
3844 1372 3999 1410 usum

2437 1446 2608 1515 colligi
2638 1459 2877 1514 possunt,
2907 1463 3025 1517 qua:
3055 1448 3119 1502 de
3156 1448 3431 1503 Anumteis
3471 1449 3719 1517 leguntur
3754 1448 4000 1516 pluribus

2439 1539 2488 1591 in
2522 1541 2654 1594 locis
2687 1557 2702 1594 :
2738 1540 2873 1595 Sunt
2908 1541 3164 1605 nonnulli,
3205 1543 3372 1611 inquit
3417 1552 3603 1595 auctor
3652 1541 4003 1595 Commenta-

2438 1630 2500 1683 rii
2543 1632 2615 1701 (p.
2642 1631 2789 1703 555),
2840 1634 2930 1702 qui
2966 1650 3081 1685 cum
3128 1643 3297 1700 patres
3330 1648 3450 1685 suos
3501 1642 3547 1685 et
3581 1632 3777 1685 tradita
3824 1631 3890 1683 ab
3926 1631 4000 1683 eis

2434 1724 2678 1793 dogmata
2722 1727 2864 1795 sequi
2902 1728 3198 1797 fastidiant,
3231 1728 3327 1790 ipsi
3357 1729 3610 1779 hwresum
3649 1726 3866 1792 cupiunt
3900 1740 4000 1776 au-

2433 1827 2596 1869 ctores
2622 1834 2745 1871 esse.
2783 1819 2957 1883 Quare
2987 1820 3234 1871 novitates
3251 1819 3503 1886 quasdam
3534 1816 4003 1871 comminiscuntur

2359 1899 2400 1953 Β
2430 1910 2674 1962 adversus
2709 1920 2897 1963 rectum
2931 1925 3237 1971 sermonem,
3284 1910 3541 1961 malitiam
3579 1906 4001 1976 impietatemque

2434 2004 2636 2067 scriptis
2669 2004 2940 2069 prodentes
2972 2017 2989 2054 :
3022 2004 3088 2054 ad
3129 2018 3255 2069 quos
3283 2002 3532 2069 pervenit,
3567 2016 3666 2064 va),
3717 2000 3785 2052 ad
3821 2012 4000 2066 patres

2431 2093 2657 2146 videlicet
2683 2093 2831 2161 falsa:
2858 2104 2903 2145 et
2929 2093 3233 2146 adulterina:
3255 2092 3500 2155 scientias.
3528 2101 3572 2145 et
3599 2092 3667 2143 ad
3690 2091 3998 2159 dogmatum

2430 2186 2703 2247 impiorum
2734 2186 3027 2252 scriptores.
3064 2183 3213 2238 Tales
3249 2186 3384 2239 enim
3408 2200 3515 2247 eos,
3547 2183 3635 2252 qui
3661 2182 3786 2248 ﬁdei
3813 2183 3998 2246 inopia

2430 2276 2688 2339 laborant,
2731 2274 3005 2340 diripiunt.
3042 2287 3195 2341 atque
3224 2276 3277 2327 in
3305 2274 3509 2327 animas
3531 2289 3654 2326 vero
3687 2271 3780 2324 illo
3808 2286 3999 2337 sponso

2428 2366 2536 2420 Deo
2580 2366 2743 2422 Verbo
2787 2370 2967 2422 viduas
2996 2368 3328 2438 tyrannidem
3375 2374 3630 2419 exercent.
3692 2362 3794 2418 Sed
3854 2373 3903 2416 et
3950 2359 4000 2417 si

2426 2462 2715 2529 quempiam
2740 2461 2846 2515 Deo
2876 2464 3113 2515 orbatum
3137 2461 3199 2513 ob
3222 2470 3488 2527 peccatum
3514 2458 3754 2517 viderint.
3783 2464 3833 2509 et
3861 2457 3999 2509 hunc

2426 2553 2523 2604 sibi
2559 2553 2707 2620 quasi
2734 2554 2965 2621 pm'dam
3003 2550 3265 2604 vindicant
3304 2565 3323 2602 :
3361 2549 3547 2616 quippe
3583 2548 3654 2599 eis
3686 2547 3995 2613 promittunt

2426 2645 2754 2696 securitatem
2776 2659 2998 2705 omnem,
3021 2652 3066 2695 et
3099 2640 3441 2707 voluptariam
3474 2638 3629 2691 vitam
3672 2646 3994 2702 praponunt,

2426 2737 2467 2787 si
2498 2736 2646 2787 modo
2692 2750 2777 2788 eos
2816 2734 3073 2802 dogmatis
3097 2731 3428 2784 Divinitalem
3460 2728 3881 2797 Oppugnantibus
3914 2728 3999 2777 in-

2426 2825 2657 2894 telligant
2702 2826 2961 2878 assentiri.
2999 2821 3182 2888 Qualis
3219 2838 3353 2874 nunc
3398 2819 3674 2889 pullulavit
3712 2819 3995 2871 Anomwoo

2427 2935 2537 2971 rum
2556 2918 2783 2983 Itazresis,
2814 2919 2904 2986 qui
2927 2915 3318 2979 scortatoribus,
3341 2914 3613 2975 adulteris,
3637 2910 3996 2964 masculorum

2426 3010 2879 3073 concubitoribus,
2938 3008 3248 3077 plagiariis,
3309 3006 3537 3074 perjuris
3604 3020 3665 3056 ac
3725 3002 3999 3055 mendaci-

2427 3102 2519 3154 bus
2569 3103 2771 3155 veniam
2812 3109 3136 3167 peccatorum
3189 3097 3521 3165 pollicentur,
3570 3096 3614 3149 si
3662 3110 3715 3146 st.
3765 3110 3831 3145 'm
3882 3108 3995 3145 sure

2427 3193 2673 3245 adversus
2711 3188 3043 3258 Unigenitum
3086 3187 3417 3255 blasphemia:
3449 3186 3616 3239 socios
3647 3182 3763 3236 illos
3796 3180 3996 3236 habue-

2425 3283 2549 3335 rint.

2494 3375 2553 3428 ΙΙ.
2598 3374 2748 3439 Illud,
2796 3373 2952 3426 ὁποία
3005 3375 3037 3443 ἠ
3074 3372 3168 3426 νῦν
3202 3370 3703 3442 παραδλαστὴσασα
3732 3368 3840 3421 τῶν
3871 3370 3996 3422 ἀνο-

2428 3466 2592 3535 μοίων
2624 3464 2852 3535 αἵρεσις,
2890 3462 3074 3528 Qualis
3116 3480 3249 3516 nunc
3305 3462 3582 3531 pullulavit
3620 3460 3995 3514 Auomozorum

2424 3559 2652 3620 limi-esis,
2683 3572 2788 3611 non
2819 3555 3154 3610 referendum
3182 3554 3486 3610 necessario
3510 3563 3591 3607 est
3614 3554 3679 3605 ad
3709 3554 3880 3622 ipsum
3911 3568 3997 3606 ar-

2426 3649 2664 3711 ticulum,
2692 3664 2797 3717 quo
2826 3648 3061 3702 haeretici
3097 3646 3170 3701 illi
3203 3647 3466 3713 prodiere.
3512 3644 3699 3699 Statim
3730 3644 3875 3697 enim
3910 3654 3994 3696 at-

2424 3754 2527 3808 que
2561 3739 2813 3792 verticem
2857 3736 3076 3791 sustulit
3110 3750 3294 3790 eorum
3346 3732 3612 3803 impietas,
3642 3733 3993 3787 vehementer

2423 3834 2490 3885 ah
2520 3830 2587 3883 iis
2622 3828 2709 3898 qui
2746 3827 3065 3881 Semiariaui
3106 3826 3374 3889 dicuntur,
3409 3824 3700 3895 Oppugnati
3737 3832 3901 3888 sunt;
3938 3833 3993 3878 et

2424 3938 2543 3975 cum
2571 3922 2621 3974 in
2642 3920 2989 3975 oﬂ'ensionem
3025 3918 3120 3988 ipsi
3147 3916 3460 3971 Constantio
3493 3916 3784 3975 venissent,
3817 3914 3990 3981 pluri-

2429 4027 2572 4066 mum
2614 4010 2809 4076 negotii
2857 4009 3093 4063 habuere
3129 4006 3181 4060 in
3224 4000 3363 4059 illius
3406 4004 3762 4072 recolligenda
3792 4004 3991 4073 gratia,

2425 4116 2523 4157 nec
2552 4113 2761 4170 tempus
2794 4110 2913 4155 erat
2947 4098 3279 4168 impunitatis
3305 4097 3422 4150 aliis
3457 4096 3852 4164 promittendzn,
3894 4093 3990 4148 sed

2423 4194 2769 4263 sibimetipsis
2800 4192 3120 4261 querenda.
3155 4190 3449 4243 Retraxere
3480 4187 3550 4240 illi
3578 4187 3793 4257 quidem
3826 4187 3895 4238 ad
3930 4200 3993 4240 se

2422 4297 2606 4359 postea
2633 4285 2882 4339 mobilem
2904 4298 2967 4337 ac
3001 4282 3167 4336 levem
3196 4278 3492 4333 Constantii
3526 4277 3783 4341 animum,
3822 4291 3886 4330 ac
3925 4277 3993 4333 tle

2424 4378 2770 4435 Semiarianis
2807 4390 2992 4447 pinnas
3032 4374 3262 4429 vicissim
3304 4379 3647 4437 sumpserunt
3694 4382 3835 4423 anno
3860 4368 3989 4422 360.

2423 4471 2527 4526 Sed
2582 4480 2760 4523 tamen
2813 4483 2932 4522 cum
2974 4468 3087 4536 ipse
3120 4463 3462 4520 Constantius
3515 4476 3621 4515 non
3673 4469 3875 4514 tantam
3910 4460 3991 4513 eis

2422 4562 2793 4616 auctoritatem
2827 4574 2891 4614 ac
2928 4557 3197 4612 licentiam
3241 4555 3435 4617 dabat,
3492 4561 3687 4622 quanta
3730 4552 3783 4605 in
3828 4550 3992 4603 allato

2427 4652 2730 4707 testimonio
2794 4647 3114 4719 perspicitur
3174 4644 3318 4717 (nam
3366 4660 3487 4698 cum
3537 4643 3709 4697 ventis
3754 4639 3993 4693 maxime

2424 4741 2677 4798 secundis
2716 4749 3014 4801 uterentur,
3065 4736 3311 4804 imposita
3360 4733 3598 4788 Eudoxio
3638 4745 3823 4785 eorum
3865 4733 3990 4785 duci

2427 4831 2598 4886 tristis
2628 4828 2918 4883 necessitas
2937 4827 3182 4882 Eunomii
3222 4825 3302 4880 sui
3327 4821 3678 4894 deponendi);
3715 4831 3826 4875 tum
3863 4836 3993 4877 vero

2424 4938 2617 4979 nomen
2641 4922 3022 4976 Anomaeorum
3047 4935 3323 4989 accepere,
3356 4917 3579 4971 testibus
3606 4922 3792 4969 sancto
3819 4914 3993 4968 Atha-

2424 5018 2576 5073 nasio
2595 5017 2664 5089 (c)
2693 5025 2746 5071 et
2773 5015 2993 5071 Socrate
3014 5015 3115 5084 (ά),
3142 5022 3418 5082 postquam
3451 5009 3502 5063 in
3535 5007 3764 5063 concilio
3793 5007 3990 5060 Antio-

2424 5113 2595 5167 cheno
2622 5110 2814 5163 Filium
2853 5107 2997 5161 Patri
3029 5105 3339 5160 dissimilem
3372 5102 3645 5164 dixerunt,
3678 5100 3819 5167 quod
3862 5099 3989 5166 qui-

2413 5209 2531 5260 dem
2564 5217 2705 5256 anno
2738 5200 2835 5254 561
2875 5200 3094 5268 contigit
3121 5196 3287 5269 paulo
3320 5204 3443 5249 ante
3467 5202 3695 5247 mortem
3723 5189 3991 5245 Constan-

2416 5298 2497 5352 tii.
2536 5297 2714 5363 Quare
2749 5308 2867 5364 quae
2889 5293 2953 5346 de
2968 5292 3243 5344 Anomaais
3278 5288 3329 5341 in
3366 5288 3465 5340 hoc
3493 5281 3883 5338 commentario
3910 5283 3990 5337 di-

2416 5398 2630 5450 cuntur,
2657 5386 2935 5441 referenda
2961 5385 3023 5437 ad
3046 5397 3230 5438 eorum
3257 5383 3357 5436 sub
3379 5380 3600 5434 Valente
3624 5376 3988 5430 dominatum.

2419 5480 2548 5534 Illud
2614 5477 2748 5541 νῦν,
2794 5485 2852 5531 ut
2910 5475 3308 5530 observavimus
3364 5472 3430 5524 ad
3488 5467 3775 5538 epistolam
3843 5464 3989 5529 εδδ,

2420 5586 2560 5640 saepe
2594 5571 2732 5624 idem
2764 5578 2930 5622 sonat.
2956 5583 3018 5621 ac
3054 5581 3243 5635 nuper,
3268 5564 3411 5619 etde
3442 5563 3599 5617 rebus
3625 5569 3748 5613 ante
3771 5555 3986 5626 aliquod

2502 5774 2572 5838 (c)
2612 5771 2689 5824 De
2727 5771 2909 5841 synod.
2939 5784 2990 5837 p.
3021 5767 3152 5823 907.

2508 5842 2586 5907 (ιι)
2630 5842 2744 5898 Lib.
2780 5856 2836 5907 ιι,
2889 5856 2938 5896 c.
2972 5841 3058 5895 ts.
