4212 6500
1574 463 1730 522 νιΤΑ
1775 468 1833 522 S.
1876 465 2143 521 BASILll.

3266 475 3442 519 CLXVII

215 588 413 649 tempus
469 579 708 648 peractis
768 579 985 635 dicitur.
1038 579 1184 635 Unde
1216 580 1440 635 Basilius
1483 582 1548 637 de
1583 584 1771 638 haeresi
1802 592 1845 645 Α
1878 586 1999 635 dum
2033 582 2248 650 scriptis
2274 580 2542 650 cognitum
2590 587 2738 631 tanta
2783 575 3136 631 similitudine
3179 574 3440 637 retuierit,

219 671 825 725 Pneumatomachorum
857 672 907 725 in
934 670 1089 740 epist.
1122 672 1224 727 159
1258 690 1272 725 :
1302 673 1373 726 Τὸ
1396 673 1490 726 νῦν
1530 675 1777 747 παρακύ-

214 763 315 831 ψαν
358 762 511 833 παρὰ
554 762 663 815 τῶν
722 765 809 816 ἀεὶ
849 768 1184 834 καινοτομεῖν
1235 767 1649 837 ἐπιχειρούντων
1684 767 1777 837 ζή-

214 868 381 922 τημα..
416 852 572 906 Nunc
606 856 853 921 prodiens
881 857 940 906 ab
979 857 1267 911 hominibus
1295 876 1493 927 semper
1527 861 1641 912 novi
1680 861 1779 911 uli-

215 948 338 1010 quid
369 948 613 999 inducere
639 946 946 1000 conantibus
979 951 1217 1017 quwstio.

282 1040 363 1091 Ad
394 1040 532 1091 idem
563 1037 797 1092 Valentis
826 1039 1107 1106 imperium
1138 1042 1404 1109 pertinent
1424 1058 1541 1109 quae
1568 1045 1635 1097 de
1659 1059 1783 1096 con-

220 1131 501 1183 trorersiis
549 1132 687 1185 inter
732 1133 877 1197 ipsos
918 1133 1223 1187 Catholicos
1261 1136 1464 1188 exortis
1513 1135 1779 1203 leguntur,

220 1238 267 1286 ν.
302 1220 405 1273 5οι
437 1238 449 1270 :
485 1223 713 1289 Ὄφελον
762 1224 818 1276 δὲ
866 1226 913 1276 οἱ
956 1225 1243 1293 αὐχοῦντες
1282 1226 1377 1295 τὴν
1424 1226 1781 1298 ἁποστολικὴν

218 1311 561 1365 διὲιςκαλίαν
583 1317 961 1386 τετηρηκέναι,
990 1317 1234 1369 καὶκατὰ
1256 1316 1500 1389 διαδοχὴν
1532 1321 1624 1372 ἀπ’
1652 1322 1784 1373 ὲκεί-

218 1420 322 1455 νων
360 1404 420 1455 τὸ
450 1407 711 1476 κήρυγμα
753 1409 843 1460 τοῦ
873 1408 1197 1475 Εὑαγγελίου
1248 1409 1661 1480 παρειληφέναι,
1696 1413 1782 1466 διὰ

216 1496 314 1562 τῆς
370 1498 498 1567 περὶ
540 1497 646 1549 τῶν
694 1499 973 1567 δογμάτων
1018 1500 1325 1569 ὁμοφωνίας
1379 1501 1664 1566 ἐδείκνυον,
1703 1504 1782 1555 ὅτι

223 1589 349 1655 pii;
385 1590 493 1641 εἰσὶ
524 1590 662 1658 μέρη
683 1591 781 1657 τῆς
804 1590 1035 1659 Χριστοῦ
1077 1592 1418 1662 Ἐκκλησίας.
1450 1592 1660 1646 Utinam
1684 1612 1783 1646 au-

220 1691 319 1731 tem
350 1680 439 1747 qui
472 1697 525 1731 se
547 1681 835 1733 doctrinam
863 1682 1200 1749 apostolicam
1225 1701 1450 1748 servare,
1474 1701 1533 1737 ac
1555 1702 1645 1752 per
1670 1702 1784 1737 suc-

220 1774 499 1824 cessionem
522 1774 584 1823 ab
614 1776 856 1840 apostolis
887 1776 1309 1841 pi‘wdicationcm
1343 1776 1617 1847 Evangelii
1640 1792 1783 1828 acce-

219 1864 352 1929 pisse
382 1862 709 1931 gloriantur,
751 1868 1093 1931 ostenderent,
1136 1869 1315 1921 eadem
1361 1872 1423 1921 de
1460 1867 1782 1937 dogmatibus

1879 682 2073 740 quanta
2097 672 2436 740 semetipsum
2466 668 2694 723 Basilius
2724 668 2776 721 in
2806 667 3055 722 onmibus
3084 667 3335 735 operibus
3362 682 3446 717 re-

1882 764 2003 818 fert.
2065 763 2257 816 Paucis
2305 776 2432 831 ergo
2485 759 2962 813 demonstrandum
3007 773 3271 809 summam
3326 771 3447 810 esse

1882 860 2018 912 inter
2052 855 2494 911 commentarium
2526 864 2579 908 et
2613 852 2713 906 alia
2749 850 2934 905 Basilii
2964 850 3160 919 scripta
3190 848 3445 904 similitu-

1882 955 2078 1005 dinem.

1953 1044 2028 1112 (a)
2056 1042 2225 1097 Nemo
2253 1053 2336 1097 est
2364 1055 2496 1095 sane
2529 1040 2640 1107 qui,
2672 1038 2718 1091 si
2748 1034 3142 1090 animadvertat
3168 1032 3445 1095 attentius,

1883 1149 2042 1202 quam
2072 1135 2296 1188 libenter
2335 1130 2706 1186 commentarii
2750 1138 2937 1182 auctor
2990 1128 3054 1179 de
3089 1127 3327 1195 physicis
3365 1140 3447 1176 re-

1884 1223 2002 1283 bus,
2036 1238 2096 1276 ac
2134 1223 2395 1290 praecipue
2423 1221 2491 1275 de
2530 1218 2839 1273 animalium
2868 1216 3289 1285 proprietatibus
3338 1215 3449 1267 dis-

1886 1323 2051 1377 serat,
2083 1330 2185 1366 non
2217 1311 2370 1365 facile
2405 1323 2662 1381 agnoscat
2698 1320 2971 1363 auctorem
3024 1307 3359 1360 homiliarum
3397 1306 3452 1357 in

1886 1402 2139 1456 flexaem.
2170 1404 2424 1457 Itedolent
2455 1404 2616 1456 etiam
2652 1402 2724 1471 (b)
2761 1400 3015 1455 nonnulla
3045 1414 3259 1468 operam
3291 1414 3319 1451 a
3348 1397 3453 1450 Ba-

1886 1496 2005 1548 silio
2071 1498 2121 1547 in
2183 1494 2511 1550 astronomia
2575 1492 2670 1563 (c)
2744 1493 2972 1546 Athenis
3027 1490 3312 1544 ediscenda
3375 1489 3453 1542 in-

1887 1595 2172 1654 sumptam.
2213 1585 2355 1639 lnter
2394 1594 2537 1639 artes
2568 1600 2685 1653 quae
2716 1586 2781 1636 ad
2819 1583 2979 1634 vitam
3015 1580 3356 1641 necessariae,
3398 1590 3453 1633 et

1887 1691 1979 1730 eas
2000 1693 2118 1745 qua:
2142 1693 2291 1732 vame
2321 1689 2375 1734 et
2409 1678 2622 1732 inutiles
2651 1685 2799 1740 sunt,
2845 1675 2980 1728 idem
3012 1688 3236 1740 prorsus
3264 1673 3454 1727 discri-

1888 1782 2007 1821 men
2036 1770 2291 1823 statuitur
2322 1770 2374 1823 iu
2400 1770 2788 1824 commentario
2821 1771 2897 1837 (p.
2928 1766 3077 1837 9M),
3108 1781 3169 1819 ac
3196 1765 3247 1818 in
3277 1767 3454 1833 prima

1889 1858 2106 1914 humilia
2132 1862 2183 1915 in
2212 1860 2467 1915 Hexaem.
2505 1862 2578 1931 (p.
2614 1861 2691 1929 7),
2720 1868 2773 1913 et
2800 1859 3079 1927 utriusque
3150 1856 3248 1910 loci
3286 1856 3456 1909 simil-

219 1954 459 2021 dicendo,
497 1968 549 2007 se
579 1959 729 2011 unius
762 1957 1004 2011 Ecclesia:
1033 1957 1225 2011 Christi
1252 1968 1428 2025 partes
1452 1958 1598 2011 esse!
1631 1956 1781 2012 Miri-
1812 1945 1854 1999 Β

1812 1945 1854 1999 Β
1884 1947 2011 2002 lima
2037 1952 2325 2006 sententia.
2359 1951 2605 2022 Legimus
2632 1951 2683 2003 in
2710 1950 2931 2003 humilia
2970 1949 3002 2001 5
3023 1948 3076 2001 in
3105 1946 3361 2000 Hexaem.
3400 1963 3450 2014 p.

221 2045 320 2100 fice
346 2047 461 2101 haec
485 2052 807 2103 conveniunt
848 2051 902 2104 in
946 2049 1073 2104 illud
1116 2049 1355 2105 Valentis
1390 2061 1618 2120 tempus,
1661 2066 1782 2105 cum

220 2148 271 2193 et
312 2140 379 2193 de
425 2141 597 2194 tribus
636 2141 1015 2210 hypostasibus
1047 2142 1281 2195 maxima
1307 2152 1449 2197 esset
1488 2143 1780 2211 contentio,

222 2245 283 2284 ac
310 2233 457 2285 inter
492 2232 753 2302 plurimos
787 2233 1066 2301 episcopos
1093 2234 1331 2303 disrupta
1362 2234 1668 2287 communio
1698 2248 1785 2288 es-

217 2334 318 2388 set,
347 2326 398 2378 in
430 2340 535 2393 qua
568 2324 843 2377 sarcieuda
876 2339 973 2378 nec
999 2324 1276 2395 presbyter
1296 2325 1524 2379 Basilius
1559 2339 1655 2379 nec
1680 2326 1785 2393 epi-

215 2427 411 2480 scopus
469 2412 710 2465 laborare
743 2414 963 2469 destitit.
998 2415 1243 2483 Scriptus
1280 2432 1408 2485 ergo
1445 2427 1780 2470 commenta-

217 2507 330 2561 rius
379 2506 435 2557 in
482 2503 686 2557 Isaiam
740 2508 837 2561 sub
885 2506 1139 2569 Valente;
1187 2507 1345 2575 idque
1394 2507 1529 2560 intra
1580 2517 1779 2576 septem

217 2597 426 2664 priores
483 2611 654 2651 annos
695 2595 832 2650 illius
876 2598 1109 2666 imperii,
1159 2607 1442 2668 antequam
1494 2612 1523 2651 e
1566 2598 1785 2653 latebris

216 2688 661 2742 dissimulationis
693 2689 978 2757 prodiisset
1021 2691 1225 2746 nefaria
1261 2692 1786 2750 Pneumatomacbo-

217 2796 333 2834 rum
361 2782 608 2849 haeresis,
646 2797 765 2850 qua:
800 2783 951 2837 initio
973 2785 1310 2853 episcopatus
1336 2785 1515 2839 Basilii
1553 2787 1784 2854 grassari

216 2866 400 2942 erepit,
459 2890 523 2928 ac
560 2875 809 2943 deinceps
858 2886 1167 2944 perpetuum
1209 2893 1327 2931 cum
1362 2893 1424 2931 eo
1457 2878 1648 2929 bellum
1692 2878 1785 2931 ha-

215 2966 351 3020 buit.
376 2966 523 3020 Nihil
547 2968 688 3019 enim
719 2968 784 3020 de
816 2969 902 3019 illa
933 2968 1121 3021 haeresi
1159 2969 1393 3036 reperias
1425 2970 1475 3021 in
1510 2984 1788 3022 commen-

218 3062 352 3113 tario
404 3100 417 3113 .
467 3059 613 3113 solus
656 3058 821 3112 Filius
857 3060 1161 3114 defenditur
1208 3078 1220 3114 :
1272 3061 1369 3115 soli
1408 3062 1787 3131 impugnantur

214 3151 421 3213 Ariani,
452 3152 564 3220 qui,
592 3162 650 3204 ut
680 3152 733 3203 in
778 3151 882 3205 alio
915 3151 1029 3206 loco
1055 3153 1130 3222 (p.
1165 3153 1290 3223 523)
1336 3154 1583 3224 legimus,
1615 3156 1785 3209 tradi-

218 3253 362 3296 turos
398 3259 458 3297 se
493 3244 881 3311 pollicebantur
917 3261 1034 3315 qua:
1060 3248 1123 3301 ad
1153 3247 1345 3300 Filium
1394 3259 1662 3314 spectant,
1702 3259 1784 3302 at-

218 3349 316 3401 que
350 3336 451 3389 hoc
472 3336 718 3403 specioso
745 3351 995 3392 sermone
1021 3337 1439 3405 simplicioribus
1468 3337 1781 3391 illudebant.

218 3427 521 3493 Quinetiam
587 3429 1104 3483 Pneumatomachos
1161 3429 1407 3498 intelligit
1455 3441 1786 3483 commenta-

219 3531 319 3585 tor,
353 3537 460 3576 non
493 3523 793 3584 hmreticos,
844 3523 934 3591 qui
963 3522 1296 3576 divinitatem
1354 3523 1586 3591 Spiritus
1614 3522 1786 3577 sancti

220 3614 623 3683 impugnabant,
680 3618 770 3670 sed
808 3616 1052 3670 homines
1101 3630 1312 3669 amaros
1338 3627 1390 3668 et
1428 3616 1613 3677 maios,
1653 3631 1788 3684 quos

219 3723 334 3760 cum
379 3711 461 3775 api
506 3725 570 3762 ex
609 3710 850 3764 immisso
888 3710 1069 3762 aculeo
1104 3710 1363 3761 moriente
1387 3718 1668 3774 comparat
1706 3709 1782 3777 (p.

218 3799 359 3866 551).
393 3802 535 3852 Talis
562 3812 657 3862 est,
686 3801 875 3867 inquit,
902 3802 1171 3853 hominum
1202 3817 1504 3852 amararum
1538 3811 1583 3853 et
1614 3803 1790 3853 adver-

216 3908 303 3944 sus
324 3890 584 3959 Spiritum
607 3895 946 3961 pugnantium
973 3906 1183 3958 natura,
1209 3894 1329 3948 Τῶν
1354 3895 1567 3966 πικρῶν
1587 3894 1789 3966 ἀνθρώ-

219 4000 332 4037 πων
385 3985 480 4038 καὶ
508 3985 1003 4057 Πνευματομάχων,
1060 3989 1148 4056 qui
1197 3990 1496 4056 semetipsos
1557 3990 1787 4057 nequitia

216 4082 381 4149 magis
418 4080 641 4145 lwdunt,
672 4098 828 4149 quant
871 4099 955 4135 eos
1006 4084 1094 4151 qui
1143 4083 1197 4135 in
1235 4098 1418 4134 eorum
1455 4083 1787 4132 iracundiam

217 4175 518 4228 inciderint.
578 4174 802 4228 Videtur
856 4190 986 4243 ergo
1034 4173 1646 4228 Pneumatomachorum
1687 4189 1785 4225 vox

219 4268 455 4321 nondum
531 4275 655 4319 tunc
723 4267 1063 4336 designandis
1119 4266 1391 4322 haereticis
1464 4265 1630 4321 fuisse
1694 4266 1787 4319 ad-

219 4361 382 4414 dicta.

282 4451 402 4505 Jarn
444 4467 694 4522 magnum
724 4450 980 4504 habemus
1020 4460 1418 4521 argumentum.
1460 4466 1557 4503 cur
1591 4448 1787 4503 Basilio

218 4545 487 4598 tribuatur
524 4546 625 4598 hoc
652 4558 806 4613 opus.
845 4541 1213 4611 Prmterquam
1247 4542 1388 4611 quod
1423 4540 1473 4593 ei
1512 4540 1785 4609 adiudica-

219 4648 303 4687 tnr
324 4638 393 4691 ab
432 4637 689 4705 antiquis,
716 4636 853 4689 intra
884 4632 1010 4685 illud
1037 4643 1247 4702 tempus
1283 4631 1537 4699 scriptum
1563 4643 1783 4691 compe-

218 4729 375 4791 ritur,
417 4741 525 4795 quo
576 4726 870 4797 presbyteri
922 4737 1141 4777 munere
1194 4720 1631 4791 perfungebatur.
1692 4714 1787 4772 His

216 4821 349 4875 adde
396 4833 504 4871 non
542 4816 807 4869 infirmam
839 4816 1223 4883 conjecturam,
1272 4827 1336 4865 ex
1378 4826 1479 4880 qua
1510 4818 1784 4864 auctorem

212 4913 389 4981 operis
419 4908 790 4979 Cappadocem
822 4921 940 4963 esse
972 4904 1257 4972 colligitur.
1292 4900 1425 4955 Nam
1453 4901 1629 4955 varias
1658 4915 1790 4967 geu-

215 5016 292 5057 tes
320 5013 648 5057 enumerans
671 4998 843 5068 primo
882 5001 1000 5054 loco
1039 4998 1112 5068 (p.
1150 4994 1274 5065 £28)
1313 4996 1552 5049 nominat
1576 4992 1789 5063 Cappa-

211 5093 447 5147 dociam.

278 5183 367 5238 lll.
411 5183 567 5251 Quod
604 5183 648 5237 si
688 5192 742 5237 et
778 5178 957 5234 Basilii
992 5179 1265 5250 ingenium
1312 5186 1367 5229 et
1399 5175 1681 5231 sententiae
1730 5185 1785 5229 et

215 5282 507 5350 Scriptura:
550 5278 965 5346 interpretanda:
1012 5274 1149 5327 ratio
1189 5272 1239 5325 iu
1278 5269 1465 5322 eodem
1489 5282 1650 5336 Opere
1690 5267 1784 5320 de~

215 5372 655 5439 prehendantur,
696 5384 799 5423 non
830 5369 983 5421 video
1010 5365 1136 5433 quid
1169 5364 1268 5417 loci
1310 5359 1553 5414 relictum
1586 5359 1656 5413 sit
1684 5357 1754 5409 du

215 5462 477 5517 bitationi.
518 5459 702 5528 Neque
744 5459 884 5512 enim
920 5459 1060 5511 intra
1096 5454 1223 5507 illud
1261 5461 1493 5518 tempus,
1534 5449 1675 5516 quod
1713 5448 1781 5502 ab

214 5567 348 5608 anno
377 5552 487 5609 564
508 5551 576 5605 ad
600 5567 797 5605 annum
820 5550 913 5604 571
946 5546 1170 5609 efﬂuxit,
1197 5544 1331 5598 alius
1360 5542 1409 5595 in
1438 5540 1781 5608 Cappadocia

214 5649 443 5716 scriptor
496 5644 802 5713 ﬁngendus,
839 5644 928 5713 qui
962 5640 1215 5695 Basiliam
1258 5635 1559 5692 recentibus
1598 5633 1785 5686 admo~

274 5839 346 5907 (a)
390 5837 509 5892 Vid.
562 5849 615 5902 p.
658 5831 783 5895 414,
830 5828 957 5893 454,
1016 5828 1130 5892 ΠἹ,
1174 5826 1293 5891 478,
1326 5822 1448 5889 500,
1495 5822 1618 5887 505,
1656 5819 1778 5884 529,

1880 2039 1970 2107 25,
1998 2049 2050 2095 et
2073 2045 2121 2095 in
2145 2052 2431 2096 comment.
2454 2059 2507 2112 p.
2533 2042 2659 2105 582,
2693 2057 2756 2096 ea
2778 2055 2893 2110 quae
2918 2039 3101 2093 labore
3128 2047 3279 2106 parta
3308 2048 3452 2102 sunt,

1882 2136 2083 2189 servari
2134 2135 2458 2205 diligentius,
2511 2135 2670 2189 facile
2716 2134 2977 2203 parabilia
3010 2133 3303 2186 contemni.
3340 2130 3453 2186 Ob-

1884 2237 2062 2281 servat
2099 2228 2327 2283 Basilius
2354 2230 2427 2298 (p.
2452 2229 2507 2298 2)
2551 2229 2601 2282 in
2631 2228 2816 2282 homil.
2848 2228 2870 2279 1
2922 2228 2975 2279 in
3013 2225 3270 2279 llexaent.
3307 2223 3456 2293 Moy-

1884 2333 1977 2373 sen
2007 2323 2165 2375 certis
2190 2322 2445 2390 gradibus
2485 2321 2795 2391 pervenisse
2829 2319 2893 2372 ad
2930 2317 3023 2371 Dei
3061 2318 3343 2382 visionem,
3376 2327 3457 2369 att

1882 2425 1985 2478 que
2012 2412 2112 2467 hoc
2138 2412 2456 2469 beneﬁcium
2506 2429 2647 2467 anno
2672 2412 2847 2465 aetatis
2877 2411 3203 2479 octogesimo
3239 2422 3456 2462 assecu-

1884 2509 1995 2554 tum
2051 2518 2187 2557 esse.
2252 2504 2507 2557 Eamdem
2577 2502 3010 2558 observationem
3076 2502 3335 2556 habemus
3398 2500 3454 2554 iu

1881 2594 2143 2659 prooemio
2166 2593 2531 2649 commentarii
2561 2592 2637 2662 (p.
2663 2592 2809 2647 382i.
2842 2591 3064 2645 Mirifice
3088 2592 3329 2659 placebat
3352 2588 3457 2643 Ba-

1884 2686 2003 2740 silio
2031 2687 2270 2740 adhibita
2304 2702 2332 2739 a
2370 2685 2580 2741 Nathan
2613 2687 2869 2754 propheta
2908 2683 3122 2736 Davidis
3166 2684 3458 2749 repreheno

1886 2780 2041 2833 dendi
2090 2780 2242 2832 ratio.
2276 2778 2423 2834 Hanc
2452 2778 2633 2832 laudat
2665 2780 2716 2831 in
2746 2778 2902 2846 epist.
2939 2775 2973 2829 2
3009 2775 3083 2847 (p.
3117 2774 3264 2847 479).
3298 2774 3458 2828 Eatu-

1885 2869 2006 2922 dem
2038 2871 2377 2923 commendat
2398 2868 2449 2922 in
2484 2869 2896 2923 commentario.

1955 2963 2218 3020 Observat
2256 2972 2446 3017 auctor
2478 2965 2853 3017 commentarii
2894 2977 3105 3016 versmn
3145 2961 3458 3014 vicesimum

1886 3058 2184 3111 secundum
2218 3057 2411 3126 capitis
2434 3058 2678 3121 secundi,
2714 3072 2836 3110 cum
2864 3057 3077 3108 deesset
3105 3055 3154 3106 in
3186 3054 3462 3121 exempla-

1887 3146 2035 3200 ribus
2061 3148 2365 3202 communis
2390 3147 2659 3209 editionis,
2699 3160 2763 3201 ac
2798 3146 2848 3199 in
2880 3142 3103 3199 Hebrteo
3130 3142 3276 3198 fonte
3314 3145 3459 3214 lege-

1889 3248 2055 3302 retur,
2108 3254 2172 3292 ex
2219 3240 2338 3292 aliis
2371 3238 2905 3307 interpretationibus
2944 3238 3047 3291 huc
3082 3251 3201 3290 esse
3233 3236 3462 3289 transla-

1891 3338 2023 3381 tum.
2072 3330 2221 3394 Quod
2264 3331 2478 3397 quidem
2509 3330 2884 3382 Tillemontins
2929 3342 3223 3381 consonum
3252 3327 3461 3395 iudicat

1888 3422 2261 3474 consuetudini
2290 3422 2493 3485 Basilii,
2521 3422 2608 3489 qui
2640 3422 2690 3474 in
2724 3421 2963 3477 homiliis
2989 3423 3041 3475 in
3073 3420 3330 3475 llexaem.
3360 3434 3461 3473 sm-

1889 3526 1952 3580 pe
1987 3514 2117 3566 citat
2151 3512 2620 3580 interpretationes
2673 3512 2880 3582 Aquilia
2926 3525 2979 3566 et
3021 3512 3268 3566 aliorum.
3307 3510 3462 3578 Ejus-

1889 3604 2006 3657 dem
2036 3604 2358 3659 Tillemontii
2383 3606 2604 3671 judicio,
2631 3614 3045 3669 commentator,
3073 3606 3194 3658 dum
3222 3605 3271 3657 in
3299 3604 3462 3673 expli-

1889 3696 2061 3748 cando
2134 3696 2394 3763 propheta
2461 3696 2694 3749 litteram
2756 3696 3017 3765 sequitur,
3077 3696 3461 3765 explicatiOnes

1890 3786 2114 3855 profert,
2171 3787 2353 3841 itidem
2412 3797 2468 3841 ut
2517 3787 2767 3853 Basilius,
2804 3786 2981 3841 claras
3028 3798 3083 3841 et
3127 3789 3459 3857 perspicuas,

1892 3894 1995 3932 non
2030 3877 2187 3946 longe
2224 3879 2415 3943 petitas
2444 3887 2536 3931 aut
2568 3893 2662 3947 per
2685 3880 2792 3933 vim
2822 3888 3023 3934 tractas
3062 3895 3075 3930 :
3116 3880 3239 3931 dum
3281 3886 3461 3932 autem

1892 3970 1942 4023 in
1978 3971 2214 4023 moribus
2250 3968 2601 4023 informandis
2632 3982 2897 4038 versatur,
2924 3985 3132 4026 morum
3162 3969 3459 4026 doctrinam

1893 4063 2072 4124 tradit,
2104 4076 2207 4115 non
2255 4061 2424 4117 solum
2472 4077 2623 4131 aeque
2665 4072 2906 4118 sanctam
2948 4071 3002 4117 et
3047 4078 3256 4132 puram,
3306 4076 3369 4116 ac
3407 4063 3459 4115 in

1891 4154 2011 4206 aliis
2040 4153 2291 4220 operibus
2314 4154 2483 4207 sancti
2509 4153 2714 4218 Basilii,
2734 4155 2826 4208 sed
2849 4153 3034 4217 etiam,
3057 4151 3191 4205 ut'in
3221 4151 3460 4206 homiliis

1889 4240 2070 4296 Basilii
2100 4242 2152 4296 in
2186 4240 2449 4309 Psalmos,
2489 4257 2520 4297 e
2544 4243 2770 4309 singulis
2805 4242 3081 4311 prophetat
3111 4241 3335 4296 vocibus
3364 4242 3460 4297 de-

1889 4334 2128 4386 ductam.

1958 4420 2045 4475 ιν.
2090 4422 2241 4491 Saepe
2268 4430 2659 4477 commentator
2701 4436 2767 4477 ex
2816 4423 2937 4479 aliis
2980 4424 3272 4494 Scriptura:
3307 4424 3460 4479 libris

1891 4514 2192 4568 testimonia
2238 4514 2523 4582 depromit,
2565 4523 2623 4567 ut
2664 4513 2857 4569 Isaiam
2907 4515 3157 4570 illustret.
3206 4514 3296 4569 Sic
3332 4515 3461 4569 illud

1818 4636 1861 4691 Β
1893 4604 2037 4660 Isaia:
2069 4624 2081 4660 :
2112 4605 2177 4659 Et
2200 4604 2514 4659 exaltabitur
2538 4604 2790 4657 Dominus
2825 4604 3058 4659 Sabaoth
3087 4602 3357 4672 injudicio
3381 4607 3456 4673 (p.

1894 4699 2041 4769 499),
2073 4699 2303 4752 illustrat
2325 4697 2407 4750 his
2430 4697 2618 4766 psalmi
2660 4697 2852 4759 verbis,
2889 4695 3148 4749 Exaltabo
3176 4706 3246 4761 te,
3276 4695 3461 4748 Domi-

1897 4811 1977 4858 ne,
2003 4791 2249 4859 quoniam
2299 4793 2570 4859 suscepisti
2610 4806 2709 4853 me,
2742 4791 3027 4858 variosque
3072 4789 3312 4858 assignat
3345 4804 3461 4842 mo-

1894 4890 2009 4948 dos,
2053 4884 2249 4952 quibus
2295 4884 2436 4939 Deus
2478 4885 2545 4936 ab
2586 4883 2802 4937 homine
2854 4882 3078 4937 exaltari
3125 4884 3315 4951 possit.
3364 4885 3458 4935 sed

1893 4980 2107 5033 eosdem
2143 4994 2365 5047 prorsus
2401 4993 2461 5031 ac
2504 4978 2553 5029 in
2595 4976 2781 5030 houtil.
2819 4978 2871 5031 in
2903 4978 3151 5031 eumdem
3197 4976 3458 5047 psalmum

1896 5089 2048 5136 xxrx,
2074 5070 2300 5126 Basilius
2334 5070 2517 5123 homil.
2553 5070 2587 5124 3
2624 5071 2678 5123 in
2724 5069 2975 5123 Hexaem.
3002 5071 3279 5137 explicans
3306 5067 3455 5132 illud,

1893 5166 2018 5219 (Σιείὶ
2051 5174 2295 5218 enarrant
2326 5162 2548 5232 gloriam
2586 5162 2696 5222 Dei,
2725 5170 2881 5231 negat
2918 5160 2991 5229 (p.
3026 5162 3115 5227 5i)
3146 5161 3269 5213 inde
3305 5160 3458 5213 colli-

1890 5258 2118 5327 gendum
2168 5254 2335 5309 cmlos
2383 5270 2501 5310 esse
2548 5254 2837 5316 animatos,
2876 5256 2967 5306 sed
3002 5252 3337 5319 Scripturam
3380 5252 3459 5304 sic

1890 5350 2314 5415 interpretatur:
2356 5347 2492 5399 Ἀλλ’
2524 5348 2551 5398 ὁ
2595 5348 2652 5398 ὲν
2691 5345 2898 5409 τούτοις
2946 5345 3101 5412 λόγος
3157 5346 3307 5415 παρὰ
3351 5343 3460 5395 τῶν

1888 5443 2011 5496 νοῦν
2042 5442 2266 5513 ἑχόντων
2307 5441 2728 5511 τεθεωρημένως
2776 5438 3275 5510 ὲκλαμϐανόμενος,
3318 5455 3459 5508 συμ-

1889 5533 2227 5607 πληρωτικός
2255 5535 2366 5585 ἐστι
2409 5536 2505 5604 τῆς
2543 5533 2845 5601 δοξολογίας
2887 5531 2977 5585 τοῦ
3011 5531 3313 5594 κτίσαντος.
3354 5528 3461 5583 Sed

1892 5631 2076 5681 horum
2127 5626 2511 5679 constitutionis
2557 5627 2690 5679 ratio
2737 5636 2984 5679 accurata
3030 5624 3463 5693 contemplatione

1962 5815 2035 5879 (ὑ)
2082 5811 2197 5865 Viti.
2227 5828 2277 5879 p.
2319 5810 2443 5865 589..

1963 5885 2031 5950 (c)
2073 5881 2202 5935 Νη.
2232 5880 2407 5935 0r.'20
