4212 6530
790 506 992 551 CLXVIII

796 618 859 673 ab
892 616 1186 669 horninibus
1211 630 1359 669 sensu
1384 614 1617 683 pra'ditis
1643 624 1875 684 excepta,
1900 615 2116 684 complet
2147 616 2348 685 gloriﬁ-
2379 620 2425 676 Α

794 709 1047 762 tationem
1081 703 1361 760 Creatoris.
1390 703 1590 760 Vitiosa
1620 714 1735 761 erat
1768 706 1925 775 hujus
1954 706 2051 761 loci
2086 706 2350 774 interprec

796 796 945 858 tatio,
976 795 1069 850 sed
1101 810 1219 863 qua:
1249 811 1276 849 a
1303 810 1387 849 me
1410 794 1568 848 allata
1595 804 1677 849 est
1707 796 2056 850 confirmatur
2084 795 2350 850 simillima

792 889 1233 943 eommeutatoris
1271 889 1555 949 sententia,
1586 890 1672 956 qui
1706 889 1784 943 sic
1824 888 2055 957 loquitur
2076 888 2147 957 (p.
2182 888 2304 957 49$)
2334 908 2345 943 :

794 982 856 1033 Ol
872 979 1110 1047 οὐρανοὶ
1126 980 1464 1048 διηγοῦνται
1476 979 1663 1044 δόξαν
1681 980 1845 1034 Θεοῦ’
1860 982 1955 1050 οὑχ
1971 982 2048 1033 ὅτι
2060 981 2240 1051 φωνὴν
2269 984 2350 1033 αἱ-

792 1070 989 1142 σθητὴν
1022 1072 1211 1139 ἁφίασι
1245 1074 1362 1137 ταῖς
1395 1074 1585 1136 ἀκοαῖς
1614 1072 1789 1152 ἡμῶν,
1825 1073 1937 1126 ἀλλ’
1961 1075 2041 1126 ὅτι
2072 1076 2099 1127 ὁ
2122 1078 2230 1136 τοῖς
2261 1073 2347 1125 λό-

787 1182 901 1231 γοις
924 1165 1020 1233 τῆς
1049 1164 1140 1218 τοῦ
1173 1166 1379 1237 κόσμου
1407 1166 1715 1229 συστάσεως
1740 1168 2233 1237 ἐγγυμνασάμενος,
2257 1168 2350 1219 ita).

786 1258 1055 1327 γνωρίσας
1075 1259 1327 1311 ἁπάντων
1349 1258 1454 1311 τῶν
1477 1262 1596 1314 κατ’
1631 1261 1852 1330 οὐρανὸν
1877 1262 1974 1331 τὴν
2005 1261 2239 1314 διάθεσιν
2264 1261 2349 1315 διὰ

786 1347 986 1400 τούτων
1019 1350 1178 1402 οἱονεὶ
1204 1351 1387 1421 φωνὴν
1411 1351 1698 1420 ἀφιέντων,
1734 1351 1792 1404 τὸ
1828 1352 2109 1422 μεγαλεῖον
2138 1353 2231 1422 τῆς
2260 1352 2345 1403 δό-

787 1439 881 1509 ξης
932 1441 1023 1493 τοῦ
1075 1443 1430 1511 πεποιηκότος
1481 1444 1674 1506 αὐτοὺς
1729 1442 2121 1513 διδαχθήσεται.
2161 1462 2178 1495 t
2222 1444 2347 1497 Cteli

785 1543 1031 1585 cnarrant
1090 1533 1307 1601 gloriam
1356 1533 1450 1588 Dei
1502 1535 1516 1564 ί
1568 1551 1581 1586 :
1633 1554 1651 1586 ο
1701 1551 1801 1587 non
1866 1538 2003 1603 quod
2065 1536 2132 1587 ad
2196 1552 2346 1589 aures

786 1630 990 1674 nostras
1030 1624 1261 1675 emittam
1310 1640 1477 1677 vocem
1512 1624 1827 1687 sensibilem,
1871 1626 1960 1677 sed
1998 1626 2129 1690 quod
2170 1625 2259 1693 qui
2293 1627 2347 1677 in

779 1712 848 1764 iis
878 1712 1191 1766 meditandis
1226 1713 1532 1776 rationibus,
1574 1715 1757 1781 quibus
1783 1715 2092 1768 constitutus
2121 1715 2345 1768 mundus

781 1815 878 1869 est,
933 1806 1246 1857 exercitatus
1292 1804 1469 1872 fuerit,
1531 1818 1577 1858 et
1624 1822 1714 1869 per
1756 1807 1905 1859 caelos
1960 1807 2108 1876 quasi
2176 1823 2345 1861 vocem

778 1898 1005 1959 edentes,
1039 1898 1316 1950 ctelestium
1362 1899 1596 1951 omnium
1644 1914 1810 1951 rerum
1851 1900 2237 1966 dispositionem
2282 1917 2344 1954 ac

778 1998 1019 2042 ornatum
1064 1990 1375 2058 cognoverit,
1420 1989 1654 2043 addiscat
1689 1990 2124 2060 magniﬁcentiam
2167 1991 2345 2062 gloria’

777 2079 909 2146 ejus,
933 2083 1021 2150 qui
1053 2081 1281 2134 condidit
1316 2082 1487 2133 etrlos.

847 2211 912 2265 ν.
946 2210 1175 2264 Maxima
1214 2208 1373 2262 etiam
1416 2217 1495 2262 est
1526 2208 1817 2263 similitudo
1866 2210 2005 2263 inter
2029 2224 2089 2263 ea
2132 2224 2250 2278 qua:
2280 2209 2344 2265 de

770 2304 973 2374 jejunio
1005 2303 1251 2372 leguntur
1280 2300 1332 2355 in
1357 2303 1742 2356 commentario
1766 2310 1817 2356 et
1843 2302 1894 2356 iu
1921 2312 2146 2370 utraque
2176 2302 2343 2357 homi-

777 2396 844 2447 lia
888 2394 937 2447 in
967 2387 1230 2463 jejunium
1268 2393 1449 2461 :quod
1472 2392 1687 2460 quidem
1725 2391 2151 2445 testimoniorum
2178 2407 2341 2462 appo-

774 2486 968 2541 sitioue
1003 2484 1337 2555 probandum
1372 2484 1601 2536 videtur.
1642 2480 1731 2536 Sic
1762 2483 1920 2552 igitur
1954 2494 2340 2541 commentator

775 2598 828 2634 ιι.
860 2580 951 2641 ⁸51,
976 2595 1026 2647 p.
1059 2578 1164 2632 405
1206 2594 1220 2628 :
1266 2576 1449 2646 Itaque
1475 2593 1505 2628 α
1529 2575 1734 2645 jejunio
1772 2577 1907 2646 quod
1941 2577 1993 2629 in
2020 2579 2217 2631 occulto
2242 2586 2337 2644 est,

772 2674 1055 2729 cavendum
1083 2671 1228 2725 nobis
1261 2679 1356 2733 est,
1384 2670 1522 2738 quod
1541 2669 1688 2736 justo
1708 2668 1910 2734 judicio
1939 2669 2135 2719 dicitur
2166 2686 2196 2720 a
2235 2668 2338 2719 Do-

770 2770 909 2822 mino
944 2766 1063 2820 odio
1092 2764 1293 2827 haberi,
1339 2764 1475 2831 quod
1516 2772 1560 2814 et
1604 2763 1855 2829 propheta
1904 2761 2224 2827 deprecatur,
2259 2760 2339 2811 di-

772 2873 933 2911 cens:
970 2875 988 2908 ι
1029 2856 1149 2909 Non
1174 2853 1441 2920 interﬁciet
1478 2853 1614 2920 {ante
1650 2852 1902 2907 Dominus
1937 2854 2141 2907 animas
2162 2853 2336 2921 justo-

772 2966 887 3003 rum
926 2951 966 3002 ’.
1002 2967 1020 3000 ι
1052 2945 1321 3016 Siquidem
1381 2959 1483 2996 non
1520 2944 1583 2995 de
1630 2945 1888 3009 corporali
1924 2945 2061 3011 fame
2107 2946 2336 3013 loquitur

770 3040 991 3112 (alioqui
1023 3039 1238 3093 dixisset
1263 3052 1479 3106 corpora
1496 3035 1807 3104 justorum),
1841 3036 1928 3088 sed
1951 3036 2013 3088 de
2036 3035 2335 3088 animarum

768 3135 965 3188 inedia.
1009 3152 1026 3182 ι
1076 3130 1198 3184 Νοη
1241 3129 1379 3181 enim
1416 3127 1685 3194 interﬁciet
1726 3128 1865 3194 [ante
1914 3127 2117 3181 animas
2162 3126 2334 3197 justo-

770 3242 884 3280 rum
917 3242 935 3289 ;
966 3244 983 3277 ι
1020 3222 1249 3290 alioquin
1280 3220 1373 3274 hoc
1408 3231 1557 3286 pacto
1603 3221 1657 3272 in
1700 3220 1965 3270 beatorum
2004 3220 2104 3272 vita
2144 3218 2331 3285 futura

767 3331 895 3373 esset
942 3318 1303 3377 contrarietas,
1334 3312 1754 3383 quandoquidem
1791 3310 1994 3364 Paulus
2052 3313 2104 3365 in
2145 3312 2225 3365 his
2270 3314 2333 3365 de

768 3412 951 3480 quibus
982 3409 1243 3479 gloriatur
1284 3406 1335 3457 id
1376 3414 1641 3459 enumerat
1674 3421 1690 3456 :
1728 3423 1745 3455 ι
1787 3403 1847 3457 1η
1864 3404 2080 3473 jejuniis
2120 3422 2272 3472 sirpe,
2310 3425 2326 3455 ι

771 3505 891 3555 item
918 3500 1049 3553 illud
1082 3512 1099 3549 .‘
1131 3518 1148 3550 ο
1187 3497 1253 3550 In
1305 3498 1444 3566 [ante
1488 3506 1533 3547 et
1585 3495 1669 3547 siti
1700 3495 1735 3544 ³.
1789 3513 1805 3544 ι
1851 3491 2065 3546 Famem
2100 3504 2269 3546 autent
2300 3512 2331 3547 tt

760 3596 923 3662 justis
961 3593 1284 3659 deprecatur.
1330 3585 1517 3641 Verum
1544 3585 1748 3655 singula
1788 3589 1896 3638 hare
1934 3595 2145 3653 pra'stat
2174 3584 2331 3649 juxta

766 3682 1119 3737 sublimiorem
1150 3679 1335 3732 inedia:
1359 3676 1752 3744 intelligentiam
1786 3675 2137 3742 interpretari.
2174 3673 2330 3741 Ejus-

766 3774 907 3826 modi
932 3780 1004 3824 est
1039 3780 1088 3823 et
1113 3768 1245 3821 illud
1276 3782 1294 3820 :
1336 3787 1354 3818 ι
1390 3766 1509 3820 Non
1548 3766 1650 3819 vidi
1674 3765 1867 3831 iustum
1889 3764 2209 3826 derelictum,
2241 3780 2330 3815 nec

764 3881 938 3915 semen
981 3861 1091 3929 ejus
1141 3874 1376 3927 qutcrens
1418 3872 1603 3925 partem
1674 3896 1685 3907 .
1735 3874 1753 3904 ι
1797 3852 2127 3906 Meminimus
2176 3850 2328 3902 etiam

768 3954 921 4015 Elite,
953 3954 1100 4021 quia
1131 3950 1381 4005 Sidonide
1413 3950 1590 4014 petivit
1629 3964 1811 4014 panem
1867 3946 1887 3977 ⁵
1933 3965 1944 3998 :
1982 3946 2105 4012 quin
2159 3955 2202 3995 et
2251 3960 2328 3995 sc-

764 4064 879 4101 nien
910 4044 1096 4097 Jacobi
1121 4046 1173 4097 in
1199 4041 1427 4113 rEgypto
1455 4058 1614 4109 panes
1647 4038 1923 4107 qutcrebat.
1954 4037 2103 4101 Quod
2136 4038 2179 4086 si
2202 4035 2327 4086 tita-

768 4142 988 4191 verimus
1045 4135 1304 4207 abjectam
1351 4144 1397 4188 et
1455 4131 1701 4185 humilem
1761 4127 2173 4195 intelligentiam,
2214 4127 2327 4193 jam

763 4240 1023 4285 evanescet
1068 4246 1129 4283 ea
1176 4243 1293 4297 qua:
1341 4229 1392 4279 in
1423 4226 1689 4281 uerborum
1738 4220 2077 4295 repugnantia
2118 4219 2217 4269 sila
2254 4229 2327 4269 est

764 4322 978 4388 ineptia.
1020 4319 1298 4388 Ejusmodi
1332 4319 1495 4387 igitur
1529 4318 1730 4385 jejunia
1769 4317 2083 4384 jejuuubant
2127 4306 2324 4373 luda’i,

762 4416 901 4483 fame
949 4425 1217 4469 euecantes
1262 4414 1556 4467 interiorem
1588 4426 1738 4463 suum
1775 4410 2050 4474 hominem,
2082 4404 2220 4477 quod
2259 4404 2326 4455 ad

762 4507 897 4569 ipsos
938 4504 1245 4570 pervenisset
1270 4503 1605 4556 comminatio
1635 4500 1746 4562 illa,
1778 4515 1893 4570 qua’
1923 4500 2048 4552 dicit
2077 4515 2094 4552 :
2130 4517 2147 4549 t
2191 4490 2326 4548 Ecce

2158 494 2659 550 PROLEGOMENA
2671 537 2685 550 .

2455 626 2585 669 stum
2611 615 2930 684 derelictum,
2968 636 3057 673 nec
3095 636 3265 675 semen
3307 622 3420 692 ejus
3447 639 3681 693 quarens
3711 644 3899 698 partem
3920 628 3964 683 ⁸.
3993 651 4014 683 ο

2458 705 2569 761 Nec
2597 708 2733 761 enim
2763 709 2995 778 loquitur
3020 711 3084 765 de
3102 712 3325 780 panibus
3360 716 3712 783 sensibilibus,
3744 718 3835 789 qui
3860 736 4018 775 nove-

2456 808 2534 850 rat
2564 798 2701 865 ﬁlios
2748 802 3057 868 patriarcha:
3088 804 3251 856 nostri
3283 803 3447 857 .lacob
3476 823 3671 875 panum
3722 826 3881 865 causa
3926 813 4016 868 de.

2453 891 2710 945 scendisse
2742 893 2797 945 in
2826 892 3156 963 Egyptum,
3204 897 3294 949 sed
3346 897 3410 951 de
3459 899 3725 966 spirituali
3778 901 4019 970 loquitur

2453 980 2721 1043 alimonia,
2778 999 2879 1051 qua
2936 984 3155 1036 interior
3200 996 3372 1040 noster
3426 986 3578 1040 homo
3614 988 3903 1055 perﬁcitur.
3935 988 4020 1041 Ne

2455 1074 2627 1126 veniat
2654 1075 2811 1126 etiam
2845 1075 2901 1126 in
2928 1090 3021 1128 nos
3038 1076 3306 1143 jejunium
3331 1077 3468 1145 quod
3498 1076 3637 1131 Deus
3663 1080 4020 1133 comminatur

2452 1165 2654 1219 Judteis
2682 1182 2701 1219 :
2748 1184 2766 1214 ι
2810 1164 2943 1220 Ecce
2995 1168 3129 1220 enim
3162 1168 3273 1221 dies
3304 1169 3533 1233 veniunt,
3562 1170 3689 1223 dicit
3734 1171 4015 1239 Dominus,

2454 1268 2499 1309 et
2528 1258 2771 1311 inducam
2816 1259 2870 1311 in
2894 1270 3086 1312 terram
3130 1261 3261 1311 hanc
3293 1262 3505 1328 famem,
3541 1278 3641 1315 non
3666 1262 3858 1332 famem
3912 1282 4015 1330 pa-

2454 1348 2553 1413 nis,
2579 1364 2740 1417 neque
2777 1351 2915 1402 sitim
2951 1366 3120 1419 aqute,
3166 1352 3255 1405 sed
3293 1352 3486 1421 famem
3524 1353 3767 1406 audiendi
3802 1356 4015 1410 verbum

2454 1438 2745 1493 Domini“:
2783 1458 2799 1491 ο
2828 1456 2983 1508 quam
3024 1440 3139 1494 ideo
3170 1441 3382 1494 immisit
3416 1441 3593 1510 justus
3624 1442 3814 1509 judex,
3870 1445 4014 1511 quod

2451 1530 2756 1595 perspiceret
2804 1544 2981 1583 eorum
3015 1540 3231 1583 mentem
3280 1546 3517 1584 verorum
3561 1531 3868 1600 dogmatum
3910 1534 4016 1586 ine-

2450 1618 2538 1670 dia
2564 1658 2578 1682 ,
2630 1619 2769 1686 fame
2808 1620 2986 1673 necari
3023 1635 3041 1671 :
3076 1630 3257 1672 contra
3309 1636 3424 1673 vero
3453 1660 3468 1684 ,
3518 1632 3787 1675 externum
3830 1638 4013 1675 eorum

2448 1710 2709 1762 hominem
2784 1727 2943 1779 supra
3012 1712 3223 1765 modum
3288 1712 3620 1782 pinguescere
3688 1725 3735 1768 et
3798 1716 4013 1770 obesum

2448 1801 2585 1868 ﬁeri.

2376 1928 2417 1982 Β
2516 1919 2699 1991 Pergit
2744 1926 3131 1973 conunentator
3160 1934 3173 1971 :
3208 1917 3656 1983 Quemadmodum
3681 1922 3817 1974 enim
3840 1922 3895 1974 in
3927 1922 3997 1975 li-

2448 2012 2552 2064 bra:
2580 2022 2857 2073 momento,
2889 2008 3097 2078 quando
3119 2008 3247 2062 lanx
3270 2009 3436 2063 altera
3459 2010 3698 2064 deorsum
3724 2012 3913 2079 vergit,
3945 2029 4009 2066 ea

2445 2118 2560 2172 qua:
2594 2103 2713 2154 huic
2764 2101 2976 2155 obuersa
3033 2110 3148 2167 est,
3206 2100 3469 2154 attollitur
3498 2117 3516 2153 :
3544 2104 3660 2169 pari
3710 2103 3916 2156 ratione
3952 2105 4011 2156 in

2444 2193 2648 2246 homine
2680 2192 2735 2246 id
2767 2194 2934 2261 ipsum
2981 2192 3098 2261 ﬁeri
3131 2194 3297 2261 quivis
3340 2195 3607 2247 advertere
3632 2204 3819 2262 potest.
3870 2194 4006 2249 Cum

2442 2284 2576 2336 enim
2599 2285 2879 2352 pinguescit
2908 2300 3051 2347 caro,
3080 2284 3332 2353 contingit
3358 2294 3573 2339 mentem
3596 2286 3711 2353 fieri
3738 2288 4003 2355 quodam-

2442 2374 2594 2427 modo
2620 2374 2959 2442 infirmiorem
2989 2391 3006 2427 :
3032 2376 3302 2428 extenuari
3349 2392 3464 2429 vero
3498 2392 3849 2443 sccpenumero
3885 2395 4008 2432 car-

2444 2482 2580 2528 nem,
2627 2466 2749 2518 dum
2785 2482 2927 2521 mens
2962 2471 3148 2519 iterum
3176 2468 3306 2521 bona
3341 2468 3643 2523 habitudine
3678 2472 3896 2539 gaudet.
3929 2470 4000 2524 Et

2442 2558 2493 2609 id
2546 2557 2715 2624 ipsum
2769 2568 2841 2609 est
2895 2558 3032 2627 quod
3074 2558 3146 2611 ait
3176 2559 3451 2627 Apostolus
3486 2561 3529 2591 ¹⁰
3560 2599 3576 2623 ,
3620 2562 3757 2630 quod
3792 2578 4007 2633 «quan-

2442 2660 2549 2699 tum
2580 2649 2935 2713 corrumpitur
2972 2652 3201 2703 exterior
3232 2652 3383 2704 homo
3413 2690 3428 2715 ,
3486 2662 3684 2705 tantum
3715 2668 4000 2709 renovatur

2440 2736 2695 2799 interior;
2722 2755 2739 2787 ι
2768 2737 2899 2816 item.
2912 2738 3043 2791 illud
3066 2754 3084 2791 :
3113 2756 3132 2789 ι
3155 2738 3649 2810 Quandainﬁrmor,
3677 2754 3797 2798 tunc
3820 2756 4003 2813 potens

2437 2845 2549 2881 sum
2589 2830 2653 2883 ".
2679 2848 2698 2882 ι
2751 2827 2892 2884 Nam
2920 2831 3218 2901 fuliginosa:
3246 2833 3486 2902 quaedam
3530 2836 3888 2890 exhalationes
3931 2854 4003 2891 ex

2438 2920 2644 2986 copioso
2685 2930 2731 2973 et
2761 2921 2943 2989 pingui
2979 2921 3228 2977 alimento
3260 2925 3484 2988 emissae,
3527 2926 3703 2978 densa:
3734 2927 3889 2981 nubis
3916 2929 3998 2983 in-

2436 3020 2552 3065 star
2582 3012 2813 3075 infusam
2842 3014 3031 3069 anima:
3062 3030 3094 3067 a
3128 3012 3329 3082 Spiritu
3359 3025 3540 3069 sancto
3585 3014 4000 3074 illustrationem

2435 3102 2790 3174 intercipiunt.

2507 3214 2679 3269 Simili
2711 3231 2931 3284 prorsus
2954 3217 3243 3282 sententia,
3274 3216 3399 3273 licet
3429 3234 3533 3274 non
3569 3222 3756 3275 iisdem
3808 3223 3992 3278 verbis

2434 3306 2661 3361 Basilius
2690 3308 2874 3361 homil.
2901 3311 2926 3362 1
2958 3311 3011 3363 in
3038 3309 3243 3377 Jejun.,
3271 3325 3390 3381 pag.
3415 3310 3447 3365 8
3483 3331 3495 3367 :
3524 3312 3605 3366 An
3627 3314 3833 3382 ignoras
3856 3317 3997 3382 quod

2434 3400 2642 3466 perinde
2673 3410 2825 3469 atque
2851 3402 2903 3455 in
2927 3402 3037 3455 acie
3082 3404 3199 3457 hinc
3234 3415 3384 3475 atque
3430 3408 3550 3459 hinc
3593 3407 3870 3469 instructa.
3904 3412 3999 3477 qui

2434 3490 2585 3543 alteri
2614 3492 2750 3558 parti
2780 3492 2883 3560 fert
2926 3498 3186 3563 suppetias
3212 3537 3226 3561 ,
3259 3499 3379 3565 facit
3423 3510 3474 3551 ut
3503 3503 3670 3553 altera
3715 3502 3942 3554 vincatis.-
3975 3518 3997 3557 ξ

2435 3582 2506 3633 ita
2540 3582 2627 3651 qui
2651 3584 2799 3635 carni
2833 3600 2940 3637 sese
2972 3585 3233 3655 adjungit,
3254 3600 3510 3657 expugnat
3542 3591 3804 3657 spiritum,
3835 3605 3882 3647 et
3906 3596 3995 3662 qui

2432 3674 2501 3725 ad
2548 3675 2784 3742 spiritum
2818 3678 3027 3741 transit,
3083 3695 3293 3733 carnem
3337 3681 3389 3733 in
3420 3683 3711 3735 servitutem
3750 3687 3940 3755 redigit
3972 3688 3998 3740 .9

2435 3764 2561 3819 ch
2590 3767 2725 3819 enim
2752 3768 2851 3821 sibi
2884 3769 3097 3823 invicem
3127 3774 3488 3826 adversantur.
3522 3770 3754 3828 Proinde
3779 3777 3826 3829 si
3847 3780 3995 3845 cupis

2430 3866 2651 3909 mentem
2681 3858 2893 3911 reddere
2923 3859 3172 3923 validam,
3208 3864 3294 3929 [ac
3321 3880 3527 3915 carnem
3557 3865 3734 3918 domes
3750 3866 3990 3934 jejunio.

2435 3946 2548 4002 [Ioc
2576 3949 2711 4002 enim
2746 3960 2820 4002 est
2869 3953 3007 4019 quod
3060 3951 3133 4004 ait
3166 3951 3475 4020 Apostolus,
3506 3957 3643 4025 quod
3679 3974 3697 4006 ι
3735 3971 3991 4025 quantum

2430 4051 2669 4093 externus
2702 4043 2853 4095 homo
2880 4043 3253 4112 corrumpitur,
3283 4055 3483 4097 tantum
3512 4048 3741 4101 internus
3772 4065 3990 4100 reuom-

2431 4143 2547 4193 tur;
2602 4150 2620 4181 ι
2681 4132 2800 4183 item
2842 4130 2973 4183 illud
3009 4147 3028 4186 :
3074 4150 3091 4182 ι
3148 4131 3276 4184 Cum
3322 4134 3581 4199 iu/irmor,
3632 4148 3753 4187 tunc
3807 4149 3992 4201 potens

2430 4238 2563 4273 sum.
2609 4241 2627 4273 ι
2666 4222 2943 4276 Postrema
2971 4224 3407 4277 commentatoris
3439 4226 3690 4291 periodus
3718 4230 3990 4297 reperitur

2432 4310 2483 4363 in
2534 4311 2717 4366 eadem
2750 4312 2983 4367 homilite
3028 4313 3221 4382 pagina
3249 4352 3264 4377 ,
3312 4314 3552 4382 pluribus
3589 4316 3708 4373 aliis
3756 4318 3981 4386 inter-je-

2428 4405 2547 4459 etis.

2503 4517 2607 4571 Sed
2648 4529 2753 4572 tum
2790 4520 3023 4575 maxime
3052 4521 3281 4577 Basilius
3316 4523 3645 4593 agnoscitur,
3681 4536 3802 4575 cum
3832 4537 3985 4579 corn-

762 4595 869 4647 dies
901 4596 1129 4657 veniunt,
1197 4593 1321 4645 dicit
1354 4592 1603 4645 Dominus
1626 4590 1668 4655 ',
1694 4600 1741 4643 et
1782 4589 2025 4643 inducam
2052 4604 2204 4655 super
2228 4598 2323 4641 ter-
2353 4612 2398 4670 Ι)

2376 4612 2398 4669 >
2428 4620 2683 4683 parantur
2735 4626 2853 4664 cum
2903 4611 3043 4666 illius
3075 4614 3126 4667 in
3159 4614 3402 4669 ebriosos
3453 4612 3667 4667 homilia
3694 4652 3709 4675 ,
3744 4628 3865 4682 quae
3924 4616 3981 4670 iu

760 4701 870 4736 ram
912 4686 1049 4737 hanc
1088 4684 1275 4750 fantem
1318 4698 1337 4735 :
1380 4698 1480 4735 non
1518 4682 1707 4747 famem
1759 4682 1929 4749 panis,
1983 4695 2141 4749 neque
2178 4681 2316 4733 sitim

760 4792 940 4843 aqua';
981 4774 1071 4828 sed
1097 4773 1284 4835 [autem
1314 4772 1564 4826 audiendi
1604 4772 1807 4825 verbum
1839 4771 2067 4824 Domini.
2098 4788 2115 4819 ι
2140 4769 2319 4837 Itaque

749 4867 955 4936 jejunio
991 4867 1158 4920 odisse
1197 4881 1250 4917 se
1281 4865 1406 4916 dicit
1438 4864 1710 4927 Dontinus,
1746 4880 1942 4924 eorum,
1967 4863 2054 4930 qui
2085 4864 2315 4914 animum

756 4975 909 5012 suum
970 4959 1248 5024 conﬁciunt
1294 4957 1500 5025 quidem
1553 4957 1667 5009 tabe
1721 4970 1828 5020 pra:
1889 4954 2198 5006 salutarium
2255 4967 2315 5003 ac

757 5049 1129 5119 viviﬁcantium
1180 5050 1605 5103 documentorum
1652 5049 1824 5100 inedia
1893 5060 1911 5099 :
1964 5046 2051 5098 sed
2103 5045 2315 5111 pingue-

753 5144 955 5211 faciunt
986 5150 1175 5210 prieter
1197 5142 1403 5192 modum
1436 5139 1775 5205 saginantque
1811 5140 2113 5191 exteriorem
2148 5135 2313 5186 homi-

756 5254 889 5288 nem.

827 5359 1052 5410 Basilius
1094 5359 1142 5409 iu
1174 5353 1356 5409 itmuil.
1396 5354 1429 5404 ἓ
1478 5356 1531 5407 in
1588 5351 1767 5419 Jejun.
1800 5366 1854 5401 ιι.
1886 5352 1953 5401 8:
1992 5348 2191 5400 Rursus
2245 5347 2306 5398 ub

753 5452 956 5502 interno
993 5450 1173 5501 mentis
1206 5446 1409 5515 jejunio
1456 5461 1749 5507 caveamus,
1778 5442 1914 5511 quod
1962 5450 2008 5493 ct
2060 5438 2304 5506 prOpheta

753 5545 1076 5607 deprecatur,
1114 5542 1191 5591 his
1219 5540 1381 5592 verbis
1418 5552 1435 5589 .'
1464 5554 1480 5585 ι
1525 5534 1643 5586 Non
1668 5536 1865 5588 occidet
1895 5532 2147 5586 Dominus
2171 5530 2308 5597 [ante

754 5633 956 5686 animus
992 5633 1250 5700 justorum
1285 5632 1324 5683 ⁷.
1374 5650 1390 5680 ι
1431 5631 1500 5680 Ac
1543 5643 1720 5680 rursus
1769 5642 1783 5677 ξ
1826 5646 1843 5677 t
1895 5624 2011 5678 Non
2076 5624 2177 5677 vidi
2219 5624 2309 5691 ju-

1372 5864 1388 5890 ⁹
1434 5863 1583 5913 Ιίἰιγ.
1616 5879 1667 5921 x,
1695 5862 1725 5913 5
1849 5862 1866 5889 ³
1909 5860 1943 5910 ii
1978 5860 2099 5911 (Zur.
2128 5873 2199 5915 xu.
2234 5856 2323 5908 9.7.

1520 5937 1536 5960 ’³
1564 5932 1699 5983 l’sul.
1732 5929 2025 5989 sumitis.

826 5865 841 5895 λ
870 5862 1005 5915 l’sal.
1038 5879 1186 5921 xxiii.
1220 5861 1272 5913 2.

751 5949 871 5989 uti.
904 5934 983 5986 Η.
1062 5934 1080 5964 ⁷
1119 5932 1275 5987 Ριύν.
1310 5948 1362 5989 rt.
1390 5933 1439 5985 5.

2106 5934 2124 5959 ι’
2156 5929 2317 5979 Amos
2342 5938 2453 5985 \‘lll,
2495 5922 2574 5975 il.

2425 4702 2815 4759 commentario
2871 4700 3121 4773 leguntur
3194 4703 3259 4757 de
3310 4705 3573 4759 ebrietate
3631 4703 3704 4774 (p.
3760 4707 3866 4762 488
3931 4717 3988 4761 et

2427 4808 2559 4864 seqq
2592 4794 2629 4859 ).
2662 4791 2927 4847 Nonnulla
2959 4803 3015 4849 et
3040 4794 3217 4849 verbis
3248 4805 3300 4849 et
3330 4794 3611 4850 sententiis
3635 4798 3829 4852 similia
3857 4810 3985 4853 sunt

2428 4889 2477 4941 in
2511 4889 2902 4943 commentario
2931 4897 2984 4941 et
3021 4888 3071 4941 iu
3102 4888 3352 4951 humilia;
3402 4886 3495 4940 sed
3526 4903 3644 4959 quae
3676 4892 3875 4945 absunt
3916 4892 3984 4943 ab

2424 4979 2640 5032 homilia
2699 4996 2802 5033 non
2862 4980 3039 5036 minus
3095 4980 3347 5051 praeclara
3384 4990 3540 5046 sunt,
3576 5000 3735 5055 quam
3767 4998 3887 5053 qua:
3930 4987 3982 5040 in

2424 5079 2649 5139 utroque
2680 5072 3045 5140 reperiuntur,
3079 5074 3149 5125 ita
3188 5082 3241 5123 ut
3295 5071 3450 5128 facile
3494 5086 3675 5143 pateat
3729 5079 3980 5130 euuulem

2423 5158 2615 5227 ultique
2652 5160 2904 5215 Basilium
2934 5164 3225 5217 disserere.
3263 5159 3399 5228 Quin
3448 5167 3609 5218 etiam
3642 5164 3981 5220 verisituiili-

2420 5265 2562 5303 mum
2616 5260 2698 5305 est
2745 5250 2999 5306 Basilium
3060 5265 3126 5302 ex
3156 5255 3542 5307 commentario
3593 5256 3643 5306 in
3701 5255 3979 5312 liomiliam

2422 5343 2779 5411 transtulisse,
2809 5359 2926 5411 qua:
2964 5341 3377 5397 conveniebant.
3431 5344 3582 5409 Quod
3615 5345 3757 5397 enim
3799 5349 3876 5402 ait
3927 5352 3978 5404 in

2415 5436 2632 5489 homiiia
2686 5435 2763 5505 (p.
2799 5434 2921 5497 19.0,
2952 5450 3005 5490 n.
3056 5436 3108 5505 5)
3142 5455 3154 5491 :
3188 5434 3637 5503 Quemadmodum
3665 5453 3814 5506 cava,
3856 5445 3981 5495 dum

2418 5539 2668 5581 torrentes
2698 5528 2986 5594 con/luunt,
3009 5530 3157 5596 plena
3186 5532 3456 5591 videntur;
3501 5528 3589 5579 sed
3621 5531 3708 5583 ubi
3741 5537 3981 5587 exunda-

2420 5619 2488 5671 tio
2513 5618 2782 5688 prccteriit,
2808 5620 2943 5672 sicca
2972 5624 3222 5690 aridaque
3257 5618 3512 5687 relinqui;
3552 5620 3625 5673 ita
3656 5624 3979 5678 ebriosorum

2430 5853 2450 5881 ⁸
2492 5850 2630 5906 Psal.
2680 5867 2863 5911 xxxvi.
2897 5853 2985 5905 ‘25.
3084 5853 3102 5880 ⁸
3144 5847 3357 5914 llllteg.
3386 5865 3517 5914 xvn,
3548 5852 3634 5906 Η.
3757 5850 3777 5879 ⁸
3817 5854 3979 5907 Amos

2656 5925 2696 5954 ¹⁰
2728 5923 2765 5975 ll
2795 5924 2917 5977 Cor.
2954 5938 3024 5981 ιγ.
3060 5921 3138 5977 10.
3222 5922 3258 5950 ³⁸
3299 5920 3333 5973 ll
3360 5922 3481 5976 (lor.
3518 5937 3618 5976 xu.
3654 5921 3737 5974 lit.
