4212 6506
1548 421 1703 472 VITA
1743 420 1800 473 S.
1846 418 2111 474 BASlLll.

3241 436 3392 475 Cl.th

195 540 383 591 arrvns,
421 533 763 597 restagnante
787 528 923 593 vino,
953 529 1157 597 plenum
1182 533 1561 596 quodammodo
1604 551 1736 598 esse,
1767 537 1812 593 Α
1843 542 1951 585 tum
1984 548 2111 588 vero
2152 532 2431 601 precipuze
2480 530 2777 586 diﬂicultati
2821 532 3083 587 solvendae
3112 534 3397 600 plurimum

194 632 233 674 et
259 619 551 683 madidum,
580 619 673 673 sed
701 620 858 673 simul
889 633 943 675 ut
987 624 1258 691 paululum
1307 626 1525 696 efﬂuxit,
1552 630 1742 683 siccum

194 724 235 765 et
268 711 503 765 lienteria
538 726 721 778 expers
766 714 1005 783 relinqui,
1051 716 1101 770 id
1155 726 1279 785 apte
1324 720 1539 788 quidem
1594 731 1646 775 et
1691 722 1743 776 in

198 802 402 855 hounilia
425 810 481 857 et
506 801 561 856 in
586 804 969 859 commentario
990 805 1190 861 dictum
1222 818 1327 874 est,
1346 810 1437 865 sed
1465 810 1604 865 haud
1633 812 1745 865 scio

198 908 258 946 an
294 893 471 962 aptius
520 894 576 948 in
631 896 1059 962 commentario,
1108 899 1199 953 ubi
1251 901 1613 956 necessariam
1651 901 1747 955 ha-

201 985 285 1037 bet
333 982 645 1052 juncturam
694 1001 814 1042 cum
849 988 1268 1057 explanatione,
1322 1006 1481 1061 quam
1526 990 1748 1062 subjicit

199 1073 422 1129 Basilius
473 1075 556 1132 his
608 1078 879 1147 propheta
926 1079 1150 1135 verbis:
1190 1100 1209 1133 ι
1260 1080 1349 1136 Vw
1390 1083 1525 1139 iis...
1576 1100 1596 1136 ι
1658 1084 1747 1154 qui

199 1175 498 1237 exspectant
571 1184 889 1238 vesperam;
950 1173 1125 1226 vinum
1185 1174 1319 1225 enim
1381 1188 1468 1228 eos
1533 1176 1745 1229 combu-

201 1269 291 1311 ret.

270 1370 358 1428 VI.
404 1370 461 1426 In
521 1369 671 1425 Notis
717 1371 784 1425 ad
815 1386 932 1441 cap.
961 1372 994 1426 5
1030 1370 1148 1426 libri
1177 1370 1251 1425 De
1291 1371 1492 1441 Spiritu
1523 1383 1703 1427 sancto
1730 1412 1745 1438 ,

202 1464 285 1517 ubi
310 1463 542 1517 Basilius
573 1465 646 1517 ait
681 1465 756 1533 (p.
787 1462 841 1535 7)
868 1465 1102 1517 universa
1139 1479 1248 1517 sese
1301 1464 1369 1517 ad
1417 1462 1749 1535 Unigenitum

202 1562 514 1619 convertere,
544 1554 833 1608 invincibili
855 1565 1006 1625 atque
1037 1555 1309 1609 insedabili
1338 1557 1566 1626 quodam
1612 1558 1751 1611 desi-

201 1648 344 1699 derio
376 1654 431 1699 et
473 1661 667 1699 arcano
700 1646 889 1714 a/Iectu
926 1646 995 1699 ad
1046 1658 1312 1701 auctorem
1354 1658 1401 1701 et
1451 1648 1751 1718 largitorem

201 1739 310 1790 vita
337 1735 682 1803 respiciemia,
712 1736 1056 1805 apposuimus
1104 1737 1204 1793 hoc
1251 1739 1625 1793 commentarii
1677 1748 1751 1793 te-

199 1830 506 1883 stimonium
533 1846 546 1882 :
572 1826 879 1898 Unigenitus
907 1832 982 1898 (p.
1014 1828 1141 1899 477)
1171 1831 1337 1897 ipsum
1374 1832 1585 1894 bonum,
1611 1828 1749 1899 quod

200 1929 446 1987 appetunt
483 1920 683 1982 omnia,
709 1921 858 1991 cujus
892 1938 1040 1977 amor
1064 1922 1293 1975 naturali
1330 1932 1376 1976 et
1408 1922 1745 1977 inenarrabili

200 2013 349 2066 modo
380 2014 614 2067 omnium
675 2016 878 2069 ratione
932 2016 1182 2068 utentium
1220 2017 1406 2071 animis
1440 2015 1745 2072 instillatus.

199 2104 427 2175 Agnosci
466 2106 625 2159 etiam
676 2104 832 2160 facile
881 2104 1048 2173 possit
1076 2105 1306 2162 Basilius
1351 2107 1406 2162 in
1441 2108 1532 2163 illo
1564 2122 1751 2163 mona-

200 2195 314 2249 stici
363 2194 599 2249 instituti
650 2194 827 2248 studio
852 2234 866 2261 ,
906 2195 1047 2263 quod
1083 2211 1192 2265 prie
1231 2213 1289 2251 se
1323 2197 1428 2253 fert
1475 2214 1749 2254 commen-

202 2296 335 2339 tator
379 2284 456 2354 (p.
486 2283 633 2354 ιϐι),
686 2299 807 2341 cum
840 2286 1187 2344 vehementer
1234 2289 1507 2346 invehitur
1540 2292 1592 2347 in
1630 2291 1749 2347 illos

199 2374 372 2445 populi
424 2376 698 2446 principes
727 2417 743 2443 ,
781 2378 870 2449 qui
907 2378 1241 2437 voluntarios
1274 2396 1539 2451 pauperes
1562 2422 1579 2448 ,
1628 2397 1750 2437 cum

200 2470 383 2524 beatos
413 2469 712 2539 praedicare
736 2473 1012 2537 deberent,
1060 2473 1457 2528 calumniantur
1510 2489 1573 2529 ac
1621 2489 1753 2530 con-

200 2568 471 2616 temnunt.

265 2671 444 2729 Unum
472 2682 745 2745 superest,
780 2675 922 2746 quod
959 2675 1245 2747 diligenter
1281 2684 1522 2733 notatum
1552 2685 1605 2733 et
1633 2678 1752 2734 ani-

203 2767 539 2821 madversum
580 2767 760 2824 velim.
813 2766 1074 2822 Nimirum
1122 2768 1341 2825 Eusebii
1404 2771 1751 2838 testimonia,

200 2872 317 2927 qua:
351 2860 402 2911 in
467 2859 616 2912 hunc
663 2860 1105 2915 commentarium
1143 2862 1399 2918 translata
1433 2872 1576 2931 sunt,
1630 2865 1757 2921 toti-

203 2949 317 3003 dem
350 2948 533 3003 verbis
582 2958 800 3006 exstant
852 2952 991 3023 apud
1040 2954 1369 3021 Eusebium,
1406 2966 1460 3011 ul
1522 2957 1753 3028 perspici

201 3049 371 3110 potest
412 3040 466 3095 in
496 3039 814 3100 Praefatione
845 3046 1002 3116 primi
1039 3048 1162 3101 tomi
1195 3046 1427 3117 Operum
1461 3052 1627 3103 sancti
1655 3047 1754 3102 Ba-

204 3131 330 3189 silii.
359 3133 433 3188 At
457 3148 577 3204 quae
608 3136 663 3191 in
693 3137 797 3192 hoc
827 3141 1212 3195 commentario
1262 3140 1453 3195 similia
1484 3150 1610 3195 sunt
1638 3141 1756 3198 aliis

1847 628 2131 681 conducet.
2174 624 2343 691 Quam
2371 638 2475 678 non
2526 623 2798 679 faStidiret
2840 624 3067 680 Basilius
3102 626 3222 680 trita
3249 643 3279 680 a
3310 642 3401 682 ve-

1848 716 2052 772 teribus
2101 714 2369 785 vestigia.
2409 723 2656 769 testatum
2706 714 2926 784 reliquit
2975 715 3186 786 insigni.
3211 730 3402 771 monu-

1849 816 2050 873 mento,
2077 806 2423 863 Philocaliam
2454 807 2606 870 dico,
2651 807 2792 876 quod
2823 822 2926 860 una
2965 822 3084 861 cum
3138 806 3401 873 Gregorio

1846 899 2186 954 Nazianzeno
2214 899 2414 969 exegit.
2449 898 2711 953 Praeterea
2747 898 2900 954 aliter
2942 898 3289 967 judicandum
3324 904 3395 952 de

1846 990 2111 1061 ejusmodi
2138 990 2365 1060 scripto,
2400 1004 2463 1045 ac
2488 992 2555 1045 de
2576 989 2906 1045 orationibus
2928 1031 2942 1055 ,
2974 1005 3113 1059 quas
3133 1005 3254 1045 cum
3279 1004 3401 1060 pro-

1853 1080 2128 1135 nuntiaret
2164 1078 2393 1133 Basilius
2419 1118 2435 1144 ,
2469 1078 2770 1134 verisimile
2808 1093 2912 1132 non
2966 1088 3049 1133 est
3078 1094 3201 1132 eum
3237 1078 3400 1148 proli-

1849 1173 1933 1227 xis
1964 1168 2181 1225 Eusebii
2231 1167 2363 1224 locis
2418 1170 2737 1225 memoriam
2777 1183 3048 1225 onerasse.
3086 1169 3153 1223 At
3180 1172 3403 1225 minime

1850 1269 2161 1331 repugnat,
2190 1268 2248 1313 ut
2273 1274 2340 1314 ex
2389 1258 2655 1327 scriptore
2686 1259 3039 1314 celeberrimo
3084 1259 3405 1316 transferret

1851 1354 1904 1405 in
1940 1351 2383 1406 commentarium
2419 1364 2573 1405 suum
2598 1364 2719 1419 qua:
2740 1351 3030 1405 convenire
3060 1351 3377 1407 videbantur

1851 1443 2096 1513 Denique
2124 1451 2181 1497 ut
2232 1442 2476 1497 omittam
2532 1441 2647 1496 ﬁeri
2676 1442 2915 1511 potuisse
2939 1482 2955 1505 ,
3008 1452 3065 1499 ut
3104 1444 3305 1499 librarii
3337 1461 3401 1500 ex

1850 1532 2081 1589 Eusebio
2130 1532 2182 1587 in
2241 1532 2344 1587 hoc
2394 1546 2529 1601 opus
2557 1531 2739 1587 Basilii
2776 1533 3035 1587 nonnulla
3078 1545 3361 1589 assuerent
3388 1578 3401 1601 ,

1852 1624 2301 1694 quemadmodum
2326 1623 2443 1693 ejus
2464 1624 2805 1679 orationibus
2843 1638 2910 1679 ex
2956 1624 3140 1680 eodem
3172 1625 3403 1682 Eusebio

1851 1716 2104 1771 nonnulla
2154 1716 2538 1783 inseruerunt;
2572 1731 2695 1771 cum
2729 1716 2960 1772 Basilius
2987 1718 3089 1772 hoc
3108 1732 3244 1788 opus
3297 1735 3403 1774 non

1855 1806 2167 1871 absolverit,
2191 1806 2313 1874 quis
2344 1806 2446 1861 scit
2476 1821 2543 1861 an
2580 1807 2681 1860 tale
2704 1808 2951 1863 editurus
2990 1808 3201 1875 fuisset,
3247 1811 3407 1881 quale

1854 1916 1998 1954 nunc
2048 1898 2356 1954 habemus?
2398 1897 2586 1954 Nonne
2628 1902 2803 1968 potius
2835 1902 3128 1958 verisimile
3160 1914 3243 1960 est
3294 1905 3409 1959 haec

1855 1992 2162 2047 testimonia
2192 2006 2255 2045 ex
2311 1990 2563 2057 Eusebio,
2605 1992 2765 2047 veluti
2808 1994 3086 2049 materiam
3122 1995 3408 2065 quamdam

1856 2080 2136 2153 scriptoris
2180 2082 2384 2153 judicio
2417 2094 2604 2151 poetea
2655 2084 3025 2153 cspoliendam
3052 2094 3106 2141 et
3134 2086 3408 2143 illustran-

1857 2176 1999 2240 dum,
2024 2174 2191 2230 fuisse
2228 2184 2557 2244 comportata
2581 2174 2603 2227 ?

1931 2290 2070 2355 Quin
2116 2290 2274 2343 etiam
2306 2288 2557 2356 decerpta
2595 2303 2660 2343 ex
2695 2288 2885 2343 alienis
2918 2282 3179 2345 messibus
3204 2290 3321 2347 loca
3359 2292 3412 2347 id

1858 2380 2087 2435 aﬂ‘erunt
2111 2378 2395 2438 commodi.
2426 2387 2481 2433 ut
2504 2379 2659 2434 facile
2690 2380 3070 2451 intelligamus,
3114 2396 3211 2438 cur
3243 2384 3412 2456 stylus

1858 2468 2228 2526 commentarii
2254 2483 2356 2523 non
2395 2484 2609 2540 semper
2638 2469 2820 2526 Basilii
2847 2471 3021 2542 Magni
3052 2473 3412 2544 eloquentiam

1857 2561 2115 2619 redoleat.
2148 2559 2228 2615 Ex
2270 2561 2351 2616 his
2373 2561 2517 2614 enim
2543 2575 2662 2630 qua:
2690 2563 2898 2631 objecta
2929 2573 3074 2631 sunt,
3099 2565 3229 2619 nihil
3260 2565 3415 2621 video

1859 2653 2024 2723 quod,
2054 2666 2174 2706 cum
2198 2650 2373 2721 aliqua
2395 2649 2853 2705 verisimilitudine
2875 2649 3143 2717 obiectum
3164 2652 3255 2715 sit,
3275 2666 3413 2721 prae-

1862 2754 1945 2801 ter
2002 2746 2126 2815 styli
2179 2744 2613 2812 discrepantiam.
2671 2741 2775 2798 Sed
2843 2743 2929 2797 ille
2988 2742 3413 2799 verisimilitudi-

1862 2840 1946 2895 nis
1993 2837 2140 2894 color
2190 2836 2504 2901 evanescit,
2552 2836 2639 2891 ubi
2685 2836 3133 2892 animadvertitur
3195 2837 3249 2892 in
3315 2839 3418 2893 hoc

1860 2946 2034 2999 Opus,
2093 2930 2234 2997 quod
2287 2929 2522 2985 nraxima
2556 2942 2621 2982 ex
2670 2936 2821 2997 parte
2866 2928 3094 2981 nitorem
3134 2926 3419 2984 Basiliana:

1862 3020 2124 3076 orationis
2154 3019 2367 3086 retinet,
2401 3018 2625 3075 aliorum
2662 3020 2965 3074 testimonia
3003 3019 3275 3075 interdum
3330 3021 3416 3076 in-

1865 3114 1993 3170 texi.

205 3223 387 3281 Basilii
423 3226 557 3283 locis
579 3268 595 3293 ,
628 3227 909 3283 sententiis
955 3237 1164 3284 tantum
1202 3245 1307 3284 non
1339 3231 1518 3287 verbis
1561 3231 1755 3289 similia
1788 3232 1834 3293 C

1788 3232 1834 3293 Β
1934 3228 2157 3283 Frustra
2217 3226 2470 3294 objicitur
2505 3227 2950 3282 commentatoris
2983 3225 3049 3281 de
3086 3227 3419 3282 daemonibus

204 3328 327 3372 sunt
352 3358 369 3385 ,
402 3319 446 3373 si
474 3334 637 3372 unum
675 3326 768 3372 aut
796 3318 1032 3373 alterum
1071 3319 1243 3375 locum
1295 3321 1553 3392 excipias.
1608 3323 1758 3380 Unde

209 3409 307 3463 hoc
336 3408 656 3475 discrimen,
687 3410 790 3466 nisi
821 3411 945 3481 quia
978 3410 1210 3468 Basilius
1237 3413 1370 3470 alios
1393 3414 1459 3469 de
1492 3415 1754 3469 industria

208 3509 257 3554 et
284 3499 408 3555 data
439 3514 603 3571 opera
654 3501 1009 3571 imitabatur;
1055 3515 1111 3559 ut
1144 3513 1324 3558 autem
1360 3505 1591 3571 seipsum
1641 3503 1759 3557 imi-

209 3600 432 3657 taretur,
471 3595 605 3649 satis
630 3603 767 3660 erat,
796 3595 958 3649 veluti
986 3604 1181 3648 natura
1212 3596 1345 3647 duce
1368 3633 1384 3658 ,
1419 3593 1610 3648 insitas
1641 3596 1761 3649 ani-

211 3699 295 3739 mo
340 3686 645 3741 sententias
691 3698 745 3741 et
790 3684 1079 3755 Scriptura:
1136 3685 1517 3755 intelligentiae
1564 3688 1762 3758 sequi?

212 3775 321 3830 Non
349 3786 586 3846 estergo
616 3792 713 3832 cur
750 3791 1036 3833 vereamur
1084 3778 1227 3836 hunc
1276 3782 1719 3836 commentarium
1746 3821 1761 3847 ,

210 3876 265 3919 ut
289 3867 577 3937 genuinum
606 3868 790 3924 Basilii
843 3870 1042 3926 laboris
1075 3881 1475 3927 monumentum
1508 3912 1521 3935 ,
1586 3874 1760 3928 suscia-

214 3971 359 4026 pere.

281 4068 438 4141 Saepe
466 4068 701 4127 Basilius
753 4072 807 4128 in
842 4073 945 4128 hoc
977 4087 1137 4142 Opere
1180 4090 1343 4130 unum
1374 4090 1431 4132 se
1460 4090 1581 4131 esse
1628 4073 1766 4129 indi-

210 4170 295 4214 cat
322 4174 388 4214 ex
423 4162 729 4218 senioribus
752 4172 808 4218 et
839 4164 1170 4234 principibus
1205 4166 1383 4235 populi
1409 4166 1485 4237 (α)
1530 4184 1544 4222 :
1573 4180 1637 4222 ex
1661 4181 1766 4235 quo

210 4249 403 4304 saltem
432 4254 812 4322 presbyterum
839 4254 1005 4312 fuisse
1026 4257 1364 4326 perspicitur.
1397 4258 1658 4313 Altiorem
1688 4256 1769 4312 di-

212 4341 437 4413 gnitatis
485 4344 712 4412 gradum
751 4355 879 4401 tunc
928 4346 1231 4403 obtinuisse
1276 4361 1379 4401 non
1417 4348 1762 4412 crediderim,

216 4444 324 4488 tum
382 4434 553 4504 quia,
608 4448 729 4489 cum
780 4435 893 4491 haec
952 4438 1255 4504 scriberet,
1316 4439 1549 4493 nondum
1586 4449 1768 4509 aperte

214 4526 505 4592 prodibat,
562 4535 623 4581 ut
676 4541 838 4597 supra
899 4528 1175 4596 diximus,
1230 4530 1452 4585 haeresis
1505 4528 1770 4585 Pneuma-

224 4618 643 4683 tomachorum,
681 4634 799 4689 quae
830 4629 1008 4676 tamen
1055 4634 1194 4675 anno
1240 4622 1335 4676 37l
1386 4622 1619 4691 grassari
1662 4638 1773 4678 cte-

217 4710 295 4776 pil
318 4727 333 4776 ;
359 4717 471 4763 tum
501 4710 625 4777 quia
650 4710 939 4766 verisimile
969 4722 1051 4767 est
1082 4711 1287 4768 labores
1313 4716 1651 4783 episcopatus
1680 4716 1769 4770 ob-

1865 3322 2126 3373 sententia
2154 3319 2229 3387 (n.
2263 3317 2333 3371 25
2375 3327 2428 3371 et
2453 3317 2599 3387 2'56),
2647 3332 2779 3385 quos
2826 3316 3060 3371 victimis
3087 3316 3337 3372 delectari
3366 3327 3422 3372 et

1865 3409 2139 3463 nidoribus
2193 3406 2425 3476 gaudere
2472 3416 2525 3459 et
2581 3407 2647 3460 ali
2706 3422 2809 3460 non
2860 3406 3028 3460 semel
3082 3408 3415 3474 pronuntiat.

1866 3498 1995 3554 Hec
2048 3498 2292 3569 quidem,
2327 3496 2503 3567 inquit
2535 3505 2724 3551 auctor
2774 3494 3132 3559 Praefationis,
3163 3504 3421 3568 utcunque

1868 3592 2142 3647 toleranda
2199 3599 2368 3646 essent
2418 3590 2557 3659 apud
2609 3598 2826 3658 poetas,
2869 3598 2961 3643 aut
2996 3590 3133 3657 apud
3177 3591 3423 3660 jocosum

1868 3686 2171 3754 scriptorem
2210 3681 2497 3736 Lucianunt
2522 3697 2541 3735 :
2570 3691 2622 3734 at
2658 3683 2837 3735 eadem
2868 3683 2923 3735 in
2973 3680 3191 3733 Patrum
3226 3684 3426 3751 gravis-

1869 3780 1998 3831 simo
2020 3775 2220 3829 Basilio
2248 3774 2363 3844 quis
2395 3773 2525 3841 [erat
2549 3774 2574 3826 ?
2616 3772 2734 3827 Scio
2756 3774 2963 3841 quidem
3005 3772 3231 3826 caelestia
3281 3790 3428 3843 qum-

1870 3870 1991 3920 dant
2037 3880 2255 3932 corpora
2300 3863 2498 3935 angelis
2555 3880 2585 3916 a
2635 3863 2945 3931 quibusdant
2996 3861 3249 3917 Patribus
3279 3862 3427 3918 Grc-

1871 3961 1944 4013 cis
1983 3958 2142 4011 tribui
2172 3972 2190 4011 .'
2219 3956 2306 4010 sed
2354 3955 2529 4009 nullus
2556 3994 2569 4019 ,
2610 3957 2745 4022 quod
2783 3956 2979 4021 sciam,
3022 3955 3278 4025 ejusmodi
3324 3973 3427 4009 nu-

1872 4065 1964 4120 gas
2023 4062 2250 4118 unquam
2315 4046 2555 4116 garrivit.
2620 4046 2865 4099 Arbitror
2923 4057 3095 4099 autem
3171 4044 3429 4099 Basiliam

1874 4156 1905 4192 a
1974 4136 2133 4190 tantis
2204 4134 2562 4189 deliramentis
2632 4136 2855 4188 maxime
2924 4136 3151 4187 omnium
3227 4136 3428 4187 abhor-

1876 4233 2059 4285 ruisse.

1945 4347 2179 4401 Necesse
2207 4358 2309 4398 non
2342 4353 2425 4397 est
2455 4343 2665 4413 longam
2713 4342 2906 4396 seriem
2942 4340 3261 4410 scriptorum
3291 4341 3429 4393 idem

1878 4437 2225 4491 sentientium
2268 4433 2355 4487 hic
2410 4442 2610 4487 texere.
2645 4431 2789 4485 Satis
2821 4434 2923 4486 erit
2953 4447 3090 4485 unus
3130 4446 3193 4484 ex
3250 4432 3432 4485 multis

1877 4528 1943 4581 ad
1969 4526 2436 4582 demonstrandam
2488 4524 2647 4593 hujus
2688 4522 2875 4590 judicii
2930 4520 3261 4589 iniquitatem
3300 4519 3434 4575 Gre-

1877 4619 2060 4691 gorius
2090 4614 2466 4669 Nazianzenus
2497 4616 2572 4685 (p.
2611 4613 2756 4684 127),
2788 4612 2876 4682 qui
2910 4611 2962 4663 in
2992 4616 3238 4665 oratione
3260 4612 3293 4665 4
3325 4612 3433 4666 da-

1878 4727 2065 4767 mones
2098 4717 2253 4763 vocat
2280 4708 2497 4777 gulosos
2531 4718 2586 4761 et
2613 4704 3006 4769 fraudulentos,
3029 4712 3083 4757 et
3114 4704 3165 4757 in
3191 4705 3435 4758 oratione

215 4805 420 4860 :ttitisse
454 4845 470 4871 ,
528 4803 813 4871 quominus
860 4804 1093 4860 Basilius
1146 4808 1209 4861 ad
1285 4807 1593 4862 umbilicum
1646 4822 1781 4876 opus
1880 4803 1947 4857 l8
1973 4814 2261 4869 corporum
2292 4808 2347 4854 et
2370 4799 2703 4868 voluptatum
2734 4804 3005 4849 amatores
3041 4798 3116 4865 (p.
3149 4794 3316 4865 279);
3352 4811 3437 4851 eo-

217 4896 566 4963 perduceret.

287 5005 397 5062 Vll.
434 5009 553 5064 Non
576 5004 732 5063 valde
754 5004 990 5062 diﬂicilia
1033 5015 1157 5061 sunt
1184 5007 1250 5060 ad
1284 5008 1621 5074 solvendum,
1660 5024 1778 5078 quae

220 5101 377 5157 nobis
406 5101 765 5170 objiciuntur,
808 5101 892 5154 vel
929 5100 1110 5171 potius
1159 5101 1224 5153 ad
1254 5116 1436 5155 eorum
1462 5102 1723 5170 judicium
1758 5140 1772 5165 ,

219 5198 309 5266 qui
345 5196 449 5249 hoc
489 5208 625 5265 opus
650 5195 851 5250 Basilio
878 5197 1137 5259 tribuunt,
1162 5192 1588 5248 confirmandum
1613 5209 1778 5263 appo-

219 5288 319 5340 sita
346 5286 620 5341 videntur.
668 5284 818 5350 Quod
860 5286 1003 5340 enim
1054 5286 1324 5357 indignum
1372 5284 1569 5340 Basilio
1604 5285 1771 5340 fuisse

221 5377 418 5432 dicitur
449 5377 526 5447 (b)
550 5416 566 5441 ,
606 5388 820 5433 oratore
858 5378 1298 5446 praestantissimo
1320 5418 1336 5445 ,
1387 5384 1443 5429 ut
1468 5392 1531 5431 ex
1565 5376 1780 5432 Eusebii

223 5469 615 5524 commentario
671 5480 775 5523 tam
810 5469 973 5524 multa
1004 5471 1055 5525 in
1104 5484 1257 5524 suum
1292 5466 1607 5523 transferret
1642 5511 1654 5533 ,
1717 5468 1768 5523 id

219 5572 339 5612 cum
369 5572 468 5613 sua
526 5571 717 5627 sponte
753 5558 1003 5613 Basiliam
1053 5576 1157 5614 non
1188 5559 1395 5614 videtur
1423 5560 1732 5613 dedecuisse
1761 5577 1773 5620 ;

293 5800 371 5873 (ι)
399 5797 533 5871 Pag.
564 5798 687 5865 sn,
722 5797 845 5865 tis,
879 5799 1000 5866 H9,
1034 5798 1157 5864 tae,
1188 5797 1307 5864 l65,
1338 5796 1456 5862 tot,
1485 5796 1605 5853 509.

1883 4908 2107 4961 rumque
2156 4893 2460 4947 mercedem
2500 4904 2619 4945 esse
2650 4888 2896 4943 victimas
2931 4897 2983 4941 et
3015 4887 3263 4941 libamina
3317 4902 3438 4955 pro-

1884 4984 2115 5049 nuntiat,
2156 4998 2220 5038 ac
2243 4999 2340 5053 per
2374 4981 2689 5051 sanguinem
2723 4990 2778 5034 et
2804 4979 3045 5035 nidorem
3076 4994 3196 5033 cum
3222 4978 3301 5033 eis
3325 4978 3438 5031 alii-

1882 5077 2102 5129 nitatem
2134 5074 2399 5130 contrahi.

1947 5186 2098 5242 inter
2148 5202 2209 5241 ea
2237 5200 2354 5254 qua:
2385 5194 2443 5239 ut
2474 5185 2675 5240 Basilio
2698 5184 2913 5253 indigna
2950 5182 3274 5254 colliguntur
3299 5183 3442 5238 Praet-

1885 5280 1981 5334 fat.
2022 5296 2170 5334 nutu.
2202 5277 2270 5333 56
2298 5319 2314 5346 ,
2350 5278 2489 5332 forte
2522 5278 2743 5344 alicujus
2769 5276 3023 5329 momenti
3062 5276 3229 5330 videri
3277 5277 3442 5345 possit

1884 5373 2025 5440 quod
2054 5373 2127 5425 ait
2158 5379 2552 5426 commentator
2581 5369 2649 5425 de
2670 5366 2988 5436 intelligibili
3021 5368 3253 5436 quadam
3286 5383 3444 5421 cruce

1886 5464 1948 5517 ad
1973 5473 2206 5533 quatuor
2243 5460 2423 5515 mundi
2448 5470 2628 5529 partes
2656 5460 2980 5531 pertinente.
3018 5458 3124 5514 Sed
3152 5460 3203 5512 id
3251 5459 3430 5511 absur-

1886 5555 2010 5607 dum
2042 5554 2203 5608 videri
2230 5568 2332 5607 non
2363 5553 2553 5617 debet;
2583 5554 2661 5607 vel
2694 5556 2867 5621 potius
2891 5552 3212 5606 eruditionis
3246 5550 3303 5605 S.
3337 5548 3408 5602 Ba

1961 5792 2031 5861 (ὁ)
2064 5790 2213 5847 Tum.
2260 5789 2274 5841 1
2310 5788 2487 5854 l‘raf.,
2514 5804 2564 5857 ιτ.
2591 5789 2675 5842 M.
