4212 6488
758 442 891 486 (11.κί

2118 409 2623 466 PROLEGOMENA

761 548 865 599 sdii
919 540 1169 595 indicium
1230 549 1346 605 est,
1404 540 1494 609 qui
1532 538 1758 592 similem
1829 534 2150 590 sententiam
2181 535 2317 603 apud
2347 543 2391 595 Λ
2419 534 2606 589 eodem
2660 528 2744 583 die
2796 525 3111 587 Dominico,
3145 524 3235 593 qui
3279 522 3481 593 jejunis
3527 523 3593 578 ad
3642 521 3974 578 recordatio-

767 644 1053 703 martyrem
1088 630 1361 685 Justinum
1415 630 1625 684 viderat
1655 645 1759 684 non
1794 627 1953 698 longe
1999 643 2029 681 a
2060 626 2165 679 line
2204 642 2317 679 ma-

764 725 894 787 ioris
953 722 1246 791 ApoIOgiar.
1316 719 1510 774 Notum
1584 722 1684 776 hoc
1747 735 1883 789 Opus
1938 734 2038 772 non
2108 718 2209 771 fuit
2258 717 2315 772 S.

763 817 1091 886 Hieronymo
1150 828 1166 865 :
1228 827 1401 881 neque
1474 811 1629 879 hujus
1698 811 1776 865 rei
1855 816 2083 864 obscura
2157 823 2316 862 causa

763 916 884 971 est,
939 921 1063 960 cum
1109 895 1401 958 verisimile
1457 904 1528 957 sit
1580 902 1648 956 ab
1708 904 1825 973 ipso
1877 901 2076 955 Basilio
2116 901 2318 954 editum

764 1004 816 1055 in
849 1001 1021 1053 lucem
1058 1012 1160 1051 non
1194 996 1378 1052 fuisse.
1406 996 1654 1051 Cilautur
1699 995 1776 1066 (a)
1831 993 2069 1048 nonnulli
2108 993 2319 1047 codices

769 1108 898 1145 mss.
934 1092 984 1143 in
1013 1090 1204 1157 quibus
1251 1087 1625 1143 commentarii
1663 1088 1716 1139 in
1752 1086 1953 1139 Isaiam
2009 1099 2038 1137 a
2087 1084 2323 1153 quodam

764 1187 1081 1251 presbytero
1114 1180 1313 1250 vulgati
1358 1180 1610 1233 dicuntur
1656 1186 1776 1247 post
1829 1185 2054 1231 mortem
2112 1174 2169 1229 S.
2216 1174 2317 1227 Ba-

762 1276 887 1330 silii.

1310 1363 1536 1421 CAPUT
1584 1363 1765 1419 XLI“.

760 1458 800 1512 l.
838 1458 911 1511 De
968 1456 1196 1510 homiliis
1242 1458 1456 1509 secundi
1506 1458 1651 1509 tomi.
1697 1454 1928 1507 Homilia
1970 1453 2194 1507 secunda
2253 1453 2316 1505 de

829 1526 1023 1595 jejunio
1064 1545 1166 1578 non
1209 1526 1493 1594 auferenda
1548 1525 1766 1577 Basilio.
1798 1523 1859 1576 ll.
1894 1524 1969 1577 De
1999 1523 2223 1575 Itomiliis
2262 1524 2312 1583 3,

830 1600 885 1660 4,
922 1598 972 1649 5.
998 1596 1085 1651 ιιι.
1129 1598 1200 1649 De
1240 1597 1471 1647 homiliis
1500 1598 1551 1649 6.
1584 1596 1635 1654 7,
1667 1597 1718 1655 8,
1754 1595 1784 1646 9
1809 1635 1822 1657 ,
1864 1609 2079 1659 quarum
2121 1604 2315 1655 tempus

828 1670 1187 1720 examinatur.
1236 1666 1321 1718 IV.
1353 1664 1431 1718 De
1476 1664 1701 1718 homiliis
1744 1663 1925 1716 {0-20.
1973 1662 2033 1714 γ.
2082 1660 2316 1715 Homitia

831 1738 891 1790 2|
955 1739 1009 1788 iu
1038 1737 1334 1799 episcopatu
1375 1737 1586 1800 scripta.
1644 1734 1718 1785 De
1755 1734 1917 1787 tribus
1956 1732 2073 1785 aliis
2125 1734 2317 1784 oratio-

830 1810 1002 1860 nibus.
1057 1805 1127 1857 De
1180 1802 1410 1856 homiliis
1473 1805 1772 1867 deperditis.
1817 1801 1904 1855 Vl.
1964 1802 2034 1852 De
2085 1801 2313 1853 homiliis

2426 639 2549 678 nem
2605 619 2895 675 salutifera:
2945 617 3210 688 passionis
3246 615 3588 687 perducentia
3624 616 3974 670 antecedebat

2422 715 2496 785 (p.
2527 713 2638 784 te).

2491 802 2676 858 Mirari
2710 801 2843 856 satis
2869 815 2971 853 non
2994 813 3207 869 possum
3232 795 3495 865 quomodo
3514 793 3712 849 Basilio
3736 796 3972 849 secunda

2421 895 2592 950 oratio
2643 894 2709 948 de
2751 891 2956 961 jejunio
3006 889 3303 960 abjudicari
3361 886 3610 955 potuerit.
3662 884 3974 940 Levissima:

2421 984 2718 1041 afferuntur
2749 996 2963 1036 causze:
3000 978 3270 1033 Posterior
3313 976 3485 1031 oratio
3532 982 3584 1029 et
3626 974 3889 1043 elegantia
3916 982 3972 1027 et

2420 1077 2572 1145 c0pia
2602 1074 2770 1128 multo
2816 1070 3135 1138 inferiorlg)
3168 1087 3183 1123 :
3211 1067 3372 1121 multa
3422 1066 3475 1120 in
3522 1065 3754 1119 secunda
3787 1064 3974 1134 legun-

2424 1176 2531 1233 tur,
2575 1180 2800 1235 quorum
2837 1163 2940 1216 alia
2975 1176 3039 1215 ex
3076 1161 3243 1229 prima
3287 1167 3528 1226 sumpta,
3565 1157 3668 1209 alia
3694 1171 3760 1209 ex
3784 1158 3973 1211 eadem

2419 1270 2672 1324 expressa
2704 1295 2718 1319 ,
2767 1253 2905 1322 quod
2962 1266 3151 1320 parum
3198 1249 3387 1303 decere
3428 1249 3638 1302 videtur
3668 1246 3973 1315 copiosissi-

2418 1362 2563 1402 mum
2607 1348 2782 1400 virum
2815 1345 3091 1399 Basilium.
3136 1340 3436 1396 Secundam
3472 1341 3769 1395 orationem
3801 1339 3969 1393 multo

2418 1436 2725 1490 inferiorem
2751 1436 2931 1505 priore
2960 1448 3079 1489 esse
3097 1432 3355 1500 elegantia
3385 1441 3439 1485 et
3460 1433 3609 1501 copia
3634 1447 3731 1485 nec
3754 1445 3974 1501 possum

2418 1526 2734 1593 concedere,
2764 1543 2859 1582 nec
2892 1540 3244 1581 concessuros
3282 1524 3517 1577 arbitror
3557 1524 3863 1593 quicunque
3892 1531 3976 1576 at-

2420 1620 2621 1673 tentius
2656 1618 2901 1687 legerint.
2939 1616 3119 1671 Prima
3163 1616 3370 1685 longior
3416 1622 3540 1679 est,
3571 1630 3633 1669 ac
3683 1616 3974 1670 secundam

2419 1712 2520 1766 bac
2551 1725 2653 1765 una
2703 1723 2760 1762 re
2790 1719 3025 1776 superat.
3076 1707 3227 1773 Quod
3276 1714 3487 1775 spectat
3532 1705 3597 1757 ad
3628 1705 3847 1761 alteram
3887 1720 3977 1759 ra-

2421 1802 2735 1867 tiunculam,
2789 1799 2917 1867 quid
2953 1799 3146 1852 mirum
3195 1799 3259 1863 si,
3293 1814 3412 1852 cum
3442 1796 3667 1850 Basilius
3687 1797 3872 1851 eadem
3905 1799 3977 1852 de

833 1879 887 1929 δ”
960 1875 1292 1957 αρρεηὲίίεῗῖη
1329 1873 1574 1957 ,τθῙίῗῗίῗ³’
1626 1872 2320 1957 “1%”me“fixpfquﬂ‘ff’f
2350 1879 2390 1931 Β
2422 1908 2480 1948 re
2509 1894 2701 1947 iterum
2736 1891 2971 1945 disserat
3011 1904 3074 1943 ac
3117 1892 3300 1943 eadem
3340 1890 3462 1943 vitia
3488 1888 3735 1957 castiget,
3772 1889 3973 1941 eaedem

830 1938 1099 2013 perperam
1128 1946 1181 1995 in
1212 1945 1292 1996 his
1322 1938 1548 2013 honiiliis
1586 1944 1920 2013 vitupei'ata._
1940 1938 2318 2013 Vll._De_»libris

831 2008 887 2067 in
917 2008 1255 2077 Eunomium,
1288 2011 1522 2065 Ascetico
1547 2028 1606 2063 ac
1638 2012 1837 2062 duobus
1861 2009 2009 2061 libris
2038 2010 2100 2061 de
2133 2008 2318 2076 Bapti-

829 2102 962 2138 81710.

830 2175 873 2231 l.
927 2174 1082 2229 hunc
1132 2173 1369 2228 breviter
1424 2172 1579 2228 nobis
1626 2171 1970 2225 recensendas
2027 2177 2152 2223 sunt
2204 2168 2321 2221 alia:

763 2269 936 2322 sancti
986 2265 1171 2319 Basilii
1204 2264 1455 2330 homiliae,
1489 2278 1719 2333 quarum
1747 2263 1935 2332 viginti
1978 2270 2207 2331 quatuor
2265 2262 2317 2313 in

764 2369 913 2412 tomo
948 2357 1186 2411 secundo
1219 2356 1574 2425 disponuntur
1608 2355 1793 2409 eodem
1822 2354 2010 2408 ordine
2032 2369 2095 2408 ac
2125 2354 2175 2408 in
2200 2352 2319 2407 aliis

760 2448 1112 2511 editionibus,
1134 2455 1257 2501 octo
1292 2447 1410 2500 alia:
1439 2447 1490 2499 in
1520 2445 1883 2515 Appendicem
1928 2445 2139 2514 rejectae
2169 2455 2313 2500 sunt.

762 2541 965 2607 Agmeu
994 2538 1196 2593 ducunt
1244 2538 1361 2591 dua:
1407 2537 1473 2591 de
1509 2535 1717 2606 jejunio
1757 2536 1989 2590 homilite
2024 2538 2075 2590 in
2127 2536 2319 2604 quibus

764 2632 995 2685 Basilius
1028 2648 1134 2687 non
1185 2631 1238 2685 id
1275 2630 1449 2684 solum
1480 2629 1746 2693 hortatur,
1787 2638 1843 2681 ut
1896 2628 2093 2681 indicta
2130 2629 2195 2680 ab
2221 2626 2319 2680 Ec-

765 2724 928 2776 clesia
968 2722 1172 2792 jejunia
1216 2721 1588 2783 observentur,
1620 2728 1673 2772 et
1700 2734 1764 2773 ea
1794 2718 2018 2783 ratione,
2047 2733 2164 2786 qua:
2211 2718 2319 2772 Deo

760 2814 979 2884 placere
1045 2812 1248 2881 possit,
1316 2811 1672 2866 observentur
1724 2810 1820 2879 (ὸ),
1890 2810 1983 2864 sed
2034 2811 2192 2863 etiam
2261 2818 2319 2863 ut

760 2920 830 2960 ne
888 2904 1105 2975 crapula
1158 2902 1493 2957 instantibus
1530 2901 1751 2971 jejuniis
1815 2900 2174 2971 praeminatur
2222 2899 2313 2971 (e).

762 2993 903 3060 Quin
946 2994 1109 3047 etiam
1166 2992 1361 3046 fatetur
1390 3005 1497 3044 non
1534 3000 1737 3044 tantum
1790 2991 1889 3045 sibi
1941 2989 2138 3045 laboris
2172 2990 2319 3044 insu-

761 3082 1015 3135 mendum
1054 3095 1195 3146 esse,
1244 3088 1302 3133 ut
1354 3081 1417 3134 ad
1446 3078 1707 3148 jejunium
1738 3080 2000 3144 hortetur,
2056 3095 2214 3148 quant
2263 3090 2320 3133 ut

765 3174 1097 3233 dehortetur,
1133 3188 1194 3225 ne
1245 3172 1360 3240 quis
1386 3170 1561 3230 hodie,
1606 3170 1778 3237 inquit
1810 3169 1909 3239 (ά),
1968 3171 2026 3223 in
2056 3171 2317 3223 ebrietatis

2419 1984 2700 2038 sententiae
2731 1982 2781 2036 in
2810 1992 3036 2048 utraque
3065 1980 3309 2032 oratione
3341 1979 3607 2032 interdum
3642 1986 3931 2031 occurrunt
3954 1978 3979 2029 ?

2421 2073 2524 2129 Sed
2560 2084 2737 2128 tamen
2761 2082 2909 2127 tanta
2939 2086 3057 2126 cum
3085 2072 3342 2124 varietate
3369 2078 3701 2138 repetuntur,
3732 2078 3789 2121 ut
3819 2068 3968 2121 novi-

2420 2166 2545 2220 tatis
2583 2165 2753 2234 gratia
2803 2179 2906 2217 non
2956 2172 3176 2218 careant
3211 2177 3225 2215 :
3263 2163 3401 2229 quod
3436 2160 3649 2228 quidem
3679 2157 3849 2212 sancti
3877 2155 3980 2209 Ba-

2421 2256 2525 2311 silii
2578 2257 2879 2310 ubertatem
2910 2254 3116 2308 dicendi
3156 2254 3393 2307 maxime
3424 2254 3776 2306 demonstrat.
3830 2249 3981 2305 Peno

2419 2348 2706 2402 omiseram
2732 2386 2747 2409 ,
2804 2355 2860 2399 ut
2897 2360 3008 2399 rem
3061 2344 3259 2398 nullius
3293 2343 3567 2405 momenti,
3605 2341 3750 2411 quod
3781 2339 3977 2409 objici-

2420 2449 2526 2504 tur,
2576 2438 2780 2493 duabus
2807 2436 2989 2491 Basilii
3036 2436 3101 2489 de
3127 2434 3419 2503 gratiarum
3452 2434 3667 2488 actione
3694 2432 3979 2487 concioni-

2418 2533 2517 2586 bus
2570 2541 2772 2585 tantam
2826 2529 3005 2582 inesse
3048 2525 3409 2585 varietatem,
3440 2533 3495 2577 ut
3531 2541 3595 2578 ex
3647 2525 3712 2578 iis
3751 2540 3868 2592 qua:
3918 2524 3973 2576 in

2419 2618 2599 2685 priore
2632 2617 2773 2670 dicta
2805 2614 3038 2679 fuerant,
3087 2610 3220 2666 nihil
3266 2612 3317 2664 in
3350 2612 3645 2680 posteriore
3677 2622 3973 2681 repetatur.

2419 2707 2757 2761 Manifestum
2788 2717 2869 2760 est
2903 2721 3000 2761 sua
3043 2714 3234 2776 sponte
3261 2705 3574 2759 discrimen.
3612 2703 3844 2756 Sanctus
3875 2704 3977 2755 Ba-

2419 2798 2572 2854 silius
2604 2800 2653 2852 in
2701 2799 2932 2852 secunda
2967 2798 3308 2867 prosequitur
3342 2811 3460 2865 quae
3494 2794 3664 2864 pridie
3698 2794 3979 2847 dis:erue-

2420 2900 2523 2946 rat.
2580 2893 2650 2946 At
2682 2890 2800 2945 dua:
2830 2890 2895 2945 de
2941 2888 3144 2957 jejunio
3182 2889 3452 2943 orationes
3485 2903 3587 2941 non
3620 2887 3805 2940 eodem
3836 2901 3982 2939 anno

2423 2984 2803 3055 pronuntiata.
2845 2982 3051 3037 Citatur
3081 2982 3195 3035 haec
3234 2981 3466 3035 secunda
3498 2978 3669 3033 oratio
3718 2994 3746 3031 a
3787 2990 3979 3032 sancto

2421 3072 2627 3127 Joanne
2655 3074 3012 3132 Damasceno,
3053 3070 3304 3121 Simeone
3354 3067 3647 3136 Logotheta
3675 3076 3729 3121 et
3773 3069 3978 3139 Euthy-

2424 3164 2553 3216 mio.
2585 3160 2819 3213 Basilius
2853 3158 3119 3227 promittit
3149 3158 3224 3226 (p.
3271 3155 3356 3225 16)
3385 3170 3451 3207 ex
3499 3170 3645 3209 more
3671 3172 3769 3210 suo
3807 3168 3983 3210 matu-

764 3264 907 3317 mala
939 3263 1158 3319 incidat,
1185 3262 1318 3314 Nam
1342 3277 1371 3314 a
1395 3261 1599 3330 jejunio
1626 3261 1870 3315 violando
1901 3260 2181 3331 plerosque
2200 3275 2321 3315 con-
2345 3247 2388 3304 C
2424 3252 2590 3307 tinam
2623 3259 2678 3306 et
2719 3249 3077 3319 vespertinam
3112 3246 3423 3300 concionem
3475 3246 3823 3311 sequentibus
3874 3245 3987 3299 die-

768 3355 998 3409 suetudo
1034 3364 1087 3409 et
1115 3354 1283 3421 pudor
1314 3354 1677 3409 deterrebant.
1709 3353 1859 3407 Nulla
1892 3354 2032 3408 enim
2073 3364 2188 3407 erat
2232 3355 2315 3407 in-

763 3447 878 3502 sula
915 3453 992 3515 (ιι.
1015 3447 1092 3516 2),
1127 3445 1268 3499 nulla
1310 3446 1591 3500 continens
1628 3456 1789 3510 terra,
1830 3460 1931 3498 non
1969 3446 2176 3509 civitas,
2212 3460 2315 3500 non

761 3554 892 3607 guns
920 3537 1041 3597 ulla,
1070 3552 1171 3589 non
1189 3546 1462 3592 extremus
1486 3537 1665 3591 mundi
1698 3536 1940 3605 angulus,
1975 3536 2061 3591 ubi
2090 3553 2192 3590 non
2224 3551 2317 3590 au-

762 3632 965 3682 diretur
992 3626 1179 3694 jejuuii
1226 3628 1603 3699 promulgatio,
1641 3644 1800 3697 quam
1848 3640 1902 3683 et
1957 3633 2221 3683 exercitus
2263 3638 2320 3682 et

761 3721 1015 3785 viatores,
1034 3730 1083 3771 et
1104 3730 1282 3772 nauta:
1312 3728 1365 3771 et
1391 3719 1747 3787 negotiatores
1770 3733 1979 3771 summo
2006 3719 2197 3786 gaudio
2226 3732 2317 3770 ex-

762 3810 1051 3878 tipiebaut.
1088 3808 1239 3862 Unde
1267 3823 1367 3864 nec
1398 3808 1591 3864 divites
1644 3824 1741 3862 nec
1792 3822 2053 3877 pauperes
2098 3809 2163 3860 ab
2219 3808 2318 3862 hac

760 3903 946 3974 jejunii
987 3905 1101 3973 lege
1130 3903 1359 3957 eximios
1385 3902 1547 3956 habet
1571 3902 1798 3956 Basilius
1830 3919 1842 3954 :
1870 3900 2185 3954 mulieribus
2210 3912 2316 3954 tam

766 3996 1093 4050 coiiveniens
1146 4010 1208 4049 ac
1239 3997 1531 4048 secundum
1578 4002 1823 4047 naturam
1855 4008 1974 4049 esse
2007 4002 2186 4049 censet
2234 3992 2318 4061 je-

760 4085 992 4152 juuare,
1048 4099 1205 4151 quam
1257 4084 1524 4155 respirare
1565 4104 1575 4138 :
1620 4097 1814 4153 pueros
1845 4121 1860 4147 ,
1908 4084 2068 4138 veluti
2118 4085 2315 4138 virides

760 4176 1196 4246 plantas,jejunii
1232 4191 1369 4245 aqua
1397 4175 1702 4246 irrigandos
1737 4191 1750 4227 :
1779 4171 1998 4228 senibus
2024 4189 2086 4227 eo
2106 4174 2315 4227 facilius

756 4269 1017 4337 jejuniqu
1051 4282 1170 4321 esse
1196 4307 1211 4332 ,
1249 4284 1355 4336 quo
1395 4268 1665 4335 antiquior
1692 4283 1813 4322 cum
1850 4280 1915 4320 eo
1943 4264 2314 4329 familiaritas;

760 4357 1058 4411 viatoribus
1075 4359 1377 4425 expeditum
1402 4374 1520 4412 esse
1541 4358 1748 4411 itineris
1768 4358 2015 4411 comitem
2033 4355 2310 4425 jejunium.

762 4452 867 4506 Sed
899 4449 1225 4503 instantibus
1252 4447 1471 4518 jejuniis
1497 4452 1685 4517 praeire
1716 4448 1921 4504 solebat
1962 4449 2314 4504 immoderata

757 4544 966 4597 lmtitia.
1000 4541 1089 4596 Sic
1124 4542 1267 4596 enim
1315 4540 1555 4594 nonnulli
1591 4544 1728 4609 apud
1759 4556 1815 4595 se
1848 4542 2153 4611 cogitabant
2198 4539 2265 4610 (e)
2301 4558 2313 4592 :

762 4635 1027 4698 Quoniam
1079 4634 1223 4686 nobis
1269 4635 1494 4703 quinque
1526 4633 1725 4685 dierum
1762 4633 2028 4701 jejunium
2067 4634 2318 4686 indictum

760 4736 836 4778 est
868 4728 1062 4797 (neque
1092 4725 1234 4777 enim
1267 4726 1404 4792 apud
1433 4722 1653 4778 Graecos
1680 4722 1939 4791 jejunium
1997 4723 2048 4775 iu
2080 4723 2320 4789 Quadra-

760 4816 962 4884 gesimu
1016 4812 1253 4867 Sabbato
1288 4812 1644 4883 servabatur),
1688 4811 1842 4865 hodie
1890 4815 2121 4879 nosipsos
2158 4823 2321 4864 temu-

758 4907 921 4961 lentia
951 4906 1251 4959 obruamus.
1285 4902 1507 4955 Pravam
1540 4906 1676 4958 hanc
1706 4903 2165 4967 consuetudinem,
2203 4902 2309 4956 vel-

759 5004 835 5057 uti
870 5012 1146 5072 paternam
1188 5000 1557 5053 barreditatetn
1591 5000 1682 5068 (ι’),
1734 5000 2061 5061 retinebant,
2090 5009 2144 5051 et
2179 5000 2323 5053 velut

760 5097 855 5166 qui
918 5094 1261 5161 longinquam
1318 5091 1702 5160 profectionem
1754 5094 2055 5154 adornant,
2094 5092 2175 5144 die
2206 5091 2313 5145 Do-

759 5190 955 5243 iniuica
986 5189 1244 5241 adversus
1278 5186 1393 5239 illos
1431 5186 1666 5254 quinque
1702 5185 1884 5253 jejunii
1922 5185 2038 5239 dies
2067 5183 2190 5235 vino
2226 5185 2314 5235 in-

757 5276 1068 5345 tlulgcbant.
1105 5275 1251 5328 lianc
1299 5274 1618 5343 pravitatem
1659 5276 1885 5330 Basilius
1936 5274 2198 5329 acerrime
2238 5274 2319 5327 in-

756 5377 1018 5421 sectatur.
1048 5365 1288 5434 Utraque
1320 5367 1492 5421 oratio
1533 5366 1760 5423 diversis
1800 5370 1952 5421 annis
1992 5363 2194 5427 habita,
2228 5364 2317 5418 scd

830 5486 917 5524 "-l
955 5484 971 5535 l
1006 5482 1200 5537 Thess.
1236 5498 1288 5549 v,
1322 5482 1411 5536 26.

836 5622 911 5749 ἓα)
943 5620 1233 5689 Τἱιιιξιηοηι
1254 5632 1363 5673 ιιοι.
1398 5623 1486 5684 83,
1510 5623 1560 5673 in
1590 5621 1752 5673 Basil.

866 5691 912 5749 lt)
949 5688 1041 5738 0r.
1070 5688 1119 5737 1.

846 5688 912 5751 (lt)
949 5688 1041 5738 0r.
1070 5688 1119 5737 1.
1224 5688 1231 5689 ί

846 5756 912 5817 (c)
945 5756 1037 5805 0r.
1067 5756 1121 5813 εὶ,
1155 5771 1207 5805 n.
1240 5756 1421 5808 4017.

852 5820 927 5888 (ά)
954 5822 1108 5885 ιιιῖι,ι.,
1134 5838 1181 5872 n.
1209 5822 1262 5872 7.

2396 3494 2422 3525 ν

2423 3344 2557 3488 buli]:
2587 3431 2897 3487 Orationem
2929 3428 3137 3483 tertiam
3170 3426 3247 3495 (Ιι)
3283 3424 3466 3479 habuit
3499 3423 3728 3478 Basilius
3761 3424 3812 3476 in
3850 3423 3981 3477 illud

2423 3525 2737 3594 Scriptura},
2772 3520 2985 3573 Attende
3011 3519 3102 3571 tibi
3130 3517 3248 3585 ipsi,
3282 3516 3421 3578 quod
3458 3525 3612 3569 antea
3644 3516 3835 3567 lectum
3865 3514 3983 3566 fue-

2426 3626 2527 3669 rat.
2572 3615 2648 3668 Ex
2677 3612 2929 3668 brevibus
2963 3610 3065 3664 illis
3098 3610 3273 3663 verbis
3308 3609 3629 3663 uberrimam
3679 3615 3983 3675 praecepto-

2423 3723 2542 3761 rum
2572 3715 2808 3775 segetem
2839 3704 3054 3759 deducit
3081 3743 3095 3767 ,
3137 3716 3199 3757 ac
3226 3703 3575 3764 demonstrat,
3606 3702 3874 3769 quomodo
3911 3698 3985 3753 vi-

2423 3798 2695 3868 gilandum
2728 3796 2983 3849 adversus
3006 3809 3199 3863 pravas
3245 3793 3623 3862 cogitationes,
3652 3806 3713 3843 ac
3746 3790 3889 3843 ratio
3914 3791 3981 3841 ad

2424 3890 2592 3946 nostri
2623 3887 2921 3942 custodiam
2956 3885 3280 3947 adhibenda,
3312 3884 3580 3952 quomodo
3611 3898 3714 3937 non
3754 3884 3840 3945 iis,
3861 3897 3981 3951 quae

2424 3995 2608 4041 nostra
2661 3982 2917 4037 dicuntur
2967 3988 3019 4033 et
3066 3977 3209 4030 circa
3261 3990 3357 4029 nos
3387 3986 3531 4036 sunt,
3569 3978 3661 4030 sed
3691 3976 3984 4028 nobismet-

2423 4078 2553 4146 ipsis
2605 4074 2883 4130 attendere
2937 4070 3244 4125 debeamus.
3295 4066 3573 4131 Quomodo
3622 4081 3715 4118 sua
3752 4065 3982 4133 quisque

2422 4177 2642 4236 peccata
2678 4173 2735 4218 et
2782 4161 3101 4218 conditionis
3137 4171 3244 4213 suae
3297 4154 3468 4208 ollicia
3503 4154 3849 4210 considerare
3882 4154 3979 4207 de-

2422 4262 2565 4321 beat,
2592 4257 2857 4326 quomodo
2882 4254 2955 4308 uti
2989 4248 3342 4322 prmsentibus
3365 4256 3416 4302 et
3443 4248 3635 4301 futuris
3666 4246 3977 4315 providere,

2424 4365 2521 4403 nec
2549 4349 2601 4402 in
2650 4347 2823 4401 aliena
2859 4346 2986 4399 vitia
3015 4381 3030 4404 ,
3083 4340 3175 4393 sed
3210 4339 3259 4392 in
3291 4342 3636 4409 semetipsum
3676 4335 3976 4402 inquirere.

2424 4441 2696 4507 Quomodo
2750 4440 2829 4492 sui
2874 4434 3040 4503 ipsius
3086 4432 3315 4501 cognitio
3369 4432 3421 4486 id
3463 4429 3651 4483 aﬂ'erat
3684 4427 3975 4492 commodi,

2426 4544 2481 4586 ut
2508 4548 2606 4587 nec
2634 4528 2921 4583 elferamur
2948 4525 2998 4577 in
3026 4524 3316 4593 prosperis,
3348 4537 3449 4576 nec
3479 4521 3531 4572 in
3561 4516 3803 4571 adversis
3824 4516 3975 4571 fran-

2423 4641 2632 4693 gamur,
2664 4619 2756 4674 sed
2786 4633 2848 4670 ex
2888 4616 3077 4680 animae
3108 4632 3169 4669 ac
3198 4616 3365 4682 ipsius
3396 4610 3558 4664 etiam
3594 4610 3837 4679 corporis
3858 4625 3980 4664 con-

2425 4714 2752 4769 sideratione
2802 4709 2867 4762 ad
2920 4708 3126 4777 Opilicis
3179 4700 3681 4771 contemplationem
3726 4715 3980 4767 assurga-

2423 4826 2555 4864 mus.

2493 4903 2803 4968 Sequuntur
2844 4896 2960 4949 dum
3000 4894 3063 4948 de
3101 4889 3391 4962 gratiarum
3446 4888 3657 4942 actione
3682 4882 3976 4936 orationes.

2422 4995 2556 5051 Cum
2584 4988 2959 5056 explicandum
2983 4982 3308 5051 suscepisset
3345 4979 3572 5034 Basilius
3599 4975 3728 5029 illud
3777 4973 3927 5027 Pauli
3965 4990 3979 5027 :

2425 5088 2640 5152 Semper
2662 5080 2903 5148 gaudete,
2932 5074 3437 5130 sineintet'missioue
3467 5084 3631 5133 orate,
3655 5070 3707 5121 in
3738 5068 3981 5120 omnibus

2421 5178 2617 5247 gratias
2636 5174 2768 5241 agite
2788 5170 2897 5228 ¹²ο¹,
2925 5166 3240 5236 quaeeadem
3278 5166 3362 5219 die
3398 5164 3533 5218 lecta
3559 5160 3792 5223 fuerant,
3819 5173 3979 5209 unam

2426 5264 2725 5319 orationem
2759 5256 3045 5324 insumpsit
3074 5254 3125 5307 in
3151 5253 3215 5306 iis
3248 5252 3573 5314 refellendis,
3603 5250 3694 5319 qui
3726 5249 3841 5300 lieri
3877 5263 3982 5300 non

2426 5372 2578 5427 posse
2616 5351 3033 5411 contendebant,
3066 5358 3123 5399 ut
3146 5360 3355 5415 semper
3393 5346 3736 5413 gaudeamus.
3769 5338 3981 5395 Postri-

2493 5612 2560 5671 (ρ)
2589 5609 2744 5670 lbid.,
2779 5624 2831 5658 n.
2859 5608 2911 5657 4.

2504 5681 2569 5741 (fi
2606 5680 2758 5735 lliid.,
2796 5692 2846 5725 tt.
2881 5676 2931 5725 7.
3212 5736 3215 5739 ι

2501 5740 2571 5805 (i1)
2608 5744 2819 5795 Pt‘mlut.
2849 5753 2976 5792 lOm.
3014 5741 3073 5800 Η,
3106 5759 3156 5791 II-
3194 5740 3245 5791 ὁ.

2507 5812 2578 5873 μ.)
2607 5811 2757 5861 llom.
2792 5810 2843 5871 5,
2873 5811 2923 5868 ἰ,
2956 5811 3007 5860 Ξ).
