4212 6492
1546 426 1701 481 νιΤΑ
1746 425 1805 480 S.
1843 423 2105 478 BASILII.

3225 438 3421 480 εικιιιι

209 548 549 604 saltationem
585 563 724 618 genu
753 544 1034 605 ﬂectendo.
1063 550 1234 621 ltogat
1280 564 1372 605 eos
1400 552 1489 618 qui
1534 551 1767 605 lasciviae
1801 554 1841 606 Α
1871 548 1974 602 572
2009 547 2173 602 nmlta
2243 562 2345 601 nun
2384 549 2518 605 belle
2559 548 2672 604 ﬁeri
2704 548 2859 603 solita
2888 546 3172 604 emendare
3201 556 3425 602 conatus

210 642 493 711 participes
530 657 637 694 non
668 640 903 705 fuerunt,
938 649 996 695 ιιι
1038 643 1089 696 in
1117 644 1309 712 quibus
1346 644 1550 710 peccati
1592 644 1766 713 pmni-

213 737 425 791 tentiam
449 732 951 795 animadverterint,
974 746 1066 787 eos
1089 744 1337 805 tanquam
1356 734 1568 802 propria
1594 750 1762 789 mem-

213 830 302 881 bra
350 824 670 893 xgrotantia
706 825 956 889 foveant;
991 838 1124 892 quos
1159 835 1336 880 autem
1368 825 1601 878 viderint
1631 840 1756 896 per-

212 920 437 975 vicaces,
473 915 541 968 ab
573 928 758 969 eorum
787 916 1166 971 consuetudine
1190 915 1476 985 refugiant.

280 1006 337 1059 ln
371 1008 619 1060 oratione
670 1007 871 1061 decima
903 1009 1121 1076 quinta,
1167 1022 1283 1077 quae
1333 1008 1646 1065 inscribitur
1689 1010 1766 1064 De

211 1098 335 1165 ﬁde,
365 1096 585 1151 disserit
622 1095 851 1154 Basilius
886 1100 949 1153 de
976 1100 1150 1153 divina
1191 1108 1404 1165 natura,
1440 1112 1495 1157 et
1540 1104 1606 1158 de
1642 1103 1763 1157 Filii

213 1203 275 1241 ac
306 1186 543 1257 Spiritus
585 1191 756 1245 sancti
799 1189 1098 1244 divinitate.
1143 1189 1309 1245 Tanta
1347 1205 1501 1248 erant
1528 1194 1765 1249 Catholi—

212 1296 396 1333 corum
422 1280 544 1336 ﬁdei
579 1281 750 1335 studia
783 1280 859 1349 (p.
892 1281 1050 1349 151).
1098 1292 1155 1335 ιιι
1187 1281 1333 1336 auris
1376 1285 1552 1339 omnis
1582 1294 1762 1354 aperta

211 1384 354 1427 esset
381 1376 447 1428 ad
479 1371 797 1426 audiendam
834 1373 1175 1441 theologiam,
1201 1389 1297 1428 nec
1322 1376 1546 1431 ecclesia
1576 1376 1659 1431 his
1684 1391 1765 1431 re-

212 1465 312 1519 bus
341 1464 627 1519 audiendis
661 1465 965 1518 saliaretur.
993 1465 1046 1518 lu
1074 1468 1315 1534 sequenti
1345 1469 1562 1523 bomilia
1589 1468 1765 1538 expli-

211 1569 297 1611 cat
330 1556 541 1609 initium
581 1555 848 1627 Evangelii
880 1556 1173 1612 secundum
1194 1556 1479 1627 Joannem,
1506 1574 1677 1629 usque
1699 1561 1764 1613 ad

214 1652 324 1703 lia-c
373 1650 536 1704 verba
564 1691 577 1715 ,
629 1650 736 1705 Hoc
764 1660 878 1704 erat
922 1652 978 1703 in
1029 1650 1282 1720 principio
1330 1654 1470 1718 apud
1524 1651 1690 1705 Deum
1721 1651 1761 1705 ³.

213 1738 407 1796 Multos
438 1751 657 1796 noverat
708 1740 937 1796 Basilius
990 1755 1055 1795 ex
1104 1742 1454 1811 scriptoribus
1489 1741 1760 1807 ethnicis,

213 1846 349 1897 quos
378 1839 531 1886 tanta
555 1831 693 1885 initii
732 1829 952 1885 Joannis
1005 1831 1291 1884 admiratio
1333 1839 1570 1900 ceperat,
1616 1842 1676 1888 ut
1705 1833 1764 1889 il-

213 1920 297 1975 iud
324 1924 375 1975 in
402 1921 601 1989 scripta
641 1935 733 1975 sua
765 1921 1003 1975 inserere
1032 1936 1135 1975 non
1179 1921 1504 1977 dubitarent.

281 2014 352 2065 De
374 2013 620 2067 orati0ue
653 2012 855 2066 decima
886 2012 1136 2081 septima,
1166 2029 1283 2083 qua:
1313 2023 1393 2067 est
1432 2013 1482 2068 in
1529 2014 1588 2072 S.
1632 2014 1765 2070 Bar-

212 2102 347 2154 laam
412 2110 701 2172 martyrem
767 2101 973 2155 consuli
1028 2115 1249 2170 possunt
1313 2102 1563 2161 Prmfatio
1638 2104 1767 2160 torni

212 2193 429 2247 secundi
476 2200 581 2247 art.
637 2192 694 2257 2,
732 2201 785 2248 et
832 2194 980 2250 Nota:
1028 2197 1095 2249 ’74
1138 2206 1191 2251 et
1233 2198 1300 2253 75
1347 2198 1672 2254 Tillemontii
1715 2200 1769 2253 in

214 2285 645 2353 persecutionem
695 2286 1029 2343 Diocletiani.
1060 2287 1199 2342 Nihil
1230 2290 1371 2343 enim
1406 2288 1534 2343 mihi
1560 2290 1771 2344 videtur

214 2391 271 2429 ea
298 2377 361 2431 de
388 2392 448 2431 re
482 2378 648 2431 statui
683 2391 839 2447 posse
866 2377 1006 2445 quod
1049 2392 1154 2431 non
1190 2378 1430 2434 incurrat
1460 2379 1514 2434 in
1548 2394 1770 2450 magnas

213 2468 564 2524 diiiicultates.
613 2469 755 2523 Nihil
804 2468 1051 2523 disertius
1099 2478 1155 2524 et
1207 2470 1506 2543 elegantius
1558 2472 1769 2529 duabus

212 2561 559 2623 sequentibus
599 2559 781 2615 Basilii
827 2562 879 2616 in
933 2563 990 2617 S.
1040 2562 1293 2618 Gordium
1327 2572 1382 2617 et
1413 2566 1767 2633 quadraginta

214 2664 499 2721 martyres.
555 2649 613 2705 S.
661 2651 923 2708 Gordium
973 2654 1073 2707 sub
1118 2651 1332 2707 Licinio
1376 2668 1595 2723 passum
1651 2668 1772 2712 esse

214 2744 401 2799 merito
453 2743 647 2813 prohat
681 2740 1052 2799 Tillemontius
1093 2757 1160 2800 ex
1206 2743 1388 2801 Basilii
1434 2744 1632 2814 verbis,
1680 2746 1771 2817 qui

216 2844 377 2890 testes
424 2835 567 2891 illius
616 2838 861 2908 martyrii
915 2836 1089 2893 adhuc
1130 2849 1345 2893 exstare
1395 2839 1633 2893 declarat
1671 2840 1768 2912 (α).

214 2926 571 2983 Celeberrims
604 2939 686 2983 est
727 2930 785 2985 S.
816 2929 1005 2985 Basilii
1035 2932 1088 2985 in
1120 2930 1477 3000 quadraginta
1506 2940 1773 3001 martyres

215 3020 387 3073 oratio
429 3035 591 3087 quam
617 3030 670 3073 et
696 3019 1031 3075 Gaudentius
1059 3020 1134 3089 (ὁ)
1164 3029 1220 3074 et
1247 3017 1537 3089 Gregorius
1577 3019 1772 3091 Nysae-

217 3126 311 3164 nus
338 3111 410 3181 (c)
448 3110 689 3167 laudant.

1871 650 1969 693 est.
1998 637 2051 693 Id
2095 636 2226 691 satis
2253 640 2501 694 convenit
2526 641 2593 695 iis
2624 653 2761 711 quos
2794 637 3106 709 alloquitur.
3141 634 3272 690 Nam
3300 650 3423 691 cum

1869 744 1960 782 eos
2000 728 2305 783 vehementi
2351 730 2593 785 oratione
2637 742 2779 800 saepe
2824 728 3137 797 castigasset
3167 726 3242 793 (p.
3274 724 3422 792 565),

1869 824 2239 885 metueretque
2279 830 2348 872 ne
2393 816 2509 871 haec
2561 818 2770 876 dicendi
2828 815 3051 872 libertas
3097 816 3153 871 in
3211 815 3422 885 hospite

1868 910 2213 980 displiceret;
2247 919 2433 965 contra
2468 923 2628 978 quam
2663 911 2934 968 metuebat
2961 910 3157 974 evenit,
3188 924 3252 965 ac
3282 908 3420 962 lihe-

1868 1005 1982 1059 rior
2020 1004 2365 1076 reprehensio
2400 1004 2537 1059 illius
2588 1003 2833 1059 audiendi
2887 1002 3121 1060 studium
3160 999 3421 1057 accendit.

1871 1095 2051 1162 Quare
2091 1108 2149 1152 ut
2194 1112 2288 1152 eos
2334 1111 2364 1148 a
2420 1094 2615 1150 diaboli
2672 1092 2876 1161 laqueis
2919 1094 3132 1166 penitus
3174 1090 3420 1157 abducat,

1868 1188 2204 1243 demonstrat
2248 1188 2329 1243 eis
2375 1186 2543 1241 hostis
2585 1184 2837 1249 artiilcia,
2876 1199 2996 1253 qua:
3040 1185 3143 1241 hac
3193 1181 3426 1237 maxime

1869 1281 2077 1337 ratione
2101 1281 2257 1336 vitari
2287 1281 2461 1345 docet,
2487 1279 2531 1335 si
2561 1279 2698 1334 hanc
2726 1278 2892 1331 vitam
2917 1278 3055 1332 viam
3082 1291 3201 1333 esse
3232 1274 3425 1331 memi-

1870 1377 2127 1441 nerimus,
2176 1388 2275 1430 nec
2311 1373 2599 1444 quidquam
2652 1384 2793 1435 esse,
2845 1370 2987 1439 quod
3035 1382 3277 1425 nostrum
3318 1368 3420 1424 dici

1868 1467 2039 1534 possit
2070 1484 2083 1520 :
2116 1466 2210 1521 sed
2245 1466 2412 1520 solam
2456 1466 2691 1519 animam
2738 1472 2793 1519 et
2828 1474 3022 1530 corpus
3060 1472 3237 1515 nostra
3279 1476 3417 1517 esse.

1868 1557 1996 1611 inde
2028 1557 2091 1610 ad
2140 1566 2463 1625 praeceptum
2510 1557 2866 1626 eleemosynm
2912 1551 3285 1606 inculcandnm
3317 1551 3422 1605 fer-

1868 1656 1976 1712 tur,
2008 1646 2151 1718 quod
2194 1646 2406 1715 quidem
2437 1646 2656 1699 omnino
2688 1644 3054 1700 necessarium
3092 1655 3214 1696 esse
3249 1641 3420 1703 docet,

1866 1755 1968 1795 nec
2028 1739 2145 1796 sine
2199 1737 2383 1793 artemi
2458 1735 2597 1805 ignis
2665 1736 3008 1790 damnatione
3085 1730 3423 1804 pmicrmitti

1867 1846 2043 1901 posse.
2094 1832 2438 1887 Perorantem
2482 1827 2717 1885 nonnulli
2774 1827 3100 1881 admonuere
3137 1835 3196 1879 ut
3234 1826 3299 1880 de
3346 1824 3426 1879 io-

1871 1923 2063 1978 cendio
2096 1923 2345 1977 hesterno
2375 1920 2533 1975 verba
2568 1920 2790 1975 laceret.
2825 1917 2957 1973 Nam
2989 1915 3225 1973 incensis
3251 1916 3425 1984 priva-

1874 2023 2049 2069 torum
2084 2012 2309 2077 aedibus,
2353 2010 2495 2081 ignis
2528 2009 2625 2079 ipsi
2678 2010 2918 2065 ecclesiae
2964 2008 3287 2072 minabatur,
3332 2004 3427 2061 sed

1873 2104 2192 2159 mirabiliter
2253 2103 2557 2159 exstinctus
2614 2108 2714 2155 est.
2771 2097 2863 2154 1d.
2901 2100 2992 2155 Dei
3045 2098 3427 2154 misericordia

1873 2195 2118 2249 attribuit
2157 2194 2406 2259 Basilius,
2437 2194 2528 2263 qui
2571 2191 2766 2248 diaboli
2795 2204 2941 2246 artes
2982 2191 3033 2245 in
3072 2190 3239 2259 ipsius
3270 2196 3429 2257 caput

1873 2286 2086 2358 rejecit.
2134 2284 2394 2341 Hortatur
2428 2294 2486 2338 ut
2530 2284 2594 2339 iis
2630 2294 2995 2349 succurratur,
3041 2283 3131 2353 qui
3176 2281 3309 2338 nihil
3359 2295 3426 2337 ex

1870 2378 2147 2447 incendio,
2198 2385 2388 2448 praeter
2438 2390 2632 2445 corpus
2678 2385 2733 2430 et
2781 2376 3041 2441 animam,
3083 2384 3364 2430 servarunt
3408 2391 3422 2426 :

1869 2474 1969 2542 ipsi
2010 2487 2138 2526 vero
2177 2477 2454 2541 acceptum
2491 2468 2745 2524 damnum
2780 2465 3022 2534 exemplo
3062 2463 3180 2521 Jobi
3216 2478 3428 2520 coronae

1874 2563 2155 2618 materiam
2196 2558 2451 2617 eiiiciant.

1945 2651 2220 2705 Immerito
2277 2650 2419 2705 inter
2471 2646 2721 2705 homi‘lias
2778 2645 3073 2704 collocatur
3125 2643 3299 2703 oratio
3346 2644 3425 2699 vel

1875 2751 2134 2798 tractatus
2186 2742 2239 2796 in
2279 2755 2388 2811 quo
2418 2739 2647 2795 Basilius
2693 2740 3057 2795 adolescentes
3101 2741 3417 2810 consangui-

1872 2848 2001 2890 neos
2027 2840 2237 2898 edocet,
2266 2831 2391 2902 quid
2418 2831 2650 2887 habeant
2672 2828 2917 2884 utilitatis
2941 2828 3177 2898 profante
3217 2828 3425 2887 litterae.

1872 2929 1999 2997 quid
2026 2926 2321 2983 cavendum
2366 2924 2420 2979 in
2450 2922 2643 2993 poetis,
2684 2930 2845 2990 atque
2886 2920 2941 2975 in
2985 2921 3116 2989 ipsis
3155 2921 3315 2976 etiam
3349 2922 3431 2975 hi-

1881 3017 2095 3073 storicis
2122 3027 2176 3072 et
2205 3016 2509 3071 rhetoribus
2538 3032 2553 3081 ;
2600 3011 2867 3083 quomodo
2901 3010 3151 3079 praeclare
3182 3010 3342 3065 dictis
3375 3018 3432 3064 et

1874 3107 2052 3170 factis,
2081 3120 2199 3174 qua:
2225 3105 2279 3159 in
2316 3104 2575 3172 ejusmodi
2619 3100 2920 3171 disciplinis
2948 3101 3338 3172 percipiuntur,
3362 3097 3427 3154 ad

281 3202 337 3258 S.
367 3202 598 3257 Basilius
630 3204 681 3256 in
717 3203 962 3258 oratione
991 3203 1269 3265 vicesima,
1312 3218 1431 3271 qua:
1460 3205 1524 3258 de
1552 3203 1768 3258 humili-
1797 3222 1839 3280 ο
1876 3211 2081 3253 morum
2117 3194 2507 3251 institutionem
2558 3194 2813 3247 utendum
2857 3192 2944 3247 sit.
2984 3192 3269 3263 Presbyter
3310 3202 3428 3248 erat

216 3305 319 3349 tate
345 3293 683 3358 inscribitur,
713 3293 1047 3348 demonstrat
1087 3293 1354 3347 hominem
1376 3332 1389 3357 ,
1422 3303 1706 3361 postquam
1738 3308 1766 3346 a

216 3386 427 3440 diabolo
452 3386 629 3439 victus
673 3393 727 3438 et
766 3384 1003 3451 deiectus
1033 3393 1136 3447 est,
1180 3386 1361 3438 inania
1406 3385 1506 3439 sibi
1549 3385 1771 3440 tinxisse

216 3475 400 3544 glorias
432 3482 770 3536 ornamenta,
798 3474 1035 3537 divitias,
1063 3473 1316 3535 honores,
1353 3474 1536 3529 mundi
1572 3476 1775 3544 sapien-

219 3565 390 3630 tiam“;
439 3565 531 3619 sed
574 3562 753 3617 veram
799 3563 1025 3631 gloriam
1072 3564 1124 3617 in
1164 3578 1229 3618 eo
1266 3564 1491 3633 positam
1533 3579 1671 3630 esse,
1720 3574 1776 3620 ut

215 3653 307 3709 Dei
352 3654 543 3725 gratia:
590 3663 807 3723 accepta
858 3652 1041 3708 omnia
1117 3652 1452 3718 referamus,
1506 3667 1773 3708 memores

212 3745 379 3811 Petri,
431 3747 521 3817 qui
563 3746 807 3801 humana:
857 3744 1127 3801 timiditati
1173 3745 1400 3801 traditus
1458 3752 1563 3811 est,
1623 3760 1685 3801 ac
1718 3747 1773 3804 in

209 3839 405 3909 primis
456 3840 524 3892 ab
566 3838 680 3905 ipso
723 3834 941 3891 Christo
983 3838 1225 3907 exempla
1264 3836 1580 3893 humilitatis
1615 3851 1774 3907 repe-

212 3938 409 3983 tentes.
466 3926 666 3980 Edocet
702 3924 931 3979 Basilius
972 3926 1165 3994 quibus
1213 3926 1383 3980 modis
1416 3926 1529 3980 haec
1575 3928 1771 3983 eximia

207 4019 385 4073 virtus
426 4016 730 4082 comparari
778 4016 970 4084 possit.
1014 4013 1403 4069 Observatione
1435 4016 1652 4085 dignum
1689 4026 1771 4071 est

207 4111 350 4181 quod
397 4109 475 4165 ait
522 4108 789 4164 diabolum
829 4107 903 4179 (p.
947 4106 1095 4175 158),
1138 4107 1262 4162 dum
1310 4107 1510 4161 homini
1556 4107 1774 4164 insidias

208 4204 395 4269 struit,
425 4203 741 4272 sibimetipsi
770 4201 1083 4257 inscientem
1125 4202 1407 4266 struxisse,
1439 4215 1536 4255 nec
1567 4209 1771 4255 tantum

205 4298 458 4354 nocuisse
503 4297 573 4361 ei,
618 4310 777 4366 quem
819 4310 848 4350 a
898 4294 1008 4349 Deo
1050 4305 1104 4348 et
1153 4308 1184 4347 a
1240 4294 1346 4349 vita
1391 4302 1591 4349 aeterna
1642 4292 1773 4347 alic-

206 4401 461 4444 natorum
522 4402 581 4443 se
644 4395 991 4457 speraverat,
1048 4396 1303 4455 quantum
1356 4400 1414 4441 se
1486 4385 1599 4455 ipse
1650 4398 1773 4453 pro-

208 4482 383 4547 didit,
438 4477 716 4548 transfuga
770 4492 799 4532 a
858 4478 967 4535 Deo
1015 4476 1189 4531 factus
1233 4486 1287 4531 et
1332 4477 1492 4531 morti
1556 4486 1771 4530 aeterna:

208 4573 479 4626 addictus.

274 4660 342 4717 γ.
383 4660 599 4716 Nullam
640 4661 901 4716 hactenus
946 4660 1315 4715 recensuimus
1345 4658 1404 4715 S.
1445 4656 1624 4713 Basilii
1667 4658 1768 4713 ho-

204 4754 450 4818 niiliam,
476 4756 596 4822 quae
632 4762 785 4808 notas
806 4753 1144 4823 episcopatus
1184 4766 1295 4821 pra:
1333 4766 1391 4806 se
1432 4736 1621 4805 ferret.
1665 4749 1771 4805 Sed

205 4843 471 4897 vicesima
504 4843 697 4911 prima,
730 4842 880 4908 Quod
904 4842 1054 4896 rebus
1080 4841 1361 4895 mundanis
1384 4840 1765 4893 adhwrendum

206 4951 307 4988 non
351 4933 443 4999 sit,
496 4943 543 4987 et
583 4934 645 4988 de
682 4933 920 4988 incendio
959 4944 1109 4987 extra
1139 4932 1426 4987 Ecclesium
1453 4930 1615 5000 facta,
1649 4945 1771 4985 cum

204 5038 363 5084 extra
399 5026 798 5097 Cappadociam
837 5029 1180 5098 pronuntiata
1220 5028 1312 5093 sit,
1359 5041 1467 5082 non
1514 5026 1653 5080 male
1699 5026 1766 5079 ad

204 5122 575 5190 episcopatum
616 5120 866 5176 refertur.
901 5118 1112 5174 Nullum
1153 5120 1294 5174 enim
1330 5118 1513 5174 Basilii
1549 5117 1771 5189 presby-

208 5211 306 5265 teri
338 5212 452 5265 iter
477 5211 741 5272 novimus,
776 5220 968 5279 praeter
1001 5209 1131 5265 illud
1165 5210 1305 5280 quod
1341 5209 1623 5265 Samosata
1662 5224 1774 5263 sns-

208 5303 348 5371 cepit
393 5317 541 5358 anno
575 5302 700 5357 569.
736 5301 863 5357 llluc
904 5316 1090 5358 rursus
1137 5301 1270 5357 abiit
1316 5317 1458 5358 anno
1490 5301 1617 5357 372.
1664 5300 1771 5356 Sed

209 5396 381 5460 aptior
408 5393 576 5448 multo
618 5394 927 5464 conjectura
958 5392 1307 5458 Tillemontii,
1352 5393 1442 5462 qui
1476 5393 1611 5448 hanc
1642 5407 1770 5447 ora-

211 5484 401 5539 tionem
449 5484 650 5541 Satalis
702 5486 939 5541 habitam
987 5493 1157 5555 putat,
1206 5484 1298 5541 ubi
1348 5482 1583 5541 Basilius
1630 5499 1769 5541 anno

271 5616 293 5649 ⁸
322 5621 475 5676 ἑοπι.
500 5638 539 5686 ι,
568 5618 624 5676 2.

275 5764 349 5834 (ε)
382 5760 443 5834 Ν.
479 5763 535 5830 3,
566 5778 617 5829 ρ.
641 5761 776 5834 με.

275 5832 346 5906 ib)
375 5833 569 5891 liomil.
603 5832 690 5885 i7.

1874 3290 1957 3346 vel
1999 3289 2278 3361 episcopus
2321 3301 2442 3341 cum
2490 3285 2604 3341 haec
2652 3282 2895 3352 scripsit.
2948 3282 3037 3337 Ait
3086 3283 3229 3337 enim
3275 3296 3332 3337 se
3376 3282 3429 3337 id

1874 3382 2050 3439 aetatis
2078 3394 2197 3435 esse
2233 3378 2310 3449 (p.
2336 3376 2482 3449 173),
2517 3384 2574 3431 et
2605 3390 2671 3431 ex
2703 3390 2883 3431 rerum
2912 3374 2965 3428 in
2995 3382 3275 3442 utramque
3309 3386 3430 3443 par-

1878 3486 1981 3528 tem
2029 3471 2341 3535 mutatione,
2379 3483 2540 3539 quam
2572 3477 2827 3537 expertus
2857 3475 2971 3528 est,
3006 3465 3137 3519 satis
3176 3479 3426 3535 magnum

1875 3578 2027 3618 usum
2056 3563 2409 3616 humanarum
2446 3574 2624 3614 rerum
2663 3567 3012 3614 consecutum
3040 3568 3182 3620 esse,
3205 3564 3264 3610 ut
3296 3556 3429 3610 ado-

1875 3653 2138 3709 lescentes
2176 3651 2417 3707 edoceat.
2462 3648 2731 3718 Scriptum
2763 3662 2896 3716 opus
2922 3646 3177 3701 Caesarea:
3210 3664 3223 3700 :
3255 3658 3431 3715 neque

1875 3746 2017 3801 enim
2069 3744 2152 3799 his
2230 3741 2664 3797 adolescentibus
2713 3740 2955 3810 quotidie
3018 3738 3084 3793 ad
3145 3737 3431 3807 magistros

1875 3835 2265 3893 ventitantibus
2314 3833 2415 3887 alia
2470 3833 2523 3888 in
2570 3834 2701 3888 urbe
2741 3830 2972 3886 Basilius
3040 3828 3280 3900 polliceri
3328 3840 3429 3896 po-

1877 3930 1976 3986 tuit
2005 3930 2080 3999 (p.
2113 3927 2236 3998 i7“)
2297 3941 2356 3981 se
2396 3924 2660 3996 ejusmodi
2689 3923 2929 3979 consiliis
2958 3935 3049 3977 eos
3085 3919 3430 3995 erudirenoa

1873 4020 2170 4076 desiturum
2214 4018 2292 4089 (p.
2335 4017 2481 4087 184),
2522 4030 2585 4071 ac
2626 4016 2671 4070 si
2722 4015 2775 4069 in
2812 4028 2871 4069 se
2917 4010 3100 4067 oculos
3147 4008 3432 4078 conjiciant

1873 4109 1946 4183 (p.
1977 4109 2123 4177 175),
2156 4108 2270 4166 fore
2308 4118 2371 4163 ut
2392 4108 2502 4162 suis
2529 4104 2841 4163 parentibus
2863 4116 2967 4155 non
2996 4099 3267 4167 indigeant

1942 4202 2000 4259 S.
2036 4202 2321 4257 Mamantis
2349 4199 2602 4271 martyris
2624 4196 2806 4252 laudes
2836 4192 3177 4265 persequitur
3202 4186 3432 4243 Basilius

1871 4298 1925 4353 in
1966 4296 2213 4353 oratione
2254 4294 2507 4349 vicesima
2543 4290 2735 4352 tertia,
2778 4297 2942 4357 atque
2988 4294 3048 4340 ut
3093 4285 3196 4338 hoc
3238 4292 3433 4335 munus

1871 4397 2213 4458 exsequatur,
2250 4384 2544 4455 symbolam
2588 4388 2743 4451 rogat
2764 4380 2830 4435 ab
2857 4377 2944 4441 iis,
2974 4374 3170 4445 quibus
3196 4371 3257 4428 S.
3289 4384 3431 4425 mar-

1879 4491 1964 4552 lyr
1986 4490 2179 4550 praesto
2223 4477 2395 4531 adfuit
2439 4472 2658 4529 nomine
2684 4472 2985 4532 invocatus,
3018 4480 3153 4536 quos
3183 4479 3248 4519 ex
3280 4474 3431 4534 pera-

1802 4566 2183 4644 Dgrinatione
2233 4568 2467 4634 reduxit,
2530 4578 2667 4635 quos
2716 4560 2888 4617 erexit
2938 4573 3007 4615 ex
3059 4556 3371 4611 inﬁrmitate
3412 4568 3429 4617 ς

1875 4664 2071 4736 quibus
2099 4662 2295 4717 liberos
2332 4660 2442 4730 jam
2484 4666 2720 4711 mortuos
2766 4651 3024 4715 restituit,
3063 4650 3257 4720 quibus
3303 4661 3428 4715 pro-

1872 4756 2081 4827 rogavit
2133 4754 2257 4809 vitm
2310 4762 2539 4821 tempus.
2583 4747 2729 4803 Nihil
2769 4746 2913 4801 aliud
2946 4744 3013 4797 de
3055 4743 3156 4797 hoc
3196 4746 3434 4805 martyre

1869 4848 2124 4903 discimus
2149 4860 2214 4901 ex
2249 4845 2347 4898 hac
2370 4842 2633 4905 oratione,
2658 4840 2760 4893 nisi
2785 4850 2909 4892 eum
2949 4842 3216 4902 pastorem
3251 4828 3434 4883 ovium

1870 4939 2057 5006 fuisse,
2109 4938 2251 4993 unde
2303 4943 2523 5006 accepta
2572 4932 2859 4988 occasione
2897 4923 3127 4980 Basilius
3170 4922 3236 4976 de
3280 4918 3436 4975 bouis

1869 5030 2125 5087 Ecclesiae
2155 5026 2463 5098 pastoribus
2494 5033 2547 5080 et
2576 5023 2643 5079 de
2672 5018 3021 5078 mercenariis
3049 5015 3289 5071 disserit.

1939 5118 1997 5174 In
2042 5118 2288 5175 oratione
2334 5115 2595 5172 vicesima
2641 5119 2831 5183 quarta
2882 5107 3196 5163 refelluntur
3244 5100 3433 5159 Sabel-

1868 5214 1993 5268 liani
2045 5223 2103 5268 et
2155 5212 2365 5277 Ariani,
2414 5225 2479 5266 ac
2532 5208 2690 5280 primi
2750 5220 2868 5261 cum
2914 5202 3131 5265 Iudaeis,
3175 5196 3433 5270 postremi

1866 5319 1991 5360 cum
2037 5303 2265 5359 ethnicis
2306 5306 2711 5371 comparantur.
2737 5294 2969 5368 Opponit
3006 5305 3193 5349 eorum
3227 5285 3429 5344 errori-

1866 5395 1968 5451 bus
1997 5392 2228 5449 Basilius
2258 5403 2568 5447 accuratam
2615 5387 2893 5445 eatholica:
2922 5383 3181 5441 doctrina:
3218 5378 3430 5447 exposi—

1869 5488 2099 5543 tionem.
2142 5486 2247 5542 Sed
2276 5500 2398 5541 cum
2426 5484 2638 5539 videret
2662 5480 2941 5536 auditores
2966 5475 3123 5532 avide
3153 5477 3430 5545 expetere,

1937 5760 2007 5834 (c)
2031 5759 2120 5818 Or.
2154 5760 2206 5828 2,
2238 5762 2288 5816 in
2314 5760 2669 5832 quadraginta
2702 5762 2883 5821 mart.,
2908 5767 2963 5825 p.
2994 5750 3123 5808 206.
