  <div class='ocr_page' id='page_1' title='image "/cluster/home/n/w/nwhite01/storage/ocr_20150623/29/uva.x004321530/198.png"; bbox 0 0 4212 6498; ppageno 0'>
   <div class='ocr_carea' id='block_1_1' title="bbox 1529 432 2089 492">
    <p class='ocr_par' dir='ltr' id='par_1_1' title="bbox 1529 432 2089 492">
     <span class='ocr_line' id='line_1_1' title="bbox 1529 432 2089 492; baseline 0 -1"><span class='ocrx_word' id='word_1_1' title='bbox 1529 436 1689 491; x_wconf 77' lang='lat' dir='ltr'><strong>VITA</strong></span> <span class='ocrx_word' id='word_1_2' title='bbox 1730 436 1784 491; x_wconf 90' lang='lat' dir='ltr'><strong>S.</strong></span> <span class='ocrx_word' id='word_1_3' title='bbox 1826 432 2089 492; x_wconf 73' lang='lat' dir='ltr'><strong>BASlLll.</strong></span> 
     </span>
    </p>
   </div>
   <div class='ocr_carea' id='block_1_2' title="bbox 3240 444 3409 484">
    <p class='ocr_par' dir='ltr' id='par_1_2' title="bbox 3240 444 3409 484">
     <span class='ocr_line' id='line_1_2' title="bbox 3240 444 3409 484; baseline -0.03 0"><span class='ocrx_word' id='word_1_4' title='bbox 3240 444 3409 484; x_wconf 70' lang='lat' dir='ltr'><strong>CLXXV</strong></span> 
     </span>
    </p>
   </div>
   <div class='ocr_carea' id='block_1_3' title="bbox 207 542 3413 627">
    <p class='ocr_par' dir='ltr' id='par_1_3' title="bbox 207 542 3413 627">
     <span class='ocr_line' id='line_1_3' title="bbox 207 542 3413 627; baseline -0.005 -9"><span class='ocrx_word' id='word_1_5' title='bbox 207 564 259 618; x_wconf 88' lang='lat' dir='ltr'><strong>in</strong></span> <span class='ocrx_word' id='word_1_6' title='bbox 293 559 540 615; x_wconf 80' lang='lat' dir='ltr'><strong>librarios</strong></span> <span class='ocrx_word' id='word_1_7' title='bbox 590 556 747 627; x_wconf 78' lang='lat' dir='ltr'><strong>rejici</strong></span> <span class='ocrx_word' id='word_1_8' title='bbox 782 565 953 627; x_wconf 94' lang='lat' dir='ltr'><strong>potest</strong></span> <span class='ocrx_word' id='word_1_9' title='bbox 993 575 1007 611; x_wconf 88' lang='lat'><strong>:</strong></span> <span class='ocrx_word' id='word_1_10' title='bbox 1051 572 1170 611; x_wconf 87' lang='lat' dir='ltr'><strong>nam</strong></span> <span class='ocrx_word' id='word_1_11' title='bbox 1198 568 1421 627; x_wconf 79' lang='lat' dir='ltr'><strong>uterque</strong></span> <span class='ocrx_word' id='word_1_12' title='bbox 1465 570 1529 610; x_wconf 80' lang='lat' dir='ltr'><strong>ex</strong></span> <span class='ocrx_word' id='word_1_13' title='bbox 1557 572 1651 609; x_wconf 86' lang='lat' dir='ltr'><strong>sua</strong></span> <span class='ocrx_word' id='word_1_14' title='bbox 1682 555 1754 608; x_wconf 82' lang='lat' dir='ltr'><strong>le-</strong></span> <span class='ocrx_word' id='word_1_15' title='bbox 1782 559 1829 616; x_wconf 81' lang='grc' dir='ltr'>Λ</span> <span class='ocrx_word' id='word_1_16' title='bbox 1856 556 2043 622; x_wconf 86' lang='lat' dir='ltr'><strong>sancti,</strong></span> <span class='ocrx_word' id='word_1_17' title='bbox 2080 553 2225 606; x_wconf 84' lang='lat' dir='ltr'><strong>nulla</strong></span> <span class='ocrx_word' id='word_1_18' title='bbox 2270 558 2533 613; x_wconf 79' lang='lat' dir='ltr'><strong>creatura,</strong></span> <span class='ocrx_word' id='word_1_19' title='bbox 2577 563 2738 617; x_wconf 86' lang='lat' dir='ltr'><strong>neque</strong></span> <span class='ocrx_word' id='word_1_20' title='bbox 2780 562 2924 600; x_wconf 77' lang='lat' dir='ltr'><strong>seruo</strong></span> <span class='ocrx_word' id='word_1_21' title='bbox 2976 544 3127 600; x_wconf 87' lang='lat' dir='ltr'><strong>Patri</strong></span> <span class='ocrx_word' id='word_1_22' title='bbox 3157 561 3220 599; x_wconf 86' lang='lat' dir='ltr'><strong>ac</strong></span> <span class='ocrx_word' id='word_1_23' title='bbox 3272 542 3413 601; x_wconf 76' lang='lat' dir='ltr'><strong>Filio</strong></span> 
     </span>
    </p>
   </div>
   <div class='ocr_carea' id='block_1_4' title="bbox 208 647 1755 724">
    <p class='ocr_par' dir='ltr' id='par_1_4' title="bbox 208 647 1755 724">
     <span class='ocr_line' id='line_1_4' title="bbox 208 647 1755 724; baseline -0.006 -15"><span class='ocrx_word' id='word_1_24' title='bbox 208 654 358 724; x_wconf 87' lang='lat' dir='ltr'><strong>gendi</strong></span> <span class='ocrx_word' id='word_1_25' title='bbox 394 652 610 706; x_wconf 89' lang='lat' dir='ltr'><strong>ratione</strong></span> <span class='ocrx_word' id='word_1_26' title='bbox 636 659 1008 719; x_wconf 77' lang='lat' dir='ltr'><strong>argumentum</strong></span> <span class='ocrx_word' id='word_1_27' title='bbox 1050 649 1306 703; x_wconf 83' lang='lat' dir='ltr'><strong>adversus</strong></span> <span class='ocrx_word' id='word_1_28' title='bbox 1350 649 1634 703; x_wconf 67' lang='lat' dir='ltr'><strong>haereticos</strong></span> <span class='ocrx_word' id='word_1_29' title='bbox 1659 647 1755 700; x_wconf 84' lang='lat' dir='ltr'><strong>du—</strong></span> 
     </span>
    </p>
   </div>
   <div class='ocr_carea' id='block_1_5' title="bbox 208 741 1753 810">
    <p class='ocr_par' dir='ltr' id='par_1_5' title="bbox 208 741 1753 810">
     <span class='ocr_line' id='line_1_5' title="bbox 208 741 1753 810; baseline -0.005 -10"><span class='ocrx_word' id='word_1_30' title='bbox 208 749 298 801; x_wconf 86' lang='lat' dir='ltr'><strong>cit.</strong></span> <span class='ocrx_word' id='word_1_31' title='bbox 346 743 623 798; x_wconf 85' lang='lat' dir='ltr'><strong>Promittit</strong></span> <span class='ocrx_word' id='word_1_32' title='bbox 677 742 893 810; x_wconf 82' lang='lat' dir='ltr'><strong>quidem</strong></span> <span class='ocrx_word' id='word_1_33' title='bbox 954 741 1183 796; x_wconf 82' lang='lat' dir='ltr'><strong>Basilius</strong></span> <span class='ocrx_word' id='word_1_34' title='bbox 1240 754 1300 796; x_wconf 86' lang='lat' dir='ltr'><strong>se</strong></span> <span class='ocrx_word' id='word_1_35' title='bbox 1358 741 1753 809; x_wconf 81' lang='lat' dir='ltr'><strong>explicaturum</strong></span> 
     </span>
    </p>
   </div>
   <div class='ocr_carea' id='block_1_6' title="bbox 206 833 1758 907">
    <p class='ocr_par' dir='ltr' id='par_1_6' title="bbox 206 833 1758 907">
     <span class='ocr_line' id='line_1_6' title="bbox 206 833 1758 907; baseline -0.004 -16"><span class='ocrx_word' id='word_1_36' title='bbox 206 838 326 892; x_wconf 82' lang='lat' dir='ltr'><strong>alibi</strong></span> <span class='ocrx_word' id='word_1_37' title='bbox 358 836 433 907; x_wconf 88' lang='lat' dir='ltr'><strong>(a)</strong></span> <span class='ocrx_word' id='word_1_38' title='bbox 462 836 755 903; x_wconf 73' lang='lat' dir='ltr'><strong>Scriptum</strong></span> <span class='ocrx_word' id='word_1_39' title='bbox 803 834 1104 888; x_wconf 83' lang='lat' dir='ltr'><strong>testimonia</strong></span> <span class='ocrx_word' id='word_1_40' title='bbox 1131 874 1146 897; x_wconf 95' lang='lat'><strong>,</strong></span> <span class='ocrx_word' id='word_1_41' title='bbox 1199 848 1319 902; x_wconf 68' lang='lat' dir='ltr'><strong>quae</strong></span> <span class='ocrx_word' id='word_1_42' title='bbox 1349 848 1511 902; x_wconf 79' lang='lat' dir='ltr'><strong>prave</strong></span> <span class='ocrx_word' id='word_1_43' title='bbox 1551 834 1617 886; x_wconf 91' lang='lat' dir='ltr'><strong>ab</strong></span> <span class='ocrx_word' id='word_1_44' title='bbox 1651 833 1758 886; x_wconf 63' lang='lat' dir='ltr'><strong>ha-</strong></span> 
     </span>
    </p>
   </div>
   <div class='ocr_carea' id='block_1_7' title="bbox 207 922 1759 993">
    <p class='ocr_par' dir='ltr' id='par_1_7' title="bbox 207 922 1759 993">
     <span class='ocr_line' id='line_1_7' title="bbox 207 922 1759 993; baseline -0.005 -11"><span class='ocrx_word' id='word_1_45' title='bbox 207 928 388 982; x_wconf 87' lang='lat' dir='ltr'><strong>reticis</strong></span> <span class='ocrx_word' id='word_1_46' title='bbox 416 924 865 993; x_wconf 82' lang='lat' dir='ltr'><strong>intelligebantur,</strong></span> <span class='ocrx_word' id='word_1_47' title='bbox 902 924 953 977; x_wconf 92' lang='lat' dir='ltr'><strong>in</strong></span> <span class='ocrx_word' id='word_1_48' title='bbox 980 923 1062 978; x_wconf 92' lang='lat' dir='ltr'><strong>his</strong></span> <span class='ocrx_word' id='word_1_49' title='bbox 1096 924 1223 977; x_wconf 90' lang='lat' dir='ltr'><strong>illud</strong></span> <span class='ocrx_word' id='word_1_50' title='bbox 1252 923 1505 977; x_wconf 83' lang='lat' dir='ltr'><strong>Proverb.</strong></span> <span class='ocrx_word' id='word_1_51' title='bbox 1537 940 1550 953; x_wconf 91' lang='grc'><strong>·</strong></span> <span class='ocrx_word' id='word_1_52' title='bbox 1578 922 1759 975; x_wconf 85' lang='lat' dir='ltr'><strong>Domi-</strong></span> 
     </span>
    </p>
   </div>
   <div class='ocr_carea' id='block_1_8' title="bbox 207 1016 1760 1087">
    <p class='ocr_par' dir='ltr' id='par_1_8' title="bbox 207 1016 1760 1087">
     <span class='ocr_line' id='line_1_8' title="bbox 207 1016 1760 1087; baseline -0.002 -14"><span class='ocrx_word' id='word_1_53' title='bbox 207 1036 301 1073; x_wconf 84' lang='lat' dir='ltr'><strong>nus</strong></span> <span class='ocrx_word' id='word_1_54' title='bbox 332 1018 519 1073; x_wconf 85' lang='lat' dir='ltr'><strong>creauit</strong></span> <span class='ocrx_word' id='word_1_55' title='bbox 548 1032 628 1069; x_wconf 89' lang='lat' dir='ltr'><strong>me</strong></span> <span class='ocrx_word' id='word_1_56' title='bbox 660 1016 703 1069; x_wconf 84' lang='grc'>⁸.</span> <span class='ocrx_word' id='word_1_57' title='bbox 742 1017 846 1070; x_wconf 90' lang='lat' dir='ltr'><strong>Sed</strong></span> <span class='ocrx_word' id='word_1_58' title='bbox 874 1031 993 1070; x_wconf 93' lang='lat' dir='ltr'><strong>cum</strong></span> <span class='ocrx_word' id='word_1_59' title='bbox 1039 1018 1321 1087; x_wconf 82' lang='lat' dir='ltr'><strong>presbyter</strong></span> <span class='ocrx_word' id='word_1_60' title='bbox 1368 1018 1542 1071; x_wconf 83' lang='lat' dir='ltr'><strong>factus</strong></span> <span class='ocrx_word' id='word_1_61' title='bbox 1596 1016 1760 1071; x_wconf 79' lang='lat' dir='ltr'><strong>fuerit</strong></span> 
     </span>
    </p>
   </div>
   <div class='ocr_carea' id='block_1_9' title="bbox 204 1106 1760 1181">
    <p class='ocr_par' dir='ltr' id='par_1_9' title="bbox 204 1106 1760 1181">
     <span class='ocr_line' id='line_1_9' title="bbox 204 1106 1760 1181; baseline -0.002 -18"><span class='ocrx_word' id='word_1_62' title='bbox 204 1112 364 1181; x_wconf 86' lang='lat' dir='ltr'><strong>paulo</strong></span> <span class='ocrx_word' id='word_1_63' title='bbox 408 1118 528 1178; x_wconf 89' lang='lat' dir='ltr'><strong>post</strong></span> <span class='ocrx_word' id='word_1_64' title='bbox 570 1118 679 1162; x_wconf 88' lang='lat' dir='ltr'><strong>tres</strong></span> <span class='ocrx_word' id='word_1_65' title='bbox 716 1108 919 1176; x_wconf 84' lang='lat' dir='ltr'><strong>priores</strong></span> <span class='ocrx_word' id='word_1_66' title='bbox 976 1108 1143 1161; x_wconf 88' lang='lat' dir='ltr'><strong>libros</strong></span> <span class='ocrx_word' id='word_1_67' title='bbox 1184 1108 1474 1171; x_wconf 90' lang='lat' dir='ltr'><strong>absolutos,</strong></span> <span class='ocrx_word' id='word_1_68' title='bbox 1508 1106 1760 1161; x_wconf 84' lang='lat' dir='ltr'><strong>videntur</strong></span> 
     </span>
    </p>
   </div>
   <div class='ocr_carea' id='block_1_10' title="bbox 204 1195 1759 1264">
    <p class='ocr_par' dir='ltr' id='par_1_10' title="bbox 204 1195 1759 1264">
     <span class='ocr_line' id='line_1_10' title="bbox 204 1195 1759 1264; baseline -0.006 -7"><span class='ocrx_word' id='word_1_69' title='bbox 204 1216 360 1257; x_wconf 66' lang='lat' dir='ltr'><strong>novae</strong></span> <span class='ocrx_word' id='word_1_70' title='bbox 388 1199 490 1253; x_wconf 70' lang='lat' dir='ltr'><strong>illae</strong></span> <span class='ocrx_word' id='word_1_71' title='bbox 513 1196 798 1253; x_wconf 83' lang='lat' dir='ltr'><strong>sacerdOIii</strong></span> <span class='ocrx_word' id='word_1_72' title='bbox 832 1196 1213 1264; x_wconf 79' lang='lat' dir='ltr'><strong>occupationes</strong></span> <span class='ocrx_word' id='word_1_73' title='bbox 1238 1197 1507 1251; x_wconf 79' lang='lat' dir='ltr'><strong>obstitisse</strong></span> <span class='ocrx_word' id='word_1_74' title='bbox 1552 1195 1759 1263; x_wconf 84' lang='lat' dir='ltr'><strong>quomi-</strong></span> 
     </span>
    </p>
   </div>
   <div class='ocr_carea' id='block_1_11' title="bbox 204 1286 1760 1361">
    <p class='ocr_par' dir='ltr' id='par_1_11' title="bbox 204 1286 1760 1361">
     <span class='ocr_line' id='line_1_11' title="bbox 204 1286 1760 1361; baseline -0.006 -14"><span class='ocrx_word' id='word_1_75' title='bbox 204 1308 307 1347; x_wconf 89' lang='lat' dir='ltr'><strong>nus</strong></span> <span class='ocrx_word' id='word_1_76' title='bbox 334 1292 598 1361; x_wconf 87' lang='lat' dir='ltr'><strong>promissa</strong></span> <span class='ocrx_word' id='word_1_77' title='bbox 634 1289 929 1359; x_wconf 83' lang='lat' dir='ltr'><strong>perliceret.</strong></span> <span class='ocrx_word' id='word_1_78' title='bbox 959 1286 1215 1353; x_wconf 82' lang='lat' dir='ltr'><strong>Quamvis</strong></span> <span class='ocrx_word' id='word_1_79' title='bbox 1248 1296 1423 1340; x_wconf 89' lang='lat' dir='ltr'><strong>autem</strong></span> <span class='ocrx_word' id='word_1_80' title='bbox 1473 1300 1664 1355; x_wconf 87' lang='lat' dir='ltr'><strong>magna</strong></span> <span class='ocrx_word' id='word_1_81' title='bbox 1690 1286 1760 1338; x_wconf 85' lang='lat' dir='ltr'><strong>sit</strong></span> 
     </span>
    </p>
   </div>
   <div class='ocr_carea' id='block_1_12' title="bbox 204 1375 1760 1447">
    <p class='ocr_par' dir='ltr' id='par_1_12' title="bbox 204 1375 1760 1447">
     <span class='ocr_line' id='line_1_12' title="bbox 204 1375 1760 1447; baseline -0.007 -8"><span class='ocrx_word' id='word_1_82' title='bbox 204 1385 347 1439; x_wconf 87' lang='lat' dir='ltr'><strong>inter</strong></span> <span class='ocrx_word' id='word_1_83' title='bbox 379 1384 481 1438; x_wconf 89' lang='lat' dir='ltr'><strong>bos</strong></span> <span class='ocrx_word' id='word_1_84' title='bbox 515 1383 644 1436; x_wconf 89' lang='lat' dir='ltr'><strong>duos</strong></span> <span class='ocrx_word' id='word_1_85' title='bbox 693 1379 861 1433; x_wconf 85' lang='lat' dir='ltr'><strong>libros</strong></span> <span class='ocrx_word' id='word_1_86' title='bbox 896 1388 950 1433; x_wconf 90' lang='lat' dir='ltr'><strong>et</strong></span> <span class='ocrx_word' id='word_1_87' title='bbox 982 1388 1093 1433; x_wconf 87' lang='lat' dir='ltr'><strong>tres</strong></span> <span class='ocrx_word' id='word_1_88' title='bbox 1126 1379 1331 1447; x_wconf 88' lang='lat' dir='ltr'><strong>priores</strong></span> <span class='ocrx_word' id='word_1_89' title='bbox 1365 1375 1489 1447; x_wconf 76' lang='lat' dir='ltr'><strong>Styli</strong></span> <span class='ocrx_word' id='word_1_90' title='bbox 1520 1376 1760 1431; x_wconf 86' lang='lat' dir='ltr'><strong>dissimi-</strong></span> 
     </span>
    </p>
   </div>
   <div class='ocr_carea' id='block_1_13' title="bbox 208 1466 1760 1538">
    <p class='ocr_par' dir='ltr' id='par_1_13' title="bbox 208 1466 1760 1538">
     <span class='ocr_line' id='line_1_13' title="bbox 208 1466 1760 1538; baseline -0.004 -11"><span class='ocrx_word' id='word_1_91' title='bbox 208 1474 402 1538; x_wconf 92' lang='lat' dir='ltr'><strong>litudo,</strong></span> <span class='ocrx_word' id='word_1_92' title='bbox 462 1487 563 1524; x_wconf 91' lang='lat' dir='ltr'><strong>non</strong></span> <span class='ocrx_word' id='word_1_93' title='bbox 607 1480 783 1522; x_wconf 87' lang='lat' dir='ltr'><strong>tamen</strong></span> <span class='ocrx_word' id='word_1_94' title='bbox 821 1468 1098 1523; x_wconf 63' lang='lat' dir='ltr'><strong>sententia:</strong></span> <span class='ocrx_word' id='word_1_95' title='bbox 1152 1466 1505 1536; x_wconf 90' lang='lat' dir='ltr'><strong>discrepant:</strong></span> <span class='ocrx_word' id='word_1_96' title='bbox 1542 1475 1595 1519; x_wconf 92' lang='lat' dir='ltr'><strong>et</strong></span> <span class='ocrx_word' id='word_1_97' title='bbox 1643 1481 1760 1534; x_wconf 72' lang='lat' dir='ltr'><strong>qua:</strong></span> 
     </span>
    </p>
   </div>
   <div class='ocr_carea' id='block_1_14' title="bbox 208 1558 1759 1627">
    <p class='ocr_par' dir='ltr' id='par_1_14' title="bbox 208 1558 1759 1627">
     <span class='ocr_line' id='line_1_14' title="bbox 208 1558 1759 1627; baseline -0.004 -10"><span class='ocrx_word' id='word_1_98' title='bbox 208 1576 265 1617; x_wconf 81' lang='lat' dir='ltr'><strong>ut</strong></span> <span class='ocrx_word' id='word_1_99' title='bbox 292 1564 528 1618; x_wconf 82' lang='lat' dir='ltr'><strong>absurde</strong></span> <span class='ocrx_word' id='word_1_100' title='bbox 564 1572 616 1614; x_wconf 90' lang='lat' dir='ltr'><strong>et</strong></span> <span class='ocrx_word' id='word_1_101' title='bbox 649 1561 824 1627; x_wconf 78' lang='lat' dir='ltr'><strong>ianle</strong></span> <span class='ocrx_word' id='word_1_102' title='bbox 862 1560 997 1612; x_wconf 88' lang='lat' dir='ltr'><strong>dicta</strong></span> <span class='ocrx_word' id='word_1_103' title='bbox 1052 1558 1535 1625; x_wconf 88' lang='lat' dir='ltr'><strong>reprehenduntur,</strong></span> <span class='ocrx_word' id='word_1_104' title='bbox 1572 1573 1633 1612; x_wconf 91' lang='lat' dir='ltr'><strong>ea</strong></span> <span class='ocrx_word' id='word_1_105' title='bbox 1663 1573 1759 1612; x_wconf 76' lang='lat' dir='ltr'><strong>es-</strong></span> 
     </span>
    </p>
   </div>
   <div class='ocr_carea' id='block_1_15' title="bbox 204 1648 1762 1722">
    <p class='ocr_par' dir='ltr' id='par_1_15' title="bbox 204 1648 1762 1722">
     <span class='ocr_line' id='line_1_15' title="bbox 204 1648 1762 1722; baseline -0.001 -17"><span class='ocrx_word' id='word_1_106' title='bbox 204 1654 407 1722; x_wconf 84' lang='lat' dir='ltr'><strong>plicare</strong></span> <span class='ocrx_word' id='word_1_107' title='bbox 463 1650 798 1712; x_wconf 88' lang='lat' dir='ltr'><strong>conabimur,</strong></span> <span class='ocrx_word' id='word_1_108' title='bbox 826 1650 913 1701; x_wconf 90' lang='lat' dir='ltr'><strong>ubi</strong></span> <span class='ocrx_word' id='word_1_109' title='bbox 947 1648 1197 1701; x_wconf 88' lang='lat' dir='ltr'><strong>nonnulla</strong></span> <span class='ocrx_word' id='word_1_110' title='bbox 1232 1650 1284 1702; x_wconf 92' lang='lat' dir='ltr'><strong>in</strong></span> <span class='ocrx_word' id='word_1_111' title='bbox 1329 1648 1554 1717; x_wconf 80' lang='lat' dir='ltr'><strong>singulis</strong></span> <span class='ocrx_word' id='word_1_112' title='bbox 1606 1650 1762 1703; x_wconf 90' lang='lat' dir='ltr'><strong>tomis</strong></span> 
     </span>
    </p>
   </div>
   <div class='ocr_carea' id='block_1_16' title="bbox 206 1740 1761 1813">
    <p class='ocr_par' dir='ltr' id='par_1_16' title="bbox 206 1740 1761 1813">
     <span class='ocr_line' id='line_1_16' title="bbox 206 1740 1761 1813; baseline -0.003 -15"><span class='ocrx_word' id='word_1_113' title='bbox 206 1746 363 1813; x_wconf 86' lang='lat' dir='ltr'><strong>hujus</strong></span> <span class='ocrx_word' id='word_1_114' title='bbox 414 1741 666 1796; x_wconf 79' lang='lat' dir='ltr'><strong>editioais</strong></span> <span class='ocrx_word' id='word_1_115' title='bbox 717 1740 957 1806; x_wconf 71' lang='lat' dir='ltr'><strong>addenda</strong></span> <span class='ocrx_word' id='word_1_116' title='bbox 1020 1750 1074 1795; x_wconf 89' lang='lat' dir='ltr'><strong>et</strong></span> <span class='ocrx_word' id='word_1_117' title='bbox 1121 1741 1453 1796; x_wconf 88' lang='lat' dir='ltr'><strong>emendanda</strong></span> <span class='ocrx_word' id='word_1_118' title='bbox 1499 1756 1761 1809; x_wconf 89' lang='lat' dir='ltr'><strong>propone-</strong></span> 
     </span>
    </p>
   </div>
   <div class='ocr_carea' id='block_1_17' title="bbox 202 1850 342 1889">
    <p class='ocr_par' dir='ltr' id='par_1_17' title="bbox 202 1850 342 1889">
     <span class='ocr_line' id='line_1_17' title="bbox 202 1850 342 1889; baseline -0.021 0"><span class='ocrx_word' id='word_1_119' title='bbox 202 1850 342 1889; x_wconf 87' lang='lat' dir='ltr'><strong>mus.</strong></span> 
     </span>
    </p>
   </div>
   <div class='ocr_carea' id='block_1_18' title="bbox 271 1925 1758 1990">
    <p class='ocr_par' dir='ltr' id='par_1_18' title="bbox 271 1925 1758 1990">
     <span class='ocr_line' id='line_1_18' title="bbox 271 1925 1758 1990; baseline -0.001 -12"><span class='ocrx_word' id='word_1_120' title='bbox 271 1925 407 1980; x_wconf 76' lang='lat' dir='ltr'><strong>Alite</strong></span> <span class='ocrx_word' id='word_1_121' title='bbox 457 1925 755 1980; x_wconf 72' lang='lat' dir='ltr'><strong>atteruntur</strong></span> <span class='ocrx_word' id='word_1_122' title='bbox 801 1926 1057 1990; x_wconf 82' lang='lat' dir='ltr'><strong>rationes,</strong></span> <span class='ocrx_word' id='word_1_123' title='bbox 1098 1942 1195 1982; x_wconf 82' lang='lat' dir='ltr'><strong>cur</strong></span> <span class='ocrx_word' id='word_1_124' title='bbox 1243 1929 1347 1981; x_wconf 90' lang='lat' dir='ltr'><strong>duo</strong></span> <span class='ocrx_word' id='word_1_125' title='bbox 1393 1927 1467 1978; x_wconf 85' lang='lat' dir='ltr'><strong>illi</strong></span> <span class='ocrx_word' id='word_1_126' title='bbox 1502 1925 1621 1978; x_wconf 84' lang='lat' dir='ltr'><strong>libri</strong></span> <span class='ocrx_word' id='word_1_127' title='bbox 1656 1938 1758 1978; x_wconf 92' lang='lat' dir='ltr'><strong>non</strong></span> 
     </span>
    </p>
   </div>
   <div class='ocr_carea' id='block_1_19' title="bbox 201 2016 1762 2085">
    <p class='ocr_par' dir='ltr' id='par_1_19' title="bbox 201 2016 1762 2085">
     <span class='ocr_line' id='line_1_19' title="bbox 201 2016 1762 2085; baseline -0.004 -14"><span class='ocrx_word' id='word_1_128' title='bbox 201 2017 311 2071; x_wconf 86' lang='lat' dir='ltr'><strong>sint</strong></span> <span class='ocrx_word' id='word_1_129' title='bbox 337 2017 605 2071; x_wconf 85' lang='lat' dir='ltr'><strong>tribuendi</strong></span> <span class='ocrx_word' id='word_1_130' title='bbox 630 2016 858 2079; x_wconf 85' lang='lat' dir='ltr'><strong>Basilio;</strong></span> <span class='ocrx_word' id='word_1_131' title='bbox 888 2017 1029 2085; x_wconf 87' lang='lat' dir='ltr'><strong>quod</strong></span> <span class='ocrx_word' id='word_1_132' title='bbox 1058 2018 1109 2070; x_wconf 87' lang='lat' dir='ltr'><strong>itt</strong></span> <span class='ocrx_word' id='word_1_133' title='bbox 1142 2017 1223 2069; x_wconf 88' lang='lat' dir='ltr'><strong>his</strong></span> <span class='ocrx_word' id='word_1_134' title='bbox 1252 2016 1397 2069; x_wconf 86' lang='lat' dir='ltr'><strong>libris</strong></span> <span class='ocrx_word' id='word_1_135' title='bbox 1432 2024 1626 2083; x_wconf 63' lang='lat' dir='ltr'><strong>praeter</strong></span> <span class='ocrx_word' id='word_1_136' title='bbox 1650 2029 1762 2065; x_wconf 77' lang='lat' dir='ltr'><strong>mo-</strong></span> 
     </span>
    </p>
   </div>
   <div class='ocr_carea' id='block_1_20' title="bbox 204 2104 1763 2173">
    <p class='ocr_par' dir='ltr' id='par_1_20' title="bbox 204 2104 1763 2173">
     <span class='ocr_line' id='line_1_20' title="bbox 204 2104 1763 2173; baseline -0.004 -13"><span class='ocrx_word' id='word_1_137' title='bbox 204 2125 315 2163; x_wconf 88' lang='lat' dir='ltr'><strong>rem</strong></span> <span class='ocrx_word' id='word_1_138' title='bbox 349 2118 404 2161; x_wconf 91' lang='lat' dir='ltr'><strong>ct</strong></span> <span class='ocrx_word' id='word_1_139' title='bbox 438 2109 717 2161; x_wconf 85' lang='lat' dir='ltr'><strong>consilium</strong></span> <span class='ocrx_word' id='word_1_140' title='bbox 743 2107 917 2159; x_wconf 84' lang='lat' dir='ltr'><strong>Basilii</strong></span> <span class='ocrx_word' id='word_1_141' title='bbox 949 2105 1178 2171; x_wconf 86' lang='lat' dir='ltr'><strong>Spiritus</strong></span> <span class='ocrx_word' id='word_1_142' title='bbox 1207 2114 1427 2158; x_wconf 88' lang='lat' dir='ltr'><strong>sanctus</strong></span> <span class='ocrx_word' id='word_1_143' title='bbox 1466 2104 1763 2173; x_wconf 88' lang='lat' dir='ltr'><strong>appelletur</strong></span> 
     </span>
    </p>
   </div>
   <div class='ocr_carea' id='block_1_21' title="bbox 204 2192 1764 2263">
    <p class='ocr_par' dir='ltr' id='par_1_21' title="bbox 204 2192 1764 2263">
     <span class='ocr_line' id='line_1_21' title="bbox 204 2192 1764 2263; baseline -0.001 -15"><span class='ocrx_word' id='word_1_144' title='bbox 204 2195 346 2249; x_wconf 88' lang='lat' dir='ltr'><strong>Deus</strong></span> <span class='ocrx_word' id='word_1_145' title='bbox 384 2212 397 2246; x_wconf 75' lang='grc' dir='ltr'>ε</span> <span class='ocrx_word' id='word_1_146' title='bbox 424 2196 567 2263; x_wconf 86' lang='lat' dir='ltr'><strong>quod</strong></span> <span class='ocrx_word' id='word_1_147' title='bbox 600 2194 765 2246; x_wconf 85' lang='lat' dir='ltr'><strong>Filius</strong></span> <span class='ocrx_word' id='word_1_148' title='bbox 790 2192 1031 2261; x_wconf 78' lang='grc' dir='ltr'><strong>γέννημα</strong></span> <span class='ocrx_word' id='word_1_149' title='bbox 1052 2206 1194 2260; x_wconf 66' lang='grc' dir='ltr'><strong>δηξρο</strong></span> <span class='ocrx_word' id='word_1_150' title='bbox 1219 2194 1451 2259; x_wconf 84' lang='lat' dir='ltr'><strong>dicatur,</strong></span> <span class='ocrx_word' id='word_1_151' title='bbox 1481 2208 1641 2263; x_wconf 88' lang='lat' dir='ltr'><strong>quam</strong></span> <span class='ocrx_word' id='word_1_152' title='bbox 1672 2209 1764 2247; x_wconf 86' lang='lat' dir='ltr'><strong>vo-</strong></span> 
     </span>
    </p>
   </div>
   <div class='ocr_carea' id='block_1_22' title="bbox 202 2282 1760 2354">
    <p class='ocr_par' dir='ltr' id='par_1_22' title="bbox 202 2282 1760 2354">
     <span class='ocr_line' id='line_1_22' title="bbox 202 2282 1760 2354; baseline 0 -16"><span class='ocrx_word' id='word_1_153' title='bbox 202 2301 319 2339; x_wconf 90' lang='lat' dir='ltr'><strong>cem</strong></span> <span class='ocrx_word' id='word_1_154' title='bbox 353 2285 407 2337; x_wconf 90' lang='lat' dir='ltr'><strong>in</strong></span> <span class='ocrx_word' id='word_1_155' title='bbox 459 2283 719 2336; x_wconf 86' lang='lat' dir='ltr'><strong>Eunomio</strong></span> <span class='ocrx_word' id='word_1_156' title='bbox 764 2282 1031 2349; x_wconf 80' lang='lat' dir='ltr'><strong>vituperat</strong></span> <span class='ocrx_word' id='word_1_157' title='bbox 1087 2283 1360 2339; x_wconf 83' lang='lat' dir='ltr'><strong>Basilius:</strong></span> <span class='ocrx_word' id='word_1_158' title='bbox 1401 2284 1545 2354; x_wconf 87' lang='lat' dir='ltr'><strong>quod</strong></span> <span class='ocrx_word' id='word_1_159' title='bbox 1578 2284 1760 2353; x_wconf 83' lang='lat' dir='ltr'><strong>Pater,</strong></span> 
     </span>
    </p>
   </div>
   <div class='ocr_carea' id='block_1_23' title="bbox 202 2372 1765 2443">
    <p class='ocr_par' dir='ltr' id='par_1_23' title="bbox 202 2372 1765 2443">
     <span class='ocr_line' id='line_1_23' title="bbox 202 2372 1765 2443; baseline -0.001 -14"><span class='ocrx_word' id='word_1_160' title='bbox 202 2391 269 2429; x_wconf 91' lang='lat' dir='ltr'><strong>ne</strong></span> <span class='ocrx_word' id='word_1_161' title='bbox 316 2383 584 2443; x_wconf 87' lang='lat' dir='ltr'><strong>quatenus</strong></span> <span class='ocrx_word' id='word_1_162' title='bbox 624 2372 839 2441; x_wconf 85' lang='lat' dir='ltr'><strong>quidem</strong></span> <span class='ocrx_word' id='word_1_163' title='bbox 887 2373 1203 2442; x_wconf 79' lang='lat' dir='ltr'><strong>principium</strong></span> <span class='ocrx_word' id='word_1_164' title='bbox 1247 2382 1330 2428; x_wconf 90' lang='lat' dir='ltr'><strong>est</strong></span> <span class='ocrx_word' id='word_1_165' title='bbox 1357 2414 1372 2438; x_wconf 96' lang='lat'><strong>,</strong></span> <span class='ocrx_word' id='word_1_166' title='bbox 1410 2374 1546 2428; x_wconf 85' lang='lat' dir='ltr'><strong>Filio</strong></span> <span class='ocrx_word' id='word_1_167' title='bbox 1596 2373 1765 2441; x_wconf 86' lang='lat' dir='ltr'><strong>major</strong></span> 
     </span>
    </p>
   </div>
   <div class='ocr_carea' id='block_1_24' title="bbox 200 2464 1759 2535">
    <p class='ocr_par' dir='ltr' id='par_1_24' title="bbox 200 2464 1759 2535">
     <span class='ocr_line' id='line_1_24' title="bbox 200 2464 1759 2535; baseline -0.003 -15"><span class='ocrx_word' id='word_1_168' title='bbox 200 2481 321 2520; x_wconf 88' lang='lat' dir='ltr'><strong>esse</strong></span> <span class='ocrx_word' id='word_1_169' title='bbox 354 2466 585 2519; x_wconf 89' lang='lat' dir='ltr'><strong>dicatur.</strong></span> <span class='ocrx_word' id='word_1_170' title='bbox 625 2464 727 2518; x_wconf 86' lang='lat' dir='ltr'><strong>Sed</strong></span> <span class='ocrx_word' id='word_1_171' title='bbox 761 2466 841 2519; x_wconf 72' lang='lat' dir='ltr'><strong>ba:</strong></span> <span class='ocrx_word' id='word_1_172' title='bbox 866 2466 1101 2519; x_wconf 86' lang='lat' dir='ltr'><strong>rationes</strong></span> <span class='ocrx_word' id='word_1_173' title='bbox 1135 2481 1241 2518; x_wconf 92' lang='lat' dir='ltr'><strong>non</strong></span> <span class='ocrx_word' id='word_1_174' title='bbox 1267 2467 1445 2535; x_wconf 73' lang='lat' dir='ltr'><strong>magni</strong></span> <span class='ocrx_word' id='word_1_175' title='bbox 1477 2465 1759 2529; x_wconf 86' lang='lat' dir='ltr'><strong>momenti;</strong></span> 
     </span>
    </p>
   </div>
   <div class='ocr_carea' id='block_1_25' title="bbox 201 2556 1763 2627">
    <p class='ocr_par' dir='ltr' id='par_1_25' title="bbox 201 2556 1763 2627">
     <span class='ocr_line' id='line_1_25' title="bbox 201 2556 1763 2627; baseline 0 -16"><span class='ocrx_word' id='word_1_176' title='bbox 201 2558 289 2611; x_wconf 84' lang='lat' dir='ltr'><strong>illa</strong></span> <span class='ocrx_word' id='word_1_177' title='bbox 324 2558 627 2626; x_wconf 51' lang='lat' dir='ltr'><strong>praesertim</strong></span> <span class='ocrx_word' id='word_1_178' title='bbox 660 2558 882 2612; x_wconf 88' lang='lat' dir='ltr'><strong>minimc</strong></span> <span class='ocrx_word' id='word_1_179' title='bbox 924 2558 1217 2627; x_wconf 86' lang='lat' dir='ltr'><strong>probanda,</strong></span> <span class='ocrx_word' id='word_1_180' title='bbox 1246 2572 1405 2625; x_wconf 85' lang='lat' dir='ltr'><strong>quam</strong></span> <span class='ocrx_word' id='word_1_181' title='bbox 1440 2557 1612 2625; x_wconf 91' lang='lat' dir='ltr'><strong>primo</strong></span> <span class='ocrx_word' id='word_1_182' title='bbox 1649 2556 1763 2611; x_wconf 89' lang='lat' dir='ltr'><strong>loco</strong></span> 
     </span>
    </p>
   </div>
   <div class='ocr_carea' id='block_1_26' title="bbox 204 2646 1761 2717">
    <p class='ocr_par' dir='ltr' id='par_1_26' title="bbox 204 2646 1761 2717">
     <span class='ocr_line' id='line_1_26' title="bbox 204 2646 1761 2717; baseline -0.002 -14"><span class='ocrx_word' id='word_1_183' title='bbox 204 2650 381 2703; x_wconf 90' lang='lat' dir='ltr'><strong>retuli.</strong></span> <span class='ocrx_word' id='word_1_184' title='bbox 412 2649 525 2703; x_wconf 79' lang='lat' dir='ltr'><strong>Etsi</strong></span> <span class='ocrx_word' id='word_1_185' title='bbox 554 2651 694 2705; x_wconf 88' lang='lat' dir='ltr'><strong>enim</strong></span> <span class='ocrx_word' id='word_1_186' title='bbox 719 2650 948 2703; x_wconf 85' lang='lat' dir='ltr'><strong>Basilius</strong></span> <span class='ocrx_word' id='word_1_187' title='bbox 976 2648 1067 2701; x_wconf 89' lang='lat' dir='ltr'><strong>Dei</strong></span> <span class='ocrx_word' id='word_1_188' title='bbox 1102 2648 1312 2701; x_wconf 90' lang='lat' dir='ltr'><strong>titulum</strong></span> <span class='ocrx_word' id='word_1_189' title='bbox 1346 2648 1613 2702; x_wconf 87' lang='lat' dir='ltr'><strong>interdum</strong></span> <span class='ocrx_word' id='word_1_190' title='bbox 1643 2646 1761 2717; x_wconf 86' lang='lat' dir='ltr'><strong>Spi-</strong></span> 
     </span>
    </p>
   </div>
   <div class='ocr_carea' id='block_1_27' title="bbox 202 2742 1765 2811">
    <p class='ocr_par' dir='ltr' id='par_1_27' title="bbox 202 2742 1765 2811">
     <span class='ocr_line' id='line_1_27' title="bbox 202 2742 1765 2811; baseline -0.001 -15"><span class='ocrx_word' id='word_1_191' title='bbox 202 2744 329 2796; x_wconf 90' lang='lat' dir='ltr'><strong>ritui</strong></span> <span class='ocrx_word' id='word_1_192' title='bbox 382 2760 488 2796; x_wconf 89' lang='lat' dir='ltr'><strong>non</strong></span> <span class='ocrx_word' id='word_1_193' title='bbox 542 2742 829 2805; x_wconf 86' lang='lat' dir='ltr'><strong>tribuebat,</strong></span> <span class='ocrx_word' id='word_1_194' title='bbox 872 2743 925 2794; x_wconf 92' lang='lat' dir='ltr'><strong>in</strong></span> <span class='ocrx_word' id='word_1_195' title='bbox 979 2742 1078 2795; x_wconf 87' lang='lat' dir='ltr'><strong>hoc</strong></span> <span class='ocrx_word' id='word_1_196' title='bbox 1126 2751 1302 2795; x_wconf 90' lang='lat' dir='ltr'><strong>tamen</strong></span> <span class='ocrx_word' id='word_1_197' title='bbox 1347 2749 1765 2811; x_wconf 90' lang='lat' dir='ltr'><strong>temperamento</strong></span> 
     </span>
    </p>
   </div>
   <div class='ocr_carea' id='block_1_28' title="bbox 203 2832 1767 2903">
    <p class='ocr_par' dir='ltr' id='par_1_28' title="bbox 203 2832 1767 2903">
     <span class='ocr_line' id='line_1_28' title="bbox 203 2832 1767 2903; baseline -0.002 -15"><span class='ocrx_word' id='word_1_198' title='bbox 203 2851 307 2888; x_wconf 91' lang='lat' dir='ltr'><strong>non</strong></span> <span class='ocrx_word' id='word_1_199' title='bbox 333 2835 632 2902; x_wconf 84' lang='lat' dir='ltr'><strong>perstabat,</strong></span> <span class='ocrx_word' id='word_1_200' title='bbox 676 2834 768 2888; x_wconf 83' lang='lat' dir='ltr'><strong>sed</strong></span> <span class='ocrx_word' id='word_1_201' title='bbox 804 2833 1017 2903; x_wconf 88' lang='lat' dir='ltr'><strong>publice</strong></span> <span class='ocrx_word' id='word_1_202' title='bbox 1044 2850 1106 2889; x_wconf 93' lang='lat' dir='ltr'><strong>ac</strong></span> <span class='ocrx_word' id='word_1_203' title='bbox 1149 2834 1421 2903; x_wconf 85' lang='lat' dir='ltr'><strong>privatim,</strong></span> <span class='ocrx_word' id='word_1_204' title='bbox 1467 2842 1601 2887; x_wconf 79' lang='lat' dir='ltr'><strong>teste</strong></span> <span class='ocrx_word' id='word_1_205' title='bbox 1637 2832 1767 2887; x_wconf 80' lang='lat' dir='ltr'><strong>Gre-</strong></span> 
     </span>
    </p>
   </div>
   <div class='ocr_carea' id='block_1_29' title="bbox 203 2923 1752 2993">
    <p class='ocr_par' dir='ltr' id='par_1_29' title="bbox 203 2923 1752 2993">
     <span class='ocr_line' id='line_1_29' title="bbox 203 2923 1752 2993; baseline 0 -16"><span class='ocrx_word' id='word_1_206' title='bbox 203 2925 356 2993; x_wconf 82' lang='lat' dir='ltr'><strong>gorio</strong></span> <span class='ocrx_word' id='word_1_207' title='bbox 409 2923 771 2989; x_wconf 77' lang='lat' dir='ltr'><strong>Nazianzeno,</strong></span> <span class='ocrx_word' id='word_1_208' title='bbox 828 2924 1085 2993; x_wconf 89' lang='lat' dir='ltr'><strong>Spiritum</strong></span> <span class='ocrx_word' id='word_1_209' title='bbox 1145 2934 1388 2977; x_wconf 90' lang='lat' dir='ltr'><strong>sanctum</strong></span> <span class='ocrx_word' id='word_1_210' title='bbox 1448 2923 1752 2993; x_wconf 86' lang='lat' dir='ltr'><strong>appellabat</strong></span> 
     </span>
    </p>
   </div>
   <div class='ocr_carea' id='block_1_30' title="bbox 204 3015 1762 3084">
    <p class='ocr_par' dir='ltr' id='par_1_30' title="bbox 204 3015 1762 3084">
     <span class='ocr_line' id='line_1_30' title="bbox 204 3015 1762 3084; baseline -0.003 -13"><span class='ocrx_word' id='word_1_211' title='bbox 204 3018 395 3082; x_wconf 89' lang='lat' dir='ltr'><strong>Deum,</strong></span> <span class='ocrx_word' id='word_1_212' title='bbox 422 3016 510 3070; x_wconf 88' lang='lat' dir='ltr'><strong>ubi</strong></span> <span class='ocrx_word' id='word_1_213' title='bbox 548 3026 755 3084; x_wconf 83' lang='lat' dir='ltr'><strong>tempus</strong></span> <span class='ocrx_word' id='word_1_214' title='bbox 803 3025 855 3070; x_wconf 91' lang='lat' dir='ltr'><strong>ct</strong></span> <span class='ocrx_word' id='word_1_215' title='bbox 898 3015 1070 3069; x_wconf 89' lang='lat' dir='ltr'><strong>locum</strong></span> <span class='ocrx_word' id='word_1_216' title='bbox 1101 3016 1165 3067; x_wconf 90' lang='lat' dir='ltr'><strong>ad</strong></span> <span class='ocrx_word' id='word_1_217' title='bbox 1199 3031 1316 3067; x_wconf 89' lang='lat' dir='ltr'><strong>eam</strong></span> <span class='ocrx_word' id='word_1_218' title='bbox 1355 3030 1467 3069; x_wconf 93' lang='lat' dir='ltr'><strong>rem</strong></span> <span class='ocrx_word' id='word_1_219' title='bbox 1515 3016 1762 3068; x_wconf 90' lang='lat' dir='ltr'><strong>idoneum</strong></span> 
     </span>
    </p>
   </div>
   <div class='ocr_carea' id='block_1_31' title="bbox 200 3105 1765 3172">
    <p class='ocr_par' dir='ltr' id='par_1_31' title="bbox 200 3105 1765 3172">
     <span class='ocr_line' id='line_1_31' title="bbox 200 3105 1765 3172; baseline -0.003 -11"><span class='ocrx_word' id='word_1_220' title='bbox 200 3118 393 3161; x_wconf 85' lang='lat' dir='ltr'><strong>nactus</strong></span> <span class='ocrx_word' id='word_1_221' title='bbox 415 3118 553 3159; x_wconf 88' lang='lat' dir='ltr'><strong>erat.</strong></span> <span class='ocrx_word' id='word_1_222' title='bbox 584 3107 888 3172; x_wconf 84' lang='lat' dir='ltr'><strong>Quinetiam</strong></span> <span class='ocrx_word' id='word_1_223' title='bbox 934 3106 1032 3157; x_wconf 90' lang='lat' dir='ltr'><strong>hac</strong></span> <span class='ocrx_word' id='word_1_224' title='bbox 1063 3105 1361 3159; x_wconf 63' lang='lat' dir='ltr'><strong>oeconomia</strong></span> <span class='ocrx_word' id='word_1_225' title='bbox 1406 3113 1518 3158; x_wconf 90' lang='lat' dir='ltr'><strong>tum</strong></span> <span class='ocrx_word' id='word_1_226' title='bbox 1550 3105 1765 3159; x_wconf 72' lang='lat' dir='ltr'><strong>demum</strong></span> 
     </span>
    </p>
   </div>
   <div class='ocr_carea' id='block_1_32' title="bbox 199 3196 1836 3297">
    <p class='ocr_par' dir='ltr' id='par_1_32' title="bbox 199 3196 1836 3297">
     <span class='ocr_line' id='line_1_32' title="bbox 199 3196 1836 3297; baseline -0.001 -46"><span class='ocrx_word' id='word_1_227' title='bbox 199 3201 273 3251; x_wconf 92' lang='lat' dir='ltr'><strong>uti</strong></span> <span class='ocrx_word' id='word_1_228' title='bbox 303 3200 489 3266; x_wconf 69' lang='lat' dir='ltr'><strong>caspit,</strong></span> <span class='ocrx_word' id='word_1_229' title='bbox 513 3212 632 3248; x_wconf 87' lang='lat' dir='ltr'><strong>cum</strong></span> <span class='ocrx_word' id='word_1_230' title='bbox 663 3196 834 3248; x_wconf 83' lang='lat' dir='ltr'><strong>factus</strong></span> <span class='ocrx_word' id='word_1_231' title='bbox 881 3204 965 3249; x_wconf 90' lang='lat' dir='ltr'><strong>est</strong></span> <span class='ocrx_word' id='word_1_232' title='bbox 988 3198 1293 3265; x_wconf 88' lang='lat' dir='ltr'><strong>episcopus,</strong></span> <span class='ocrx_word' id='word_1_233' title='bbox 1316 3212 1377 3250; x_wconf 91' lang='lat' dir='ltr'><strong>ac</strong></span> <span class='ocrx_word' id='word_1_234' title='bbox 1412 3197 1633 3265; x_wconf 88' lang='lat' dir='ltr'><strong>proinde</strong></span> <span class='ocrx_word' id='word_1_235' title='bbox 1657 3198 1766 3265; x_wconf 88' lang='lat' dir='ltr'><strong>plu-</strong></span> <span class='ocrx_word' id='word_1_236' title='bbox 1791 3236 1836 3297; x_wconf 66' lang='grc' dir='ltr'><strong>Ο</strong></span> 
     </span>
    </p>
   </div>
   <div class='ocr_carea' id='block_1_33' title="bbox 199 3284 1765 3355">
    <p class='ocr_par' dir='ltr' id='par_1_33' title="bbox 199 3284 1765 3355">
     <span class='ocr_line' id='line_1_33' title="bbox 199 3284 1765 3355; baseline 0.002 -17"><span class='ocrx_word' id='word_1_237' title='bbox 199 3288 349 3339; x_wconf 86' lang='lat' dir='ltr'><strong>ribus</strong></span> <span class='ocrx_word' id='word_1_238' title='bbox 379 3286 539 3337; x_wconf 86' lang='lat' dir='ltr'><strong>annis</strong></span> <span class='ocrx_word' id='word_1_239' title='bbox 570 3295 688 3352; x_wconf 88' lang='lat' dir='ltr'><strong>post</strong></span> <span class='ocrx_word' id='word_1_240' title='bbox 715 3284 944 3355; x_wconf 88' lang='lat' dir='ltr'><strong>scriptos</strong></span> <span class='ocrx_word' id='word_1_241' title='bbox 972 3286 1029 3339; x_wconf 87' lang='lat' dir='ltr'><strong>in</strong></span> <span class='ocrx_word' id='word_1_242' title='bbox 1063 3286 1380 3339; x_wconf 86' lang='lat' dir='ltr'><strong>Eunomium</strong></span> <span class='ocrx_word' id='word_1_243' title='bbox 1415 3287 1599 3340; x_wconf 88' lang='lat' dir='ltr'><strong>libros.</strong></span> <span class='ocrx_word' id='word_1_244' title='bbox 1631 3288 1765 3342; x_wconf 89' lang='lat' dir='ltr'><strong>Hinc</strong></span> 
     </span>
    </p>
   </div>
   <div class='ocr_carea' id='block_1_34' title="bbox 198 3376 1764 3449">
    <p class='ocr_par' dir='ltr' id='par_1_34' title="bbox 198 3376 1764 3449">
     <span class='ocr_line' id='line_1_34' title="bbox 198 3376 1764 3449; baseline 0.002 -19"><span class='ocrx_word' id='word_1_245' title='bbox 198 3379 251 3430; x_wconf 91' lang='lat' dir='ltr'><strong>in</strong></span> <span class='ocrx_word' id='word_1_246' title='bbox 282 3376 514 3445; x_wconf 88' lang='lat' dir='ltr'><strong>epistola</strong></span> <span class='ocrx_word' id='word_1_247' title='bbox 540 3385 749 3444; x_wconf 86' lang='lat' dir='ltr'><strong>octava,</strong></span> <span class='ocrx_word' id='word_1_248' title='bbox 778 3376 1035 3446; x_wconf 88' lang='lat' dir='ltr'><strong>Spiritum</strong></span> <span class='ocrx_word' id='word_1_249' title='bbox 1063 3387 1304 3432; x_wconf 88' lang='lat' dir='ltr'><strong>sanctum</strong></span> <span class='ocrx_word' id='word_1_250' title='bbox 1324 3379 1555 3449; x_wconf 89' lang='lat' dir='ltr'><strong>appellat</strong></span> <span class='ocrx_word' id='word_1_251' title='bbox 1576 3378 1764 3433; x_wconf 83' lang='lat' dir='ltr'><strong>Deum.</strong></span> 
     </span>
    </p>
   </div>
   <div class='ocr_carea' id='block_1_35' title="bbox 198 3468 1766 3537">
    <p class='ocr_par' dir='ltr' id='par_1_35' title="bbox 198 3468 1766 3537">
     <span class='ocr_line' id='line_1_35' title="bbox 198 3468 1766 3537; baseline 0.002 -14"><span class='ocrx_word' id='word_1_252' title='bbox 198 3470 353 3537; x_wconf 86' lang='lat' dir='ltr'><strong>Quod</strong></span> <span class='ocrx_word' id='word_1_253' title='bbox 391 3469 437 3523; x_wconf 91' lang='lat' dir='ltr'><strong>si</strong></span> <span class='ocrx_word' id='word_1_254' title='bbox 495 3469 548 3522; x_wconf 89' lang='lat' dir='ltr'><strong>in</strong></span> <span class='ocrx_word' id='word_1_255' title='bbox 597 3468 732 3523; x_wconf 88' lang='lat' dir='ltr'><strong>libro</strong></span> <span class='ocrx_word' id='word_1_256' title='bbox 780 3470 940 3523; x_wconf 90' lang='lat' dir='ltr'><strong>tertio</strong></span> <span class='ocrx_word' id='word_1_257' title='bbox 990 3471 1236 3523; x_wconf 66' lang='lat' dir='ltr'><strong>adversus</strong></span> <span class='ocrx_word' id='word_1_258' title='bbox 1302 3470 1618 3525; x_wconf 85' lang='lat' dir='ltr'><strong>Eunomium</strong></span> <span class='ocrx_word' id='word_1_259' title='bbox 1662 3487 1766 3526; x_wconf 92' lang='lat' dir='ltr'><strong>non</strong></span> 
     </span>
    </p>
   </div>
   <div class='ocr_carea' id='block_1_36' title="bbox 201 3560 1767 3630">
    <p class='ocr_par' dir='ltr' id='par_1_36' title="bbox 201 3560 1767 3630">
     <span class='ocr_line' id='line_1_36' title="bbox 201 3560 1767 3630; baseline 0.003 -17"><span class='ocrx_word' id='word_1_260' title='bbox 201 3572 306 3614; x_wconf 89' lang='lat' dir='ltr'><strong>tam</strong></span> <span class='ocrx_word' id='word_1_261' title='bbox 332 3561 611 3630; x_wconf 80' lang='lat' dir='ltr'><strong>conceptis</strong></span> <span class='ocrx_word' id='word_1_262' title='bbox 649 3560 827 3613; x_wconf 78' lang='lat' dir='ltr'><strong>verbis</strong></span> <span class='ocrx_word' id='word_1_263' title='bbox 870 3562 1012 3615; x_wconf 90' lang='lat' dir='ltr'><strong>hunc</strong></span> <span class='ocrx_word' id='word_1_264' title='bbox 1066 3561 1276 3615; x_wconf 90' lang='lat' dir='ltr'><strong>titulum</strong></span> <span class='ocrx_word' id='word_1_265' title='bbox 1311 3562 1534 3630; x_wconf 89' lang='lat' dir='ltr'><strong>Spiritui</strong></span> <span class='ocrx_word' id='word_1_266' title='bbox 1579 3572 1767 3617; x_wconf 86' lang='lat' dir='ltr'><strong>sancto</strong></span> 
     </span>
    </p>
   </div>
   <div class='ocr_carea' id='block_1_37' title="bbox 199 3650 1765 3717">
    <p class='ocr_par' dir='ltr' id='par_1_37' title="bbox 199 3650 1765 3717">
     <span class='ocr_line' id='line_1_37' title="bbox 199 3650 1765 3717; baseline 0.002 -12"><span class='ocrx_word' id='word_1_267' title='bbox 199 3654 425 3714; x_wconf 89' lang='lat' dir='ltr'><strong>tribuit,</strong></span> <span class='ocrx_word' id='word_1_268' title='bbox 488 3666 593 3704; x_wconf 91' lang='lat' dir='ltr'><strong>non</strong></span> <span class='ocrx_word' id='word_1_269' title='bbox 635 3652 850 3703; x_wconf 84' lang='lat' dir='ltr'><strong>videtur</strong></span> <span class='ocrx_word' id='word_1_270' title='bbox 908 3650 961 3702; x_wconf 79' lang='lat' dir='ltr'><strong>iil</strong></span> <span class='ocrx_word' id='word_1_271' title='bbox 994 3651 1059 3703; x_wconf 90' lang='lat' dir='ltr'><strong>de</strong></span> <span class='ocrx_word' id='word_1_272' title='bbox 1117 3652 1381 3704; x_wconf 88' lang='lat' dir='ltr'><strong>industria</strong></span> <span class='ocrx_word' id='word_1_273' title='bbox 1408 3652 1643 3717; x_wconf 85' lang='lat' dir='ltr'><strong>cavisse,</strong></span> <span class='ocrx_word' id='word_1_274' title='bbox 1671 3654 1765 3707; x_wconf 84' lang='lat' dir='ltr'><strong>sed</strong></span> 
     </span>
    </p>
   </div>
   <div class='ocr_carea' id='block_1_38' title="bbox 198 3739 1769 3812">
    <p class='ocr_par' dir='ltr' id='par_1_38' title="bbox 198 3739 1769 3812">
     <span class='ocr_line' id='line_1_38' title="bbox 198 3739 1769 3812; baseline 0.003 -19"><span class='ocrx_word' id='word_1_275' title='bbox 198 3745 327 3812; x_wconf 84' lang='lat' dir='ltr'><strong>quia</strong></span> <span class='ocrx_word' id='word_1_276' title='bbox 363 3739 738 3795; x_wconf 84' lang='lat' dir='ltr'><strong>cavillationes</strong></span> <span class='ocrx_word' id='word_1_277' title='bbox 781 3740 1028 3793; x_wconf 84' lang='lat' dir='ltr'><strong>Eunomii</strong></span> <span class='ocrx_word' id='word_1_278' title='bbox 1053 3754 1157 3793; x_wconf 89' lang='lat' dir='ltr'><strong>non</strong></span> <span class='ocrx_word' id='word_1_279' title='bbox 1184 3741 1232 3794; x_wconf 92' lang='lat' dir='ltr'><strong>ei</strong></span> <span class='ocrx_word' id='word_1_280' title='bbox 1266 3742 1603 3797; x_wconf 89' lang='lat' dir='ltr'><strong>occasionem</strong></span> <span class='ocrx_word' id='word_1_281' title='bbox 1633 3754 1769 3798; x_wconf 88' lang='lat' dir='ltr'><strong>attu-</strong></span> 
     </span>
    </p>
   </div>
   <div class='ocr_carea' id='block_1_39' title="bbox 205 3831 1767 3901">
    <p class='ocr_par' dir='ltr' id='par_1_39' title="bbox 205 3831 1767 3901">
     <span class='ocr_line' id='line_1_39' title="bbox 205 3831 1767 3901; baseline 0.001 -12"><span class='ocrx_word' id='word_1_282' title='bbox 205 3837 386 3889; x_wconf 88' lang='lat' dir='ltr'><strong>lerunt</strong></span> <span class='ocrx_word' id='word_1_283' title='bbox 416 3831 576 3899; x_wconf 85' lang='lat' dir='ltr'><strong>hujus</strong></span> <span class='ocrx_word' id='word_1_284' title='bbox 598 3832 743 3885; x_wconf 88' lang='lat' dir='ltr'><strong>vocis</strong></span> <span class='ocrx_word' id='word_1_285' title='bbox 771 3831 822 3885; x_wconf 92' lang='lat' dir='ltr'><strong>in</strong></span> <span class='ocrx_word' id='word_1_286' title='bbox 848 3842 956 3887; x_wconf 91' lang='lat' dir='ltr'><strong>tam</strong></span> <span class='ocrx_word' id='word_1_287' title='bbox 986 3832 1133 3887; x_wconf 89' lang='lat' dir='ltr'><strong>brevi</strong></span> <span class='ocrx_word' id='word_1_288' title='bbox 1159 3835 1579 3901; x_wconf 86' lang='lat' dir='ltr'><strong>pertractatione</strong></span> <span class='ocrx_word' id='word_1_289' title='bbox 1610 3852 1767 3891; x_wconf 89' lang='lat' dir='ltr'><strong>usur-</strong></span> 
     </span>
    </p>
   </div>
   <div class='ocr_carea' id='block_1_40' title="bbox 197 3922 1767 3996">
    <p class='ocr_par' dir='ltr' id='par_1_40' title="bbox 197 3922 1767 3996">
     <span class='ocr_line' id='line_1_40' title="bbox 197 3922 1767 3996; baseline 0.004 -20"><span class='ocrx_word' id='word_1_290' title='bbox 197 3926 406 3994; x_wconf 72' lang='lat' dir='ltr'><strong>pandze.</strong></span> <span class='ocrx_word' id='word_1_291' title='bbox 452 3922 767 3991; x_wconf 88' lang='lat' dir='ltr'><strong>Quanquam</strong></span> <span class='ocrx_word' id='word_1_292' title='bbox 818 3937 936 3976; x_wconf 90' lang='lat' dir='ltr'><strong>eam</strong></span> <span class='ocrx_word' id='word_1_293' title='bbox 982 3937 1087 3978; x_wconf 90' lang='lat' dir='ltr'><strong>non</strong></span> <span class='ocrx_word' id='word_1_294' title='bbox 1134 3924 1362 3981; x_wconf 89' lang='lat' dir='ltr'><strong>obscure</strong></span> <span class='ocrx_word' id='word_1_295' title='bbox 1408 3938 1655 3996; x_wconf 86' lang='lat' dir='ltr'><strong>usurpat,</strong></span> <span class='ocrx_word' id='word_1_296' title='bbox 1708 3938 1767 3983; x_wconf 92' lang='lat' dir='ltr'><strong>ut</strong></span> 
     </span>
    </p>
   </div>
   <div class='ocr_carea' id='block_1_41' title="bbox 199 4013 1769 4089">
    <p class='ocr_par' dir='ltr' id='par_1_41' title="bbox 199 4013 1769 4089">
     <span class='ocr_line' id='line_1_41' title="bbox 199 4013 1769 4089; baseline 0.004 -22"><span class='ocrx_word' id='word_1_297' title='bbox 199 4023 349 4083; x_wconf 87' lang='lat' dir='ltr'><strong>patet</strong></span> <span class='ocrx_word' id='word_1_298' title='bbox 401 4029 469 4066; x_wconf 70' lang='lat' dir='ltr'><strong>ea</strong></span> <span class='ocrx_word' id='word_1_299' title='bbox 520 4013 623 4067; x_wconf 89' lang='lat' dir='ltr'><strong>hoc</strong></span> <span class='ocrx_word' id='word_1_300' title='bbox 661 4013 967 4067; x_wconf 89' lang='lat' dir='ltr'><strong>testimonio</strong></span> <span class='ocrx_word' id='word_1_301' title='bbox 1021 4032 1034 4069; x_wconf 92' lang='lat'><strong>:</strong></span> <span class='ocrx_word' id='word_1_302' title='bbox 1074 4013 1265 4083; x_wconf 79' lang='lat' dir='ltr'><strong>Itaque</strong></span> <span class='ocrx_word' id='word_1_303' title='bbox 1305 4019 1353 4070; x_wconf 83' lang='lat' dir='ltr'><strong>si</strong></span> <span class='ocrx_word' id='word_1_304' title='bbox 1396 4016 1553 4083; x_wconf 88' lang='lat' dir='ltr'><strong>Deus,</strong></span> <span class='ocrx_word' id='word_1_305' title='bbox 1594 4019 1769 4089; x_wconf 90' lang='lat' dir='ltr'><strong>inquit</strong></span> 
     </span>
    </p>
   </div>
   <div class='ocr_carea' id='block_1_42' title="bbox 196 4102 1765 4173">
    <p class='ocr_par' dir='ltr' id='par_1_42' title="bbox 196 4102 1765 4173">
     <span class='ocr_line' id='line_1_42' title="bbox 196 4102 1765 4173; baseline 0.002 -16"><span class='ocrx_word' id='word_1_306' title='bbox 196 4110 274 4173; x_wconf 85' lang='lat' dir='ltr'><strong>(p.</strong></span> <span class='ocrx_word' id='word_1_307' title='bbox 325 4102 482 4168; x_wconf 80' lang='lat'><strong>276),</strong></span> <span class='ocrx_word' id='word_1_308' title='bbox 518 4105 573 4155; x_wconf 90' lang='lat' dir='ltr'><strong>in</strong></span> <span class='ocrx_word' id='word_1_309' title='bbox 618 4104 762 4157; x_wconf 87' lang='lat' dir='ltr'><strong>nobis</strong></span> <span class='ocrx_word' id='word_1_310' title='bbox 806 4121 896 4173; x_wconf 89' lang='lat' dir='ltr'><strong>per</strong></span> <span class='ocrx_word' id='word_1_311' title='bbox 949 4104 1210 4172; x_wconf 88' lang='lat' dir='ltr'><strong>Spiritunt</strong></span> <span class='ocrx_word' id='word_1_312' title='bbox 1267 4107 1503 4161; x_wconf 78' lang='lat' dir='ltr'><strong>habitare</strong></span> <span class='ocrx_word' id='word_1_313' title='bbox 1549 4109 1765 4173; x_wconf 87' lang='lat' dir='ltr'><strong>dicitur,</strong></span> 
     </span>
    </p>
   </div>
   <div class='ocr_carea' id='block_1_43' title="bbox 196 4196 1766 4265">
    <p class='ocr_par' dir='ltr' id='par_1_43' title="bbox 196 4196 1766 4265">
     <span class='ocr_line' id='line_1_43' title="bbox 196 4196 1766 4265; baseline 0.005 -18"><span class='ocrx_word' id='word_1_314' title='bbox 196 4210 369 4248; x_wconf 86' lang='lat' dir='ltr'><strong>nonne</strong></span> <span class='ocrx_word' id='word_1_315' title='bbox 406 4196 687 4260; x_wconf 82' lang='lat' dir='ltr'><strong>manifesta</strong></span> <span class='ocrx_word' id='word_1_316' title='bbox 721 4196 956 4264; x_wconf 74' lang='lat' dir='ltr'><strong>impietas</strong></span> <span class='ocrx_word' id='word_1_317' title='bbox 987 4206 1084 4262; x_wconf 88' lang='lat' dir='ltr'><strong>est,</strong></span> <span class='ocrx_word' id='word_1_318' title='bbox 1117 4197 1282 4263; x_wconf 81' lang='lat' dir='ltr'><strong>ipsum</strong></span> <span class='ocrx_word' id='word_1_319' title='bbox 1315 4196 1563 4265; x_wconf 83' lang='lat' dir='ltr'><strong>Spiritum</strong></span> <span class='ocrx_word' id='word_1_320' title='bbox 1597 4202 1766 4255; x_wconf 79' lang='lat' dir='ltr'><strong>dicere</strong></span> 
     </span>
    </p>
   </div>
   <div class='ocr_carea' id='block_1_44' title="bbox 196 4294 1765 4368">
    <p class='ocr_par' dir='ltr' id='par_1_44' title="bbox 196 4294 1765 4368">
     <span class='ocr_line' id='line_1_44' title="bbox 196 4294 1765 4368; baseline 0.002 -21"><span class='ocrx_word' id='word_1_321' title='bbox 196 4297 409 4350; x_wconf 87' lang='lat' dir='ltr'><strong>deitatis</strong></span> <span class='ocrx_word' id='word_1_322' title='bbox 429 4296 727 4348; x_wconf 70' lang='lat' dir='ltr'><strong>exsortem?</strong></span> <span class='ocrx_word' id='word_1_323' title='bbox 754 4294 843 4358; x_wconf 81' lang='lat' dir='ltr'><strong>Et,</strong></span> <span class='ocrx_word' id='word_1_324' title='bbox 872 4297 918 4349; x_wconf 90' lang='lat' dir='ltr'><strong>si</strong></span> <span class='ocrx_word' id='word_1_325' title='bbox 948 4313 1033 4350; x_wconf 92' lang='lat' dir='ltr'><strong>eos</strong></span> <span class='ocrx_word' id='word_1_326' title='bbox 1064 4297 1153 4365; x_wconf 87' lang='lat' dir='ltr'><strong>qui</strong></span> <span class='ocrx_word' id='word_1_327' title='bbox 1188 4297 1371 4349; x_wconf 85' lang='lat' dir='ltr'><strong>virtute</strong></span> <span class='ocrx_word' id='word_1_328' title='bbox 1395 4299 1607 4368; x_wconf 80' lang='lat' dir='ltr'><strong>perfecti</strong></span> <span class='ocrx_word' id='word_1_329' title='bbox 1626 4308 1765 4367; x_wconf 86' lang='lat' dir='ltr'><strong>sunt,</strong></span> 
     </span>
    </p>
   </div>
   <div class='ocr_carea' id='block_1_45' title="bbox 194 4387 1765 4458">
    <p class='ocr_par' dir='ltr' id='par_1_45' title="bbox 194 4387 1765 4458">
     <span class='ocr_line' id='line_1_45' title="bbox 194 4387 1765 4458; baseline 0.003 -20"><span class='ocrx_word' id='word_1_330' title='bbox 194 4390 316 4440; x_wconf 82' lang='lat' dir='ltr'><strong>deus</strong></span> <span class='ocrx_word' id='word_1_331' title='bbox 359 4387 715 4451; x_wconf 82' lang='lat' dir='ltr'><strong>nominamus,</strong></span> <span class='ocrx_word' id='word_1_332' title='bbox 748 4387 997 4453; x_wconf 79' lang='lat' dir='ltr'><strong>perfectio</strong></span> <span class='ocrx_word' id='word_1_333' title='bbox 1031 4399 1209 4441; x_wconf 87' lang='lat' dir='ltr'><strong>autem</strong></span> <span class='ocrx_word' id='word_1_334' title='bbox 1243 4397 1315 4441; x_wconf 86' lang='lat' dir='ltr'><strong>est</strong></span> <span class='ocrx_word' id='word_1_335' title='bbox 1346 4406 1437 4451; x_wconf 85' lang='lat' dir='ltr'><strong>per</strong></span> <span class='ocrx_word' id='word_1_336' title='bbox 1472 4390 1765 4458; x_wconf 86' lang='lat' dir='ltr'><strong>Spiritum;</strong></span> 
     </span>
    </p>
   </div>
   <div class='ocr_carea' id='block_1_46' title="bbox 193 4477 1765 4548">
    <p class='ocr_par' dir='ltr' id='par_1_46' title="bbox 193 4477 1765 4548">
     <span class='ocr_line' id='line_1_46' title="bbox 193 4477 1765 4548; baseline 0.004 -19"><span class='ocrx_word' id='word_1_337' title='bbox 193 4481 455 4545; x_wconf 82' lang='lat' dir='ltr'><strong>quomodo</strong></span> <span class='ocrx_word' id='word_1_338' title='bbox 500 4478 588 4545; x_wconf 84' lang='lat' dir='ltr'><strong>qui</strong></span> <span class='ocrx_word' id='word_1_339' title='bbox 626 4477 755 4529; x_wconf 87' lang='lat' dir='ltr'><strong>alios</strong></span> <span class='ocrx_word' id='word_1_340' title='bbox 794 4477 942 4536; x_wconf 77' lang='lat' dir='ltr'><strong>eﬂicit</strong></span> <span class='ocrx_word' id='word_1_341' title='bbox 996 4480 1140 4545; x_wconf 86' lang='lat' dir='ltr'><strong>deos,</strong></span> <span class='ocrx_word' id='word_1_342' title='bbox 1186 4480 1277 4533; x_wconf 87' lang='lat' dir='ltr'><strong>ille</strong></span> <span class='ocrx_word' id='word_1_343' title='bbox 1325 4481 1431 4548; x_wconf 87' lang='lat' dir='ltr'><strong>ipse</strong></span> <span class='ocrx_word' id='word_1_344' title='bbox 1486 4483 1765 4535; x_wconf 88' lang='lat' dir='ltr'><strong>destitutus</strong></span> 
     </span>
    </p>
   </div>
   <div class='ocr_carea' id='block_1_47' title="bbox 1856 633 3415 716">
    <p class='ocr_par' dir='ltr' id='par_1_47' title="bbox 1856 633 3415 716">
     <span class='ocr_line' id='line_1_47' title="bbox 1856 633 3415 716; baseline -0.007 -16"><span class='ocrx_word' id='word_1_345' title='bbox 1856 646 2156 716; x_wconf 84' lang='lat' dir='ltr'><strong>conjuncta,</strong></span> <span class='ocrx_word' id='word_1_346' title='bbox 2190 659 2305 697; x_wconf 87' lang='lat' dir='ltr'><strong>cum</strong></span> <span class='ocrx_word' id='word_1_347' title='bbox 2331 642 2492 695; x_wconf 89' lang='lat' dir='ltr'><strong>deitas</strong></span> <span class='ocrx_word' id='word_1_348' title='bbox 2530 640 2586 693; x_wconf 90' lang='lat' dir='ltr'><strong>in</strong></span> <span class='ocrx_word' id='word_1_349' title='bbox 2622 640 2873 693; x_wconf 84' lang='lat' dir='ltr'><strong>Trinitate</strong></span> <span class='ocrx_word' id='word_1_350' title='bbox 2903 636 3237 703; x_wconf 81' lang='lat' dir='ltr'><strong>compleatur.</strong></span> <span class='ocrx_word' id='word_1_351' title='bbox 3271 633 3415 689; x_wconf 85' lang='lat' dir='ltr'><strong>Nam</strong></span> 
     </span>
    </p>
   </div>
   <div class='ocr_carea' id='block_1_48' title="bbox 1856 729 3410 805">
    <p class='ocr_par' dir='ltr' id='par_1_48' title="bbox 1856 729 3410 805">
     <span class='ocr_line' id='line_1_48' title="bbox 1856 729 3410 805; baseline -0.008 -18"><span class='ocrx_word' id='word_1_352' title='bbox 1856 736 2108 805; x_wconf 74' lang='lat' dir='ltr'><strong>quidquid</strong></span> <span class='ocrx_word' id='word_1_353' title='bbox 2162 736 2318 786; x_wconf 74' lang='lat' dir='ltr'><strong>extra</strong></span> <span class='ocrx_word' id='word_1_354' title='bbox 2376 732 2468 783; x_wconf 79' lang='lat' dir='ltr'><strong>hos</strong></span> <span class='ocrx_word' id='word_1_355' title='bbox 2515 738 2625 793; x_wconf 89' lang='lat' dir='ltr'><strong>est,</strong></span> <span class='ocrx_word' id='word_1_356' title='bbox 2677 729 2733 782; x_wconf 89' lang='lat' dir='ltr'><strong>id</strong></span> <span class='ocrx_word' id='word_1_357' title='bbox 2782 743 2931 782; x_wconf 89' lang='lat' dir='ltr'><strong>omne</strong></span> <span class='ocrx_word' id='word_1_358' title='bbox 2966 741 3266 780; x_wconf 78' lang='lat' dir='ltr'><strong>conservum</strong></span> <span class='ocrx_word' id='word_1_359' title='bbox 3311 734 3410 787; x_wconf 86' lang='lat' dir='ltr'><strong>est,</strong></span> 
     </span>
    </p>
   </div>
   <div class='ocr_carea' id='block_1_49' title="bbox 1856 814 3411 890">
    <p class='ocr_par' dir='ltr' id='par_1_49' title="bbox 1856 814 3411 890">
     <span class='ocr_line' id='line_1_49' title="bbox 1856 814 3411 890; baseline -0.006 -11"><span class='ocrx_word' id='word_1_360' title='bbox 1856 825 2059 880; x_wconf 89' lang='lat' dir='ltr'><strong>etiamsi</strong></span> <span class='ocrx_word' id='word_1_361' title='bbox 2091 824 2312 877; x_wconf 76' lang='lat' dir='ltr'><strong>maxime</strong></span> <span class='ocrx_word' id='word_1_362' title='bbox 2338 821 2400 874; x_wconf 86' lang='lat' dir='ltr'><strong>ob</strong></span> <span class='ocrx_word' id='word_1_363' title='bbox 2429 822 2738 890; x_wconf 81' lang='lat' dir='ltr'><strong>dignitatum</strong></span> <span class='ocrx_word' id='word_1_364' title='bbox 2766 818 3119 887; x_wconf 76' lang='lat' dir='ltr'><strong>prmtantiam</strong></span> <span class='ocrx_word' id='word_1_365' title='bbox 3151 817 3259 869; x_wconf 84' lang='lat' dir='ltr'><strong>alia</strong></span> <span class='ocrx_word' id='word_1_366' title='bbox 3286 814 3411 869; x_wconf 84' lang='lat' dir='ltr'><strong>aliis</strong></span> 
     </span>
    </p>
   </div>
   <div class='ocr_carea' id='block_1_50' title="bbox 1858 908 3408 985">
    <p class='ocr_par' dir='ltr' id='par_1_50' title="bbox 1858 908 3408 985">
     <span class='ocr_line' id='line_1_50' title="bbox 1858 908 3408 985; baseline -0.006 -13"><span class='ocrx_word' id='word_1_367' title='bbox 1858 928 2262 985; x_wconf 87' lang='lat' dir='ltr'><strong>anteponantur.</strong></span> <span class='ocrx_word' id='word_1_368' title='bbox 2302 916 2452 982; x_wconf 88' lang='lat' dir='ltr'><strong>Quod</strong></span> <span class='ocrx_word' id='word_1_369' title='bbox 2488 915 2531 969; x_wconf 92' lang='lat' dir='ltr'><strong>si</strong></span> <span class='ocrx_word' id='word_1_370' title='bbox 2564 923 2750 967; x_wconf 83' lang='lat' dir='ltr'><strong>auctor</strong></span> <span class='ocrx_word' id='word_1_371' title='bbox 2778 910 2899 966; x_wconf 89' lang='lat' dir='ltr'><strong>libri</strong></span> <span class='ocrx_word' id='word_1_372' title='bbox 2934 911 3107 981; x_wconf 89' lang='lat' dir='ltr'><strong>quinti</strong></span> <span class='ocrx_word' id='word_1_373' title='bbox 3145 908 3408 978; x_wconf 83' lang='lat' dir='ltr'><strong>Spiritum</strong></span> 
     </span>
    </p>
   </div>
   <div class='ocr_carea' id='block_1_51' title="bbox 1859 1003 3412 1078">
    <p class='ocr_par' dir='ltr' id='par_1_51' title="bbox 1859 1003 3412 1078">
     <span class='ocr_line' id='line_1_51' title="bbox 1859 1003 3412 1078; baseline -0.008 -14"><span class='ocrx_word' id='word_1_374' title='bbox 1859 1011 1913 1064; x_wconf 89' lang='lat' dir='ltr'><strong>in</strong></span> <span class='ocrx_word' id='word_1_375' title='bbox 1961 1010 2261 1078; x_wconf 88' lang='lat' dir='ltr'><strong>Scripturis</strong></span> <span class='ocrx_word' id='word_1_376' title='bbox 2308 1009 2473 1062; x_wconf 88' lang='lat' dir='ltr'><strong>Deum</strong></span> <span class='ocrx_word' id='word_1_377' title='bbox 2524 1022 2584 1060; x_wconf 87' lang='lat' dir='ltr'><strong>ac</strong></span> <span class='ocrx_word' id='word_1_378' title='bbox 2632 1004 2911 1060; x_wconf 84' lang='lat' dir='ltr'><strong>Dominum</strong></span> <span class='ocrx_word' id='word_1_379' title='bbox 2959 1003 3139 1056; x_wconf 72' lang='lat' dir='ltr'><strong>vocari</strong></span> <span class='ocrx_word' id='word_1_380' title='bbox 3192 1011 3412 1055; x_wconf 80' lang='lat' dir='ltr'><strong>conten-</strong></span> 
     </span>
    </p>
   </div>
   <div class='ocr_carea' id='block_1_52' title="bbox 1860 1092 3413 1172">
    <p class='ocr_par' dir='ltr' id='par_1_52' title="bbox 1860 1092 3413 1172">
     <span class='ocr_line' id='line_1_52' title="bbox 1860 1092 3413 1172; baseline -0.007 -15"><span class='ocrx_word' id='word_1_381' title='bbox 1860 1104 1937 1157; x_wconf 90' lang='lat' dir='ltr'><strong>dit</strong></span> <span class='ocrx_word' id='word_1_382' title='bbox 1963 1101 2037 1172; x_wconf 93' lang='lat' dir='ltr'><strong>(p.</strong></span> <span class='ocrx_word' id='word_1_383' title='bbox 2069 1100 2213 1172; x_wconf 75' lang='grc'><strong>514),</strong></span> <span class='ocrx_word' id='word_1_384' title='bbox 2251 1101 2387 1153; x_wconf 82' lang='lat' dir='ltr'><strong>sicut</strong></span> <span class='ocrx_word' id='word_1_385' title='bbox 2422 1106 2470 1153; x_wconf 90' lang='lat' dir='ltr'><strong>et</strong></span> <span class='ocrx_word' id='word_1_386' title='bbox 2512 1097 2736 1152; x_wconf 81' lang='lat' dir='ltr'><strong>Verbum</strong></span> <span class='ocrx_word' id='word_1_387' title='bbox 2765 1136 2781 1161; x_wconf 89' lang='lat'><strong>,</strong></span> <span class='ocrx_word' id='word_1_388' title='bbox 2819 1109 3151 1165; x_wconf 84' lang='lat' dir='ltr'><strong>nequaquam</strong></span> <span class='ocrx_word' id='word_1_389' title='bbox 3182 1104 3259 1149; x_wconf 90' lang='lat' dir='ltr'><strong>tot</strong></span> <span class='ocrx_word' id='word_1_390' title='bbox 3282 1092 3413 1147; x_wconf 86' lang='lat' dir='ltr'><strong>locis</strong></span> 
     </span>
    </p>
   </div>
   <div class='ocr_carea' id='block_1_53' title="bbox 1862 1187 3415 1263">
    <p class='ocr_par' dir='ltr' id='par_1_53' title="bbox 1862 1187 3415 1263">
     <span class='ocr_line' id='line_1_53' title="bbox 1862 1187 3415 1263; baseline -0.005 -16"><span class='ocrx_word' id='word_1_391' title='bbox 1862 1204 2075 1263; x_wconf 81' lang='lat' dir='ltr'><strong>tamque</strong></span> <span class='ocrx_word' id='word_1_392' title='bbox 2126 1193 2429 1253; x_wconf 81' lang='lat' dir='ltr'><strong>manifeste,</strong></span> <span class='ocrx_word' id='word_1_393' title='bbox 2484 1193 2577 1246; x_wconf 88' lang='lat' dir='ltr'><strong>sed</strong></span> <span class='ocrx_word' id='word_1_394' title='bbox 2620 1191 2806 1245; x_wconf 88' lang='lat' dir='ltr'><strong>eodem</strong></span> <span class='ocrx_word' id='word_1_395' title='bbox 2850 1189 2973 1259; x_wconf 87' lang='lat' dir='ltr'><strong>jure</strong></span> <span class='ocrx_word' id='word_1_396' title='bbox 3023 1187 3307 1242; x_wconf 88' lang='lat' dir='ltr'><strong>Dominum</strong></span> <span class='ocrx_word' id='word_1_397' title='bbox 3352 1199 3415 1239; x_wconf 88' lang='lat' dir='ltr'><strong>ac</strong></span> 
     </span>
    </p>
   </div>
   <div class='ocr_carea' id='block_1_54' title="bbox 1858 1283 2487 1341">
    <p class='ocr_par' dir='ltr' id='par_1_54' title="bbox 1858 1283 2487 1341">
     <span class='ocr_line' id='line_1_54' title="bbox 1858 1283 2487 1341; baseline -0.006 0"><span class='ocrx_word' id='word_1_398' title='bbox 1858 1286 2023 1341; x_wconf 91' lang='lat' dir='ltr'><strong>Deum</strong></span> <span class='ocrx_word' id='word_1_399' title='bbox 2060 1286 2163 1339; x_wconf 90' lang='lat' dir='ltr'><strong>dici</strong></span> <span class='ocrx_word' id='word_1_400' title='bbox 2195 1283 2487 1339; x_wconf 89' lang='lat' dir='ltr'><strong>contendit.</strong></span> 
     </span>
    </p>
   </div>
   <div class='ocr_carea' id='block_1_55' title="bbox 1929 1367 3415 1446">
    <p class='ocr_par' dir='ltr' id='par_1_55' title="bbox 1929 1367 3415 1446">
     <span class='ocr_line' id='line_1_55' title="bbox 1929 1367 3415 1446; baseline -0.01 -15"><span class='ocrx_word' id='word_1_401' title='bbox 1929 1376 2117 1446; x_wconf 79' lang='lat' dir='ltr'><strong>Neque</strong></span> <span class='ocrx_word' id='word_1_402' title='bbox 2141 1376 2301 1430; x_wconf 90' lang='lat' dir='ltr'><strong>etiam</strong></span> <span class='ocrx_word' id='word_1_403' title='bbox 2324 1374 2555 1428; x_wconf 88' lang='lat' dir='ltr'><strong>validum</strong></span> <span class='ocrx_word' id='word_1_404' title='bbox 2583 1382 2956 1442; x_wconf 78' lang='lat' dir='ltr'><strong>argumentum</strong></span> <span class='ocrx_word' id='word_1_405' title='bbox 2986 1367 3287 1437; x_wconf 86' lang='lat' dir='ltr'><strong>suppeditat</strong></span> <span class='ocrx_word' id='word_1_406' title='bbox 3312 1379 3415 1417; x_wconf 83' lang='lat' dir='ltr'><strong>vox</strong></span> 
     </span>
    </p>
   </div>
   <div class='ocr_carea' id='block_1_56' title="bbox 1860 1457 3419 1540">
    <p class='ocr_par' dir='ltr' id='par_1_56' title="bbox 1860 1457 3419 1540">
     <span class='ocr_line' id='line_1_56' title="bbox 1860 1457 3419 1540; baseline -0.009 -18"><span class='ocrx_word' id='word_1_407' title='bbox 1860 1470 2124 1540; x_wconf 84' lang='grc' dir='ltr'><strong>γέννημα,</strong></span> <span class='ocrx_word' id='word_1_408' title='bbox 2175 1482 2294 1534; x_wconf 79' lang='lat' dir='ltr'><strong>qua:</strong></span> <span class='ocrx_word' id='word_1_409' title='bbox 2340 1481 2370 1519; x_wconf 92' lang='lat' dir='ltr'><strong>a</strong></span> <span class='ocrx_word' id='word_1_410' title='bbox 2425 1464 2623 1518; x_wconf 90' lang='lat' dir='ltr'><strong>Basilio</strong></span> <span class='ocrx_word' id='word_1_411' title='bbox 2666 1463 2860 1533; x_wconf 89' lang='lat' dir='ltr'><strong>rejecta</strong></span> <span class='ocrx_word' id='word_1_412' title='bbox 2905 1463 2955 1515; x_wconf 92' lang='lat' dir='ltr'><strong>in</strong></span> <span class='ocrx_word' id='word_1_413' title='bbox 3002 1461 3139 1515; x_wconf 92' lang='lat' dir='ltr'><strong>libro</strong></span> <span class='ocrx_word' id='word_1_414' title='bbox 3185 1457 3419 1513; x_wconf 86' lang='lat' dir='ltr'><strong>secundo</strong></span> 
     </span>
    </p>
   </div>
   <div class='ocr_carea' id='block_1_57' title="bbox 1864 1556 3420 1637">
    <p class='ocr_par' dir='ltr' id='par_1_57' title="bbox 1864 1556 3420 1637">
     <span class='ocr_line' id='line_1_57' title="bbox 1864 1556 3420 1637; baseline -0.009 -18"><span class='ocrx_word' id='word_1_415' title='bbox 1864 1566 1940 1637; x_wconf 92' lang='lat' dir='ltr'><strong>(n.</strong></span> <span class='ocrx_word' id='word_1_416' title='bbox 1975 1567 2027 1627; x_wconf 84' lang='lat'><strong>6,</strong></span> <span class='ocrx_word' id='word_1_417' title='bbox 2062 1564 2093 1617; x_wconf 85' lang='lat'><strong>7</strong></span> <span class='ocrx_word' id='word_1_418' title='bbox 2120 1574 2173 1617; x_wconf 92' lang='lat' dir='ltr'><strong>et</strong></span> <span class='ocrx_word' id='word_1_419' title='bbox 2201 1562 2301 1634; x_wconf 87' lang='lat'><strong>8),</strong></span> <span class='ocrx_word' id='word_1_420' title='bbox 2332 1576 2433 1616; x_wconf 92' lang='lat' dir='ltr'><strong>non</strong></span> <span class='ocrx_word' id='word_1_421' title='bbox 2461 1560 2626 1615; x_wconf 88' lang='lat' dir='ltr'><strong>semel</strong></span> <span class='ocrx_word' id='word_1_422' title='bbox 2650 1560 2700 1612; x_wconf 90' lang='lat' dir='ltr'><strong>in</strong></span> <span class='ocrx_word' id='word_1_423' title='bbox 2732 1566 2924 1627; x_wconf 89' lang='lat' dir='ltr'><strong>quarto</strong></span> <span class='ocrx_word' id='word_1_424' title='bbox 2953 1566 3006 1611; x_wconf 90' lang='lat' dir='ltr'><strong>et</strong></span> <span class='ocrx_word' id='word_1_425' title='bbox 3047 1556 3235 1624; x_wconf 91' lang='lat' dir='ltr'><strong>quinto</strong></span> <span class='ocrx_word' id='word_1_426' title='bbox 3266 1567 3420 1606; x_wconf 83' lang='lat' dir='ltr'><strong>usur-</strong></span> 
     </span>
    </p>
   </div>
   <div class='ocr_carea' id='block_1_58' title="bbox 1862 1647 3422 1727">
    <p class='ocr_par' dir='ltr' id='par_1_58' title="bbox 1862 1647 3422 1727">
     <span class='ocr_line' id='line_1_58' title="bbox 1862 1647 3422 1727; baseline -0.008 -17"><span class='ocrx_word' id='word_1_427' title='bbox 1862 1666 2039 1727; x_wconf 85' lang='lat' dir='ltr'><strong>patur.</strong></span> <span class='ocrx_word' id='word_1_428' title='bbox 2086 1656 2341 1709; x_wconf 86' lang='lat' dir='ltr'><strong>Eamdem</strong></span> <span class='ocrx_word' id='word_1_429' title='bbox 2391 1668 2573 1707; x_wconf 76' lang='lat' dir='ltr'><strong>vocem</strong></span> <span class='ocrx_word' id='word_1_430' title='bbox 2614 1652 2726 1719; x_wconf 90' lang='lat' dir='ltr'><strong>ipse</strong></span> <span class='ocrx_word' id='word_1_431' title='bbox 2752 1649 2975 1704; x_wconf 88' lang='lat' dir='ltr'><strong>Basilius</strong></span> <span class='ocrx_word' id='word_1_432' title='bbox 3021 1647 3208 1702; x_wconf 88' lang='lat' dir='ltr'><strong>eodem</strong></span> <span class='ocrx_word' id='word_1_433' title='bbox 3261 1659 3422 1700; x_wconf 85' lang='lat' dir='ltr'><strong>sensu</strong></span> 
     </span>
    </p>
   </div>
   <div class='ocr_carea' id='block_1_59' title="bbox 1863 1737 3417 1816">
    <p class='ocr_par' dir='ltr' id='par_1_59' title="bbox 1863 1737 3417 1816">
     <span class='ocr_line' id='line_1_59' title="bbox 1863 1737 3417 1816; baseline -0.009 -14"><span class='ocrx_word' id='word_1_434' title='bbox 1863 1757 2083 1816; x_wconf 87' lang='lat' dir='ltr'><strong>usurpat</strong></span> <span class='ocrx_word' id='word_1_435' title='bbox 2113 1746 2164 1799; x_wconf 94' lang='lat' dir='ltr'><strong>in</strong></span> <span class='ocrx_word' id='word_1_436' title='bbox 2197 1746 2332 1799; x_wconf 92' lang='lat' dir='ltr'><strong>libro</strong></span> <span class='ocrx_word' id='word_1_437' title='bbox 2365 1760 2426 1808; x_wconf 84' lang='lat' dir='ltr'><strong>ll,</strong></span> <span class='ocrx_word' id='word_1_438' title='bbox 2463 1760 2584 1813; x_wconf 88' lang='lat' dir='ltr'><strong>pag.</strong></span> <span class='ocrx_word' id='word_1_439' title='bbox 2613 1742 2737 1796; x_wconf 76' lang='lat'><strong>269.</strong></span> <span class='ocrx_word' id='word_1_440' title='bbox 2765 1740 2917 1807; x_wconf 92' lang='lat' dir='ltr'><strong>Quod</strong></span> <span class='ocrx_word' id='word_1_441' title='bbox 2944 1740 2989 1794; x_wconf 88' lang='lat' dir='ltr'><strong>si</strong></span> <span class='ocrx_word' id='word_1_442' title='bbox 3019 1753 3135 1793; x_wconf 87' lang='lat' dir='ltr'><strong>eam</strong></span> <span class='ocrx_word' id='word_1_443' title='bbox 3162 1737 3334 1805; x_wconf 88' lang='lat' dir='ltr'><strong>rejicit</strong></span> <span class='ocrx_word' id='word_1_444' title='bbox 3366 1737 3417 1789; x_wconf 89' lang='lat' dir='ltr'><strong>in</strong></span> 
     </span>
    </p>
   </div>
   <div class='ocr_carea' id='block_1_60' title="bbox 1862 1825 3421 1901">
    <p class='ocr_par' dir='ltr' id='par_1_60' title="bbox 1862 1825 3421 1901">
     <span class='ocr_line' id='line_1_60' title="bbox 1862 1825 3421 1901; baseline -0.01 -7"><span class='ocrx_word' id='word_1_445' title='bbox 1862 1841 2048 1895; x_wconf 89' lang='lat' dir='ltr'><strong>eodem</strong></span> <span class='ocrx_word' id='word_1_446' title='bbox 2094 1838 2232 1891; x_wconf 92' lang='lat' dir='ltr'><strong>libro</strong></span> <span class='ocrx_word' id='word_1_447' title='bbox 2268 1837 2527 1901; x_wconf 86' lang='lat' dir='ltr'><strong>secundo,</strong></span> <span class='ocrx_word' id='word_1_448' title='bbox 2558 1836 2761 1888; x_wconf 91' lang='lat' dir='ltr'><strong>idcirco</strong></span> <span class='ocrx_word' id='word_1_449' title='bbox 2792 1831 2967 1901; x_wconf 87' lang='lat' dir='ltr'><strong>rejicit</strong></span> <span class='ocrx_word' id='word_1_450' title='bbox 2995 1831 3135 1901; x_wconf 90' lang='lat' dir='ltr'><strong>quod</strong></span> <span class='ocrx_word' id='word_1_451' title='bbox 3169 1843 3285 1883; x_wconf 88' lang='lat' dir='ltr'><strong>eam</strong></span> <span class='ocrx_word' id='word_1_452' title='bbox 3314 1825 3421 1879; x_wconf 84' lang='lat' dir='ltr'><strong>Eu-</strong></span> 
     </span>
    </p>
   </div>
   <div class='ocr_carea' id='block_1_61' title="bbox 1866 1918 3419 1998">
    <p class='ocr_par' dir='ltr' id='par_1_61' title="bbox 1866 1918 3419 1998">
     <span class='ocr_line' id='line_1_61' title="bbox 1866 1918 3419 1998; baseline -0.008 -15"><span class='ocrx_word' id='word_1_453' title='bbox 1866 1931 2072 1983; x_wconf 88' lang='lat' dir='ltr'><strong>nomius</strong></span> <span class='ocrx_word' id='word_1_454' title='bbox 2092 1931 2261 1983; x_wconf 88' lang='lat' dir='ltr'><strong>instar</strong></span> <span class='ocrx_word' id='word_1_455' title='bbox 2283 1927 2414 1998; x_wconf 88' lang='lat' dir='ltr'><strong>legis</strong></span> <span class='ocrx_word' id='word_1_456' title='bbox 2435 1925 2811 1996; x_wconf 68' lang='lat' dir='ltr'><strong>praescriberet</strong></span> <span class='ocrx_word' id='word_1_457' title='bbox 2833 1920 3156 1988; x_wconf 87' lang='lat' dir='ltr'><strong>contemptis</strong></span> <span class='ocrx_word' id='word_1_458' title='bbox 3179 1918 3419 1983; x_wconf 90' lang='lat' dir='ltr'><strong>vocibus,</strong></span> 
     </span>
    </p>
   </div>
   <div class='ocr_carea' id='block_1_62' title="bbox 1863 2013 3091 2092">
    <p class='ocr_par' dir='ltr' id='par_1_62' title="bbox 1863 2013 3091 2092">
     <span class='ocr_line' id='line_1_62' title="bbox 1863 2013 3091 2092; baseline -0.007 -19"><span class='ocrx_word' id='word_1_459' title='bbox 1863 2036 1997 2092; x_wconf 90' lang='lat' dir='ltr'><strong>quas</strong></span> <span class='ocrx_word' id='word_1_460' title='bbox 2025 2036 2054 2073; x_wconf 88' lang='lat' dir='ltr'><strong>a</strong></span> <span class='ocrx_word' id='word_1_461' title='bbox 2082 2018 2356 2089; x_wconf 90' lang='lat' dir='ltr'><strong>Scriptura</strong></span> <span class='ocrx_word' id='word_1_462' title='bbox 2382 2028 2436 2072; x_wconf 90' lang='lat' dir='ltr'><strong>et</strong></span> <span class='ocrx_word' id='word_1_463' title='bbox 2459 2016 2745 2071; x_wconf 91' lang='lat' dir='ltr'><strong>traditione</strong></span> <span class='ocrx_word' id='word_1_464' title='bbox 2769 2013 3091 2081; x_wconf 88' lang='lat' dir='ltr'><strong>accepimus.</strong></span> 
     </span>
    </p>
   </div>
   <div class='ocr_carea' id='block_1_63' title="bbox 1933 2100 3424 2178">
    <p class='ocr_par' dir='ltr' id='par_1_63' title="bbox 1933 2100 3424 2178">
     <span class='ocr_line' id='line_1_63' title="bbox 1933 2100 3424 2178; baseline -0.007 -16"><span class='ocrx_word' id='word_1_465' title='bbox 1933 2110 2186 2178; x_wconf 88' lang='lat' dir='ltr'><strong>Quamvis</strong></span> <span class='ocrx_word' id='word_1_466' title='bbox 2231 2109 2456 2162; x_wconf 87' lang='lat' dir='ltr'><strong>Basilius</strong></span> <span class='ocrx_word' id='word_1_467' title='bbox 2504 2107 2555 2159; x_wconf 92' lang='lat' dir='ltr'><strong>in</strong></span> <span class='ocrx_word' id='word_1_468' title='bbox 2604 2106 2743 2159; x_wconf 90' lang='lat' dir='ltr'><strong>libro</strong></span> <span class='ocrx_word' id='word_1_469' title='bbox 2789 2106 2964 2174; x_wconf 88' lang='lat' dir='ltr'><strong>primo</strong></span> <span class='ocrx_word' id='word_1_470' title='bbox 3007 2105 3085 2166; x_wconf 91' lang='lat' dir='ltr'><strong>(n.</strong></span> <span class='ocrx_word' id='word_1_471' title='bbox 3114 2100 3204 2172; x_wconf 74' lang='lat'><strong>25)</strong></span> <span class='ocrx_word' id='word_1_472' title='bbox 3235 2101 3424 2156; x_wconf 87' lang='lat' dir='ltr'><strong>doceat</strong></span> 
     </span>
    </p>
   </div>
   <div class='ocr_carea' id='block_1_64' title="bbox 1862 2191 3423 2267">
    <p class='ocr_par' dir='ltr' id='par_1_64' title="bbox 1862 2191 3423 2267">
     <span class='ocr_line' id='line_1_64' title="bbox 1862 2191 3423 2267; baseline -0.009 -12"><span class='ocrx_word' id='word_1_473' title='bbox 1862 2200 2075 2255; x_wconf 84' lang='lat' dir='ltr'><strong>Patrem</strong></span> <span class='ocrx_word' id='word_1_474' title='bbox 2116 2199 2369 2267; x_wconf 78' lang='lat' dir='ltr'><strong>majorem</strong></span> <span class='ocrx_word' id='word_1_475' title='bbox 2416 2211 2533 2252; x_wconf 89' lang='lat' dir='ltr'><strong>esse</strong></span> <span class='ocrx_word' id='word_1_476' title='bbox 2575 2204 2841 2265; x_wconf 87' lang='lat' dir='ltr'><strong>quatenus</strong></span> <span class='ocrx_word' id='word_1_477' title='bbox 2882 2191 3201 2262; x_wconf 86' lang='lat' dir='ltr'><strong>principium</strong></span> <span class='ocrx_word' id='word_1_478' title='bbox 3235 2196 3316 2242; x_wconf 85' lang='lat' dir='ltr'><strong>est</strong></span> <span class='ocrx_word' id='word_1_479' title='bbox 3368 2196 3423 2242; x_wconf 91' lang='lat' dir='ltr'><strong>et</strong></span> 
     </span>
    </p>
   </div>
   <div class='ocr_carea' id='block_1_65' title="bbox 1864 2279 3422 2357">
    <p class='ocr_par' dir='ltr' id='par_1_65' title="bbox 1864 2279 3422 2357">
     <span class='ocr_line' id='line_1_65' title="bbox 1864 2279 3422 2357; baseline -0.009 -11"><span class='ocrx_word' id='word_1_480' title='bbox 1864 2308 2063 2357; x_wconf 90' lang='lat' dir='ltr'><strong>causa;</strong></span> <span class='ocrx_word' id='word_1_481' title='bbox 2094 2290 2427 2346; x_wconf 84' lang='lat' dir='ltr'><strong>contrarium</strong></span> <span class='ocrx_word' id='word_1_482' title='bbox 2462 2287 2587 2342; x_wconf 89' lang='lat' dir='ltr'><strong>huic</strong></span> <span class='ocrx_word' id='word_1_483' title='bbox 2633 2285 2890 2340; x_wconf 80' lang='lat' dir='ltr'><strong>doctrina:</strong></span> <span class='ocrx_word' id='word_1_484' title='bbox 2932 2284 3096 2337; x_wconf 80' lang='lat' dir='ltr'><strong>videri</strong></span> <span class='ocrx_word' id='word_1_485' title='bbox 3124 2297 3226 2335; x_wconf 92' lang='lat' dir='ltr'><strong>non</strong></span> <span class='ocrx_word' id='word_1_486' title='bbox 3266 2279 3422 2334; x_wconf 86' lang='lat' dir='ltr'><strong>debet</strong></span> 
     </span>
    </p>
   </div>
   <div class='ocr_carea' id='block_1_66' title="bbox 1864 2382 3422 2457">
    <p class='ocr_par' dir='ltr' id='par_1_66' title="bbox 1864 2382 3422 2457">
     <span class='ocr_line' id='line_1_66' title="bbox 1864 2382 3422 2457; baseline -0.003 -20"><span class='ocrx_word' id='word_1_487' title='bbox 1864 2388 2005 2457; x_wconf 90' lang='lat' dir='ltr'><strong>quod</strong></span> <span class='ocrx_word' id='word_1_488' title='bbox 2042 2388 2095 2441; x_wconf 92' lang='lat' dir='ltr'><strong>in</strong></span> <span class='ocrx_word' id='word_1_489' title='bbox 2128 2387 2265 2440; x_wconf 92' lang='lat' dir='ltr'><strong>libro</strong></span> <span class='ocrx_word' id='word_1_490' title='bbox 2292 2398 2485 2455; x_wconf 88' lang='lat' dir='ltr'><strong>quarto</strong></span> <span class='ocrx_word' id='word_1_491' title='bbox 2518 2386 2591 2455; x_wconf 84' lang='lat' dir='ltr'><strong>(p.</strong></span> <span class='ocrx_word' id='word_1_492' title='bbox 2615 2385 2742 2455; x_wconf 75' lang='lat'><strong>9.89)</strong></span> <span class='ocrx_word' id='word_1_493' title='bbox 2780 2384 3054 2448; x_wconf 89' lang='lat' dir='ltr'><strong>statuitur,</strong></span> <span class='ocrx_word' id='word_1_494' title='bbox 3084 2382 3319 2445; x_wconf 88' lang='lat' dir='ltr'><strong>Patrem,</strong></span> <span class='ocrx_word' id='word_1_495' title='bbox 3354 2394 3422 2433; x_wconf 85' lang='lat' dir='ltr'><strong>ne</strong></span> 
     </span>
    </p>
   </div>
   <div class='ocr_carea' id='block_1_67' title="bbox 1865 2470 3423 2546">
    <p class='ocr_par' dir='ltr' id='par_1_67' title="bbox 1865 2470 3423 2546">
     <span class='ocr_line' id='line_1_67' title="bbox 1865 2470 3423 2546; baseline -0.005 -15"><span class='ocrx_word' id='word_1_496' title='bbox 1865 2489 1921 2531; x_wconf 88' lang='lat' dir='ltr'><strong>ut</strong></span> <span class='ocrx_word' id='word_1_497' title='bbox 1966 2493 2180 2531; x_wconf 89' lang='lat' dir='ltr'><strong>causam</strong></span> <span class='ocrx_word' id='word_1_498' title='bbox 2208 2478 2445 2546; x_wconf 84' lang='lat' dir='ltr'><strong>quidem,</strong></span> <span class='ocrx_word' id='word_1_499' title='bbox 2491 2478 2751 2544; x_wconf 86' lang='lat' dir='ltr'><strong>majorem</strong></span> <span class='ocrx_word' id='word_1_500' title='bbox 2797 2491 2915 2530; x_wconf 87' lang='lat' dir='ltr'><strong>esse</strong></span> <span class='ocrx_word' id='word_1_501' title='bbox 2943 2474 3100 2529; x_wconf 85' lang='lat' dir='ltr'><strong>Filio.</strong></span> <span class='ocrx_word' id='word_1_502' title='bbox 3154 2472 3286 2526; x_wconf 84' lang='lat' dir='ltr'><strong>Nam</strong></span> <span class='ocrx_word' id='word_1_503' title='bbox 3318 2470 3423 2525; x_wconf 81' lang='lat' dir='ltr'><strong>Ba-</strong></span> 
     </span>
    </p>
   </div>
   <div class='ocr_carea' id='block_1_68' title="bbox 1865 2565 3422 2637">
    <p class='ocr_par' dir='ltr' id='par_1_68' title="bbox 1865 2565 3422 2637">
     <span class='ocr_line' id='line_1_68' title="bbox 1865 2565 3422 2637; baseline -0.004 -16"><span class='ocrx_word' id='word_1_504' title='bbox 1865 2568 2035 2632; x_wconf 88' lang='lat' dir='ltr'><strong>silius,</strong></span> <span class='ocrx_word' id='word_1_505' title='bbox 2089 2577 2145 2619; x_wconf 90' lang='lat' dir='ltr'><strong>ut</strong></span> <span class='ocrx_word' id='word_1_506' title='bbox 2191 2583 2349 2637; x_wconf 87' lang='lat' dir='ltr'><strong>supra</strong></span> <span class='ocrx_word' id='word_1_507' title='bbox 2391 2567 2821 2631; x_wconf 87' lang='lat' dir='ltr'><strong>observavimus,</strong></span> <span class='ocrx_word' id='word_1_508' title='bbox 2859 2580 2980 2620; x_wconf 91' lang='lat' dir='ltr'><strong>cum</strong></span> <span class='ocrx_word' id='word_1_509' title='bbox 3023 2565 3162 2618; x_wconf 90' lang='lat' dir='ltr'><strong>idem</strong></span> <span class='ocrx_word' id='word_1_510' title='bbox 3207 2576 3422 2630; x_wconf 86' lang='lat' dir='ltr'><strong>semper</strong></span> 
     </span>
    </p>
   </div>
   <div class='ocr_carea' id='block_1_69' title="bbox 1865 2652 3423 2726">
    <p class='ocr_par' dir='ltr' id='par_1_69' title="bbox 1865 2652 3423 2726">
     <span class='ocr_line' id='line_1_69' title="bbox 1865 2652 3423 2726; baseline -0.006 -13"><span class='ocrx_word' id='word_1_511' title='bbox 1865 2661 2079 2725; x_wconf 85' lang='lat' dir='ltr'><strong>sentiat,</strong></span> <span class='ocrx_word' id='word_1_512' title='bbox 2108 2676 2211 2713; x_wconf 90' lang='lat' dir='ltr'><strong>non</strong></span> <span class='ocrx_word' id='word_1_513' title='bbox 2236 2659 2420 2714; x_wconf 90' lang='lat' dir='ltr'><strong>eodem</strong></span> <span class='ocrx_word' id='word_1_514' title='bbox 2453 2673 2664 2726; x_wconf 86' lang='lat' dir='ltr'><strong>semper</strong></span> <span class='ocrx_word' id='word_1_515' title='bbox 2692 2658 2850 2710; x_wconf 88' lang='lat' dir='ltr'><strong>modo</strong></span> <span class='ocrx_word' id='word_1_516' title='bbox 2883 2657 2934 2711; x_wconf 91' lang='lat' dir='ltr'><strong>in</strong></span> <span class='ocrx_word' id='word_1_517' title='bbox 2967 2654 3231 2709; x_wconf 73' lang='lat' dir='ltr'><strong>luereticis</strong></span> <span class='ocrx_word' id='word_1_518' title='bbox 3261 2652 3423 2707; x_wconf 78' lang='lat' dir='ltr'><strong>refel-</strong></span> 
     </span>
    </p>
   </div>
   <div class='ocr_carea' id='block_1_70' title="bbox 1868 2744 3421 2821">
    <p class='ocr_par' dir='ltr' id='par_1_70' title="bbox 1868 2744 3421 2821">
     <span class='ocr_line' id='line_1_70' title="bbox 1868 2744 3421 2821; baseline -0.005 -17"><span class='ocrx_word' id='word_1_519' title='bbox 1868 2752 2035 2805; x_wconf 84' lang='lat' dir='ltr'><strong>lendis</strong></span> <span class='ocrx_word' id='word_1_520' title='bbox 2058 2761 2334 2817; x_wconf 84' lang='lat' dir='ltr'><strong>versatur;</strong></span> <span class='ocrx_word' id='word_1_521' title='bbox 2366 2760 2420 2805; x_wconf 89' lang='lat' dir='ltr'><strong>et</strong></span> <span class='ocrx_word' id='word_1_522' title='bbox 2445 2750 2687 2821; x_wconf 86' lang='lat' dir='ltr'><strong>quamvis</strong></span> <span class='ocrx_word' id='word_1_523' title='bbox 2714 2750 2924 2803; x_wconf 85' lang='lat' dir='ltr'><strong>Patrem</strong></span> <span class='ocrx_word' id='word_1_524' title='bbox 2951 2748 3105 2801; x_wconf 89' lang='lat' dir='ltr'><strong>initio</strong></span> <span class='ocrx_word' id='word_1_525' title='bbox 3131 2746 3252 2801; x_wconf 88' lang='lat' dir='ltr'><strong>libri</strong></span> <span class='ocrx_word' id='word_1_526' title='bbox 3278 2744 3421 2799; x_wconf 89' lang='lat' dir='ltr'><strong>tertii</strong></span> 
     </span>
    </p>
   </div>
   <div class='ocr_carea' id='block_1_71' title="bbox 1867 2840 3426 2912">
    <p class='ocr_par' dir='ltr' id='par_1_71' title="bbox 1867 2840 3426 2912">
     <span class='ocr_line' id='line_1_71' title="bbox 1867 2840 3426 2912; baseline -0.004 -17"><span class='ocrx_word' id='word_1_527' title='bbox 1867 2841 2119 2909; x_wconf 85' lang='lat' dir='ltr'><strong>majorem</strong></span> <span class='ocrx_word' id='word_1_528' title='bbox 2149 2856 2267 2897; x_wconf 86' lang='lat' dir='ltr'><strong>esse</strong></span> <span class='ocrx_word' id='word_1_529' title='bbox 2305 2843 2493 2896; x_wconf 87' lang='lat' dir='ltr'><strong>ordine</strong></span> <span class='ocrx_word' id='word_1_530' title='bbox 2533 2854 2587 2896; x_wconf 91' lang='lat' dir='ltr'><strong>et</strong></span> <span class='ocrx_word' id='word_1_531' title='bbox 2631 2842 2887 2912; x_wconf 85' lang='lat' dir='ltr'><strong>dignitate</strong></span> <span class='ocrx_word' id='word_1_532' title='bbox 2929 2840 3261 2909; x_wconf 89' lang='lat' dir='ltr'><strong>pronuntiet,</strong></span> <span class='ocrx_word' id='word_1_533' title='bbox 3297 2852 3426 2908; x_wconf 85' lang='lat' dir='ltr'><strong>qua-</strong></span> 
     </span>
    </p>
   </div>
   <div class='ocr_carea' id='block_1_72' title="bbox 1869 2928 3423 3002">
    <p class='ocr_par' dir='ltr' id='par_1_72' title="bbox 1869 2928 3423 3002">
     <span class='ocr_line' id='line_1_72' title="bbox 1869 2928 3423 3002; baseline -0.003 -15"><span class='ocrx_word' id='word_1_534' title='bbox 1869 2945 2023 2987; x_wconf 89' lang='lat' dir='ltr'><strong>tenus</strong></span> <span class='ocrx_word' id='word_1_535' title='bbox 2058 2935 2224 2989; x_wconf 82' lang='lat' dir='ltr'><strong>Filius</strong></span> <span class='ocrx_word' id='word_1_536' title='bbox 2254 2935 2319 2988; x_wconf 90' lang='lat' dir='ltr'><strong>ab</strong></span> <span class='ocrx_word' id='word_1_537' title='bbox 2355 2936 2444 2989; x_wconf 90' lang='lat' dir='ltr'><strong>illo</strong></span> <span class='ocrx_word' id='word_1_538' title='bbox 2488 2948 2606 2988; x_wconf 89' lang='lat' dir='ltr'><strong>esse</strong></span> <span class='ocrx_word' id='word_1_539' title='bbox 2644 2934 2842 2998; x_wconf 91' lang='lat' dir='ltr'><strong>habet,</strong></span> <span class='ocrx_word' id='word_1_540' title='bbox 2877 2941 3035 3002; x_wconf 86' lang='lat' dir='ltr'><strong>negat</strong></span> <span class='ocrx_word' id='word_1_541' title='bbox 3076 2932 3129 2984; x_wconf 92' lang='lat' dir='ltr'><strong>in</strong></span> <span class='ocrx_word' id='word_1_542' title='bbox 3169 2930 3305 2984; x_wconf 92' lang='lat' dir='ltr'><strong>libro</strong></span> <span class='ocrx_word' id='word_1_543' title='bbox 3349 2928 3423 2982; x_wconf 82' lang='lat' dir='ltr'><strong>De</strong></span> 
     </span>
    </p>
   </div>
   <div class='ocr_carea' id='block_1_73' title="bbox 1866 3022 3421 3095">
    <p class='ocr_par' dir='ltr' id='par_1_73' title="bbox 1866 3022 3421 3095">
     <span class='ocr_line' id='line_1_73' title="bbox 1866 3022 3421 3095; baseline -0.001 -18"><span class='ocrx_word' id='word_1_544' title='bbox 1866 3022 2069 3092; x_wconf 83' lang='lat' dir='ltr'><strong>Spiritu</strong></span> <span class='ocrx_word' id='word_1_545' title='bbox 2100 3036 2278 3077; x_wconf 85' lang='lat' dir='ltr'><strong>sancto</strong></span> <span class='ocrx_word' id='word_1_546' title='bbox 2314 3026 2466 3095; x_wconf 86' lang='lat' dir='ltr'><strong>(cap.</strong></span> <span class='ocrx_word' id='word_1_547' title='bbox 2500 3025 2569 3093; x_wconf 83' lang='lat'><strong>6)</strong></span> <span class='ocrx_word' id='word_1_548' title='bbox 2609 3024 2823 3078; x_wconf 81' lang='lat' dir='ltr'><strong>Patrem</strong></span> <span class='ocrx_word' id='word_1_549' title='bbox 2857 3023 3111 3092; x_wconf 80' lang='lat' dir='ltr'><strong>dignitate</strong></span> <span class='ocrx_word' id='word_1_550' title='bbox 3146 3030 3421 3091; x_wconf 69' lang='lat' dir='ltr'><strong>praestare.</strong></span> 
     </span>
    </p>
   </div>
   <div class='ocr_carea' id='block_1_74' title="bbox 1937 3112 3421 3182">
    <p class='ocr_par' dir='ltr' id='par_1_74' title="bbox 1937 3112 3421 3182">
     <span class='ocr_line' id='line_1_74' title="bbox 1937 3112 3421 3182; baseline -0.002 -15"><span class='ocrx_word' id='word_1_551' title='bbox 1937 3112 2199 3167; x_wconf 78' lang='lat' dir='ltr'><strong>Videntur</strong></span> <span class='ocrx_word' id='word_1_552' title='bbox 2230 3123 2407 3167; x_wconf 89' lang='lat' dir='ltr'><strong>autem</strong></span> <span class='ocrx_word' id='word_1_553' title='bbox 2436 3114 2541 3167; x_wconf 89' lang='lat' dir='ltr'><strong>duo</strong></span> <span class='ocrx_word' id='word_1_554' title='bbox 2569 3114 2643 3167; x_wconf 92' lang='lat' dir='ltr'><strong>illi</strong></span> <span class='ocrx_word' id='word_1_555' title='bbox 2683 3114 2804 3169; x_wconf 90' lang='lat' dir='ltr'><strong>libri</strong></span> <span class='ocrx_word' id='word_1_556' title='bbox 2842 3113 2990 3167; x_wconf 88' lang='lat' dir='ltr'><strong>rudis</strong></span> <span class='ocrx_word' id='word_1_557' title='bbox 3018 3112 3260 3182; x_wconf 69' lang='lat' dir='ltr'><strong>quaedam</strong></span> <span class='ocrx_word' id='word_1_558' title='bbox 3301 3124 3421 3165; x_wconf 83' lang='lat' dir='ltr'><strong>esse</strong></span> 
     </span>
    </p>
   </div>
   <div class='ocr_carea' id='block_1_75' title="bbox 1867 3204 3420 3275">
    <p class='ocr_par' dir='ltr' id='par_1_75' title="bbox 1867 3204 3420 3275">
     <span class='ocr_line' id='line_1_75' title="bbox 1867 3204 3420 3275; baseline -0.002 -16"><span class='ocrx_word' id='word_1_559' title='bbox 1867 3214 1922 3259; x_wconf 90' lang='lat' dir='ltr'><strong>et</strong></span> <span class='ocrx_word' id='word_1_560' title='bbox 1966 3206 2314 3274; x_wconf 82' lang='lat' dir='ltr'><strong>incomposita</strong></span> <span class='ocrx_word' id='word_1_561' title='bbox 2358 3218 2795 3275; x_wconf 88' lang='lat' dir='ltr'><strong>argumentorum</strong></span> <span class='ocrx_word' id='word_1_562' title='bbox 2846 3204 3105 3267; x_wconf 89' lang='lat' dir='ltr'><strong>collectio,</strong></span> <span class='ocrx_word' id='word_1_563' title='bbox 3150 3219 3253 3257; x_wconf 93' lang='lat' dir='ltr'><strong>non</strong></span> <span class='ocrx_word' id='word_1_564' title='bbox 3286 3217 3420 3271; x_wconf 86' lang='lat' dir='ltr'><strong>opus</strong></span> 
     </span>
    </p>
   </div>
   <div class='ocr_carea' id='block_1_76' title="bbox 1868 3296 3417 3368">
    <p class='ocr_par' dir='ltr' id='par_1_76' title="bbox 1868 3296 3417 3368">
     <span class='ocr_line' id='line_1_76' title="bbox 1868 3296 3417 3368; baseline -0.002 -17"><span class='ocrx_word' id='word_1_565' title='bbox 1868 3308 1983 3351; x_wconf 90' lang='lat' dir='ltr'><strong>arte</strong></span> <span class='ocrx_word' id='word_1_566' title='bbox 2024 3306 2076 3350; x_wconf 90' lang='lat' dir='ltr'><strong>et</strong></span> <span class='ocrx_word' id='word_1_567' title='bbox 2114 3298 2195 3350; x_wconf 89' lang='lat' dir='ltr'><strong>via</strong></span> <span class='ocrx_word' id='word_1_568' title='bbox 2229 3297 2604 3351; x_wconf 86' lang='lat' dir='ltr'><strong>concinnatqu</strong></span> <span class='ocrx_word' id='word_1_569' title='bbox 2637 3316 2650 3351; x_wconf 90' lang='lat'>:</span> <span class='ocrx_word' id='word_1_570' title='bbox 2687 3313 2786 3352; x_wconf 90' lang='lat' dir='ltr'><strong>nec</strong></span> <span class='ocrx_word' id='word_1_571' title='bbox 2822 3298 3069 3368; x_wconf 89' lang='lat' dir='ltr'><strong>privatim</strong></span> <span class='ocrx_word' id='word_1_572' title='bbox 3101 3296 3417 3351; x_wconf 79' lang='lat' dir='ltr'><strong>Eunomium</strong></span> 
     </span>
    </p>
   </div>
   <div class='ocr_carea' id='block_1_77' title="bbox 1867 3388 3418 3457">
    <p class='ocr_par' dir='ltr' id='par_1_77' title="bbox 1867 3388 3418 3457">
     <span class='ocr_line' id='line_1_77' title="bbox 1867 3388 3418 3457; baseline 0.003 -18"><span class='ocrx_word' id='word_1_573' title='bbox 1867 3398 2069 3456; x_wconf 87' lang='lat' dir='ltr'><strong>petere,</strong></span> <span class='ocrx_word' id='word_1_574' title='bbox 2115 3389 2207 3441; x_wconf 87' lang='lat' dir='ltr'><strong>scd</strong></span> <span class='ocrx_word' id='word_1_575' title='bbox 2238 3390 2530 3457; x_wconf 84' lang='lat' dir='ltr'><strong>generatim</strong></span> <span class='ocrx_word' id='word_1_576' title='bbox 2572 3389 2857 3445; x_wconf 64' lang='lat' dir='ltr'><strong>haereticos</strong></span> <span class='ocrx_word' id='word_1_577' title='bbox 2903 3389 3113 3443; x_wconf 89' lang='lat' dir='ltr'><strong>Triadis</strong></span> <span class='ocrx_word' id='word_1_578' title='bbox 3151 3388 3418 3443; x_wconf 82' lang='lat' dir='ltr'><strong>inimicos.</strong></span> 
     </span>
    </p>
   </div>
   <div class='ocr_carea' id='block_1_78' title="bbox 1868 3475 3422 3546">
    <p class='ocr_par' dir='ltr' id='par_1_78' title="bbox 1868 3475 3422 3546">
     <span class='ocr_line' id='line_1_78' title="bbox 1868 3475 3422 3546; baseline 0.001 -17"><span class='ocrx_word' id='word_1_579' title='bbox 1868 3476 2064 3529; x_wconf 83' lang='lat' dir='ltr'><strong>Eadem</strong></span> <span class='ocrx_word' id='word_1_580' title='bbox 2112 3477 2223 3529; x_wconf 83' lang='lat' dir='ltr'><strong>fere</strong></span> <span class='ocrx_word' id='word_1_581' title='bbox 2256 3478 2307 3529; x_wconf 92' lang='lat' dir='ltr'><strong>in</strong></span> <span class='ocrx_word' id='word_1_582' title='bbox 2348 3478 2485 3532; x_wconf 90' lang='lat' dir='ltr'><strong>libro</strong></span> <span class='ocrx_word' id='word_1_583' title='bbox 2520 3479 2708 3546; x_wconf 88' lang='lat' dir='ltr'><strong>quinto</strong></span> <span class='ocrx_word' id='word_1_584' title='bbox 2740 3478 3051 3531; x_wconf 80' lang='lat' dir='ltr'><strong>refelluntur</strong></span> <span class='ocrx_word' id='word_1_585' title='bbox 3093 3491 3155 3531; x_wconf 92' lang='lat' dir='ltr'><strong>ac</strong></span> <span class='ocrx_word' id='word_1_586' title='bbox 3192 3478 3243 3529; x_wconf 90' lang='lat' dir='ltr'><strong>in</strong></span> <span class='ocrx_word' id='word_1_587' title='bbox 3287 3475 3422 3530; x_wconf 90' lang='lat' dir='ltr'><strong>libro</strong></span> 
     </span>
    </p>
   </div>
   <div class='ocr_carea' id='block_1_79' title="bbox 1867 3565 3419 3637">
    <p class='ocr_par' dir='ltr' id='par_1_79' title="bbox 1867 3565 3419 3637">
     <span class='ocr_line' id='line_1_79' title="bbox 1867 3565 3419 3637; baseline -0.001 -16"><span class='ocrx_word' id='word_1_588' title='bbox 1867 3568 2035 3621; x_wconf 89' lang='lat' dir='ltr'><strong>sancti</strong></span> <span class='ocrx_word' id='word_1_589' title='bbox 2062 3566 2243 3620; x_wconf 88' lang='lat' dir='ltr'><strong>Basilii</strong></span> <span class='ocrx_word' id='word_1_590' title='bbox 2284 3565 2357 3620; x_wconf 91' lang='lat' dir='ltr'><strong>De</strong></span> <span class='ocrx_word' id='word_1_591' title='bbox 2407 3567 2608 3635; x_wconf 84' lang='lat' dir='ltr'><strong>Spiritu</strong></span> <span class='ocrx_word' id='word_1_592' title='bbox 2637 3577 2815 3621; x_wconf 90' lang='lat' dir='ltr'><strong>sancto</strong></span> <span class='ocrx_word' id='word_1_593' title='bbox 2847 3582 2865 3619; x_wconf 92' lang='lat'><strong><em>:</em></strong></span> <span class='ocrx_word' id='word_1_594' title='bbox 2896 3584 2993 3622; x_wconf 89' lang='lat' dir='ltr'><strong>nec</strong></span> <span class='ocrx_word' id='word_1_595' title='bbox 3034 3568 3273 3637; x_wconf 83' lang='lat' dir='ltr'><strong>profecto</strong></span> <span class='ocrx_word' id='word_1_596' title='bbox 3312 3566 3419 3620; x_wconf 87' lang='lat' dir='ltr'><strong>Eu-</strong></span> 
     </span>
    </p>
   </div>
   <div class='ocr_carea' id='block_1_80' title="bbox 1867 3659 3417 3731">
    <p class='ocr_par' dir='ltr' id='par_1_80' title="bbox 1867 3659 3417 3731">
     <span class='ocr_line' id='line_1_80' title="bbox 1867 3659 3417 3731; baseline 0 -18"><span class='ocrx_word' id='word_1_597' title='bbox 1867 3660 2103 3713; x_wconf 87' lang='lat' dir='ltr'><strong>nomium</strong></span> <span class='ocrx_word' id='word_1_598' title='bbox 2123 3669 2366 3729; x_wconf 87' lang='lat' dir='ltr'><strong>spectare</strong></span> <span class='ocrx_word' id='word_1_599' title='bbox 2382 3660 2552 3728; x_wconf 81' lang='lat' dir='ltr'><strong>possit</strong></span> <span class='ocrx_word' id='word_1_600' title='bbox 2570 3661 2682 3714; x_wconf 84' lang='lat' dir='ltr'><strong>haec</strong></span> <span class='ocrx_word' id='word_1_601' title='bbox 2699 3662 2990 3715; x_wconf 88' lang='lat' dir='ltr'><strong>disserendi</strong></span> <span class='ocrx_word' id='word_1_602' title='bbox 3018 3664 3151 3715; x_wconf 88' lang='lat' dir='ltr'><strong>ratio</strong></span> <span class='ocrx_word' id='word_1_603' title='bbox 3167 3661 3241 3731; x_wconf 89' lang='lat' dir='ltr'><strong>(p.</strong></span> <span class='ocrx_word' id='word_1_604' title='bbox 3257 3659 3417 3729; x_wconf 75' lang='lat'><strong>507):</strong></span> 
     </span>
    </p>
   </div>
   <div class='ocr_carea' id='block_1_81' title="bbox 1870 3752 3415 3822">
    <p class='ocr_par' dir='ltr' id='par_1_81' title="bbox 1870 3752 3415 3822">
     <span class='ocr_line' id='line_1_81' title="bbox 1870 3752 3415 3822; baseline -0.001 -15"><span class='ocrx_word' id='word_1_605' title='bbox 1870 3752 2012 3807; x_wconf 88' lang='lat' dir='ltr'><strong>Nam</strong></span> <span class='ocrx_word' id='word_1_606' title='bbox 2042 3756 2087 3807; x_wconf 89' lang='lat' dir='ltr'><strong>si</strong></span> <span class='ocrx_word' id='word_1_607' title='bbox 2118 3753 2373 3814; x_wconf 80' lang='lat' dir='ltr'><strong>Spiritum</strong></span> <span class='ocrx_word' id='word_1_608' title='bbox 2410 3770 2512 3808; x_wconf 85' lang='lat' dir='ltr'><strong>non</strong></span> <span class='ocrx_word' id='word_1_609' title='bbox 2548 3755 2714 3808; x_wconf 86' lang='lat' dir='ltr'><strong>credis</strong></span> <span class='ocrx_word' id='word_1_610' title='bbox 2745 3771 2808 3808; x_wconf 83' lang='lat' dir='ltr'><strong>ea:</strong></span> <span class='ocrx_word' id='word_1_611' title='bbox 2846 3772 2931 3808; x_wconf 88' lang='lat' dir='ltr'><strong>ore</strong></span> <span class='ocrx_word' id='word_1_612' title='bbox 2952 3755 3048 3807; x_wconf 87' lang='lat' dir='ltr'><strong>Dei</strong></span> <span class='ocrx_word' id='word_1_613' title='bbox 3079 3755 3415 3822; x_wconf 87' lang='lat' dir='ltr'><strong>processisse.</strong></span> 
     </span>
    </p>
   </div>
   <div class='ocr_carea' id='block_1_82' title="bbox 1868 3842 3419 3915">
    <p class='ocr_par' dir='ltr' id='par_1_82' title="bbox 1868 3842 3419 3915">
     <span class='ocr_line' id='line_1_82' title="bbox 1868 3842 3419 3915; baseline -0.001 -17"><span class='ocrx_word' id='word_1_614' title='bbox 1868 3860 2027 3912; x_wconf 83' lang='lat' dir='ltr'><strong>neque</strong></span> <span class='ocrx_word' id='word_1_615' title='bbox 2075 3844 2293 3897; x_wconf 83' lang='lat' dir='ltr'><strong>Verbum</strong></span> <span class='ocrx_word' id='word_1_616' title='bbox 2333 3846 2576 3898; x_wconf 85' lang='lat' dir='ltr'><strong>credis...</strong></span> <span class='ocrx_word' id='word_1_617' title='bbox 2620 3845 2773 3910; x_wconf 83' lang='lat' dir='ltr'><strong>Quod</strong></span> <span class='ocrx_word' id='word_1_618' title='bbox 2808 3849 2852 3899; x_wconf 89' lang='lat' dir='ltr'><strong>si</strong></span> <span class='ocrx_word' id='word_1_619' title='bbox 2892 3864 2994 3900; x_wconf 88' lang='lat' dir='ltr'><strong>non</strong></span> <span class='ocrx_word' id='word_1_620' title='bbox 3022 3847 3188 3900; x_wconf 82' lang='lat' dir='ltr'><strong>credis</strong></span> <span class='ocrx_word' id='word_1_621' title='bbox 3218 3847 3272 3899; x_wconf 89' lang='lat' dir='ltr'><strong>in</strong></span> <span class='ocrx_word' id='word_1_622' title='bbox 3302 3842 3419 3915; x_wconf 85' lang='lat' dir='ltr'><strong>Spi-</strong></span> 
     </span>
    </p>
   </div>
   <div class='ocr_carea' id='block_1_83' title="bbox 1868 3934 3424 4009">
    <p class='ocr_par' dir='ltr' id='par_1_83' title="bbox 1868 3934 3424 4009">
     <span class='ocr_line' id='line_1_83' title="bbox 1868 3934 3424 4009; baseline 0 -19"><span class='ocrx_word' id='word_1_623' title='bbox 1868 3939 2047 3999; x_wconf 86' lang='lat' dir='ltr'><strong>ritum,</strong></span> <span class='ocrx_word' id='word_1_624' title='bbox 2078 3953 2239 4005; x_wconf 88' lang='lat' dir='ltr'><strong>neque</strong></span> <span class='ocrx_word' id='word_1_625' title='bbox 2267 3936 2321 3990; x_wconf 88' lang='lat' dir='ltr'><strong>in</strong></span> <span class='ocrx_word' id='word_1_626' title='bbox 2358 3934 2553 3989; x_wconf 82' lang='lat' dir='ltr'><strong>Filium</strong></span> <span class='ocrx_word' id='word_1_627' title='bbox 2582 3937 2771 3991; x_wconf 85' lang='lat' dir='ltr'><strong>credis.</strong></span> <span class='ocrx_word' id='word_1_628' title='bbox 2797 3937 2978 4009; x_wconf 89' lang='lat' dir='ltr'><strong>Longe</strong></span> <span class='ocrx_word' id='word_1_629' title='bbox 3001 3938 3154 3993; x_wconf 87' lang='lat' dir='ltr'><strong>aliter</strong></span> <span class='ocrx_word' id='word_1_630' title='bbox 3180 3938 3424 3992; x_wconf 78' lang='lat' dir='ltr'><strong>refellen-</strong></span> 
     </span>
    </p>
   </div>
   <div class='ocr_carea' id='block_1_84' title="bbox 1868 4028 3422 4100">
    <p class='ocr_par' dir='ltr' id='par_1_84' title="bbox 1868 4028 3422 4100">
     <span class='ocr_line' id='line_1_84' title="bbox 1868 4028 3422 4100; baseline 0.001 -18"><span class='ocrx_word' id='word_1_631' title='bbox 1868 4031 1966 4083; x_wconf 89' lang='lat' dir='ltr'><strong>dus</strong></span> <span class='ocrx_word' id='word_1_632' title='bbox 1993 4028 2089 4082; x_wconf 78' lang='lat' dir='ltr'><strong>fuit</strong></span> <span class='ocrx_word' id='word_1_633' title='bbox 2125 4029 2443 4095; x_wconf 84' lang='lat' dir='ltr'><strong>Eunomius,</strong></span> <span class='ocrx_word' id='word_1_634' title='bbox 2487 4029 2641 4100; x_wconf 86' lang='lat' dir='ltr'><strong>cujus</strong></span> <span class='ocrx_word' id='word_1_635' title='bbox 2673 4030 2951 4086; x_wconf 81' lang='lat' dir='ltr'><strong>manifesta</strong></span> <span class='ocrx_word' id='word_1_636' title='bbox 2997 4040 3113 4086; x_wconf 90' lang='lat' dir='ltr'><strong>erat</strong></span> <span class='ocrx_word' id='word_1_637' title='bbox 3152 4031 3201 4084; x_wconf 92' lang='lat' dir='ltr'><strong>in</strong></span> <span class='ocrx_word' id='word_1_638' title='bbox 3230 4029 3422 4084; x_wconf 81' lang='lat' dir='ltr'><strong>Filium</strong></span> 
     </span>
    </p>
   </div>
   <div class='ocr_carea' id='block_1_85' title="bbox 1867 4121 2133 4189">
    <p class='ocr_par' dir='ltr' id='par_1_85' title="bbox 1867 4121 2133 4189">
     <span class='ocr_line' id='line_1_85' title="bbox 1867 4121 2133 4189; baseline 0.008 -16"><span class='ocrx_word' id='word_1_639' title='bbox 1867 4121 2133 4189; x_wconf 89' lang='lat' dir='ltr'><strong>impietas.</strong></span> 
     </span>
    </p>
   </div>
   <div class='ocr_carea' id='block_1_86' title="bbox 1939 4208 3424 4267">
    <p class='ocr_par' dir='ltr' id='par_1_86' title="bbox 1939 4208 3424 4267">
     <span class='ocr_line' id='line_1_86' title="bbox 1939 4208 3424 4267; baseline 0.002 -4"><span class='ocrx_word' id='word_1_640' title='bbox 1939 4208 2068 4264; x_wconf 90' lang='lat' dir='ltr'><strong>Tam</strong></span> <span class='ocrx_word' id='word_1_641' title='bbox 2098 4212 2261 4265; x_wconf 89' lang='lat' dir='ltr'><strong>multa</strong></span> <span class='ocrx_word' id='word_1_642' title='bbox 2286 4212 2349 4267; x_wconf 90' lang='lat' dir='ltr'><strong>de</strong></span> <span class='ocrx_word' id='word_1_643' title='bbox 2370 4212 2609 4266; x_wconf 79' lang='lat' dir='ltr'><strong>Ascetico</strong></span> <span class='ocrx_word' id='word_1_644' title='bbox 2630 4214 2680 4265; x_wconf 92' lang='lat' dir='ltr'><strong>in</strong></span> <span class='ocrx_word' id='word_1_645' title='bbox 2704 4211 3025 4266; x_wconf 62' lang='lat' dir='ltr'><strong>Pratl‘atione</strong></span> <span class='ocrx_word' id='word_1_646' title='bbox 3053 4211 3179 4266; x_wconf 89' lang='lat' dir='ltr'><strong>tomi</strong></span> <span class='ocrx_word' id='word_1_647' title='bbox 3204 4211 3424 4267; x_wconf 89' lang='lat' dir='ltr'><strong>secundi</strong></span> 
     </span>
    </p>
   </div>
   <div class='ocr_carea' id='block_1_87' title="bbox 1866 4302 3424 4372">
    <p class='ocr_par' dir='ltr' id='par_1_87' title="bbox 1866 4302 3424 4372">
     <span class='ocr_line' id='line_1_87' title="bbox 1866 4302 3424 4372; baseline 0 -17"><span class='ocrx_word' id='word_1_648' title='bbox 1866 4310 1920 4355; x_wconf 89' lang='lat' dir='ltr'><strong>et</strong></span> <span class='ocrx_word' id='word_1_649' title='bbox 1957 4304 2093 4372; x_wconf 89' lang='lat' dir='ltr'><strong>apud</strong></span> <span class='ocrx_word' id='word_1_650' title='bbox 2128 4302 2520 4357; x_wconf 83' lang='lat' dir='ltr'><strong>Tillemontium</strong></span> <span class='ocrx_word' id='word_1_651' title='bbox 2573 4302 2837 4372; x_wconf 90' lang='lat' dir='ltr'><strong>disputata</strong></span> <span class='ocrx_word' id='word_1_652' title='bbox 2870 4314 3012 4371; x_wconf 90' lang='lat' dir='ltr'><strong>sunt,</strong></span> <span class='ocrx_word' id='word_1_653' title='bbox 3048 4315 3106 4359; x_wconf 91' lang='lat' dir='ltr'><strong>ut</strong></span> <span class='ocrx_word' id='word_1_654' title='bbox 3142 4305 3278 4359; x_wconf 89' lang='lat' dir='ltr'><strong>hanc</strong></span> <span class='ocrx_word' id='word_1_655' title='bbox 3309 4318 3424 4356; x_wconf 86' lang='lat' dir='ltr'><strong>ma-</strong></span> 
     </span>
    </p>
   </div>
   <div class='ocr_carea' id='block_1_88' title="bbox 1868 4394 3423 4465">
    <p class='ocr_par' dir='ltr' id='par_1_88' title="bbox 1868 4394 3423 4465">
     <span class='ocr_line' id='line_1_88' title="bbox 1868 4394 3423 4465; baseline 0.002 -19"><span class='ocrx_word' id='word_1_656' title='bbox 1868 4395 2062 4448; x_wconf 89' lang='lat' dir='ltr'><strong>teriam</strong></span> <span class='ocrx_word' id='word_1_657' title='bbox 2093 4395 2356 4465; x_wconf 88' lang='lat' dir='ltr'><strong>attingere</strong></span> <span class='ocrx_word' id='word_1_658' title='bbox 2387 4410 2492 4450; x_wconf 91' lang='lat' dir='ltr'><strong>non</strong></span> <span class='ocrx_word' id='word_1_659' title='bbox 2518 4394 2699 4449; x_wconf 85' lang='lat' dir='ltr'><strong>libeat.</strong></span> <span class='ocrx_word' id='word_1_660' title='bbox 2731 4396 2842 4452; x_wconf 85' lang='lat' dir='ltr'><strong>lloc</strong></span> <span class='ocrx_word' id='word_1_661' title='bbox 2871 4405 3079 4451; x_wconf 91' lang='lat' dir='ltr'><strong>tantum</strong></span> <span class='ocrx_word' id='word_1_662' title='bbox 3104 4396 3423 4460; x_wconf 86' lang='lat' dir='ltr'><strong>observabo,</strong></span> 
     </span>
    </p>
   </div>
   <div class='ocr_carea' id='block_1_89' title="bbox 1867 4485 3424 4559">
    <p class='ocr_par' dir='ltr' id='par_1_89' title="bbox 1867 4485 3424 4559">
     <span class='ocr_line' id='line_1_89' title="bbox 1867 4485 3424 4559; baseline -0.001 -18"><span class='ocrx_word' id='word_1_663' title='bbox 1867 4485 2293 4542; x_wconf 89' lang='lat' dir='ltr'><strong>Constitutiones</strong></span> <span class='ocrx_word' id='word_1_664' title='bbox 2323 4490 2648 4545; x_wconf 87' lang='lat' dir='ltr'><strong>monasticas</strong></span> <span class='ocrx_word' id='word_1_665' title='bbox 2678 4506 2740 4545; x_wconf 91' lang='lat' dir='ltr'><strong>eo</strong></span> <span class='ocrx_word' id='word_1_666' title='bbox 2765 4491 2993 4559; x_wconf 89' lang='lat' dir='ltr'><strong>scriptas</strong></span> <span class='ocrx_word' id='word_1_667' title='bbox 3019 4504 3135 4544; x_wconf 89' lang='lat' dir='ltr'><strong>esse</strong></span> <span class='ocrx_word' id='word_1_668' title='bbox 3163 4497 3424 4559; x_wconf 85' lang='lat' dir='ltr'><strong>tempore,</strong></span> 
     </span>
    </p>
   </div>
   <div class='ocr_carea' id='block_1_90' title="bbox 195 4568 3425 4649">
    <p class='ocr_par' dir='ltr' id='par_1_90' title="bbox 195 4568 3425 4649">
     <span class='ocr_line' id='line_1_90' title="bbox 195 4568 3425 4649; baseline 0.004 -30"><span class='ocrx_word' id='word_1_669' title='bbox 195 4570 396 4620; x_wconf 84' lang='lat' dir='ltr'><strong>deitate</strong></span> <span class='ocrx_word' id='word_1_670' title='bbox 420 4571 543 4622; x_wconf 81' lang='lat' dir='ltr'><strong>est?</strong></span> <span class='ocrx_word' id='word_1_671' title='bbox 582 4568 692 4622; x_wconf 89' lang='lat' dir='ltr'><strong>Nec</strong></span> <span class='ocrx_word' id='word_1_672' title='bbox 719 4586 835 4622; x_wconf 85' lang='lat' dir='ltr'><strong>vero</strong></span> <span class='ocrx_word' id='word_1_673' title='bbox 864 4570 1003 4638; x_wconf 90' lang='lat' dir='ltr'><strong>pium</strong></span> <span class='ocrx_word' id='word_1_674' title='bbox 1035 4571 1194 4637; x_wconf 85' lang='lat' dir='ltr'><strong>fuerit</strong></span> <span class='ocrx_word' id='word_1_675' title='bbox 1224 4574 1416 4638; x_wconf 85' lang='lat' dir='ltr'><strong>dicere,</strong></span> <span class='ocrx_word' id='word_1_676' title='bbox 1442 4583 1493 4625; x_wconf 88' lang='lat' dir='ltr'><strong>ut</strong></span> <span class='ocrx_word' id='word_1_677' title='bbox 1518 4574 1571 4625; x_wconf 87' lang='lat' dir='ltr'><strong>in</strong></span> <span class='ocrx_word' id='word_1_678' title='bbox 1596 4575 1764 4628; x_wconf 83' lang='lat' dir='ltr'><strong>ltomi—</strong></span> <span class='ocrx_word' id='word_1_679' title='bbox 1796 4577 1838 4631; x_wconf 93' lang='lat' dir='ltr'><strong>D</strong></span> <span class='ocrx_word' id='word_1_680' title='bbox 1868 4593 1973 4646; x_wconf 89' lang='lat' dir='ltr'><strong>quo</strong></span> <span class='ocrx_word' id='word_1_681' title='bbox 2011 4579 2253 4631; x_wconf 77' lang='lat' dir='ltr'><strong>C(BﬂObla</strong></span> <span class='ocrx_word' id='word_1_682' title='bbox 2296 4580 2554 4649; x_wconf 83' lang='lat' dir='ltr'><strong>majorem</strong></span> <span class='ocrx_word' id='word_1_683' title='bbox 2606 4583 2656 4635; x_wconf 89' lang='lat' dir='ltr'><strong>in</strong></span> <span class='ocrx_word' id='word_1_684' title='bbox 2692 4582 2907 4633; x_wconf 89' lang='lat' dir='ltr'><strong>modum</strong></span> <span class='ocrx_word' id='word_1_685' title='bbox 2958 4591 3325 4634; x_wconf 75' lang='lat' dir='ltr'><strong>accreverant.</strong></span> <span class='ocrx_word' id='word_1_686' title='bbox 3368 4577 3425 4631; x_wconf 79' lang='grc' dir='ltr'>ω</span> 
     </span>
    </p>
   </div>
   <div class='ocr_carea' id='block_1_91' title="bbox 196 4660 1766 4733">
    <p class='ocr_par' dir='ltr' id='par_1_91' title="bbox 196 4660 1766 4733">
     <span class='ocr_line' id='line_1_91' title="bbox 196 4660 1766 4733; baseline 0.004 -20"><span class='ocrx_word' id='word_1_687' title='bbox 196 4660 369 4718; x_wconf 79' lang='lat' dir='ltr'><strong>nibus,</strong></span> <span class='ocrx_word' id='word_1_688' title='bbox 406 4660 484 4711; x_wconf 88' lang='lat' dir='ltr'><strong>ita</strong></span> <span class='ocrx_word' id='word_1_689' title='bbox 520 4671 569 4711; x_wconf 93' lang='lat' dir='ltr'><strong>et</strong></span> <span class='ocrx_word' id='word_1_690' title='bbox 600 4661 651 4711; x_wconf 89' lang='lat' dir='ltr'><strong>in</strong></span> <span class='ocrx_word' id='word_1_691' title='bbox 684 4660 887 4729; x_wconf 86' lang='lat' dir='ltr'><strong>Spiritu</strong></span> <span class='ocrx_word' id='word_1_692' title='bbox 930 4661 1170 4713; x_wconf 87' lang='lat' dir='ltr'><strong>deitatem</strong></span> <span class='ocrx_word' id='word_1_693' title='bbox 1207 4679 1321 4730; x_wconf 68' lang='lat' dir='ltr'><strong>quae</strong></span> <span class='ocrx_word' id='word_1_694' title='bbox 1363 4666 1766 4733; x_wconf 85' lang='lat' dir='ltr'><strong>participatione</strong></span> 
     </span>
    </p>
   </div>
   <div class='ocr_carea' id='block_1_92' title="bbox 196 4751 1766 4820">
    <p class='ocr_par' dir='ltr' id='par_1_92' title="bbox 196 4751 1766 4820">
     <span class='ocr_line' id='line_1_92' title="bbox 196 4751 1766 4820; baseline 0.005 -16"><span class='ocrx_word' id='word_1_695' title='bbox 196 4751 457 4820; x_wconf 72' lang='lat' dir='ltr'><strong>acquisita</strong></span> <span class='ocrx_word' id='word_1_696' title='bbox 495 4752 589 4812; x_wconf 85' lang='lat' dir='ltr'><strong>sit,</strong></span> <span class='ocrx_word' id='word_1_697' title='bbox 637 4754 908 4817; x_wconf 78' lang='lat' dir='ltr'><strong>honorari,</strong></span> <span class='ocrx_word' id='word_1_698' title='bbox 950 4770 1052 4806; x_wconf 88' lang='lat' dir='ltr'><strong>non</strong></span> <span class='ocrx_word' id='word_1_699' title='bbox 1097 4764 1268 4807; x_wconf 87' lang='lat' dir='ltr'><strong>autem</strong></span> <span class='ocrx_word' id='word_1_700' title='bbox 1310 4768 1499 4809; x_wconf 85' lang='lat' dir='ltr'><strong>natura</strong></span> <span class='ocrx_word' id='word_1_701' title='bbox 1540 4759 1586 4811; x_wconf 87' lang='lat' dir='ltr'><strong>ei</strong></span> <span class='ocrx_word' id='word_1_702' title='bbox 1626 4774 1766 4812; x_wconf 91' lang='lat' dir='ltr'><strong>com-</strong></span> 
     </span>
    </p>
   </div>
   <div class='ocr_carea' id='block_1_93' title="bbox 196 4838 1764 4913">
    <p class='ocr_par' dir='ltr' id='par_1_93' title="bbox 196 4838 1764 4913">
     <span class='ocr_line' id='line_1_93' title="bbox 196 4838 1764 4913; baseline 0.008 -25"><span class='ocrx_word' id='word_1_703' title='bbox 196 4853 390 4908; x_wconf 71' lang='lat' dir='ltr'><strong>petere.</strong></span> <span class='ocrx_word' id='word_1_704' title='bbox 428 4838 533 4904; x_wconf 84' lang='lat' dir='ltr'><strong>Qui</strong></span> <span class='ocrx_word' id='word_1_705' title='bbox 576 4842 711 4892; x_wconf 84' lang='lat' dir='ltr'><strong>enim</strong></span> <span class='ocrx_word' id='word_1_706' title='bbox 750 4844 885 4896; x_wconf 84' lang='lat' dir='ltr'><strong>dono</strong></span> <span class='ocrx_word' id='word_1_707' title='bbox 917 4844 1131 4913; x_wconf 73' lang='lat' dir='ltr'><strong>eﬂicitur</strong></span> <span class='ocrx_word' id='word_1_708' title='bbox 1175 4842 1335 4909; x_wconf 88' lang='lat' dir='ltr'><strong>Deus,</strong></span> <span class='ocrx_word' id='word_1_709' title='bbox 1388 4848 1654 4900; x_wconf 85' lang='lat' dir='ltr'><strong>mutabilis</strong></span> <span class='ocrx_word' id='word_1_710' title='bbox 1690 4860 1764 4901; x_wconf 82' lang='lat' dir='ltr'><strong>est</strong></span> 
     </span>
    </p>
   </div>
   <div class='ocr_carea' id='block_1_94' title="bbox 198 4939 1761 5006">
    <p class='ocr_par' dir='ltr' id='par_1_94' title="bbox 198 4939 1761 5006">
     <span class='ocr_line' id='line_1_94' title="bbox 198 4939 1761 5006; baseline 0.009 -26"><span class='ocrx_word' id='word_1_711' title='bbox 198 4946 426 4997; x_wconf 69' lang='grc' dir='ltr'><strong>πρίηται,</strong></span> <span class='ocrx_word' id='word_1_712' title='bbox 460 4947 581 5003; x_wconf 68' lang='lat' dir='ltr'><strong>quin</strong></span> <span class='ocrx_word' id='word_1_713' title='bbox 613 4947 980 5005; x_wconf 87' lang='lat' dir='ltr'><strong>nonnunquam</strong></span> <span class='ocrx_word' id='word_1_714' title='bbox 1015 4953 1102 5003; x_wconf 89' lang='lat' dir='ltr'><strong>per</strong></span> <span class='ocrx_word' id='word_1_715' title='bbox 1144 4939 1509 5006; x_wconf 81' lang='lat' dir='ltr'><strong>negligentiam</strong></span> <span class='ocrx_word' id='word_1_716' title='bbox 1540 4958 1570 4993; x_wconf 92' lang='lat' dir='ltr'><strong>a</strong></span> <span class='ocrx_word' id='word_1_717' title='bbox 1610 4942 1761 4994; x_wconf 88' lang='lat' dir='ltr'><strong>boni-</strong></span> 
     </span>
    </p>
   </div>
   <div class='ocr_carea' id='block_1_95' title="bbox 196 5021 1762 5097">
    <p class='ocr_par' dir='ltr' id='par_1_95' title="bbox 196 5021 1762 5097">
     <span class='ocr_line' id='line_1_95' title="bbox 196 5021 1762 5097; baseline 0.006 -23"><span class='ocrx_word' id='word_1_718' title='bbox 196 5034 299 5077; x_wconf 87' lang='lat' dir='ltr'><strong>tate</strong></span> <span class='ocrx_word' id='word_1_719' title='bbox 356 5026 596 5078; x_wconf 76' lang='lat' dir='ltr'><strong>excidat.</strong></span> <span class='ocrx_word' id='word_1_720' title='bbox 655 5021 720 5074; x_wconf 85' lang='lat' dir='ltr'><strong>ld</strong></span> <span class='ocrx_word' id='word_1_721' title='bbox 774 5037 946 5079; x_wconf 86' lang='lat' dir='ltr'><strong>autent</strong></span> <span class='ocrx_word' id='word_1_722' title='bbox 990 5041 1161 5097; x_wconf 82' lang='lat' dir='ltr'><strong>aperte</strong></span> <span class='ocrx_word' id='word_1_723' title='bbox 1214 5028 1464 5083; x_wconf 86' lang='lat' dir='ltr'><strong>salutaris</strong></span> <span class='ocrx_word' id='word_1_724' title='bbox 1515 5031 1762 5097; x_wconf 80' lang='lat' dir='ltr'><strong>baptismi</strong></span> 
     </span>
    </p>
   </div>
   <div class='ocr_carea' id='block_1_96' title="bbox 199 5115 1761 5189">
    <p class='ocr_par' dir='ltr' id='par_1_96' title="bbox 199 5115 1761 5189">
     <span class='ocr_line' id='line_1_96' title="bbox 199 5115 1761 5189; baseline 0.006 -25"><span class='ocrx_word' id='word_1_725' title='bbox 199 5124 453 5182; x_wconf 79' lang='lat' dir='ltr'><strong>repugnat</strong></span> <span class='ocrx_word' id='word_1_726' title='bbox 500 5115 771 5167; x_wconf 82' lang='lat' dir='ltr'><strong>traditioni</strong></span> <span class='ocrx_word' id='word_1_727' title='bbox 812 5130 831 5167; x_wconf 88' lang='lat'><strong><em>:</em></strong></span> <span class='ocrx_word' id='word_1_728' title='bbox 867 5133 884 5165; x_wconf 73' lang='grc' dir='ltr'>ι</span> <span class='ocrx_word' id='word_1_729' title='bbox 919 5117 1135 5183; x_wconf 83' lang='lat' dir='ltr'><strong>Euntes,</strong></span> <span class='ocrx_word' id='word_1_730' title='bbox 1184 5118 1376 5188; x_wconf 84' lang='lat' dir='ltr'><strong>inquit.</strong></span> <span class='ocrx_word' id='word_1_731' title='bbox 1418 5121 1677 5189; x_wconf 74' lang='lat' dir='ltr'><strong>baptizata</strong></span> <span class='ocrx_word' id='word_1_732' title='bbox 1708 5126 1761 5174; x_wconf 88' lang='lat' dir='ltr'><strong>in</strong></span> 
     </span>
    </p>
   </div>
   <div class='ocr_carea' id='block_1_97' title="bbox 200 5203 1760 5273">
    <p class='ocr_par' dir='ltr' id='par_1_97' title="bbox 200 5203 1760 5273">
     <span class='ocr_line' id='line_1_97' title="bbox 200 5203 1760 5273; baseline 0.005 -17"><span class='ocrx_word' id='word_1_733' title='bbox 200 5206 403 5256; x_wconf 75' lang='lat' dir='ltr'><strong>noritine</strong></span> <span class='ocrx_word' id='word_1_734' title='bbox 422 5204 603 5257; x_wconf 86' lang='lat' dir='ltr'><strong>Putris</strong></span> <span class='ocrx_word' id='word_1_735' title='bbox 632 5215 682 5259; x_wconf 90' lang='lat' dir='ltr'><strong>et</strong></span> <span class='ocrx_word' id='word_1_736' title='bbox 703 5203 830 5257; x_wconf 84' lang='lat' dir='ltr'><strong>Filii</strong></span> <span class='ocrx_word' id='word_1_737' title='bbox 848 5215 894 5257; x_wconf 90' lang='lat' dir='ltr'><strong>et</strong></span> <span class='ocrx_word' id='word_1_738' title='bbox 915 5206 1143 5273; x_wconf 86' lang='lat' dir='ltr'><strong>Spiritus</strong></span> <span class='ocrx_word' id='word_1_739' title='bbox 1175 5210 1422 5262; x_wconf 77' lang='lat' dir='ltr'><strong>sancti“.</strong></span> <span class='ocrx_word' id='word_1_740' title='bbox 1457 5230 1473 5260; x_wconf 75' lang='grc' dir='ltr'><strong><em>ι</em></strong></span> <span class='ocrx_word' id='word_1_741' title='bbox 1500 5211 1590 5265; x_wconf 85' lang='lat' dir='ltr'><strong>Est</strong></span> <span class='ocrx_word' id='word_1_742' title='bbox 1625 5214 1760 5266; x_wconf 81' lang='lat' dir='ltr'><strong>enim</strong></span> 
     </span>
    </p>
   </div>
   <div class='ocr_carea' id='block_1_98' title="bbox 207 5296 1765 5365">
    <p class='ocr_par' dir='ltr' id='par_1_98' title="bbox 207 5296 1765 5365">
     <span class='ocr_line' id='line_1_98' title="bbox 207 5296 1765 5365; baseline 0.007 -19"><span class='ocrx_word' id='word_1_743' title='bbox 207 5296 463 5361; x_wconf 84' lang='lat' dir='ltr'><strong>baptisma</strong></span> <span class='ocrx_word' id='word_1_744' title='bbox 495 5298 729 5365; x_wconf 83' lang='lat' dir='ltr'><strong>sigillum</strong></span> <span class='ocrx_word' id='word_1_745' title='bbox 767 5297 909 5365; x_wconf 77' lang='lat' dir='ltr'><strong>ﬁdei,</strong></span> <span class='ocrx_word' id='word_1_746' title='bbox 944 5298 1074 5365; x_wconf 85' lang='lat' dir='ltr'><strong>fides</strong></span> <span class='ocrx_word' id='word_1_747' title='bbox 1123 5318 1239 5355; x_wconf 81' lang='lat' dir='ltr'><strong>vero</strong></span> <span class='ocrx_word' id='word_1_748' title='bbox 1286 5318 1525 5355; x_wconf 86' lang='lat' dir='ltr'><strong>assensus</strong></span> <span class='ocrx_word' id='word_1_749' title='bbox 1553 5316 1625 5357; x_wconf 89' lang='lat' dir='ltr'><strong>est</strong></span> <span class='ocrx_word' id='word_1_750' title='bbox 1653 5306 1765 5356; x_wconf 84' lang='lat' dir='ltr'><strong>dei-</strong></span> 
     </span>
    </p>
   </div>
   <div class='ocr_carea' id='block_1_99' title="bbox 205 5387 1766 5465">
    <p class='ocr_par' dir='ltr' id='par_1_99' title="bbox 205 5387 1766 5465">
     <span class='ocr_line' id='line_1_99' title="bbox 205 5387 1766 5465; baseline 0.006 -26"><span class='ocrx_word' id='word_1_751' title='bbox 205 5392 315 5440; x_wconf 85' lang='lat' dir='ltr'><strong>tati.</strong></span> <span class='ocrx_word' id='word_1_752' title='bbox 356 5387 503 5439; x_wconf 73' lang='lat' dir='ltr'><strong>Nam</strong></span> <span class='ocrx_word' id='word_1_753' title='bbox 548 5391 759 5443; x_wconf 87' lang='lat' dir='ltr'><strong>credere</strong></span> <span class='ocrx_word' id='word_1_754' title='bbox 796 5392 939 5459; x_wconf 82' lang='lat' dir='ltr'><strong>prius</strong></span> <span class='ocrx_word' id='word_1_755' title='bbox 979 5403 1198 5460; x_wconf 84' lang='lat' dir='ltr'><strong>oportet,</strong></span> <span class='ocrx_word' id='word_1_756' title='bbox 1240 5395 1424 5448; x_wconf 89' lang='lat' dir='ltr'><strong>deinde</strong></span> <span class='ocrx_word' id='word_1_757' title='bbox 1460 5398 1766 5465; x_wconf 85' lang='lat' dir='ltr'><strong>baptismate</strong></span> 
     </span>
    </p>
   </div>
   <div class='ocr_carea' id='block_1_100' title="bbox 204 5477 1761 5551">
    <p class='ocr_par' dir='ltr' id='par_1_100' title="bbox 204 5477 1761 5551">
     <span class='ocr_line' id='line_1_100' title="bbox 204 5477 1761 5551; baseline 0.006 -22"><span class='ocrx_word' id='word_1_758' title='bbox 204 5480 481 5549; x_wconf 83' lang='lat' dir='ltr'><strong>obsignari.</strong></span> <span class='ocrx_word' id='word_1_759' title='bbox 541 5477 641 5531; x_wconf 78' lang='lat' dir='ltr'><strong>Est</strong></span> <span class='ocrx_word' id='word_1_760' title='bbox 686 5492 857 5533; x_wconf 85' lang='lat' dir='ltr'><strong>autent</strong></span> <span class='ocrx_word' id='word_1_761' title='bbox 900 5492 1069 5535; x_wconf 79' lang='lat' dir='ltr'><strong>noster</strong></span> <span class='ocrx_word' id='word_1_762' title='bbox 1117 5486 1399 5551; x_wconf 86' lang='lat' dir='ltr'><strong>baptismus</strong></span> <span class='ocrx_word' id='word_1_763' title='bbox 1444 5502 1505 5538; x_wconf 78' lang='lat' dir='ltr'><strong>ea:</strong></span> <span class='ocrx_word' id='word_1_764' title='bbox 1551 5486 1761 5539; x_wconf 86' lang='lat' dir='ltr'><strong>Domini</strong></span> 
     </span>
    </p>
   </div>
   <div class='ocr_carea' id='block_1_101' title="bbox 205 5568 1755 5642">
    <p class='ocr_par' dir='ltr' id='par_1_101' title="bbox 205 5568 1755 5642">
     <span class='ocr_line' id='line_1_101' title="bbox 205 5568 1755 5642; baseline 0.008 -25"><span class='ocrx_word' id='word_1_765' title='bbox 205 5570 521 5631; x_wconf 84' lang='lat' dir='ltr'><strong>traditione,</strong></span> <span class='ocrx_word' id='word_1_766' title='bbox 568 5568 625 5621; x_wconf 82' lang='lat' dir='ltr'><strong>in</strong></span> <span class='ocrx_word' id='word_1_767' title='bbox 668 5571 877 5623; x_wconf 84' lang='lat' dir='ltr'><strong>nomine</strong></span> <span class='ocrx_word' id='word_1_768' title='bbox 932 5569 1112 5624; x_wconf 75' lang='lat' dir='ltr'><strong>Patris</strong></span> <span class='ocrx_word' id='word_1_769' title='bbox 1148 5582 1195 5624; x_wconf 86' lang='lat' dir='ltr'><strong>et</strong></span> <span class='ocrx_word' id='word_1_770' title='bbox 1246 5573 1373 5626; x_wconf 79' lang='lat' dir='ltr'><strong>Filii</strong></span> <span class='ocrx_word' id='word_1_771' title='bbox 1429 5586 1474 5627; x_wconf 86' lang='lat' dir='ltr'><strong>et</strong></span> <span class='ocrx_word' id='word_1_772' title='bbox 1532 5573 1755 5642; x_wconf 79' lang='lat' dir='ltr'><strong>Spiritus</strong></span> 
     </span>
    </p>
   </div>
   <div class='ocr_carea' id='block_1_102' title="bbox 274 5704 1426 5773">
    <p class='ocr_par' dir='ltr' id='par_1_102' title="bbox 274 5704 1426 5773">
     <span class='ocr_line' id='line_1_102' title="bbox 274 5704 1426 5773; baseline 0.009 -17"><span class='ocrx_word' id='word_1_773' title='bbox 274 5704 292 5734; x_wconf 83' lang='lat'><strong>’</strong></span> <span class='ocrx_word' id='word_1_774' title='bbox 318 5704 477 5759; x_wconf 85' lang='lat' dir='ltr'><strong>Prov.</strong></span> <span class='ocrx_word' id='word_1_775' title='bbox 504 5721 623 5769; x_wconf 80' lang='lat' dir='ltr'><strong>vut,</strong></span> <span class='ocrx_word' id='word_1_776' title='bbox 651 5705 740 5758; x_wconf 74' lang='lat'><strong>22.</strong></span> <span class='ocrx_word' id='word_1_777' title='bbox 815 5710 855 5737; x_wconf 82' lang='grc'><strong>⁸·</strong></span> <span class='ocrx_word' id='word_1_778' title='bbox 897 5709 1084 5763; x_wconf 85' lang='lat' dir='ltr'><strong>Matth.</strong></span> <span class='ocrx_word' id='word_1_779' title='bbox 1112 5727 1297 5773; x_wconf 69' lang='lat' dir='ltr'><strong>xxvnt,</strong></span> <span class='ocrx_word' id='word_1_780' title='bbox 1344 5712 1426 5766; x_wconf 86' lang='lat' dir='ltr'><strong>l9.</strong></span> 
     </span>
    </p>
   </div>
   <div class='ocr_carea' id='block_1_103' title="bbox 264 5872 894 5941">
    <p class='ocr_par' dir='ltr' id='par_1_103' title="bbox 264 5872 894 5941">
     <span class='ocr_line' id='line_1_103' title="bbox 264 5872 894 5941; baseline 0.003 -19"><span class='ocrx_word' id='word_1_781' title='bbox 264 5872 331 5941; x_wconf 72' lang='grc' dir='ltr'><strong>(α)</strong></span> <span class='ocrx_word' id='word_1_782' title='bbox 367 5872 480 5927; x_wconf 84' lang='lat' dir='ltr'><strong>Lib.</strong></span> <span class='ocrx_word' id='word_1_783' title='bbox 515 5890 573 5935; x_wconf 87' lang='lat' dir='ltr'><strong>ll,</strong></span> <span class='ocrx_word' id='word_1_784' title='bbox 614 5887 737 5939; x_wconf 75' lang='lat' dir='ltr'><strong>pag.</strong></span> <span class='ocrx_word' id='word_1_785' title='bbox 771 5872 894 5925; x_wconf 64' lang='grc' dir='ltr'><strong>εδδ.</strong></span> 
     </span>
    </p>
   </div>
   <div class='ocr_carea' id='block_1_104' title="bbox 1863 4667 3426 4737">
    <p class='ocr_par' dir='ltr' id='par_1_104' title="bbox 1863 4667 3426 4737">
     <span class='ocr_line' id='line_1_104' title="bbox 1863 4667 3426 4737; baseline -0.001 -17"><span class='ocrx_word' id='word_1_786' title='bbox 1863 4668 2091 4735; x_wconf 88' lang='lat' dir='ltr'><strong>perspici</strong></span> <span class='ocrx_word' id='word_1_787' title='bbox 2128 4676 2302 4736; x_wconf 89' lang='lat' dir='ltr'><strong>potest</strong></span> <span class='ocrx_word' id='word_1_788' title='bbox 2324 4684 2388 4722; x_wconf 81' lang='lat' dir='ltr'><strong>ex</strong></span> <span class='ocrx_word' id='word_1_789' title='bbox 2419 4685 2538 4737; x_wconf 92' lang='lat' dir='ltr'><strong>cap.</strong></span> <span class='ocrx_word' id='word_1_790' title='bbox 2583 4670 2644 4723; x_wconf 79' lang='grc'><strong>18</strong></span> <span class='ocrx_word' id='word_1_791' title='bbox 2673 4668 2747 4737; x_wconf 90' lang='lat' dir='ltr'><strong>(n.</strong></span> <span class='ocrx_word' id='word_1_792' title='bbox 2777 4668 2828 4735; x_wconf 86' lang='lat' dir='ltr'><strong>l)</strong></span> <span class='ocrx_word' id='word_1_793' title='bbox 2855 4667 2942 4722; x_wconf 92' lang='lat' dir='ltr'><strong>ubi</strong></span> <span class='ocrx_word' id='word_1_794' title='bbox 2971 4667 3291 4721; x_wconf 66' lang='lat' dir='ltr'><strong>coanobitica</strong></span> <span class='ocrx_word' id='word_1_795' title='bbox 3321 4668 3426 4718; x_wconf 87' lang='lat' dir='ltr'><strong>vita</strong></span> 
     </span>
    </p>
   </div>
   <div class='ocr_carea' id='block_1_105' title="bbox 1864 4755 3428 4829">
    <p class='ocr_par' dir='ltr' id='par_1_105' title="bbox 1864 4755 3428 4829">
     <span class='ocr_line' id='line_1_105' title="bbox 1864 4755 3428 4829; baseline -0.001 -18"><span class='ocrx_word' id='word_1_796' title='bbox 1864 4761 2292 4812; x_wconf 80' lang='lat' dir='ltr'><strong>coittmetidatur.</strong></span> <span class='ocrx_word' id='word_1_797' title='bbox 2354 4761 2506 4814; x_wconf 75' lang='grc' dir='ltr'>Ἐπεὶ</span> <span class='ocrx_word' id='word_1_798' title='bbox 2548 4760 2604 4811; x_wconf 78' lang='grc' dir='ltr'><strong>δὲ</strong></span> <span class='ocrx_word' id='word_1_799' title='bbox 2644 4761 2692 4812; x_wconf 81' lang='grc' dir='ltr'>οἱ</span> <span class='ocrx_word' id='word_1_800' title='bbox 2736 4759 2975 4812; x_wconf 75' lang='grc' dir='ltr'><strong>πλεῖστοι</strong></span> <span class='ocrx_word' id='word_1_801' title='bbox 3024 4758 3130 4811; x_wconf 83' lang='grc' dir='ltr'><strong>τῶν</strong></span> <span class='ocrx_word' id='word_1_802' title='bbox 3177 4755 3428 4829; x_wconf 71' lang='grc' dir='ltr'><strong>ἀσκητῶν</strong></span> 
     </span>
    </p>
   </div>
   <div class='ocr_carea' id='block_1_106' title="bbox 1868 4846 3431 4919">
    <p class='ocr_par' dir='ltr' id='par_1_106' title="bbox 1868 4846 3431 4919">
     <span class='ocr_line' id='line_1_106' title="bbox 1868 4846 3431 4919; baseline -0.001 -19"><span class='ocrx_word' id='word_1_803' title='bbox 1868 4846 2007 4900; x_wconf 83' lang='grc' dir='ltr'>κατά</span> <span class='ocrx_word' id='word_1_804' title='bbox 2040 4851 2361 4919; x_wconf 74' lang='grc' dir='ltr'>συστήματα</span> <span class='ocrx_word' id='word_1_805' title='bbox 2405 4848 2803 4914; x_wconf 83' lang='grc' dir='ltr'><strong>πολιτεύονται,</strong></span> <span class='ocrx_word' id='word_1_806' title='bbox 2832 4850 3080 4919; x_wconf 85' lang='grc' dir='ltr'><strong>ἀλλήλοις</strong></span> <span class='ocrx_word' id='word_1_807' title='bbox 3124 4848 3193 4900; x_wconf 70' lang='grc' dir='ltr'>τὰ</span> <span class='ocrx_word' id='word_1_808' title='bbox 3234 4848 3431 4919; x_wconf 63' lang='grc' dir='ltr'>φρονή-</span> 
     </span>
    </p>
   </div>
   <div class='ocr_carea' id='block_1_107' title="bbox 1873 4941 3498 5014">
    <p class='ocr_par' dir='ltr' id='par_1_107' title="bbox 1873 4941 3498 5014">
     <span class='ocr_line' id='line_1_107' title="bbox 1873 4941 3498 5014; baseline 0.002 -23"><span class='ocrx_word' id='word_1_809' title='bbox 1873 4955 2014 5009; x_wconf 83' lang='grc' dir='ltr'>ματα</span> <span class='ocrx_word' id='word_1_810' title='bbox 2042 4942 2175 5009; x_wconf 77' lang='grc' dir='ltr'>πρὸς</span> <span class='ocrx_word' id='word_1_811' title='bbox 2198 4941 2395 5012; x_wconf 78' lang='grc' dir='ltr'>ἀρετὴν</span> <span class='ocrx_word' id='word_1_812' title='bbox 2423 4944 2850 5014; x_wconf 80' lang='grc' dir='ltr'>παραθήγοντες,</span> <span class='ocrx_word' id='word_1_813' title='bbox 2892 4943 2985 4996; x_wconf 72' lang='grc' dir='ltr'><strong>καὶ</strong></span> <span class='ocrx_word' id='word_1_814' title='bbox 3008 4945 3073 5013; x_wconf 83' lang='grc' dir='ltr'>τῇ</span> <span class='ocrx_word' id='word_1_815' title='bbox 3102 4942 3207 4996; x_wconf 79' lang='grc' dir='ltr'><strong>τῶν</strong></span> <span class='ocrx_word' id='word_1_816' title='bbox 3239 4956 3404 5012; x_wconf 75' lang='grc' dir='ltr'>κατορ</span> <span class='ocrx_word' id='word_1_817' title='bbox 3494 4976 3498 4982; x_wconf 91' lang='grc'><strong>-</strong></span> 
     </span>
    </p>
   </div>
   <div class='ocr_carea' id='block_1_108' title="bbox 1872 5030 3429 5105">
    <p class='ocr_par' dir='ltr' id='par_1_108' title="bbox 1872 5030 3429 5105">
     <span class='ocr_line' id='line_1_108' title="bbox 1872 5030 3429 5105; baseline 0.011 -25"><span class='ocrx_word' id='word_1_818' title='bbox 1872 5030 2136 5099; x_wconf 81' lang='grc' dir='ltr'>θωμάτων</span> <span class='ocrx_word' id='word_1_819' title='bbox 2168 5034 2589 5104; x_wconf 80' lang='grc' dir='ltr'>ἁντιπαραθέσει</span> <span class='ocrx_word' id='word_1_820' title='bbox 2630 5033 3020 5105; x_wconf 82' lang='grc' dir='ltr'>παρορμῶντες</span> <span class='ocrx_word' id='word_1_821' title='bbox 3064 5034 3287 5095; x_wconf 77' lang='grc' dir='ltr'>ἑαυτοὺς</span> <span class='ocrx_word' id='word_1_822' title='bbox 3334 5031 3429 5086; x_wconf 65' lang='grc' dir='ltr'><strong>ἐπὶ</strong></span> 
     </span>
    </p>
   </div>
   <div class='ocr_carea' id='block_1_109' title="bbox 1866 5122 3429 5199">
    <p class='ocr_par' dir='ltr' id='par_1_109' title="bbox 1866 5122 3429 5199">
     <span class='ocr_line' id='line_1_109' title="bbox 1866 5122 3429 5199; baseline 0.015 -27"><span class='ocrx_word' id='word_1_823' title='bbox 1866 5122 1963 5192; x_wconf 77' lang='grc' dir='ltr'><strong>τὴν</strong></span> <span class='ocrx_word' id='word_1_824' title='bbox 1994 5122 2084 5174; x_wconf 77' lang='grc' dir='ltr'>τοῦ</span> <span class='ocrx_word' id='word_1_825' title='bbox 2115 5125 2279 5178; x_wconf 75' lang='grc' dir='ltr'>καλοῦ</span> <span class='ocrx_word' id='word_1_826' title='bbox 2311 5130 2610 5198; x_wconf 80' lang='grc' dir='ltr'>προκοπὴν,</span> <span class='ocrx_word' id='word_1_827' title='bbox 2642 5128 2844 5181; x_wconf 83' lang='grc' dir='ltr'>δίκαιον</span> <span class='ocrx_word' id='word_1_828' title='bbox 2877 5127 3153 5199; x_wconf 76' lang='grc' dir='ltr'><strong>ᾠήθημεν,</strong></span> <span class='ocrx_word' id='word_1_829' title='bbox 3187 5128 3280 5180; x_wconf 56' lang='grc' dir='ltr'><strong>καὶ</strong></span> <span class='ocrx_word' id='word_1_830' title='bbox 3308 5127 3429 5180; x_wconf 64' lang='grc' dir='ltr'>τούο</span> 
     </span>
    </p>
   </div>
   <div class='ocr_carea' id='block_1_110' title="bbox 1868 5215 3425 5291">
    <p class='ocr_par' dir='ltr' id='par_1_110' title="bbox 1868 5215 3425 5291">
     <span class='ocr_line' id='line_1_110' title="bbox 1868 5215 3425 5291; baseline 0.004 -26"><span class='ocrx_word' id='word_1_831' title='bbox 1868 5231 1979 5276; x_wconf 84' lang='grc' dir='ltr'>τοις</span> <span class='ocrx_word' id='word_1_832' title='bbox 2007 5216 2103 5284; x_wconf 81' lang='grc' dir='ltr'><strong>τὴν</strong></span> <span class='ocrx_word' id='word_1_833' title='bbox 2132 5215 2217 5269; x_wconf 74' lang='grc' dir='ltr'>διὰ</span> <span class='ocrx_word' id='word_1_834' title='bbox 2247 5219 2354 5270; x_wconf 81' lang='grc' dir='ltr'>τῶν</span> <span class='ocrx_word' id='word_1_835' title='bbox 2396 5218 2566 5286; x_wconf 83' lang='grc' dir='ltr'>λόγων</span> <span class='ocrx_word' id='word_1_836' title='bbox 2608 5221 2944 5291; x_wconf 75' lang='grc' dir='ltr'>παράκλησιν</span> <span class='ocrx_word' id='word_1_837' title='bbox 2991 5218 3425 5288; x_wconf 62' lang='grc' dir='ltr'><strong>ειθενέγκασθαι.</strong></span> 
     </span>
    </p>
   </div>
   <div class='ocr_carea' id='block_1_111' title="bbox 1867 5304 3427 5380">
    <p class='ocr_par' dir='ltr' id='par_1_111' title="bbox 1867 5304 3427 5380">
     <span class='ocr_line' id='line_1_111' title="bbox 1867 5304 3427 5380; baseline 0.003 -23"><span class='ocrx_word' id='word_1_838' title='bbox 1867 5304 1968 5358; x_wconf 84' lang='lat' dir='ltr'><strong>Sed</strong></span> <span class='ocrx_word' id='word_1_839' title='bbox 1997 5309 2120 5377; x_wconf 84' lang='lat' dir='ltr'><strong>quia</strong></span> <span class='ocrx_word' id='word_1_840' title='bbox 2144 5311 2376 5378; x_wconf 76' lang='lat' dir='ltr'><strong>plerique</strong></span> <span class='ocrx_word' id='word_1_841' title='bbox 2410 5322 2593 5364; x_wconf 73' lang='lat' dir='ltr'><strong>ascette</strong></span> <span class='ocrx_word' id='word_1_842' title='bbox 2634 5314 2789 5365; x_wconf 84' lang='lat' dir='ltr'><strong>sintut</strong></span> <span class='ocrx_word' id='word_1_843' title='bbox 2825 5314 3013 5380; x_wconf 86' lang='lat' dir='ltr'><strong>degunt</strong></span> <span class='ocrx_word' id='word_1_844' title='bbox 3054 5312 3109 5365; x_wconf 89' lang='lat' dir='ltr'><strong>in</strong></span> <span class='ocrx_word' id='word_1_845' title='bbox 3137 5313 3427 5364; x_wconf 73' lang='lat' dir='ltr'><strong>communi~</strong></span> 
     </span>
    </p>
   </div>
   <div class='ocr_carea' id='block_1_112' title="bbox 1868 5403 3429 5468">
    <p class='ocr_par' dir='ltr' id='par_1_112' title="bbox 1868 5403 3429 5468">
     <span class='ocr_line' id='line_1_112' title="bbox 1868 5403 3429 5468; baseline 0.004 -17"><span class='ocrx_word' id='word_1_846' title='bbox 1868 5408 1992 5466; x_wconf 87' lang='lat' dir='ltr'><strong>tate,</strong></span> <span class='ocrx_word' id='word_1_847' title='bbox 2023 5403 2254 5455; x_wconf 84' lang='lat' dir='ltr'><strong>animum</strong></span> <span class='ocrx_word' id='word_1_848' title='bbox 2283 5415 2463 5459; x_wconf 83' lang='lat' dir='ltr'><strong>mutuo</strong></span> <span class='ocrx_word' id='word_1_849' title='bbox 2490 5416 2794 5460; x_wconf 73' lang='lat' dir='ltr'><strong>exocuentes</strong></span> <span class='ocrx_word' id='word_1_850' title='bbox 2828 5406 2895 5457; x_wconf 81' lang='lat' dir='ltr'><strong>ad</strong></span> <span class='ocrx_word' id='word_1_851' title='bbox 2926 5407 3183 5468; x_wconf 83' lang='lat' dir='ltr'><strong>uirtutem,</strong></span> <span class='ocrx_word' id='word_1_852' title='bbox 3218 5414 3263 5457; x_wconf 85' lang='lat' dir='ltr'><strong>et</strong></span> <span class='ocrx_word' id='word_1_853' title='bbox 3295 5416 3429 5457; x_wconf 85' lang='lat' dir='ltr'><strong>recte</strong></span> 
     </span>
    </p>
   </div>
   <div class='ocr_carea' id='block_1_113' title="bbox 1870 5490 3426 5568">
    <p class='ocr_par' dir='ltr' id='par_1_113' title="bbox 1870 5490 3426 5568">
     <span class='ocr_line' id='line_1_113' title="bbox 1870 5490 3426 5568; baseline 0.006 -29"><span class='ocrx_word' id='word_1_854' title='bbox 1870 5490 2128 5556; x_wconf 84' lang='lat' dir='ltr'><strong>factorum</strong></span> <span class='ocrx_word' id='word_1_855' title='bbox 2182 5500 2570 5563; x_wconf 84' lang='lat' dir='ltr'><strong>comparatione</strong></span> <span class='ocrx_word' id='word_1_856' title='bbox 2623 5499 2817 5567; x_wconf 84' lang='lat' dir='ltr'><strong>seipsos</strong></span> <span class='ocrx_word' id='word_1_857' title='bbox 2868 5499 2936 5551; x_wconf 89' lang='lat' dir='ltr'><strong>ad</strong></span> <span class='ocrx_word' id='word_1_858' title='bbox 2990 5514 3318 5568; x_wconf 85' lang='lat' dir='ltr'><strong>progressum</strong></span> <span class='ocrx_word' id='word_1_859' title='bbox 3373 5495 3426 5548; x_wconf 83' lang='lat' dir='ltr'><strong>in</strong></span> 
     </span>
    </p>
   </div>
   <div class='ocr_carea' id='block_1_114' title="bbox 1868 5583 3426 5661">
    <p class='ocr_par' dir='ltr' id='par_1_114' title="bbox 1868 5583 3426 5661">
     <span class='ocr_line' id='line_1_114' title="bbox 1868 5583 3426 5661; baseline 0.006 -27"><span class='ocrx_word' id='word_1_860' title='bbox 1868 5583 1997 5638; x_wconf 87' lang='lat' dir='ltr'><strong>bono</strong></span> <span class='ocrx_word' id='word_1_861' title='bbox 2037 5586 2327 5655; x_wconf 82' lang='lat' dir='ltr'><strong>faciendun</strong></span> <span class='ocrx_word' id='word_1_862' title='bbox 2365 5600 2699 5659; x_wconf 79' lang='lat' dir='ltr'><strong>conc..antes,</strong></span> <span class='ocrx_word' id='word_1_863' title='bbox 2736 5609 2939 5661; x_wconf 69' lang='lat' dir='ltr'><strong>(equum</strong></span> <span class='ocrx_word' id='word_1_864' title='bbox 2969 5607 3077 5646; x_wconf 88' lang='lat' dir='ltr'><strong>esse</strong></span> <span class='ocrx_word' id='word_1_865' title='bbox 3105 5591 3426 5661; x_wconf 81' lang='lat' dir='ltr'><strong>putauimus.</strong></span> 
     </span>
    </p>
   </div>
  </div>
