4212 6488
771 441 963 487 CLXXVI

2119 414 2623 474 PROLEGOMENA
2634 453 2648 467 .

777 563 867 599 «os
926 521 1082 597 etiam
1139 538 1463 595 sermonibus
1535 538 1730 591 nostris
1794 536 2086 591 adhortari.
2158 534 2331 603 Supra
2362 536 2408 593 Α
2434 530 2587 585 silius
2625 529 2911 583 adductum
2941 540 2998 579 se
3034 538 3153 578 esse
3186 532 3243 577 ut
3275 521 3503 575 Horatia
3530 520 3819 585 scriberet,
3854 520 3979 575 dum

777 638 1009 690 diximus
1062 631 1323 686 Basilium
1384 628 1719 684 cmuobiticm
1773 628 1897 682 vitae
1950 636 2223 682 auctorem
2276 626 2331 678 in

778 730 946 784 Ponto
982 737 1036 781 et
1070 721 1411 795 Cappadocia
1461 720 1652 784 fuisse,
1686 733 1750 773 ac
1788 733 1915 773 rara
1955 716 2238 771 admodum
2277 716 2329 769 in

778 822 864 875 his
899 828 951 875 et
1003 817 1198 873 vicinis
1247 812 1556 884 regionibus
1592 811 1839 866 coenohia
1886 808 2184 872 exstitisse,
2226 822 2331 875 quo

780 924 1020 981 tempore
1047 908 1213 964 abbas
1241 905 1481 978 Pyamon
1512 917 1604 959 eas
1640 900 1967 972 peragravit.
1998 899 2176 965 Quare
2202 898 2335 953 Con-

779 1002 1088 1057 stitutiones
1121 998 1432 1053 monasticis:
1468 995 1553 1051 vel
1588 996 1639 1048 in
1665 992 2006 1063 Cappadocia
2042 1001 2136 1045 aut
2166 989 2335 1045 Ponto

779 1105 872 1149 aut
915 1091 1150 1148 llnitimis
1194 1088 1500 1161 regionibus
1552 1087 1767 1157 scripta:
1817 1100 1923 1140 non
1963 1083 2201 1148 luerunt,
2256 1080 2336 1134 vel

783 1194 905 1256 post
930 1183 1271 1239 Eustathium
1302 1189 1357 1235 et
1382 1178 1638 1233 Basiliam
1674 1177 1888 1247 scriptae
1920 1185 2065 1230 sunt.

854 1276 1147 1330 Fatendum
1180 1286 1310 1327 sane
1351 1278 1436 1326 est
1479 1268 1612 1325 duos
1650 1269 1815 1323 libros
1858 1267 1931 1321 De
1970 1266 2250 1334 baptismo,
2292 1263 2336 1318 si

781 1364 946 1421 verba
984 1371 1316 1434 spectentur,
1349 1375 1379 1415 a
1411 1359 1595 1416 Basilii
1626 1358 1801 1413 nitore
1836 1356 2103 1412 sermonis
2138 1362 2192 1407 et
2221 1352 2337 1408 eleo

783 1456 967 1528 gantia
993 1453 1219 1508 multum
1254 1451 1525 1507 recedere.
1561 1449 1668 1505 Sed
1690 1449 1733 1504 si
1764 1446 2178 1508 sententiarum,
2208 1457 2338 1510 qua-

784 1563 904 1602 rum
936 1544 1081 1600 nulla
1120 1557 1340 1612 prorsus
1376 1557 1482 1596 non
1521 1550 1605 1596 est
1626 1539 1838 1605 Basilii,
1867 1537 2006 1590 ratio
2040 1534 2336 1589 habentur:

780 1639 829 1694 si
857 1649 1066 1693 summa
1109 1634 1280 1705 pietas
1308 1632 1363 1688 in
1402 1642 1631 1701 utroque
1660 1630 1797 1685 libro
1828 1626 2057 1682 miriﬁce
2093 1625 2330 1694 spirans,

785 1730 829 1784 si
858 1726 1027 1798 ipsius
1055 1724 1334 1795 scriptoris
1363 1723 1735 1779 consideretur
1761 1718 2070 1780 auctoritas,
2103 1717 2192 1788 qui
2229 1730 2333 1771 non

785 1817 957 1873 solum
982 1814 1219 1887 pluribus
1243 1814 1425 1868 Basilii
1455 1812 1588 1870 locis
1616 1812 1782 1866 utitur
1809 1824 1906 1880 pro
1936 1810 2071 1874 suis,
2102 1808 2193 1863 sed
2229 1808 2338 1875 ipsa

784 1908 945 1964 etiam
974 1874 1159 1961 Basilii
1196 1904 1421 1974 scripta,
1454 1913 1513 1956 ut
1544 1902 1759 1972 prapria
1793 1874 1997 1953 laboris
2036 1897 2118 1952 sui
2154 1874 2340 1949 monu-
2373 1874 2415 1933 Β

789 2008 989 2065 menta,
1016 1998 1179 2064 citat;
1207 1996 1452 2065 equidem
1479 1993 1661 2049 malim
1688 1990 1887 2045 Basilio
1912 1989 2213 2045 orationem
2244 1986 2342 2038 ali-

788 2105 950 2161 quam
1009 2089 1185 2144 minus
1236 2086 1456 2152 factam,
1513 2084 1797 2152 minusque
1847 2080 2079 2136 molliter
2129 2084 2341 2132 euntem

789 2176 1106 2241 attribuere,
1137 2190 1297 2246 quam
1328 2172 1525 2228 homini
1561 2169 1805 2240 improbo
1848 2176 1903 2223 et
1930 2164 2170 2221 mendaci
2210 2176 2345 2231 pra:-

786 2268 1176 2328 stantissimum
1206 2280 1361 2335 opus,
1394 2280 1457 2320 ac
1489 2266 1677 2319 eodem
1716 2272 1938 2329 prorsus
1980 2255 2199 2327 spiritu,
2236 2267 2344 2323 quo

787 2358 969 2413 omnia
995 2354 1176 2410 Basilii
1204 2354 1406 2424 scripta
1427 2391 1444 2418 ,
1478 2350 1853 2419 compositum.

858 2445 1101 2501 Vidimus
1128 2457 1312 2513 supra,
1342 2456 1464 2497 cum
1500 2442 1566 2495 de
1609 2435 1932 2494 eucharistia
1980 2446 2261 2506 ageremus
2290 2430 2343 2485 in

787 2536 1125 2601 Pralatione,
1160 2543 1362 2604 quanta
1401 2532 1475 2589 sit
1520 2531 1779 2586 librorum
1819 2529 1894 2583 De
1926 2527 2183 2596 baptismo
2218 2536 2342 2578 cum

788 2632 911 2687 aliis
941 2630 1121 2687 Basilii
1147 2628 1400 2700 Operibus
1426 2626 1739 2682 similitudo.
1771 2622 1905 2677 Nam
1936 2635 2055 2690 qua:
2087 2619 2344 2689 leguntur

790 2724 845 2777 in
892 2722 1071 2794 regula
1111 2720 1343 2777 breviori
1393 2718 1519 2784 309,
1570 2718 1635 2772 de
1686 2717 1751 2770 iis
1783 2714 1875 2783 qui
1907 2712 2088 2766 minus
2120 2709 2238 2779 puri
2278 2706 2344 2763 ad

792 2809 1171 2866 eucharistiam
1204 2808 1491 2869 accedunt,
1518 2820 1581 2860 ea
1613 2802 1831 2859 uberius
1858 2811 1912 2856 et
1940 2800 2140 2856 clarius
2171 2797 2344 2869 expli-

792 2907 986 2951 cantur
1009 2896 1063 2951 in
1093 2895 1233 2955 libro
1259 2911 1296 2949 ιι
1320 2893 1397 2948 De
1426 2893 1703 2961 baptismo,
1728 2899 1916 2961 quast.
1940 2890 1976 2943 2
1995 2899 2046 2944 et
2061 2889 2114 2945 5.
2144 2888 2209 2944 Et
2231 2902 2350 2957 qua:

795 2988 846 3040 iu
879 3000 988 3057 reg.
1017 2986 1166 3041 hrev.
1217 2984 1341 3051 172,
1367 2998 1431 3039 ac
1455 2980 1651 3043 Moral.
1672 2980 1765 3047 21,
1796 2980 1861 3034 de
1880 2977 2041 3032 animi
2072 2974 2350 3033 affectione

794 3081 861 3134 ad
888 3077 1284 3148 percipiendam
1317 3074 1695 3129 eucharistiam
1724 3071 2025 3128 necessaria
2061 3071 2203 3126 dicta
2234 3069 2350 3125 fue-

796 3175 938 3235 rant,
984 3180 1169 3222 rursus
1207 3164 1544 3221 illustrantur
1578 3164 1632 3220 in
1680 3163 1816 3219 libro
1862 3178 1881 3217 ι
1936 3161 2007 3215 De
2057 3160 2347 3226 baptismo,

794 3274 911 3329 cap.
946 3258 1000 3317 3.

868 3348 1035 3403 Docet
1054 3347 1283 3403 Basilius
1306 3348 1357 3402 in
1387 3344 1663 3415 prommiis
1686 3358 1805 3413 qua:
1829 3340 2119 3395 Moralibus
2147 3351 2203 3397 et
2229 3356 2351 3413 pro-

800 3440 925 3496 lixis
963 3439 1185 3511 Regulis
1215 3438 1462 3510 pmﬁxit,
1491 3437 1671 3493 omnia
1701 3450 1920 3507 prorsus
1958 3435 2048 3489 Dei
2088 3445 2349 3505 praecepta

800 3532 1135 3602 adimplenda
1180 3546 1319 3597 esse,
1355 3532 1429 3585 ita
1472 3538 1528 3585 ut
1564 3529 1609 3583 si
1656 3528 1738 3583 vel
1781 3541 1942 3582 unum
1993 3526 2221 3580 violetur
2261 3533 2353 3580 aut

800 3626 1103 3689 omittatur,
1148 3622 1446 3677 certissima
1504 3621 1574 3674 sit
1626 3619 1803 3673 futura
1860 3617 2155 3673 damnatio.
2211 3617 2351 3673 Idem

800 3711 1120 3781 principium
1168 3711 1353 3765 eodem
1402 3707 1558 3762 modo
1599 3708 1883 3776 exponitur
1917 3707 1969 3760 in
2013 3707 2151 3762 libro
2199 3723 2216 3763 ι
2280 3706 2355 3761 De

804 3790 1079 3871 baptismo,
1123 3815 1243 3871 cap.
1281 3799 1330 3865 l,
1367 3816 1420 3853 n.
1450 3798 1503 3865 3,
1533 3806 1588 3853 et
1617 3796 1710 3853 lib.
1752 3810 1813 3860 ιι,
1850 3804 2037 3865 quaest.
2078 3796 2133 3861 4,
2164 3797 2197 3849 5
2223 3803 2275 3850 et
2299 3795 2352 3851 6.

804 3894 1078 3963 Praecipue
1097 3908 1225 3948 vero
1249 3892 1431 3946 Basilii
1462 3890 1702 3946 doctrina
1727 3888 2061 3961 agnoscitur,
2082 3902 2203 3943 cum
2228 3901 2359 3956 prte-

804 3992 1040 4052 ceptum,
1069 3996 1174 4051 quo
1199 3980 1449 4050 iubemur
1478 3994 1666 4034 omnes
1705 3980 1957 4043 actiones,
1978 3981 2045 4036 ad
2074 3979 2242 4034 Deum
2274 3992 2359 4032 re-

809 4074 968 4137 ferre,
1006 4073 1410 4128 commendatur
1464 4073 1516 4125 in
1556 4070 1692 4125 libro
1730 4087 1769 4137 l,
1817 4087 1873 4126 η.
1936 4069 2028 4137 25,
2066 4082 2122 4127 et
2162 4072 2214 4125 iu
2258 4070 2359 4125 hac

806 4165 1100 4234 quaestione
1130 4163 1249 4219 libri
1279 4165 1498 4219 secundi
1522 4177 1640 4235 cap.
1669 4162 1737 4219 8:
1762 4162 1843 4217 An
1862 4172 2126 4233 acceptum
2154 4164 2220 4217 sit
2248 4161 2359 4216 Deo

804 4273 932 4326 opus
956 4256 1217 4327 prorupti,
1244 4255 1289 4310 si
1317 4271 1420 4309 non
1449 4257 1804 4310 convenienter
1834 4253 1929 4309 Dei
1959 4263 2218 4325 prtecepto
2240 4253 2356 4322 ﬁat.

809 4348 921 4425 llpc
948 4359 1273 4418 praeceptum
1296 4349 1572 4403 charitatis
1592 4348 1775 4403 eodem
1803 4348 1960 4402 modo
1985 4347 2280 4403 iuculcatur
2308 4348 2359 4402 in

805 4438 988 4509 regula
1036 4438 1225 4494 morali
1263 4438 1348 4503 18,
1390 4452 1505 4510 cap.
1551 4440 1572 4493 l
1624 4450 1678 4494 et
1717 4438 1772 4493 2.
1828 4438 1959 4493 Vide
1998 4438 2269 4496 homiliam
2307 4440 2359 4494 in

2432 620 2856 677 dissensionibus
2901 615 3196 672 Ecclesium
3246 612 3682 684 perturbantibus
3717 614 3937 668 territus
3964 656 3979 680 ,

2431 727 2649 766 causam
2673 721 2727 765 et
2754 710 3048 765 remedium
3078 706 3200 762 mali
3228 705 3467 774 inquirit.
3496 702 3606 757 Sub
3648 704 3806 758 linem
3834 720 3980 774 qua!-

2432 804 2624 859 stionis
2658 802 2895 866 decimas,
2921 815 3037 871 qua:
3082 807 3163 854 est
3193 798 3260 852 de
3286 795 3538 851 scaudalo
3558 835 3573 860 ,
3604 794 3718 850 haec
3756 796 3985 865 legimus

2433 898 2509 968 (p.
2542 894 2667 968 670)
2709 914 2723 949 :
2764 893 2958 948 Fusius
2989 903 3161 946 autem
3190 892 3285 943 hoc
3313 891 3364 942 in
3396 887 3653 957 prioribus
3685 889 3986 956 quaestioni-

2434 992 2528 1043 bus
2555 987 2911 1057 exposuimus,
2938 986 3027 1038 ubi
3051 994 3101 1038 et
3124 997 3300 1037 eorum
3324 981 3412 1051 qui
3445 977 3751 1033 scandalum
3778 980 3985 1045 patiun-

2435 1086 2521 1130 tur
2542 1077 2737 1131 clarius
2762 1090 2981 1143 expensa
3007 1085 3077 1128 est
3102 1084 3315 1127 natura.
3346 1069 3458 1124 Non
3486 1069 3587 1122 alia
3612 1083 3742 1123 sane
3765 1070 3985 1136 quaestio

2443 1170 2530 1224 hic
2562 1168 2847 1230 indicatur,
2870 1168 2969 1219 nisi
2997 1166 3048 1218 in
3078 1162 3413 1218 brevioribus
3440 1158 3662 1229 Regalis
3685 1160 3985 1226 interroga-

2439 1261 2514 1315 tio
2544 1258 2879 1328 sexagesima
2907 1264 3121 1325 quarta,
3146 1254 3232 1307 ubi
3256 1254 3320 1308 de
3345 1252 3598 1308 seandalo
3628 1251 3916 1306 disseritur
3936 1260 3988 1305 et

2435 1351 2505 1407 de
2539 1352 2606 1405 iis
2632 1350 2723 1419 qui
2753 1346 3202 1402 scandalizantur.

2511 1439 2648 1507 Quid
2674 1452 2803 1509 ergo
2831 1438 2933 1491 hac
2961 1437 3013 1490 in
3045 1449 3102 1489 re
3128 1433 3464 1489 statuemus?
3494 1434 3661 1505 stylus
3700 1434 3947 1487 diversus
3975 1453 3987 1487 :

2440 1546 2636 1602 negare
2668 1531 2718 1584 id
2762 1544 2867 1584 non
2901 1538 3203 1596 possumus.
3248 1526 3317 1576 At
3339 1524 3614 1578 sententia
3647 1537 3870 1593 prorsus
3897 1537 3989 1593 ge-

2441 1621 2645 1676 mellae:
2674 1630 2728 1675 et
2758 1634 2877 1689 qua:
2903 1618 3201 1674 certissima
3229 1622 3353 1671 sunt
3378 1614 3554 1669 Basilii
3589 1629 3776 1684 Opera,
3801 1630 3867 1668 ea
3893 1628 3989 1667 sua

2440 1726 2560 1767 esse
2592 1711 2826 1766 declarat
2864 1718 3053 1765 auctor
3098 1707 3359 1762 librorum
3401 1705 3477 1759 De
3531 1708 3802 1774 baptismo.
3855 1705 3992 1759 Num

2442 1803 2738 1871 improbam
2780 1801 3022 1855 fraudem
3061 1807 3116 1854 et
3142 1809 3296 1867 turpe
3343 1796 3677 1852 mendacium
3699 1797 3996 1867 suspicabi-

2444 1908 2564 1949 mur
2594 1896 2646 1947 in
2689 1902 2797 1946 tam
2830 1892 3001 1947 sancti
3033 1890 3214 1959 Operis
3246 1886 3509 1957 parente?
3555 1886 3777 1953 Quidvis
3820 1888 3995 1957 conji-

2442 2001 2564 2043 cere
2587 1985 2792 2048 malim,
2809 1999 2967 2054 quam
2990 1982 3253 2051 ejusmodi
3279 1980 3674 2052 suspicionibus
3699 1980 3995 2047 indulgere.

2443 2076 2586 2131 Nihil
2616 2076 2758 2131 enim
2794 2076 2846 2129 in
2878 2075 3131 2145 operibus
3160 2073 3339 2129 Basilii
3386 2073 3451 2127 ad
3486 2084 3693 2126 morum
3743 2073 4001 2124 sanctita-

2445 2174 2551 2221 tem
2582 2166 2943 2234 praestantius,
2988 2181 3150 2235 quam
3185 2166 3289 2220 duo
3324 2164 3397 2219 De
3428 2164 3685 2233 baptismo
3714 2162 3859 2217 libri.
3894 2162 4003 2217 Nec

2446 2256 2701 2313 credibile
2728 2266 2811 2310 est
2837 2270 2979 2319 eum,
3012 2273 3041 2311 a
3076 2271 3182 2326 quo
3216 2256 3498 2327 compositi
3529 2255 3693 2309 fuisse
3717 2254 4000 2313 dicuntur.

2445 2361 2566 2401 cum
2591 2344 2643 2399 in
2671 2345 2894 2415 legendo
2927 2344 3125 2400 Basilio
3164 2346 3569 2401 accuratissime
3602 2354 3849 2400 versatus
3881 2343 3999 2397 lue-

2446 2439 2539 2503 rit,
2568 2452 2673 2492 non
2703 2451 2824 2493 eum
2856 2435 3045 2491 saltem
3092 2450 3158 2490 ex
3205 2438 3304 2491 hac
3353 2436 3579 2491 lectione
3611 2435 3841 2490 fructum
3884 2451 4003 2506 per-

2445 2529 2677 2599 cepisse,
2719 2538 2777 2583 ut
2813 2526 3054 2583 fraudem
3095 2536 3147 2582 et
3187 2526 3523 2582 mendacium
3563 2527 3786 2582 odisset.
3837 2526 4005 2582 Forte

2447 2620 2697 2685 Basilius,
2742 2620 2866 2674 dum
2910 2634 3032 2675 eum
3066 2618 3261 2689 aliquis
3300 2620 3518 2675 morbus
3543 2618 3685 2675 lecto
3724 2618 3911 2691 afﬁgit.
3943 2631 4005 2674 ut

2445 2712 2605 2768 citius
2652 2712 2718 2773 iis
2783 2711 3163 2777 satisfaceret,
3215 2726 3445 2781 quorum
3494 2717 3678 2781 rogatu
3734 2710 4007 2766 scribebat

2450 2804 2525 2876 (p.
2564 2804 2713 2876 624),
2749 2804 3040 2872 incoeptum
3072 2818 3101 2858 a
3126 2818 3187 2859 se
3214 2818 3348 2873 opus
3371 2814 3427 2861 et
3455 2804 3508 2859 in
3540 2805 3603 2861 iis
3637 2820 3756 2875 quae
3784 2805 3851 2863 ad
3884 2821 4008 2861 sen-

2451 2895 2647 2950 tentias
2691 2900 2957 2964 spectant,
2990 2892 3358 2961 inl‘ormatum,
3397 2895 3556 2951 alicui
3590 2911 3657 2951 ex
3686 2898 3799 2952 suis
3827 2898 4008 2952 absol-

2449 2985 2677 3040 vendum
2722 2983 2992 3039 commisit
3034 3000 3047 3038 :
3090 2983 3161 3037 ita
3200 2992 3257 3038 ut
3300 2985 3580 3039 sententia:
3620 2986 3730 3039 sint
3775 2985 4007 3051 Basilii,

2454 3076 2616 3132 alium
2642 3075 2803 3131 verba
2834 3074 3067 3131 habeant
3091 3082 3387 3130 auctorem.
3422 3072 3736 3143 Suspectum
3765 3074 3865 3130 fuit
3902 3079 4007 3134 hoc

2454 3183 2589 3239 opus
2624 3166 2966 3233 Combeﬁsio,
3012 3167 3083 3222 ob
3130 3167 3386 3223 doctrinae
3436 3167 3837 3223 similitudinem
3884 3185 4007 3225 cum

2454 3257 2706 3324 Ascetico,
2746 3259 2885 3326 quod
2916 3256 3113 3313 Basilio
3151 3258 3418 3328 abiudicat
3456 3256 3593 3312 idem
3627 3256 4006 3316 Combelisius.

2455 3347 2559 3404 Sed
2594 3348 2707 3403 haec
2739 3348 2897 3414 ratio,
2932 3357 2991 3402 ut
3022 3347 3275 3403 observat
3308 3347 3701 3414 Tillemontius,
3742 3350 3794 3403 id
3827 3350 4008 3413 valet,

2450 3450 2509 3495 at
2538 3440 2736 3494 certius
2778 3439 2975 3493 Basilio
3008 3439 3372 3492 attribuantur
3404 3437 3520 3491 libri
3558 3438 3632 3492 De
3658 3440 3936 3505 baptismo.

2524 3529 2669 3584 Nihil
2722 3530 2899 3584 dicam
2951 3528 3016 3584 de
3063 3527 3300 3597 pluribus
3336 3527 3551 3597 scriptis
3593 3529 3646 3583 in
3689 3533 4014 3600 appendices

2461 3620 2591 3675 tomi
2635 3618 2792 3690 primi
2833 3627 2889 3675 et
2918 3618 3135 3674 secundi
3170 3615 3406 3685 rejectis,
3450 3618 3516 3673 de
3562 3618 3755 3688 quibus
3801 3623 4013 3677 consuli

2453 3720 2681 3782 possunt
2710 3709 3053 3782 praefationes
3080 3710 3164 3765 his
3182 3710 3340 3765 tomis
3360 3710 3609 3779 praeﬁxas.
3639 3709 3692 3765 In
3718 3713 4015 3782 appendice

2456 3803 2610 3873 hujus
2639 3803 2781 3858 tertii
2810 3802 2936 3856 tomi
2966 3800 3225 3855 habemus
3259 3799 3451 3855 librum
3491 3799 3564 3855 De
3587 3802 3909 3870 virginitate,
3944 3804 4014 3858 de

2458 3908 2563 3962 quo
2608 3894 2817 3962 egimus
2852 3892 2907 3946 in
2938 3890 3305 3946 admonitione
3333 3891 3505 3946 eidem
3536 3892 3673 3947 libro
3708 3894 4010 3961 praemissa.

2458 3982 2853 4047 Grammaticas,
2880 3995 2999 4052 qua
3028 3980 3082 4034 in
3113 3979 3386 4035 nonnullis
3410 3982 3734 4037 editionibus
3772 3987 3871 4037 sub
3911 3984 4014 4039 Ba-

2458 4072 2564 4129 silii
2590 4072 2805 4129 nomine
2831 4070 3049 4142 prodiit,
3074 4069 3224 4126 locus
3243 4071 3297 4125 in
3324 4070 3423 4125 hac
3448 4070 3739 4125 novissima
3769 4073 4015 4130 editione

2460 4184 2564 4224 non
2597 4169 2745 4224 visus
2768 4176 2854 4224 est
2885 4166 3221 4223 tribuendus.
3250 4164 3634 4235 Compendium
3661 4181 3781 4225 esse
3818 4170 4013 4225 existi-

2460 4271 2635 4317 matur
2662 4259 2736 4331 (α)
2771 4260 2949 4329 operis
2981 4274 3011 4314 a
3038 4258 3340 4314 recentiore
3372 4258 3602 4327 quodam
3645 4258 3834 4316 Graeco
3859 4276 4013 4315 com-

2461 4350 2636 4421 positi.
2666 4346 2858 4405 Narrat
2891 4348 3159 4407 Scultetus
3197 4347 3269 4420 (b)
3302 4356 3411 4405 tres
3452 4359 3707 4406 tractatus
3733 4352 3831 4406 sub
3862 4351 4017 4408 Basi-

2460 4442 2516 4496 lii
2547 4441 2764 4497 nomine
2801 4442 2853 4496 in
2881 4440 3203 4495 bibliotheca
3235 4453 3331 4495 sua
3364 4450 3601 4505 exstare,
3628 4455 3817 4508 nempe
3848 4457 4013 4509 espo-

804 4531 995 4601 psalm.
1032 4545 1177 4597 suv,
1204 4545 1326 4603 pag.
1357 4530 1480 4599 £60,
1516 4539 1569 4587 et
1588 4532 2028 4587 commentarium
2059 4531 2114 4584 in
2136 4528 2356 4596 Isaiam,
2391 4554 2435 4610 ι)
2463 4532 2702 4586 sitionem
2723 4540 3019 4584 sanctorum
3049 4524 3271 4583 Patrum
3304 4529 3493 4584 Basilii
3525 4538 3572 4581 et
3597 4527 3831 4598 Gregorii
3867 4532 4017 4586 theo-

805 4642 859 4678 η.
888 4623 957 4680 39
980 4637 1034 4680 et
1062 4625 1151 4680 51.

874 4713 1180 4781 Quinetiam
1198 4726 1387 4769 auctor
1409 4713 1666 4770 librorum
1687 4714 1760 4769 De
1787 4714 2039 4782 baptismo
2057 4704 2357 4769 certissima

808 4805 989 4860 Basilii
1025 4806 1225 4875 scripta
1276 4806 1388 4875 ipse
1431 4804 1531 4859 sibi
1577 4805 1865 4877 adjudicat.
1899 4802 1989 4859 Sic
2024 4804 2167 4860 enim
2214 4817 2359 4873 qum-

807 4899 1037 4956 stio'nem
1058 4899 1299 4968 quintam
1328 4898 1594 4968 pr0pouit,
1632 4908 1805 4952 utrum
1840 4896 1989 4952 verba
2017 4896 2222 4951 cuilibet
2256 4910 2358 4950 nou

808 4992 1038 5060 obsequi,
1064 4992 1129 5043 sit
1154 4989 1353 5059 aliquid
1381 4991 1462 5042 ira
1492 4999 1538 5043 et
1571 4998 1735 5043 morte
1763 4991 2000 5057 dignum,
2029 4988 2235 5042 etiamsi
2263 4984 2365 5055 pri-

808 5077 965 5129 vatim
1001 5092 1102 5129 non
1146 5076 1372 5147 singulis
1392 5077 1679 5144 conjuncta:
1715 5078 1814 5129 sint
1840 5079 2030 5141 minae;
2063 5075 2257 5131 deinde
2284 5074 2364 5130 sic

809 5165 996 5232 incipit
1021 5179 1035 5217 :
1060 5164 1274 5219 Dictum
1299 5167 1507 5236 quidem
1544 5176 1618 5223 est
1643 5166 1811 5236 fusius
1837 5170 1899 5219 de
1934 5168 2030 5220 hoc
2056 5176 2362 5237 argumento

810 5257 864 5310 in
914 5256 1133 5325 epistola
1165 5256 1241 5312 De
1259 5259 1543 5313 concordia
1563 5297 1578 5323 ,
1617 5274 1685 5312 an
1716 5257 1947 5312 videlicet
1977 5258 2125 5313 verba
2155 5257 2365 5312 cuilibet

810 5364 912 5402 non
938 5346 1170 5418 obsequi,
1194 5350 1260 5402 sit
1290 5350 1490 5421 aliquid
1517 5352 1600 5405 ira
1621 5359 1667 5404 et
1699 5358 1864 5403 morte
1895 5350 2129 5419 dignum.
2161 5348 2367 5402 lndica-

810 5452 897 5495 tur
916 5440 1022 5496 hoc
1049 5440 1166 5496 loco
1189 5443 1509 5511 procemium
1535 5441 1841 5510 Moralium,
1870 5441 1958 5496 ubi
1988 5441 2102 5497 hac
2132 5439 2363 5510 quaestio

814 5531 983 5589 fusius
1017 5542 1295 5599 tractatur,
1325 5550 1425 5591 nec
1467 5536 1739 5591 immerito
1780 5537 1881 5592 hoc
1915 5536 2232 5607 prooemium
2267 5548 2360 5589 vo-

814 5630 969 5679 catur
1000 5623 1223 5694 epistola
1252 5624 1325 5679 De
1355 5626 1652 5679 concordia.
1693 5626 1767 5681 lbi
1799 5626 1941 5682 enim
1989 5626 2225 5683 declarat
2264 5622 2362 5680 Ba-

889 5825 963 5883 (αὶ
985 5824 1287 5883 Tillemont.
1320 5836 1447 5882 tom.
1478 5825 1571 5891 lx,
1602 5842 1652 5894 ι).
1689 5827 1811 5884 502.

2462 4624 2567 4694 logi
2600 4624 2665 4677 de
2692 4632 2873 4677 sancta
2903 4626 2952 4672 et
2987 4620 3277 4675 orthodoxa
3314 4620 3461 4689 ﬁde;
3501 4617 3764 4689 dialogum
3801 4634 4016 4678 sancto-

2463 4732 2579 4769 rum
2610 4713 2798 4769 Basilii
2831 4721 2877 4764 et
2923 4710 3157 4782 Gregorii
3201 4712 3265 4767 de
3309 4711 3503 4765 visione
3545 4708 3663 4777 Dei,
3697 4714 3784 4779 qui
3823 4712 4017 4767 Latine

2462 4806 2636 4859 editus
2657 4811 2740 4857 est
2767 4801 2819 4854 in
2843 4800 3078 4857 editione
3108 4800 3401 4856 Parisiensi
3426 4801 3550 4857 anni
3576 4804 3733 4868 1603,
3760 4814 3807 4857 et
3832 4806 4016 4872 Magni

2456 4893 2640 4947 Basilii
2666 4892 3049 4945 enarrationem
3075 4893 3129 4947 in
3151 4908 3213 4947 ea
3238 4906 3351 4959 qua:
3382 4892 3434 4944 in
3470 4909 3619 4949 sacra
3655 4894 3867 4962 liturgia
3894 4912 4016 4961 per-

2455 4992 2700 5053 aguntur.
2734 4982 2897 5037 Addit
2923 4983 3063 5038 idem
3112 4982 3380 5037 Scultetus
3414 4982 3577 5038 latere
3614 4984 3665 5039 in
3692 4984 4015 5041 bibliotheca

2458 5074 2702 5129 Palatina
2732 5074 3056 5144 colloquium
3086 5073 3269 5130 Basilii
3303 5089 3424 5131 cum
3452 5076 3711 5146 Gregorio
3736 5075 3803 5131 de
3826 5090 4015 5132 sacer-

2460 5166 2695 5222 dotibus.

2535 5256 2659 5312 Hmc
2692 5256 2949 5312 habebam
2984 5270 3104 5324 quae
3136 5259 3201 5312 de
3236 5257 3294 5311 S.
3330 5256 3510 5312 Basilii
3548 5255 3703 5310 rebus
3746 5256 3916 5327 gestis
3960 5269 4015 5313 et

2463 5346 2678 5417 scriptis
2702 5362 2799 5418 pro
2823 5346 3094 5403 facultatis
3129 5348 3496 5403 mediocritate
3522 5347 3861 5403 dissererem.
3896 5348 4016 5417 Quo

2463 5444 2516 5499 in
2548 5453 2708 5510 opere
2737 5440 2958 5494 minime
3005 5437 3213 5507 dubito,
3243 5439 3369 5508 quin
3402 5438 3568 5495 multa
3596 5437 3738 5494 inter
3767 5448 3843 5495 tot
3875 5438 4014 5495 dis!—

2462 5532 2591 5588 ciles
2616 5530 2983 5599 obscurasque
3011 5532 3335 5598 quaestiones
3356 5570 3372 5596 ,
3416 5539 3508 5583 aut
3540 5532 3717 5585 minus
3754 5530 4013 5589 viderim.

2462 5631 2554 5679 aut
2579 5635 2682 5675 non
2705 5662 2720 5688 ,
2752 5629 2809 5675 ut
2848 5634 2946 5690 par
2969 5634 3124 5687 erat,
3160 5621 3619 5689 pertractaverim.
3661 5620 3767 5677 Sed
3800 5619 4017 5691 nequi:

2550 5821 2623 5879 lbi
2662 5820 2842 5877 Theol.
2873 5830 3007 5878 oart.
3038 5834 3110 5879 tv.
3143 5834 3194 5878 ο.
3232 5818 3323 5875 26.
