4212 6512
1281 462 1343 519 D.
1382 462 1526 520 JUL.
1566 461 1895 519 GARNERII
1933 459 2315 516 PBA‘ZFATIO.

3187 477 3397 521 CLXXV“

197 571 545 643 repreheadat
576 572 723 643 quod
750 588 890 645 sarpe
920 588 949 628 a
981 572 1300 629 ’l‘illemontii
1331 578 1598 631 sententia
1633 577 1739 631 dis-
1772 586 1819 641 Α
1848 576 1972 629 bras
2006 573 2281 628 oil‘undere
2311 595 2320 627 :
2351 572 2442 628 sed
2487 573 2621 629 satis
2655 582 2772 628 erat
2800 573 3121 629 Tillemontii
3153 587 3398 643 premere

198 666 369 717 cedam
392 702 407 728 ,
448 673 687 719 caeteros
729 674 906 719 autem
936 666 1153 721 criticos
1193 666 1366 720 rarius
1389 667 1547 721 citem
1574 676 1627 721 et
1658 681 1745 721 re-

196 752 387 817 fellam;
426 754 596 824 hujus
641 756 718 810 rei
751 756 935 825 paucis
958 756 1222 811 reddenda
1256 757 1417 813 ratio.
1459 757 1750 813 Tillemon-

195 845 309 906 tius,
344 860 608 915 magnum
654 846 786 900 illud
831 848 1070 903 historiae
1105 848 1496 903 ecclesiastica:
1528 849 1702 903 lumen
1730 890 1743 912 ,

193 935 420 988 omnium
456 937 879 992 accuratissime
912 940 977 993 de
1004 939 1159 993 rebus
1183 941 1343 1008 gestis
1371 938 1549 993 Basilii
1584 941 1750 995 disse-

194 1026 308 1086 ruit,
342 1040 403 1077 ac
432 1026 723 1082 innumera
752 1027 975 1082 aliorum
1008 1037 1184 1083 errata
1215 1031 1542 1083 emendavit.
1570 1028 1749 1095 Quare

195 1127 394 1169 necesse
424 1130 533 1168 non
567 1116 674 1171 fuit
699 1119 863 1172 variis
889 1118 1113 1172 aliorum
1146 1118 1486 1187 opinionibus
1513 1119 1749 1174 referen-

193 1215 265 1259 (iis
297 1215 349 1259 et
387 1206 723 1265 refellendis.
748 1220 954 1280 tempus
975 1211 1281 1273 extrahere,
1316 1224 1379 1265 ac
1408 1211 1567 1265 rebus
1602 1220 1748 1266 tene-

1848 666 2091 735 vestigia,
2114 675 2168 721 et
2190 668 2233 719 si
2264 666 2393 735 quid
2417 681 2625 720 summo
2651 667 2721 721 illi
2749 668 2865 721 viro
2884 667 3192 732 excidisset,
3215 667 3397 721 obser-

1848 771 1977 811 vare
2003 765 2057 811 et
2085 755 2393 811 emendare.
2425 755 2533 811 Nec
2556 757 2760 812 idcirco
2785 758 3013 812 eximius
3049 756 3135 813 ille
3164 759 3396 826 scriptor

1850 846 2184 901 brevioribus
2226 846 2367 901 foliis
2403 846 2696 910 ornandus,
2739 847 2880 916 quod
2928 847 2981 901 in
3026 845 3142 916 ejus
3183 846 3398 915 scriptis

1851 938 2117 991 interdum
2148 938 2368 991 macula:
2393 948 2711 1005 occurrant;
2741 938 2935 1007 quippe
2970 952 3092 991 cum
3126 952 3189 992 eo
3225 938 3396 992 facem

1853 1030 2166 1098 praeferente
2206 1044 2383 1083 naevos
2414 1028 2675 1096 ejusmodi
2706 1028 3189 1100 deprehendamus,
3217 1036 3273 1082 et
3301 1042 3393 1081 ac-

1853 1122 2022 1188 ceptis
2040 1121 2107 1174 ab
2130 1135 2193 1174 cn
2218 1121 2483 1189 prasidiis
2502 1120 2599 1176 hos
2617 1122 2668 1175 in
2692 1122 3011 1191 antiquitate
3035 1120 3392 1183 ecclesiastica

1856 1227 2171 1282 progressus
2198 1227 2607 1282 consequamur.

254 1383 2991 1399 ____—______—__________________
3356 1383 3368 1415 ι

1359 1564 2221 1694 PPi/EFATIO.

252 2018 300 2071 1.
334 2017 505 2072 Hodie
542 2019 725 2088 vigent
766 2021 997 2077 maxime
1021 2023 1285 2080 editiones
1309 2041 1490 2094 novae;
1520 2043 1618 2083 nec
1648 2038 1735 2085 est
1763 2039 1805 2095 Β
1836 2031 1975 2095 nica,
2006 2028 2298 2097 scriptores
2334 2037 2391 2083 et
2417 2027 2590 2083 Graeci
2641 2038 2695 2082 et
2752 2026 2925 2081 Latini
2975 2025 3174 2093 scripta
3207 2025 3389 2080 Basilii

194 2107 300 2163 fere
331 2117 517 2162 nostra
558 2119 721 2166 aatate
775 2110 936 2166 ullum
980 2112 1295 2171 litteratura
1333 2131 1520 2187 genus,
1557 2120 1738 2191 inquo

190 2199 297 2266 plus
320 2199 567 2266 positum
596 2200 666 2254 sit
690 2215 865 2269 operae
891 2216 954 2258 ac
976 2204 1132 2259 studii
1160 2206 1226 2259 alt
1253 2208 1498 2263 eruditis.
1532 2210 1641 2264 Nec
1685 2212 1737 2265 id

193 2290 369 2344 mirum
402 2292 668 2362 cuiquam
697 2295 865 2349 videri
897 2294 1074 2361 debet,
1100 2312 1219 2351 cum
1246 2299 1376 2353 nihil
1404 2298 1538 2357 forte
1567 2302 1740 2371 aptius

188 2394 270 2436 aut
313 2384 497 2437 utilius
553 2386 620 2439 ad
673 2386 811 2440 bona
838 2387 1009 2441 studia
1040 2391 1398 2457 promovenda
1449 2394 1739 2464 excogitari

188 2475 361 2541 possit.
398 2475 693 2530 llomiuem
747 2477 837 2545 qui
870 2479 921 2532 id
948 2489 1124 2548 neget,
1170 2482 1401 2536 arbitror
1431 2481 1545 2538 fore
1572 2486 1742 2540 uerni-

193 2580 322 2632 nem,
359 2568 402 2621 si
438 2582 635 2623 secum
661 2568 818 2636 paulo
839 2568 1095 2622 attentius
1124 2572 1739 2642 reputaverit,primum,

190 2668 371 2722 quanta
424 2658 644 2711 utilitas
674 2671 737 2711 ex
786 2658 937 2713 novis
985 2659 1309 2717 editionihus
1364 2664 1742 2721 accedatzde-

197 2749 327 2814 inde,
362 2765 541 2819 quam
581 2750 876 2821 jucundum
910 2750 981 2805 sit
1016 2752 1068 2806 in
1112 2752 1277 2810 libros
1332 2755 1399 2809 ah
1446 2756 1741 2813 innumeris

188 2843 391 2898 maculis
453 2850 791 2913 expurgatos
842 2843 1096 2898 incidere.
1178 2844 1312 2901 llinc
1380 2847 1619 2915 factum,
1679 2850 1733 2902 ni

192 2933 348 2999 fallor,
374 2944 432 2986 ιιι
461 2935 572 2987 hoc
594 2932 900 3003 scriptionis
928 2947 1096 3001 genus
1139 2943 1246 2990 tam
1279 2937 1516 3005 impense
1558 2938 1738 2996 laude-

194 3034 267 3077 tur
286 3023 350 3079 ab
375 3023 657 3090 omnibus,
688 3025 839 3096 quasi
869 3040 1023 3081 suum
1070 3027 1297 3096 quisque
1339 3029 1575 3085 laborem
1604 3031 1737 3087 alte-

196 3118 293 3168 rius
316 3116 499 3171 labore
533 3118 707 3172 minui
739 3120 986 3189 gaudeat,
1040 3119 1273 3187 velitque
1324 3122 1593 3179 studiosos
1641 3124 1741 3180 hac

194 3204 576 3262 benevolentiae
617 3207 1015 3276 significatione
1042 3209 1209 3278 magis
1225 3224 1289 3266 ac
1316 3212 1485 3282 magis
1509 3213 1577 3269 ad
1600 3214 1743 3285 ejus-

195 3296 322 3349 modi
350 3296 597 3350 studium
631 3296 874 3349 incitare.

1839 2120 1991 2188 quasi
2021 2119 2270 2176 certatim
2295 2118 2509 2189 quantis
2528 2117 2772 2174 maximis
2798 2116 3037 2173 laudibus
3064 2116 3387 2171 extulerint:

1838 2228 2065 2283 quorum
2113 2211 2415 2269 testimonia
2460 2211 2668 2265 notiora
2732 2219 2877 2274 sunt,
2930 2224 3088 2281 quam
3138 2217 3194 2264 ut
3232 2224 3295 2265 ea
3340 2210 3391 2263 in

1838 2305 2069 2359 medium
2098 2303 2340 2374 proferre
2364 2315 2580 2357 necesse
2611 2300 2698 2356 sit.

1906 2396 1957 2450 4.
1986 2395 2169 2464 Neque
2204 2410 2335 2450 vero
2366 2394 2659 2463 putandum
2692 2399 2775 2449 est
2823 2406 2913 2447 res
2942 2391 3088 2446 solas
3120 2391 3172 2444 in
3207 2389 3388 2443 Basilii

1843 2486 2059 2553 scriptis
2081 2486 2328 2541 laudari:
2367 2486 2614 2539 laudatur
2642 2494 2697 2540 et
2725 2485 2835 2554 ipsa
2873 2496 3083 2554 quoque
3117 2480 3379 2536 orationis

1840 2575 2128 2646 elegantia,
2173 2573 2431 2639 suavitas,
2498 2574 2873 2642 perspicuitas,
2923 2570 3248 2627 incredibilis
3295 2570 3375 2623 vis

1842 2668 2225 2735 persuadendi,
2272 2667 2530 2722 doctrina!
2566 2664 2867 2735 integritas,
2918 2678 3007 2716 ars
3055 2663 3279 2716 mirifica
3309 2660 3390 2715 die

1842 2760 1998 2815 cendi
2034 2760 2149 2815 sine
2180 2761 2287 2815 ulla
2337 2761 2468 2815 artis
2493 2759 2911 2831 significatione,
2946 2771 3152 2813 summa
3198 2756 3250 2811 in
3279 2764 3388 2809 tra-

1840 2849 2051 2904 ctandis
2080 2849 2359 2919 religionis
2396 2848 2716 2903 Christiana:
2750 2849 3023 2918 mysteriis
3072 2862 3199 2902 cura
3230 2856 3390 2918 atque

1838 2937 2135 3012 diligentia,
2161 2941 2239 2995 sic
2265 2948 2324 2994 ttt
2352 2939 2485 2994 nihil
2521 2937 2603 2992 vel
2635 2952 2663 2991 a
2700 2937 2989 2992 fastidiosis
3020 2939 3070 2991 in
3094 2938 3207 3007 ejus
3238 2938 3389 2995 libris

1841 3029 2136 3086 desiderari
2161 3046 2322 3101 posse
2350 3030 2615 3086 videatur.

1911 3122 1962 3177 5.
1993 3122 2129 3189 Quid
2175 3123 2343 3185 enim,
2371 3136 2576 3190 quaeso,
2612 3119 2786 3191 expeti
2830 3127 3006 3189 potest
3053 3118 3109 3173 in
3153 3117 3389 3172 Basilio?

1842 3211 1997 3280 Nam,
2031 3222 2089 3267 ut
2116 3214 2181 3269 de
2210 3213 2459 3268 facundia
2489 3212 2701 3273 sileam,
2751 3212 2804 3265 in
2838 3210 3017 3265 Basilii
3057 3210 3276 3280 scriptis
3308 3210 3391 3263 in-

1841 3304 2026 3358 venias
2069 3318 2173 3357 non
2210 3318 2400 3372 pauca,
2432 3317 2552 3371 qua:
2579 3302 2644 3354 ad
2680 3299 3179 3367 interpretationem
3211 3314 3390 3355 sacra-

254 3387 303 3442 2.
339 3385 463 3440 Haec
518 3399 733 3439 mecum
773 3400 893 3440 cum
946 3400 1270 3457 reputarem,
1322 3393 1461 3463 cepi
1497 3400 1551 3449 et
1597 3369 1806 3464 ipse,c
1842 3408 1954 3446 rum
2007 3369 2403 3462 Scripturarum
2451 3369 2721 3461 spectant.
2770 3389 2980 3444 Dixisse
3033 3404 3220 3457 parum
3276 3399 3382 3456 est,

196 3480 467 3534 multorum
495 3478 768 3546 exemplo,
826 3479 890 3531 de
922 3495 1055 3534 nova
1088 3482 1267 3553 aliqua
1301 3485 1535 3542 editione
1582 3488 1739 3542 ador-

195 3574 351 3624 nanda
385 3573 658 3641 cogitare.
712 3569 807 3624 Vix
858 3580 1039 3628 autem
1092 3575 1247 3637 mihi.
1304 3594 1423 3632 eum
1460 3579 1624 3633 semel
1666 3580 1737 3633 ita

194 3662 413 3717 animum
438 3658 775 3721 induxissem
811 3678 1008 3731 meum,
1043 3667 1109 3721 de
1138 3682 1299 3736 opere
1344 3669 1613 3740 seligeudo
1647 3672 1737 3724 de-

195 3753 405 3809 liberare
458 3750 636 3809 licuit.
682 3754 750 3809 Ea
798 3764 880 3809 est
919 3757 1061 3811 enim
1101 3758 1282 3813 Basilii
1333 3775 1556 3829 operum
1596 3759 1733 3813 fama

194 3854 339 3913 atque
375 3845 734 3913 existimatio,
766 3854 821 3901 ut
869 3846 1068 3917 impetu
1098 3849 1331 3917 quodam
1377 3850 1548 3921 magis
1575 3863 1733 3918 quam

192 3933 383 3989 delectu
414 3938 478 3990 ad
512 3951 579 3991 ea
616 3952 803 3992 rursus
835 3938 1037 3993 edenda
1081 3938 1340 4007 impulsus
1367 3942 1488 3996 sim.
1519 3940 1736 3998 Deside-

194 4023 317 4078 rium
365 4029 600 4097 augebat
652 4029 912 4098 quidquid
963 4029 1226 4100 legebam,
1261 4032 1516 4102 quidquid
1547 4034 1733 4087 audie-

193 4115 299 4167 bam
327 4117 391 4171 de
416 4118 617 4173 Basilio
653 4118 862 4189 Magno.
913 4117 1151 4174 Mirabar
1185 4134 1304 4175 eum
1355 4121 1436 4176 vel
1477 4134 1735 4189 praestan-

193 4207 397 4262 tissimis
423 4208 651 4265 Graecia:
687 4211 991 4265 oratoribus
1016 4212 1282 4277 anteponi.
1309 4210 1517 4273 Pericli,
1541 4210 1731 4279 Lysim,

193 4294 418 4364 lsocrati,
470 4296 771 4362 Phalereo,
814 4299 1177 4355 Demostheni.
1227 4298 1293 4353 Et
1342 4309 1486 4355 certe
1539 4299 1734 4355 Basilio

192 4397 381 4455 nostro,
417 4405 543 4443 cum
590 4389 707 4459 ejus
755 4391 949 4461 scripta
993 4390 1061 4445 ad
1114 4399 1361 4461 posteros
1418 4392 1733 4445 transmissa

190 4487 322 4541 sunt,
353 4480 558 4549 optime
609 4480 912 4534 consultum
968 4481 1138 4536 fuisse
1169 4479 1422 4536 arbitror.
1473 4481 1550 4534 Ea
1588 4482 1729 4536 enim

193 4571 338 4625 tantis
368 4571 618 4627 laudibus
641 4570 942 4626 extulerant
972 4586 1037 4626 ex
1099 4572 1336 4642 antiquis
1371 4573 1635 4638 nonnulli,
1674 4584 1731 4629 ut

1841 3485 2140 3540 traditionis
2189 3484 2515 3539 monimenta
2545 3492 2601 3538 et
2642 3484 2805 3537 multa
2846 3492 2901 3538 et
2948 3480 3179 3551 insignia
3230 3482 3369 3549 apud

1844 3576 2098 3631 Basilium
2134 3585 2388 3632 exstare:
2425 3576 2529 3631 dici
2584 3584 2760 3645 potest
2794 3576 2973 3630 verius
2997 3614 3012 3637 ,
3059 3576 3203 3628 hunc
3247 3588 3386 3628 sum-

1838 3685 1980 3724 ntum
2014 3669 2183 3724 virum
2216 3668 2527 3723 traditionis
2556 3667 2931 3721 auctoritatem
2978 3664 3243 3733 prmcipue
3267 3671 3380 3718 sta-

1838 3760 2237 3823 bilivisse,cum
2269 3774 2385 3814 eam
2440 3758 2707 3813 hmreticis
2751 3764 2998 3820 tanquam
3048 3752 3383 3820 inexpugna-

1838 3849 1993 3905 hilem
2022 3866 2233 3903 inurunt
2266 3863 2479 3915 semper
2519 3845 2785 3915 opposuit.
2831 3844 2999 3910 Quam
3042 3841 3205 3896 multa
3235 3852 3379 3904 sunt,

1836 3956 1955 4010 qua:
1990 3940 2271 3993 historiam
2300 3948 2595 4005 temporum
2638 3936 2853 3989 illorum
2900 3933 3201 3989 illustrautl
3243 3932 3384 3999 Quot

1837 4036 1925 4079 aut
1968 4024 2364 4080 Catholicorum
2410 4035 2504 4079 aut
2533 4025 2911 4081 haereticorum
2963 4024 3105 4079 facta
3143 4022 3380 4077 tenebris

1833 4117 2019 4171 obruta
2046 4114 2346 4184 latitarent,
2390 4117 2436 4172 si
2473 4116 2700 4171 Basilius
2737 4130 2799 4170 ea
2854 4114 3048 4169 litteris
3074 4128 3174 4167 non
3201 4111 3381 4182 prodi-

1838 4207 2033 4261 disset!
2065 4204 2157 4261 Ille
2200 4216 2281 4263 est
2305 4207 2593 4261 acerrimus
2624 4207 2731 4260 veri
2766 4204 3038 4270 defensor,
3074 4204 3162 4273 qui
3203 4203 3380 4258 varios

1834 4296 2073 4362 Sabellii,
2122 4296 2260 4360 Arii,
2313 4295 2627 4360 Macedonii,
2686 4295 2968 4359 Eunomii,
3029 4294 3376 4365 Apollinarii.

1832 4397 1886 4443 et
1908 4389 2138 4443 aliorum
2164 4396 2424 4457 quotquot
2457 4386 2718 4442 hactenus
2760 4387 2974 4441 fuerant
3000 4386 3375 4441 hmreticorum

1832 4491 2050 4531 errores
2080 4486 2141 4531 ut
2170 4476 2519 4531 invictissime
2552 4476 2857 4539 confutavit,
2890 4475 2959 4528 ita
2984 4476 3379 4531 evidentissime

1832 4566 2227 4623 Catholicoruin
2256 4566 2505 4636 dogmata
2535 4566 2813 4622 stabilivit.
2856 4565 3037 4634 Neque
3083 4579 3210 4619 vero
3244 4568 3375 4620 stri-

191 4663 319 4718 credi
361 4667 665 4735 potuissent
698 4666 910 4721 modum
954 4680 1165 4720 omnem
1214 4666 1494 4730 excedere,
1541 4676 1595 4720 et
1625 4665 1729 4720 fide
1760 4698 1802 4751 υ
1832 4661 1960 4716 ctim
2007 4670 2101 4716 aut
2152 4660 2381 4714 obscure
2410 4660 2475 4713 de
2519 4658 2679 4711 rebus
2728 4656 2994 4725 loquitur:
3037 4658 3127 4710 sed
3156 4655 3274 4711 fuse
3322 4668 3377 4712 ct

189 4753 376 4820 majora
432 4755 772 4822 praedicare:
815 4755 908 4809 sed
941 4757 1083 4824 quod
1110 4769 1140 4807 a
1176 4754 1278 4808 fide
1326 4756 1618 4810 abhorrere
1646 4756 1725 4809 vi-

190 4846 288 4898 deri
316 4853 549 4915 poterat,
582 4844 633 4898 id
682 4844 988 4900 lectitandis
1013 4843 1189 4900 Patris
1220 4845 1524 4916 gravissimi
1553 4845 1721 4911 libris,

187 4938 233 4981 et
258 4932 595 4987 verissimum
616 4945 759 4997 esse,
788 4942 842 4987 et
880 4932 947 4985 ab
983 4933 1127 4987 omni
1172 4933 1479 4988 adulatione
1503 4934 1721 4989 alienis-

189 5018 386 5087 simum,
412 5024 526 5077 suis
552 5022 781 5091 quisque
812 5023 982 5078 oculis
1008 5024 1201 5079 cernit.

247 5108 297 5165 3.
324 5110 388 5164 Et
413 5111 564 5167 aliud
593 5112 659 5166 ad
690 5112 826 5167 hanc
854 5113 1181 5176 provinciam
1214 5111 1606 5179 suscipiendam
1627 5125 1717 5169 me.

194 5200 364 5267 movit,
401 5203 737 5272 exspectatio
759 5202 1111 5256 eruditorum.
1146 5200 1255 5253 Nec
1303 5200 1570 5254 immerito
1591 5212 1721 5257 sane

192 5301 309 5339 nova
333 5290 517 5346 Basilii
558 5307 778 5361 Operam
802 5292 967 5346 editio
1009 5302 1116 5344 tam
1146 5290 1304 5345 avide
1346 5306 1375 5345 a
1418 5292 1592 5349 doctis
1621 5311 1717 5351 ex-

190 5389 457 5446 spectatur.
491 5383 718 5436 Constat
762 5381 922 5443 enim,
981 5395 1316 5452 quaecunque
1368 5386 1602 5443 maxime
1655 5392 1719 5442 ad

191 5483 444 5523 sacrarum
480 5472 783 5524 litterarum
837 5469 1072 5524 studium
1122 5474 1413 5543 pertinent,
1452 5478 1717 5548 dogmata.

190 5562 367 5621 ethica.
403 5562 642 5627 traditio,
696 5560 940 5630 historia,
987 5566 1293 5637 disciplina,
1325 5584 1510 5625 eorum
1550 5573 1721 5627 scicn-

193 5650 302 5702 tiam
337 5666 436 5705 non
485 5651 703 5709 aliunde
753 5656 929 5726 potius
976 5673 1137 5727 quam
1192 5674 1221 5714 e
1274 5658 1459 5715 Basilii
1506 5664 1721 5732 scriptis

194 5735 393 5795 hauriri.
445 5741 509 5797 Et
541 5742 677 5797 hanc
706 5745 874 5815 ipsam
923 5763 1043 5804 esse
1073 5764 1291 5805 causam
1336 5752 1591 5817 arbitror,
1624 5769 1721 5808 cur

194 5833 469 5894 Gravissimi
518 5836 771 5894 Ecclesia:
822 5840 1031 5905 Patres,
1084 5842 1200 5912 ipsa
1233 5842 1460 5899 concilia
1489 5857 1719 5900 (ecumc-

1836 4750 2091 4805 distincte
2145 4750 2198 4801 in
2251 4750 2363 4803 suis
2412 4746 2650 4817 epistolis
2690 4747 2967 4813 antiquum
3013 4744 3375 4800 Ecclesiaruut

1830 4850 2025 4897 statum
2054 4840 2207 4907 quasi
2236 4841 2302 4892 ob
2340 4837 2523 4892 oculos
2560 4838 2730 4907 ponit,
2764 4838 2843 4892 sic
2876 4847 2932 4891 ut
2962 4852 3047 4891 res
3073 4839 3217 4908 ipsas
3256 4853 3377 4893 cer-

1830 4945 1978 4993 nere,
2005 4945 2108 4983 non
2143 4930 2341 5000 legere,
2376 4929 2585 4983 credas.
2618 4927 2769 4983 Nunc
2792 4937 2969 4983 autem
2999 4928 3063 4982 de
3091 4928 3373 5000 disciplina

1829 5021 2186 5076 ecclesiastica
2232 5021 2361 5095 quid
2390 5022 2584 5075 attinet
2632 5020 2834 5085 dicere,
2872 5035 2992 5075 cum
3027 5034 3183 5074 nemo
3212 5020 3372 5089 paulo

1827 5112 2106 5169 humanior
2144 5113 2353 5185 ignoret
2409 5121 2667 5183 quantum
2716 5112 2819 5165 ista
2856 5111 3091 5166 scientia:
3120 5111 3377 5167 ecclesia~

1827 5205 1979 5260 Sticae
2029 5220 2154 5275 pars
2200 5206 2391 5260 debeat
2417 5203 2650 5259 Basilio?
2698 5203 2937 5270 Denique
2985 5205 3028 5258 si
3082 5204 3202 5273 quis
3247 5203 3375 5257 velit

1822 5312 2028 5351 morum
2046 5296 2322 5352 scientiam
2345 5308 2684 5365 comparare,
2702 5301 2793 5347 aut
2815 5294 2937 5347 vitae
2962 5294 3206 5348 ascetica:
3222 5292 3377 5349 insti-

1821 5399 1931 5443 tuta
1958 5389 2186 5453 discere,
2213 5388 2258 5443 is
2281 5387 2559 5441 volvendis
2588 5388 2719 5440 tanti
2750 5384 2989 5455 magistri
3021 5385 3196 5450 libris,
3230 5386 3372 5456 quod

1820 5480 1983 5551 cupit,
2017 5479 2164 5535 brevi
2200 5488 2581 5549 consequetur.

1889 5569 1941 5623 6.
1967 5568 2239 5626 Hactenus
2271 5570 2337 5625 de
2380 5569 2562 5624 Basilii
2600 5583 2821 5640 operum
2854 5570 3201 5639 praestantia:
3234 5584 3373 5624 nunc

1825 5661 1891 5715 de
1933 5662 2244 5718 eorumdem
2294 5661 2625 5718 editionihus
2648 5663 2990 5716 disseramus.
3021 5662 3221 5726 Editio,
3253 5677 3373 5731 qua:

1824 5755 2061 5808 omnium
2108 5756 2279 5825 prima
2328 5764 2564 5823 putatur,
2619 5766 2814 5809 excusa
2865 5760 2947 5804 est
2976 5750 3196 5805 Basilea:
3233 5755 3371 5823 apud

1828 5845 2208 5913 Hieronymum
2244 5846 2453 5903 Froben
2485 5862 2625 5901 anno
2682 5841 2835 5896 1552.
2876 5838 2930 5893 lu
2986 5841 3083 5896 huc
3139 5844 3375 5899 editione
