4212 6502
789 460 1027 503 CLXXVI“

2115 445 2645 502 PROLEGOMENA.

793 563 979 622 Graece
1000 563 1345 618 inveniuntur
1379 577 1541 634 opera
1590 578 1709 632 quae
1753 572 2072 633 sequuntur,
2112 565 2343 620 homiliae
2371 570 2417 626 Α
2446 566 2485 616 Α
2512 578 2619 633 quo
2648 564 2760 616 inec
2803 564 3047 631 accipere
3085 563 3320 634 potuerit
3361 562 3426 627 is,
3464 576 3622 634 quem
3664 562 3826 615 modo
3867 559 3999 624 dixi,

791 655 847 708 in
884 652 1247 708 Hexaemeron
1275 654 1408 708 etin
1455 652 1716 714 Psalmos.
1748 653 1865 707 alite
1898 652 1968 707 '29
2004 652 2231 706 humilia:
2278 652 2344 706 de

791 745 1019 801 diversis
1044 748 1394 816 argumentis,
1435 746 1574 800 liber
1598 746 1692 807 De,
1715 745 1922 811 Spiritu
1951 754 2131 798 sancto
2151 785 2166 801 .
2220 760 2340 797 cum

789 839 1030 908 epistolis
1085 838 1376 894 nonnullis.
1435 837 1597 893 Praeit
1644 839 1728 893 his
1780 839 2033 893 omnibus
2087 838 2341 906 praeclara

789 930 1032 999 praefatio
1060 930 1289 984 Erasmi.
1344 928 1496 984 Hanc
1527 929 1842 992 editionem,
1881 943 2003 981 cum
2041 943 2206 997 opera
2242 926 2343 979 Ba-

788 1021 892 1075 silii
918 1022 1553 1090 interpretarer,semper
1578 1024 1646 1074 ob
1667 1020 1850 1073 oculos
1879 1019 2060 1083 habui,
2087 1034 2149 1073 ex
2174 1032 2343 1085 eaque

788 1113 1039 1167 aantavi
1090 1115 1268 1168 varias
1330 1114 1590 1168 lectiones
1637 1126 1739 1165 non
1788 1126 1987 1181 paucas
2033 1129 2047 1163 :
2100 1126 2233 1179 quas
2287 1114 2341 1165 in

788 1220 926 1259 nova
970 1206 1151 1261 videre
1179 1206 1371 1275 cuique
1404 1204 1604 1258 licebit.
1637 1202 1800 1257 Paulo
1856 1212 1975 1268 post
2030 1202 2131 1256 alia
2178 1203 2342 1257 editio

783 1298 969 1355 Graece
991 1313 1204 1367 quoque
1238 1298 1479 1351 Venetiis
1504 1296 1703 1365 prodiit
1735 1311 1799 1349 ex
1833 1294 2045 1349 ollicina
2080 1294 2338 1363 Stephani

784 1390 929 1444 Sabii
977 1406 1117 1444 anno
1155 1388 1309 1444 1555.
1369 1387 1627 1457 Reperias
1675 1388 1728 1440 in
1761 1387 1860 1440 hac
1894 1386 2168 1449 editione,
2222 1401 2339 1456 quae

782 1489 1103 1549 sequuntur:
1123 1480 1360 1533 Ascelica
1381 1480 1691 1548 Ethicaque,
1715 1477 1907 1530 librum
1922 1476 1997 1529 De
2020 1476 2339 1545 virginitate,

780 1572 990 1641 priores
1022 1582 1128 1625 tres
1157 1572 1209 1624 in
1238 1569 1553 1624 Eunomium
1596 1568 1781 1629 libros.
1810 1566 2027 1621 brevem
2054 1570 2339 1635 quemdam

782 1672 1066 1717 tractatum
1094 1672 1279 1716 contra
1311 1660 1638 1714 Sabellianos
1680 1669 1727 1713 et
1754 1658 1940 1711 Arium
1971 1668 2018 1711 et
2042 1657 2336 1714 Anomaeos.

779 1752 847 1807 Et
893 1754 992 1808 hac
1036 1767 1250 1823 quoque
1299 1752 1536 1806 editione
1591 1768 1719 1807 usus
1754 1766 1871 1805 sum
1916 1751 2087 1805 instar
2130 1751 2335 1820 antiqui

779 1844 1055 1914 cujusdam
1102 1844 1221 1897 libri
1252 1843 1458 1898 calamo
1486 1843 1651 1897 notati
1680 1859 1693 1895 :
1727 1844 1777 1897 in
1824 1858 1924 1910 qua
1967 1843 2223 1912 quidquid
2252 1844 2335 1898 di-

780 1934 923 1988 versi
954 1934 1150 2003 reperi,
1185 1935 1235 1988 id
1276 1949 1360 1989 me
1381 1950 1485 1988 non
1523 1934 1694 2003 piguit
1736 1933 1879 1988 inter
1907 1932 2039 1987 alias
2063 1933 2334 1989 variantes

776 2025 1038 2081 lectiones
1091 2035 1297 2080 notare.
1344 2024 1501 2079 Anno
1542 2023 1675 2079 1551
1738 2023 1947 2094 vulgata
1988 2034 2071 2080 est
2112 2023 2335 2079 Basilcae

777 2118 881 2172 alia
920 2117 1082 2172 editio
1133 2116 1319 2173 Graeca
1376 2114 1541 2171 inuito
1590 2118 1797 2172 auctior
1847 2133 1971 2171 cum
2020 2116 2335 2186 prtefatione

775 2210 959 2265 Graeca
984 2208 1103 2265 Jani
1135 2210 1378 2265 Cornarii
1408 2212 1475 2265 ad
1515 2209 1713 2267 Julium
1739 2210 2193 2279 Numbergensem
2224 2211 2335 2279 epi-

776 2280 1017 2369 scopum.
1056 2300 1177 2356 Haec
1210 2300 1373 2357 editio
1406 2300 1787 2369 complectitur
1834 2315 1954 2370 quae
2006 2299 2333 2372 subiungun-

778 2406 901 2457 tur.
951 2395 1195 2450 undecim
1242 2394 1490 2449 homilias
1533 2395 1590 2446 in
1651 2392 2054 2453 Hexaemeron:
2084 2396 2333 2450 homilias

775 2488 957 2541 decem
994 2498 1048 2540 et
1083 2495 1284 2556 septem
1332 2489 1387 2540 in
1429 2484 1703 2543 Psalmos:
1740 2488 1990 2542 homilias
2034 2487 2106 2543 29
2143 2488 2207 2543 de
2246 2488 2330 2542 di-

776 2578 949 2632 versis
981 2578 1313 2647 argumentis
1342 2594 1356 2633 :
1394 2578 1587 2633 librum
1620 2578 1696 2633 De
1725 2577 1928 2646 Spiritu
1952 2589 2132 2633 sancto
2164 2597 2183 2636 :
2214 2582 2330 2648 cpi.

773 2668 941 2723 stolas
975 2668 1154 2723 Basilii
1208 2676 1263 2724 et
1312 2669 1558 2739 Gregorii
1616 2669 1944 2723 Nazianzeni
1986 2669 2088 2724 180
2119 2688 2133 2725 :
2161 2671 2331 2741 ἀσκη-

771 2761 938 2814 τικῶν
966 2760 1154 2827 λόγους
1180 2772 1422 2828 septem:
1457 2762 1671 2813 brevem
1700 2768 1986 2813 tractatum
2016 2761 2091 2813 De
2122 2763 2328 2829 judicio

779 2853 911 2905 Dei:
940 2852 1100 2904 alium
1134 2850 1208 2905 De
1259 2850 1363 2918 ﬁde
1404 2866 1422 2904 :
1453 2849 1653 2919 hencth
1710 2850 1868 2922 ὅρους
1900 2849 1968 2905 80
2000 2870 2012 2905 :
2051 2853 2329 2924 ἐρωτημά-

772 2954 880 2991 των
929 2937 1238 3009 ἁσκητικῶν
1275 2935 1417 2991 κατὰ
1471 2937 1666 3001 πλάτος
1716 2940 1873 3009 ὅρους
1899 2940 1967 2994 55
1999 2959 2011 2994 :
2047 2944 2329 3013 ἐρωτημά-

770 3046 879 3085 των
907 3029 1216 3101 ἀσκητικῶν
1241 3029 1361 3082 κατ’
1391 3026 1654 3098 ἐπιτομὴν
1700 3027 1858 3098 ὅρους
1899 3027 2038 3082 515ι
2076 3030 2327 3099 ἐπιτίμια

771 3122 1015 3189 quadam
1038 3139 1049 3174 :
1070 3120 1488 3175 Constitutiones
1513 3119 1773 3175 asceticas
1794 3117 1863 3173 54
1891 3135 1906 3172 :
1946 3117 2235 3188 Epistolam
2260 3120 2326 3172 ad

772 3207 1049 3264 Chilonem
1077 3226 1090 3261 :
1117 3210 1275 3262 aliam
1301 3211 1365 3262 ad
1386 3210 1704 3263 monachum
1732 3210 1937 3279 lapsum
1962 3225 1976 3261 :
2005 3208 2171 3263 libros
2192 3209 2325 3263 duos

776 3296 852 3350 De
895 3299 1189 3366 baptismo:
1230 3297 1465 3351 libellum
1516 3298 1651 3369 Περὶ
1690 3299 1783 3350 τοῦ
1833 3297 2197 3366 αὑτεξουσίου,
2247 3298 2323 3353 De

770 3387 937 3443 libero
961 3387 1212 3442 arbitrio:
1233 3390 1426 3444 librum
1460 3389 1532 3444 De
1549 3391 1846 3460 virginitate
1869 3409 1887 3445 :
1920 3408 2221 3447 sermonem
2250 3393 2323 3448 De

767 3476 1050 3545 paradiso:
1082 3476 1245 3530 libros
1280 3478 1515 3545 quinque
1550 3480 1797 3533 adversus
1840 3479 2177 3535 Eunomium.
2219 3482 2323 3537 Ile-

774 3568 951 3635 perire
971 3576 1053 3621 est
1081 3568 1132 3619 in
1154 3567 1499 3620 bibliothecis
1546 3566 1701 3636 longe
1732 3570 1913 3638 plures
1943 3573 2203 3628 editiones
2226 3572 2327 3628 La-

776 3658 916 3713 tinas
946 3674 961 3710 :
995 3673 1129 3727 quas
1171 3659 1268 3713 abs
1308 3674 1365 3713 re
1415 3674 1519 3713 non
1564 3659 1727 3712 fuerit
1771 3662 1871 3715 hoc
1911 3663 2025 3716 loco
2067 3665 2324 3722 indicare.

771 3751 944 3805 Paris.
987 3750 1143 3814 1525,
1181 3750 1299 3815 fol.,
1332 3752 1471 3820 apud
1516 3751 1865 3807 Ascensinm.
1902 3752 2133 3809 Colonia:
2167 3757 2326 3819 1351,

774 3843 894 3908 fol.,
919 3844 1057 3911 apud
1102 3842 1507 3899 Cervicornum.
1544 3844 1708 3899 Basil.
1753 3842 1911 3907 1510,
1948 3844 2087 3911 apud
2136 3844 2330 3900 Ilerva-

775 3935 961 4002 gium,
1009 3949 1128 3987 cum
1184 3935 1493 4003 prmfatione
1537 3935 1839 4008 Wolfgangi
1908 3935 2164 3998 Musculi,
2234 3938 2324 3992 fol.

774 4027 933 4081 Basil.
964 4026 1120 4095 1552,
1138 4026 1316 4082 studio
1348 4037 1402 4081 et
1420 4043 1581 4097 opera
1610 4026 2010 4097 JaniCornarii,
2045 4028 2134 4085 fol.
2164 4030 2326 4086 Basil.

774 4119 935 4185 1565,
974 4120 1091 4188 fol.,
1128 4120 1268 4190 apud
1313 4119 1473 4175 Joan.
1514 4119 1829 4189 Oporinum.
1861 4122 2029 4178 Paris.
2076 4123 2323 4181 Godfridi

772 4212 1062 4270 Tilmanni.
1099 4212 1255 4274 1566,
1290 4211 1409 4280 fol.,
1442 4214 1580 4283 apud
1623 4212 1936 4269 Michaelam
1970 4214 2229 4280 Guillard,
2258 4218 2328 4269 vi-

772 4303 929 4358 duam
948 4299 1217 4358 Guillelmi
1252 4304 1508 4375 Desboys.
1540 4304 1801 4375 Antuerp.
1848 4302 2003 4367 1568,
2034 4303 2151 4368 fol.,
2188 4306 2325 4373 apud

772 4393 1073 4465 Philippum
1104 4395 1344 4450 Nutium.
1378 4396 1554 4451 Paris.
1595 4395 1754 4461 1571,
1781 4396 1899 4461 101.,
1930 4396 2066 4465 apud
2110 4394 2321 4451 Sebast.

770 4487 1097 4543 Nivellium:
1131 4504 1289 4557 quam
1323 4489 1618 4545 editionem
1651 4490 1825 4543 secuti
1870 4498 1996 4545 sunt
2035 4488 2126 4557 qui
2163 4503 2323 4560 opera

2446 656 2528 707 vir
2550 654 2881 709 clarissimus
2910 656 3159 725 idemque
3198 654 3564 717 doctissimus,
3611 653 3832 719 nescio;
3877 666 3999 707 cL'm

2442 763 2562 818 ego,
2604 748 2716 815 qui,
2760 749 2803 801 si
2848 747 2916 800 ita
2950 760 3114 813 esset,
3153 748 3206 803 id
3250 750 3496 817 ignorare
3543 747 3630 800 vix
3668 747 3999 815 potuissem,

2444 836 2577 890 nihil
2612 846 2787 891 tamen
2816 835 2882 890 de
2908 837 3010 890 hac
3048 838 3371 907 przefectura
3395 851 3629 904 unquam
3674 834 3942 889 audierim
3974 852 3987 888 :

2441 928 2535 983 sed
2592 928 2704 983 scio
2752 937 3047 996 testorque,
3084 945 3151 984 ne
3191 945 3350 983 unam
3376 930 3592 998 quidem
3645 926 3937 980 litterulam
3968 942 3999 981 e

2440 1018 2652 1072 schedis
2678 1018 3054 1087 Lopininostri
3086 1022 3151 1075 ad
3183 1036 3265 1074 me
3298 1021 3628 1090 pervenisse.
3661 1018 3999 1073 Monebimus

2440 1110 2595 1177 quasi
2637 1118 3045 1179 praetereuntes,
3082 1126 3266 1166 rursus
3300 1112 3541 1166 edituros
3574 1126 3671 1164 nos
3707 1112 3773 1164 ad
3814 1109 3997 1178 operis

2438 1201 2641 1255 calcem
2673 1202 2974 1269 praecipuas
3005 1201 3345 1270 antiquarum
3398 1204 3693 1258 editionum
3722 1201 3999 1270 praefatio-

2440 1307 2556 1346 nes.
2584 1292 2658 1345 Ita
2685 1293 2828 1346 enim
2855 1293 3081 1346 eruditis
3111 1292 3323 1362 placere
3352 1295 3526 1360 video,
3571 1295 3660 1364 qui
3693 1295 3995 1363 priscarum

2438 1383 2729 1438 editionum
2765 1385 3110 1453 prmfationes
3138 1401 3329 1454 magno
3354 1387 3659 1443 litterarum
3692 1388 3889 1441 damno
3938 1387 3994 1441 in

2437 1476 2810 1530 novis‘deesse
2835 1484 3258 1545 conqueruntur.

2507 1565 2558 1618 7.
2607 1564 2827 1619 Lutetia;
2875 1564 3200 1620 Parisiorum
3251 1565 3388 1619 intra
3440 1582 3640 1633 paucos
3684 1583 3855 1623 annos
3908 1568 3996 1623 bis

2438 1655 2578 1710 edita
2606 1666 2726 1710 sunt
2755 1656 2927 1726 Opera
2956 1657 3175 1725 Basilii,
3221 1672 3362 1712 anno
3394 1658 3528 1715 1618
3548 1701 3563 1725 ,
3610 1662 3749 1728 apud
3784 1661 3994 1716 Micha-

2437 1746 2572 1801 elem
2601 1747 2896 1816 Sonnium;
2942 1760 2996 1805 et
3029 1765 3171 1804 anno
3195 1749 3330 1807 1658
3351 1791 3366 1817 ,
3417 1754 3555 1821 apud
3582 1754 3852 1825 Aigidium
3882 1755 3997 1809 Mo-

2439 1842 2648 1898 rellum.
2678 1841 2943 1913 Quidquid
2963 1846 3015 1899 in
3041 1847 3164 1911 hac,
3190 1859 3348 1900 omne
3377 1843 3430 1898 id
3454 1845 3507 1898 in
3538 1845 3625 1899 illa
3648 1848 3992 1909 continetur;

2369 1910 2409 1966 Β
2436 1950 2535 1990 nec
2565 1951 2669 1989 una
2696 1935 2863 1989 altera
2890 1946 2975 1992 est
3002 1940 3230 1994 auctior.
3262 1948 3354 1992 aut
3383 1938 3657 1991 minutior.
3684 1938 3882 1995 Eadem
3910 1948 3997 1992 est

2433 2025 2673 2095 praefatio
2699 2027 3137 2097 bibliopolarum,
3158 2029 3331 2083 iidem
3369 2029 3743 2083 commentarii
3770 2030 3820 2082 in
3847 2029 3996 2083 Scri-

2431 2128 2664 2187 pturam,
2717 2120 2952 2176 homilize
3007 2122 3074 2175 de
3126 2123 3353 2179 diversis
3403 2122 3733 2194 argumentis
3768 2122 3995 2184 eaedem,

2433 2207 2593 2262 iidem
2620 2208 2764 2274 libri,
2796 2209 2933 2265 idem
2963 2226 3218 2266 numerus
3248 2213 3597 2283 epistolarum
3622 2230 3636 2276 ;
3668 2226 3775 2264 uno
3802 2210 3994 2276 verbo,

2433 2297 2477 2351 si
2524 2301 2758 2368 excipias
2801 2302 3041 2358 ordinem
3102 2320 3208 2373 quo
3270 2321 3357 2361 res
3409 2306 3799 2377 diSponuntur,
3842 2306 3994 2376 paria

2431 2390 2607 2442 omnia
2634 2408 2648 2443 :
2680 2392 2818 2458 quod
2845 2407 2965 2445 cum
3009 2410 3113 2449 non
3145 2397 3507 2453 advertissent
3538 2398 3779 2453 nonnulli
3809 2436 3827 2463 ,
3856 2396 3997 2451 falso

2431 2489 2485 2533 et
2516 2481 2693 2548 inepte
2740 2480 3072 2536 atiirmarunt
3107 2487 3357 2552 epistolas
3386 2489 3543 2559 longe
3594 2489 3774 2559 plut-es
3805 2489 3858 2543 in
3899 2503 3999 2556 po-

2429 2573 2645 2628 steriori
2676 2574 2912 2628 editione
2955 2576 3245 2632 contineri.
3294 2578 3542 2634 Editione
3570 2582 3738 2650 priori
3775 2596 3997 2652 semper

2429 2668 2511 2721 usi
2538 2682 2743 2733 sumus,
2780 2682 2897 2737 quae
2928 2667 3098 2721 altera
3134 2669 3445 2737 castigatior
3464 2680 3619 2725 estet
3644 2674 3993 2727 accuratior:

2429 2769 2481 2816 et
2512 2760 2721 2829 quoties
2761 2760 3080 2831 simpliciter
3114 2763 3350 2817 citantur
3382 2762 3544 2824 editi,
3575 2761 3628 2815 id
3661 2772 3873 2830 oportet
3900 2778 3997 2817 ac-

2428 2852 2529 2920 cipi
2562 2852 2627 2905 de
2657 2853 2822 2921 priori
2848 2853 3103 2908 editione.
3146 2852 3523 2923 interpretatio
3566 2867 3684 2922 qua:
3713 2868 3743 2906 e
3769 2854 3996 2920 regione

2428 2944 2751 3013 exemplaris
2780 2946 2950 3000 Grmci
2982 2947 3195 3016 legitur,
3226 2961 3329 2999 non
3361 2945 3516 2998 unius
3544 2955 3621 2998 est
3652 2944 3987 3011 interpretis,

2433 3035 2525 3088 sed
2549 3035 2858 3099 multorum,
2886 3035 3106 3089 Joannis
3128 3036 3466 3108 Argyropyli,
3512 3033 3990 3106 Raphaelis’Vola-

2432 3126 2654 3189 tcrrani,
2694 3126 2922 3188 Erasini,
2973 3126 3215 3181 Godfridi
3260 3128 3530 3182 Tilmanni
3576 3128 3668 3199 qui
3721 3142 3828 3183 non
3868 3142 3997 3182 raro

2353 3242 2395 3299 ϐ
2432 3214 2673 3283 vulgatas
2703 3214 3171 3281 interpretationes
3204 3217 3532 3283 recognovit,
3565 3232 3837 3287 novasque
3865 3231 3995 3271 con-

2432 3305 2633 3369 texuit,
2673 3304 2941 3358 Ambrosii
2994 3302 3457 3369 Cainaldulensis,
3525 3306 3741 3378 Georgii
3790 3307 3997 3379 Trape-

2428 3396 2595 3449 zuntii
2620 3437 2633 3458 ,
2672 3394 2898 3449 Fumani
2923 3436 2937 3461 ,
2966 3394 3282 3448 Montacutii
3308 3404 3362 3448 et
3396 3394 3623 3448 aliorum
3648 3434 3663 3460 ,
3708 3413 3844 3461 quos
3876 3399 3994 3452 lon-

2426 3502 2550 3557 gum
2592 3497 2736 3541 esset
2770 3503 3057 3543 recensere
3094 3502 3284 3542 oumes
3311 3487 3409 3560 (α).
3465 3487 3540 3541 De
3568 3486 3701 3542 Jano
3730 3488 3997 3545 Cornario

2427 3594 2549 3633 mox
2590 3580 2787 3634 dicam.
2841 3578 3096 3649 Vulgatas
3134 3579 3252 3633 illas
3303 3588 3380 3633 tot
3420 3579 3693 3634 hominum
3726 3579 3998 3647 interpre-

2428 3673 2657 3726 tationes
2686 3672 2805 3740 plus
2856 3674 3034 3726 minus
3078 3688 3265 3728 omnes
3307 3673 3451 3726 vitiis
3481 3671 3869 3749 propemodum
3907 3672 3996 3725 in-

2426 3760 2663 3812 numeris
2713 3760 2979 3825 laborare,
3032 3760 3145 3829 jam
3182 3761 3270 3813 alii
3307 3772 3584 3816 notarum.
3634 3759 3700 3814 Et
3728 3777 3858 3817 vero
3894 3776 3999 3817 sm-

2426 3850 2545 3917 pius
2572 3850 2823 3901 aberrant
2850 3866 2879 3902 a
2904 3849 3089 3905 Graeco
3116 3868 3130 3917 ;
3169 3864 3221 3907 et
3256 3853 3518 3922 siquando
3553 3852 3741 3907 Graeca
3774 3862 3997 3908 senten-

2429 3948 2499 4000 tia
2535 3947 2877 4015 exprimitur,
2910 3950 3087 4005 minus
3128 3951 3315 4005 Latina
3350 3962 3433 4006 est
3460 3952 3710 4007 elocutio.
3765 3952 3872 4009 Sed
3912 3964 3996 4008 ta-

2428 4057 2547 4095 men
2578 4041 2785 4108 priscos
2821 4040 2920 4093 hos
2956 4043 3275 4113 interpretes
3311 4046 3463 4101 valde
3509 4055 3799 4100 excusatos
3845 4046 3991 4108 volo,

2428 4150 2549 4188 cum
2573 4132 2757 4187 Grasca
2786 4132 3080 4201 smpissime
3128 4137 3196 4188 ita
3228 4146 3407 4191 essent
3431 4144 3706 4201 corrupta,
3744 4144 3797 4187 ut
3832 4150 3998 4187 nemo

2426 4226 2717 4296 quamlibet
2741 4225 2946 4293 peritus
2980 4236 3126 4281 recte
3162 4226 3497 4297 interpretari
3530 4225 3813 4295 potuisset.
3843 4225 3998 4291 Quod

2426 4320 2470 4375 si
2510 4327 2786 4388 quaeratur
2828 4319 2956 4388 quid
2989 4320 3111 4389 quis
3176 4320 3329 4373 alteri
3376 4328 3615 4389 praestat,
3654 4319 3833 4374 dicam
3865 4319 4003 4374 Era-

2427 4426 2603 4465 smum
2652 4411 2873 4481 reliquis
2901 4411 3203 4468 elocutione
3231 4414 3446 4483 quidem
3467 4412 3787 4467 antecellere
3815 4421 3869 4466 et
3893 4410 3999 4465 La-

2428 4502 2634 4558 tinitate
2664 4522 2676 4557 :
2719 4507 2835 4570 sed,
2860 4520 2979 4573 quae
3015 4515 3133 4560 erat
3165 4505 3401 4559 hominis
3454 4506 3507 4559 in
3536 4503 3821 4558 scribendo
3846 4504 3994 4559 cele-

772 4583 958 4638 Basilii
986 4584 1125 4653 apud
1149 4583 1408 4638 Sonnium
1436 4600 1624 4641 rursus
1656 4585 1793 4656 typis
1836 4586 2157 4640 mandarunt
2182 4601 2322 4641 anno
2354 4609 2397 4664 ι)
2426 4593 2579 4656 ritas,
2603 4608 2741 4663 sape
2774 4604 2827 4647 et
2868 4596 3009 4649 ftetle
3035 4595 3233 4647 labitur
3262 4603 3316 4648 et
3339 4596 3471 4666 ipse.
3505 4593 3683 4647 Pauca
3720 4593 3994 4665 interpre-

772 4675 931 4741 1603,
954 4677 1215 4747 Antuerp.
1239 4675 1397 4743 1616,
1424 4678 1540 4743 fol.,
1574 4686 1797 4733 curante
1816 4677 2031 4733 Andrea
2061 4677 2317 4733 Schotto:

769 4785 890 4839 quae
924 4770 1091 4828 editio
1120 4784 1309 4826 recusa
1349 4782 1432 4825 est
1464 4770 1697 4826 Colonia:
1724 4769 1883 4834 1618,
1922 4771 2011 4826 fol.
2034 4771 2323 4840 Postquam

771 4864 853 4917 vir
871 4863 1269 4919 eruditissimus
1299 4860 1531 4917 Joannes
1561 4863 1814 4919 Albertus
1836 4860 2115 4919 Fabricius
2136 4877 2326 4918 omnes

772 4955 870 5009 itas
912 4955 1179 5010 editiones
1229 4953 1509 5025 diligenter
1559 4955 1859 5020 recensuit,
1899 4964 2081 5010 monet
2131 4969 2325 5009 novam

772 5046 953 5103 Basilii
982 5060 1202 5115 operum
1245 5048 1536 5103 editionem
1576 5047 1849 5102 adornari.
1894 5045 1999 5101 Sed
2033 5048 2202 5117 ipsum
2238 5062 2329 5100 au-

772 5140 888 5194 dire
916 5146 1155 5208 prastat.
1191 5156 1212 5190 ι
1251 5138 1425 5205 Nunc,
1452 5138 1645 5209 inquit,
1673 5153 1861 5193 novam
1906 5137 1963 5192 S.
2001 5137 2186 5195 Basilii
2215 5138 2331 5195 edi-

774 5240 973 5284 tionem
1010 5229 1208 5285 eruditi
1255 5230 1501 5285 monachi
1564 5228 1937 5297 Benedictini,
2006 5230 2202 5297 quibus
2255 5240 2333 5286 tot

768 5321 1183 5391 praclarissima
1238 5332 1585 5377 monumenta
1630 5321 1997 5378 ecclesiastica
2036 5323 2295 5378 debemus
2322 5380 2339 5405 ,

767 5412 923 5484 jubet
947 5424 1261 5484 exspectare
1286 5415 1351 5468 ab
1396 5414 1589 5485 insigni
1624 5413 1795 5469 sodali
1832 5430 1929 5469 suo
1956 5414 2167 5468 Juliano
2190 5413 2327 5470 Gar-

771 5504 945 5567 uerio,
975 5514 1254 5573 postquam
1281 5504 1420 5557 alter
1440 5504 1530 5573 qui
1558 5518 1623 5559 ex
1652 5506 1837 5559 eodem
1866 5504 2053 5557 ordine
2070 5505 2325 5558 ornandae

770 5594 895 5650 huic
932 5603 1129 5662 spartae
1168 5596 1453 5664 praefectus
1474 5603 1631 5650 antea
1661 5596 1860 5657 fuerat.
1892 5592 2123 5648 Iacobus
2166 5589 2323 5661 Lopi—

770 5702 892 5751 nus,
922 5687 1031 5756 jam
1078 5700 1218 5741 anno
1264 5688 1418 5752 1693,
1450 5685 1520 5741 29
1544 5685 1789 5751 Decem.,
1814 5684 1937 5739 fatis
1960 5687 2249 5740 concessit.
2297 5703 2315 5734 ι

2425 4692 2568 4739 tatus
2598 4694 2719 4750 est,
2767 4685 3017 4739 homilias
3058 4686 3191 4740 duas
3236 4686 3291 4741 in
3330 4686 3630 4756 jejunium,
3682 4686 3883 4741 librum
3918 4686 3997 4741 De

2426 4774 2625 4842 Spiritu
2653 4785 2849 4839 sancto,
2886 4786 2940 4830 et
2960 4776 3275 4845 prowmium
3295 4777 3679 4832 Commentarii
3701 4776 3757 4831 in
3775 4776 3994 4831 Isaiam.

2425 4866 2652 4933 Contra,
2704 4866 2869 4923 Janus
2899 4867 3192 4923 Cornarius
3239 4868 3419 4923 Latini
3468 4870 3735 4925 sermonis
3770 4867 3998 4938 integri-

2425 4966 2596 5011 tatem
2628 4971 2693 5012 ac
2720 4957 3046 5028 elegantiam
3073 4958 3284 5013 videtur
3312 4957 3629 5029 neglexisse,
3661 4969 3715 5013 et
3744 4961 3798 5011 in
3825 4957 3877 5010 id
3908 4972 3996 5014 so-

2424 5046 2532 5100 lum
2583 5046 2932 5111 incubuisse,
2992 5058 3054 5101 ut
3110 5048 3351 5104 Grazcam
3405 5050 3726 5105 sententiam
3779 5061 3997 5118 quoquo

2437 5137 2589 5192 modo
2612 5137 2959 5205 exprimeret.
2990 5138 3052 5193 Et
3083 5139 3301 5209 quidem
3343 5139 3532 5196 Graeca
3570 5138 3782 5193 fidelius
3808 5140 3995 5194 reddi-

2435 5226 2667 5283 dit:sed
2699 5229 2890 5284 littera:
2941 5228 3064 5299 plus
3089 5232 3238 5301 justo
3282 5234 3571 5289 serviebat.
3618 5229 3825 5285 Etenim
3872 5246 3995 5287 ver-

2436 5319 2562 5373 bum
2596 5317 2664 5372 de
2702 5320 2862 5374 verbo
2916 5332 3130 5391 semper
3163 5322 3450 5392 exprimit,
3498 5330 3660 5388 atque
3700 5335 3766 5375 ne
3817 5328 3995 5373 trans-

2436 5426 2651 5465 versum
2695 5412 2918 5481 quidem
2970 5429 3203 5482 unguem
3239 5414 3306 5467 ab
3342 5414 3518 5479 inepta
3568 5411 3666 5466 hac
3708 5411 3995 5479 servilique

2432 5504 2811 5571 interpretandi
2858 5505 3066 5560 ratione
3116 5520 3349 5574 unquam
3404 5504 3652 5559 discedit.
3702 5502 3840 5558 Hinc
3878 5502 3996 5568 ejus

2431 5596 2801 5663 interpretatio
2832 5606 2901 5650 tta
2929 5611 3121 5667 aspera
3157 5607 3241 5653 est
3262 5608 3317 5652 et
3348 5597 3482 5652 dura
3504 5637 3519 5664 ,
3572 5608 3631 5652 ut
3660 5611 3763 5650 una
3793 5605 3885 5647 aut
3916 5594 3996 5644 al--

2430 5694 2540 5739 tera
2570 5687 2766 5757 pagina
2798 5702 2908 5755 pra!
2942 5689 3103 5743 taedio
3128 5688 3229 5758 legi
3258 5690 3344 5742 vix
3374 5690 3562 5759 possit.
3595 5688 3861 5759 Pleraque
3894 5684 3995 5738 Ba-

843 5866 917 5923 tal
956 5862 1084 5922 Vide
1119 5864 1488 5922 Prmfationem
1535 5867 1659 5923 tomi
1698 5865 1737 5920 11
1770 5864 1880 5920 ilill
1907 5908 1919 5929 ,
1963 5864 2126 5930 §Xl\'
2151 5908 2163 5931 ,
2195 5866 2281 5920 ubi
2317 5866 2429 5920 htec
2462 5868 2656 5921 iterant
2690 5866 2859 5929 tangit
2887 5864 3205 5921 Garnerius.
3241 5866 3396 5919 Eutr.
