4212 6504
1236 426 1299 483 D.
1337 425 1480 483 IUL.
1521 424 1851 482 GARNERII
1889 424 2275 481 PBEFATIO.

3212 440 3402 481 ειιιςιῐ

188 550 281 605 εἱιίῑ
310 562 474 620 opera
498 545 699 603 Latina
729 546 861 602 fecit
905 546 973 612 is,
1016 559 1174 614 quem
1208 544 1339 609 dixi,
1380 546 1461 598 vir
1491 545 1743 598 eruditis-
1772 553 1817 605 Α
1848 546 1927 599 vis
1955 545 2201 615 cognosci
2257 552 2452 613 potest.
2501 542 2789 611 Postquam
2842 543 3001 615 igitur
3026 539 3268 596 Graecum
3306 557 3402 597 ex-

188 642 346 696 simus
390 639 715 695 Comarius.
770 637 937 692 Multo
986 638 1241 706 pauciora
1293 637 1452 690 vertit
1485 635 1748 707 Georgius

192 731 613 801 Trapezuntius,
662 729 916 783 videlicet
964 727 1351 782 celeberrimos
1397 728 1634 797 quinque
1694 730 1748 781 in

189 819 508 874 Eunomium
560 823 730 875 libros
762 836 774 872 :
808 833 964 887 quem
1018 812 1593 887 interpretem'multis
1628 818 1748 872 aliis

188 912 614 979 anteponendum
649 918 795 979 puto.
854 908 1201 977 Reliquorum
1249 908 1745 977 interpretationem

188 1020 302 1055 eum
340 1004 650 1064 considero,
708 1003 843 1054 alius
897 1000 1003 1053 alio
1056 1016 1157 1053 non
1213 1001 1342 1053 mihi
1389 1000 1600 1053 videtur
1656 1007 1747 1052 aut

192 1096 339 1164 longe
369 1095 637 1162 superior,
667 1104 757 1146 aut
788 1092 942 1162 longe
976 1092 1219 1145 inferior.
1250 1091 1514 1146 Caeterum
1545 1093 1588 1145 si
1624 1093 1743 1146 dili-

187 1190 399 1252 gentius
448 1200 608 1239 nosse
651 1186 858 1253 cupias,
889 1185 1015 1252 quid
1049 1186 1172 1252 quis
1224 1183 1605 1251 interpretatus
1655 1184 1744 1245 sit,

191 1279 330 1347 legas
364 1277 526 1329 velim
567 1288 695 1329 tum.
728 1273 831 1329 Vill
864 1275 1225 1345 [Bibliotheca
1258 1272 1477 1345 Gra'cre]
1518 1274 1616 1326 viri
1638 1274 1746 1327 cla-

192 1371 390 1424 rissimi
422 1369 573 1437 juxta
599 1386 661 1423 ac
686 1369 984 1423 doctissimi
1015 1368 1238 1423 Joannis
1263 1367 1465 1421 Alberti
1490 1366 1744 1431 Fabricii,

188 1462 224 1514 ι.
260 1477 312 1525 v,
350 1477 400 1516 c.
435 1463 518 1516 £9.
562 1462 639 1513 Ad
676 1462 963 1515 editionem
1002 1459 1361 1514 Parisiensem
1414 1460 1597 1519 redeo.
1629 1474 1748 1527 qua!

189 1569 289 1605 non
326 1556 502 1607 solum
550 1554 649 1606 hac
687 1568 742 1606 re
782 1553 992 1607 cmteris
1023 1561 1263 1621 praestat,
1292 1552 1434 1621 quod
1467 1568 1497 1606 e
1527 1552 1746 1622 regione

187 1645 496 1699 Graecorum
533 1645 720 1698 Latina
758 1646 1094 1712 reperiantur
1134 1661 1148 1697 :
1192 1645 1284 1699 sed
1312 1644 1452 1712 quod
1492 1642 1746 1697 doctissi-

187 1754 393 1790 morum
434 1739 666 1790 viroruin
717 1737 996 1791 Frontonis
1048 1737 1221 1791 Dnczei
1272 1745 1325 1789 et
1360 1732 1600 1788 Federici
1634 1732 1747 1787 Mo-

191 1832 297 1883 relli
330 1831 755 1898 praeclarissimis
796 1830 935 1883 notis
990 1829 1305 1885 illustrctur.
1344 1826 1514 1896 Hujus
1564 1839 1746 1893 paucae

1847 633 2055 703 emplar
2096 634 2364 687 variarum
2412 633 2699 688 lectionum
2748 634 2983 689 subsidio
3038 640 3200 700 atque
3248 633 3403 703 copia

1845 728 2117 795 corrigere
2171 734 2397 780 conatus
2447 740 2587 790 sum,
2650 726 2715 781 de
2771 740 2906 779 nova
2964 727 3406 795 interpretatione

1846 819 2149 872 adornanda
2182 819 2451 887 cogitavi:
2484 832 2645 886 quam
2695 829 2747 872 et
2795 817 2979 873 statim
3034 818 3265 889 suscepi,
3316 835 3405 873 se-

1848 910 2057 978 melque
2119 922 2418 977 susceptam
2470 921 2619 965 tanto
2668 912 2842 964 studio
2897 925 3015 965 sum
3070 921 3403 978 prosecutus,

1846 1015 1903 1057 ut
1929 1018 2025 1058 nec
2047 1004 2200 1057 labor
2224 1042 2239 1067 ,
2266 1018 2364 1056 nec
2391 1004 2466 1057 rei
2493 1002 2778 1056 difficultas
2801 1018 2884 1057 me
2906 1018 3141 1072 unquam
3173 1019 3200 1056 a
3225 1014 3405 1071 coepto

1846 1094 2188 1149 deterruerit.
2232 1092 2287 1146 id
2311 1102 2488 1145 autem
2522 1101 2645 1145 ante
2670 1091 2847 1146 omnia
2882 1094 3005 1146 milii
3041 1106 3251 1157 semper
3284 1107 3405 1160 pro-

1846 1186 2019 1252 posui,
2049 1194 2104 1238 ut
2131 1184 2379 1249 fideliter,
2418 1193 2676 1250 quantum
2712 1183 2765 1236 in
2803 1196 2886 1236 me
2914 1194 3048 1247 erat,
3087 1192 3142 1238 et
3173 1182 3406 1237 dilucide

1845 1275 2027 1328 Grmca
2061 1286 2432 1329 converterem
2462 1293 2475 1328 :
2506 1274 2696 1327 deinde
2719 1283 2775 1325 ιιι
2803 1273 3195 1343 interpretatio,
3225 1273 3269 1326 si
3299 1290 3404 1328 non

1846 1353 2177 1435 elegansfat
2226 1380 2323 1433 pro
2355 1378 2471 1417 meo
2508 1373 2682 1417 tamen
2732 1364 2942 1431 ingenio
2971 1378 3073 1417 non
3114 1365 3404 1434 inelegans,

1851 1471 2024 1523 neque
2062 1457 2273 1521 illepida
2308 1454 2464 1509 foret.
2522 1454 2809 1522 Reliquum
2843 1464 2957 1507 erat
2989 1464 3047 1507 ιιι
3070 1469 3193 1507 vera
3222 1453 3407 1512 Basilii

1846 1561 2008 1614 Opera
2046 1561 2073 1597 a
2108 1544 2255 1599 falsis
2294 1559 2628 1598 secernerem
2659 1564 2671 1596 :
2710 1559 2827 1613 qua!
2860 1546 3090 1599 secretio
3137 1550 3408 1615 negotium

1848 1637 1977 1690 mihi
2023 1635 2268 1690 exhibuit
2316 1635 2395 1687 vel
2443 1635 2755 1698 maximum,
2799 1650 2918 1688 cum
2968 1638 3301 1691 adducantur
3352 1639 3406 1693 in

1847 1726 2270 1783 controversiam
2333 1740 2440 1778 non
2498 1739 2665 1793 pauca
2716 1725 2957 1793 quaedam
3018 1728 3253 1795 scripta,
3313 1729 3410 1782 sed
3479 1777 3487 1781 .

1849 1818 2049 1871 omnia.
2081 1816 2147 1871 Et
2168 1832 2294 1872 vero
2326 1816 2587 1870 dissident
2618 1817 2756 1869 inter
2786 1830 2843 1869 se
2872 1816 3068 1869 eruditi
3097 1822 3160 1869 de
3188 1833 3410 1873 numero

188 1933 333 1985 sunt,
365 1923 509 1975 illius
541 1921 719 1974 multa:
743 1932 794 1973 et
829 1921 1050 1976 eruditae
1078 1938 1091 1973 :
1124 1934 1257 1989 quas
1289 1930 1442 1973 natas
1474 1934 1661 1973 omnes
1681 1918 1745 1971 ad
1777 1896 1818 1950 Β
1849 1910 2190 1965 homiliarum
2219 1910 2274 1961 in
2305 1907 2662 1961 Hexaemeron
2683 1916 2735 1960 et
2760 1908 2812 1959 in
2838 1905 3098 1961 Psalmor.
3126 1906 3408 1965 Orationes

188 2013 367 2081 operis
391 2013 594 2066 calcem
632 2012 867 2066 edendas
900 2010 1228 2065 curabimus.
1263 2008 1375 2065 Nec
1415 2019 1745 2079 praetereun-

188 2108 308 2155 dum
338 2103 467 2156 illud
489 2144 505 2168 ,
546 2105 685 2171 quod
711 2102 970 2155 editiones
998 2100 1228 2154 maxime
1264 2111 1420 2153 ornat
1443 2108 1495 2151 et
1522 2097 1743 2165 perficit,

185 2196 473 2249 editionem
508 2194 862 2247 Parisiensem
897 2193 963 2247 ad
1009 2191 1204 2246 multos
1233 2206 1364 2247 mss.
1395 2191 1609 2246 codices
1633 2191 1748 2243 An-

188 2288 353 2356 glicus
379 2296 435 2339 et
465 2284 699 2338 Gallicos
734 2284 1059 2351 recognitam
1107 2280 1274 2337 fuisse
1323 2290 1483 2349 atque
1515 2280 1747 2349 castiga-

190 2390 313 2432 cim.
357 2378 415 2432 In
450 2376 552 2431 bac
591 2377 825 2430 editione
877 2376 1220 2429 inveniuntur
1253 2385 1308 2429 et
1336 2375 1453 2428 alite
1480 2373 1641 2427 varia:
1674 2372 1750 2426 le-

189 2472 391 2524 ctiones
447 2483 477 2520 a
532 2468 857 2536 peritissimo
906 2467 1023 2520 viro
1078 2466 1293 2521 Andrea
1356 2465 1581 2519 Scholto
1633 2463 1746 2518 col-

192 2564 358 2617 lectae.

258 2653 310 2705 8.
349 2650 529 2704 Pauca
555 2648 731 2703 dicam
760 2647 824 2701 de
852 2655 1034 2700 nostro
1061 2645 1263 2709 labore,
1297 2660 1416 2699 eum
1454 2645 1517 2697 de
1546 2658 1610 2697 eo
1639 2658 1751 2697 me-

192 2742 287 2795 lius
309 2742 558 2808 judicare
584 2741 779 2807 cuique
820 2738 929 2807 jam
962 2736 1139 2790 liceat.
1168 2736 1557 2790 Celebert'iiuas
1588 2749 1749 2803 quas-

191 2849 288 2901 que
316 2833 667 2886 bibliothecas
709 2831 993 2884 Basilianis
1043 2827 1320 2883 codicibus
1357 2828 1585 2879 refertas
1630 2840 1750 2879 esse

193 2926 367 2978 multis
402 2925 555 2988 locis,
586 2923 804 2976 Lutetia:
833 2922 1182 2980 Parisiorum,
1205 2919 1407 2980 Return,
1440 2918 1748 2981 Florentiae,

190 3011 402 3073 Oxonii,
436 3023 489 3065 et
522 3012 667 3074 alibi,
702 3010 782 3063 vel
822 3025 852 3064 e
899 3012 1070 3079 primo
1102 3010 1333 3062 indicunt
1371 3017 1588 3075 aspectu
1616 3022 1748 3059 eon-

190 3115 310 3157 stat.
345 3104 577 3157 Codices
614 3102 886 3154 Parisiuos
919 3115 1143 3167 quorum
1194 3099 1348 3151 nobis
1392 3097 1602 3166 copiam
1648 3096 1745 3149 hu.

191 3197 502 3253 manissisne
532 3194 734 3248 faciunt
762 3192 995 3261 prafecti
1044 3190 1509 3254 bibliOtliecarum,
1553 3192 1605 3243 in
1638 3188 1749 3257 pri-

193 3290 290 3343 mis
320 3290 604 3356 diligenter
640 3286 814 3354 legere
846 3284 1227 3339 coustittterant
1264 3300 1277 3337 :
1314 3281 1405 3336 sed
1433 3282 1576 3334 brevi
1605 3280 1743 3334 sensi

190 3396 306 3434 esse
334 3394 420 3432 me
450 3378 727 3431 volvendis
772 3388 847 3430 tot
898 3376 1046 3429 libris
1082 3376 1359 3440 imparem.
1415 3372 1600 3427 Adhuc
1636 3374 1750 3427 haec

189 3482 361 3534 erant,
405 3484 527 3522 cum
565 3482 703 3520 unus
736 3482 765 3520 e
804 3466 1002 3520 nostris
1048 3466 1109 3518 D.
1145 3463 1467 3518 Franciscus
1496 3463 1748 3518 Faverol-

189 3562 285 3616 lius
341 3559 673 3628 perofficiosc
722 3570 884 3627 atque
949 3566 1290 3625 peramanter
1339 3555 1493 3623 hujus
1545 3555 1748 3609 laboris

188 3658 412 3709 conSors
445 3667 509 3706 ac
538 3652 719 3706 socius
752 3666 870 3705 esse
899 3651 1082 3704 voluit.
1132 3649 1367 3717 Uterque
1420 3648 1579 3713 igitur
1608 3657 1750 3700 vete-

187 3764 273 3801 res
304 3747 424 3799 illas
457 3744 799 3799 membranas
845 3739 965 3798 cum
1005 3742 1281 3811 impressis
1312 3740 1463 3795 libris
1507 3755 1663 3809 quam
1694 3739 1749 3793 li-

186 3839 293 3893 cuit
326 3837 738 3891 accuratissime
781 3834 1027 3889 conferre
1072 3833 1335 3902 ccepinius
1374 3850 1387 3885 :
1441 3831 1519 3884 sic
1550 3840 1745 3895 tamen,

185 3938 239 3983 ut
260 3944 451 3983 earum
480 3924 736 3992 majorem
760 3933 962 3991 partem
989 3924 1033 3978 is
1059 3964 1074 3989 ,
1104 3937 1261 3990 quem
1293 3920 1451 3974 modo
1482 3920 1592 3975 dixi
1618 3959 1633 3984 ,
1668 3922 1750 3974 vir

186 4021 312 4073 mihi
357 4017 726 4072 amicissimus
767 4017 1013 4084 idemque
1056 4015 1295 4069 omnium
1344 4013 1496 4083 longe
1528 4014 1751 4082 diligen-

185 4112 427 4164 tissimus
455 4109 765 4164 contulerit.
812 4109 950 4175 Quin
996 4109 1178 4173 etiam,
1209 4108 1385 4176 quoad
1414 4108 1528 4160 fieri
1555 4106 1746 4175 potuit,

184 4201 397 4256 codices
427 4201 604 4268 ipsos,
637 4199 726 4267 qui
771 4200 838 4251 ab
886 4198 1191 4251 hominibus
1222 4196 1465 4250 doctrina
1496 4204 1751 4265 prmstan-

185 4292 411 4347 tissimis
465 4292 656 4344 Duczco
690 4299 744 4342 et
775 4288 1095 4342 Combef‘tsio
1152 4288 1273 4342 lecti
1328 4287 1452 4341 olim
1514 4287 1746 4348 l'uerant,

184 4400 374 4439 rursus
404 4382 658 4453 legendos
695 4381 1089 4451 judicaviinus;
1149 4395 1340 4448 neque,
1389 4390 1448 4433 ut
1495 4395 1561 4433 ex
1607 4380 1749 4433 notis

182 4476 478 4533 constabit.
531 4487 749 4542 Operam
800 4483 1037 4526 nostram
1091 4470 1336 4524 lusimus.
1388 4470 1583 4523 Mirum
1619 4485 1748 4525 sane

1849 2003 1951 2057 illa:
1979 2018 2081 2055 una
2108 2009 2163 2055 et
2207 2001 2422 2069 triginta
2470 2014 2575 2053 non
2605 2014 2792 2052 omnes
2838 1999 2927 2051 uni
2981 2010 3033 2052 et
3068 2002 3239 2054 eidem
3273 2003 3412 2056 scri-

1848 2092 1984 2162 ptori
2021 2090 2349 2144 tribuuntur.
2400 2088 2510 2143 Duo
2543 2102 2678 2157 quos
2726 2086 2987 2141 habemus
3031 2088 3105 2144 De
3157 2090 3409 2159 baptitmo

1850 2184 1968 2238 libri
2005 2191 2324 2237 revocantur
2353 2180 2405 2233 in
2438 2180 2657 2233 dubium
2686 2196 2713 2234 a
2740 2181 3081 2250 quibusdam.
3121 2183 3176 2235 In
3201 2194 3412 2236 contro-

1847 2289 2005 2330 verso
2039 2282 2122 2329 est
2150 2273 2285 2327 liber
2314 2271 2391 2325 De
2417 2289 2537 2325 vera
2566 2273 2887 2343 virginitate.
2917 2274 3296 2343 Amplissimos
3322 2276 3412 2329 ille

1850 2370 1901 2423 in
1940 2368 2119 2436 priora
2155 2366 2428 2420 sexdecim
2477 2363 2627 2418 Isaia:
2674 2366 2853 2433 capita
2902 2380 3007 2419 non
3057 2376 3206 2420 caret
3238 2366 3412 2433 suspi-

1849 2462 2003 2516 cione
2049 2458 2216 2515 omni.
2271 2457 2345 2510 De
2393 2459 2628 2525 quinque
2676 2456 2730 2509 iu
2767 2455 3081 2510 Eunomiunt
3124 2458 3273 2511 libris
3305 2473 3409 2511 non

1848 2566 1954 2604 una
1992 2558 2074 2602 est
2109 2547 2350 2602 omnium
2397 2545 2684 2599 sententia.
2726 2546 2863 2599 Sunt
2909 2562 3042 2615 quos
3080 2562 3185 2600 non
3226 2548 3415 2614 puduit

1850 2644 2038 2698 ultima
2094 2639 2403 2711 quindecim
2450 2638 2572 2692 libri
2608 2638 2687 2692 De
2731 2637 2933 2707 Spiritu
2987 2651 3165 2693 sancto
3212 2641 3413 2708 capita,

1850 2751 2020 2805 eaque
2050 2734 2338 2805 praecipua,
2384 2732 2435 2785 in
2478 2730 2629 2785 falsis
2672 2740 2833 2800 atque
2866 2732 3155 2786 subdititiis
3192 2747 3414 2799 ponere.

1852 2829 2208 2898 Antiquorum
2240 2835 2296 2879 et
2329 2823 2691 2878 recentiorum
2742 2824 2807 2876 de
2838 2824 3100 2877 Ascetieis
3133 2824 3414 2892 Opiniones

1853 2922 1991 2975 inter
2029 2935 2090 2975 se
2132 2918 2432 2974 concordes
2477 2931 2579 2969 non
2627 2924 2772 2969 sunt.
2808 2914 2905 2969 Vix
2940 2916 3073 2970 certi
3117 2916 3429 2986 quidquam.

1853 3011 2062 3066 deliniri
2089 3018 2265 3079 potest
2309 3009 2372 3063 de
2400 3006 2660 3075 Liturgia.
2692 3004 2999 3073 Jurgioruin
3030 3022 3091 3061 ac
3125 3006 3415 3062 discordia-

1855 3121 1971 3157 rum
2030 3102 2298 3172 quoddam
2359 3100 2513 3169 quasi
2568 3098 2918 3152 seminarium
2968 3101 3243 3154 continent
3289 3100 3417 3170 Epi-

1856 3196 2027 3250 stolae.
2065 3193 2197 3246 Nam
2221 3208 2327 3261 quo
2363 3205 2529 3255 anno,
2553 3205 2659 3258 quo
2695 3205 2899 3253 mense,
2928 3206 2957 3243 a
2982 3207 3107 3261 quo,
3137 3192 3202 3245 ad
3231 3206 3413 3261 queui,

1852 3304 1954 3358 qua
1994 3287 2060 3342 de
2105 3302 2160 3340 re
2207 3286 2525 3356 conscripta:
2572 3287 2718 3351 sint,
2779 3286 3019 3353 quotidie
3070 3286 3416 3340 vehementer

1852 3383 2157 3449 acriterque
2200 3380 2524 3447 disputatur.
2558 3379 2727 3445 Quam
2756 3387 2933 3432 autem
2981 3378 3218 3448 proclive
3250 3378 3320 3433 sit
3360 3378 3415 3433 in

1852 3484 1998 3530 tanta
2051 3475 2149 3526 hac
2197 3488 2376 3526 rerum
2422 3487 2485 3525 ac
2542 3472 2930 3526 sententiarum
2988 3471 3245 3526 varietate
3286 3480 3409 3525 tan-

1850 3582 2010 3638 quam
2064 3567 2115 3620 in
2154 3565 2303 3619 illuni
2355 3574 2509 3620 nocte
2548 3580 2756 3627 errare,
2808 3564 3009 3629 vident,
3045 3565 3256 3631 opinor,
3306 3578 3417 3616 orn-

1853 3676 1969 3714 nes.
2004 3659 2109 3713 Sed
2150 3668 2357 3711 tantum
2393 3661 2564 3723 abest,
2615 3666 2672 3709 ιιι
2702 3666 2987 3725 pr0pterea
3018 3670 3166 3724 spem
3202 3654 3415 3724 abjece-

1853 3754 1952 3806 rim
1984 3752 2287 3806 inveniendi
2326 3750 2460 3814 veri,
2503 3759 2561 3803 ut
2606 3750 2657 3802 id
2696 3750 2861 3803 etiam
2896 3748 3084 3817 majori
3126 3748 3305 3802 studio
3346 3748 3419 3801 in-

1850 3845 2219 3915 vestigandum
2257 3843 2566 3911 judicarim.
2601 3842 2769 3896 Recte
2798 3858 2864 3895 au
2911 3841 3049 3895 male
3080 3841 3182 3895 hoc
3217 3840 3416 3909 negotii

1850 3949 2059 4009 gestum
2097 3940 2202 4001 sit,
2233 3939 2459 3992 aliorum
2488 3937 2704 4005 quidem
2733 3938 2838 3991 erit
2875 3935 3135 4005 judicium
3166 3952 3179 3989 :
3211 3938 3304 3990 sed
3334 3944 3418 3989 tea

1854 4045 1977 4084 tuen
2014 4028 2279 4082 afﬁrmare
2312 4042 2469 4097 posse
2497 4028 2703 4088 videor.
2727 4043 2831 4091 me,
2863 4028 2905 4081 si
2942 4025 3075 4080 nihil
3104 4027 3246 4079 aliud
3281 4039 3418 4093 pra:-

1850 4122 1982 4186 stiti,
2017 4133 2164 4177 certe
2189 4121 2323 4175 lucis
2360 4120 2561 4190 aliquid
2601 4121 2763 4173 rebus
2795 4135 2886 4188 per
2926 4134 2993 4173 se.
3019 4117 3420 4173 obscurissimis

1851 4214 2114 4268 attulisse.
2165 4212 2317 4279 Quod
2347 4215 2390 4265 si
2421 4213 2656 4282 quando,
2694 4213 2845 4281 quod.
2890 4226 2996 4264 non
3048 4226 3172 4265 raro
3218 4212 3417 4277 evenit,

1852 4307 1920 4361 ab
1948 4307 2283 4360 eruditorum
2311 4305 2654 4375 opinionibus
2682 4306 2893 4367 recedo,
2918 4306 2990 4357 ita
3018 4317 3102 4357 me
3128 4304 3195 4357 ab
3222 4304 3288 4358 iis
3319 4304 3423 4359 dis-

1854 4401 2063 4453 sentire
2085 4396 2363 4466 profiteor,
2385 4408 2439 4450 ut
2470 4398 2515 4450 si
2542 4396 2741 4450 erroris
2767 4410 2979 4465 arguar,
3009 4394 3060 4448 in
3093 4410 3277 4449 eorum
3298 4410 3423 4448 sen-

1853 4490 2073 4544 tentiam
2112 4491 2417 4543 concedere
2469 4502 2686 4556 semper
2738 4496 2959 4556 paratas
3012 4487 3135 4541 sirn.
3193 4487 3421 4539 Maxime

183 4579 446 4637 quantum
496 4566 797 4633 ceperimus
847 4564 1054 4619 fructus
1082 4578 1147 4617 ex
1185 4573 1369 4618 nostro
1400 4563 1613 4618 labore!
1658 4561 1747 4616 [tt-
1782 4602 1823 4656 ο
1852 4582 2069 4650 quidem
2105 4581 2157 4633 in
2191 4580 2241 4633 id
2273 4581 2513 4640 incubui.
2545 4589 2603 4634 υι
2634 4579 2820 4634 θηται
2856 4590 3260 4645 {KH-purgarem.
3295 4590 3420 4643 per.

183 4660 443 4715 credibile
478 4667 561 4713 est
604 4657 746 4711 enim
790 4667 917 4727 quot
959 4660 1228 4711 variantes
1275 4659 1529 4713 lectiones
1558 4672 1625 4711 ex
1662 4657 1747 4711 his

183 4754 464 4807 codicibus
518 4750 780 4802 Parisinis
832 4749 1301 4818 excerpserimus:
1343 4752 1573 4819 quibus,
1628 4764 1749 4804 cum

186 4857 294 4898 tam
339 4844 523 4896 multae
556 4842 691 4904 sint,
734 4840 848 4896 alim
888 4850 1065 4896 tamen
1106 4858 1210 4896 non
1257 4858 1439 4912 paucae
1468 4859 1531 4898 ex
1559 4844 1752 4913 Anglia

185 4934 447 5002 Italiaque
478 4940 840 4985 accesserunt.
889 4930 1083 4985 Parum
1125 4933 1225 4985 fuit
1254 4941 1329 4985 tot
1364 4934 1543 4987 varias
1576 4934 1753 4988 lectio-

188 5044 284 5081 nes
312 5026 598 5093 collegisse
628 5039 641 5073 :
690 5024 781 5077 sed
816 5024 867 5076 in
893 5024 945 5077 id
972 5025 1204 5077 maxime
1226 5024 1461 5077 incumbi
1493 5026 1753 5093 oportuit,

188 5128 242 5169 ut
268 5116 529 5177 Basilius,
564 5116 654 5183 qui
683 5114 733 5165 in
756 5112 960 5166 Graecis
992 5113 1217 5167 mirifice
1245 5114 1580 5169 deformatus
1612 5126 1751 5182 erat,

190 5212 378 5262 harum
425 5222 531 5273 ope
591 5206 831 5274 pristinas
883 5204 1173 5273 integritati
1239 5207 1633 5261 restitueretur.
1690 5206 1755 5261 Et

190 5301 404 5366 quidem
437 5313 562 5363 spes
604 5306 685 5348 est
729 5311 848 5349 eum
884 5312 1028 5349 nunc
1076 5296 1412 5365 proditurum
1444 5298 1667 5351 nitidum
1701 5308 1755 5352 et

193 5400 599 5459 perpurgatuut.
651 5385 755 5439 Tot
795 5390 937 5439 enim
985 5387 1176 5440 menda
1218 5387 1523 5442 maculasve
1561 5389 1753 5443 sustuli

192 5495 222 5534 e
247 5481 435 5535 Graeco
465 5477 760 5545 exemplari
790 5476 991 5538 Basilii.
1020 5488 1078 5531 ut
1110 5478 1262 5545 pauci
1315 5479 1600 5533 admodum
1633 5480 1756 5544 loci,

195 5573 238 5625 si
282 5573 371 5641 qui
416 5573 547 5635 sint,
596 5572 703 5637 iam
735 5571 1111 5625 emendatione
1164 5569 1341 5638 aliqua
1400 5570 1640 5640 indigere
1676 5574 1756 5622 vi-

194 5669 437 5721 deantur.
478 5666 640 5723 Certe
664 5665 913 5733 antiquas
954 5679 1175 5731 operum
1211 5663 1391 5717 Basilii
1434 5666 1758 5732 interpreta-

194 5759 358 5814 tiones
398 5759 720 5829 plus-minus
747 5772 934 5811 omnes
985 5756 1137 5825 longe
1173 5758 1609 5813 mendosissimas
1640 5772 1760 5812 esse

192 5859 349 5921 atque
383 5851 790 5913 vitiosissimas,
822 5863 850 5902 e
886 5848 1110 5917 singulis
1132 5850 1343 5921 paginis
1388 5850 1541 5905 facile
1570 5866 1596 5902 a
1628 5866 1757 5919 quo-

1856 4681 2077 4742 purgata
2107 4669 2300 4725 Latine
2338 4672 2615 4725 redderem
2639 4709 2655 4733 ,
2700 4682 2832 4721 vera
2871 4682 2933 4720 ac
2967 4667 3197 4735 genuina
3228 4666 3422 4720 distin-

1855 4774 2071 4830 guerem
2122 4775 2150 4813 a
2204 4758 2353 4813 falsis
2400 4769 2455 4814 et
2504 4758 2871 4812 adulterinis:
2908 4757 3002 4810 sed
3040 4757 3153 4810 haec
3200 4770 3303 4808 non
3350 4755 3422 4810 ita

1857 4853 1983 4907 mihi
2015 4852 2165 4907 fuere
2200 4866 2343 4906 cura:
2384 4866 2447 4906 ac
2492 4851 2671 4904 studio
2696 4891 2711 4915 ,
2757 4859 2817 4904 ut
2868 4848 3072 4915 reliqua
3106 4848 3419 4917 negligenda

1856 4945 2126 4999 ducerem.
2173 4944 2451 4997 Addentur
2490 4943 2656 5012 igitur
2683 4944 2905 5003 monita,
2940 4942 3253 5003 summaria,
3287 4953 3423 5009 prae-

1855 5036 2103 5100 lationes,
2138 5045 2299 5097 notae,
2341 5035 2459 5088 Vita
2483 5033 2701 5093 Basilii.
2750 5034 3008 5087 anecdota
3057 5047 3162 5086 non
3210 5046 3420 5099 pauca;

1856 5138 1912 5182 et
1949 5127 2206 5195 quoniam
2256 5128 2307 5180 in
2354 5127 2507 5181 novis
2558 5126 2883 5178 editionibus
2940 5124 3074 5178 nihil
3126 5122 3424 5179 desiderari

1856 5233 2028 5288 opera:
2058 5221 2285 5287 pretium
2321 5230 2445 5281 est,
2495 5218 2833 5271 invenientur
2869 5217 2919 5270 in
2963 5226 3143 5271 nostra
3198 5230 3263 5269 eo
3314 5232 3426 5269 uuo

1858 5312 2053 5365 debent
2087 5312 2275 5365 ordine
2315 5311 2428 5380 ipsa
2460 5311 2619 5365 etiam
2667 5309 2946 5378 opuscula,
2983 5323 3101 5376 qua:
3148 5306 3255 5363 iam
3305 5308 3426 5375 qui-

1863 5406 1983 5458 dem
2013 5404 2156 5457 edita
2183 5412 2327 5466 sunt,
2367 5403 2459 5457 sed
2491 5403 2606 5456 loco
2641 5418 2747 5456 non
2777 5417 2894 5465 suo,
2926 5402 3000 5453 uti
3035 5401 3085 5453 iu
3116 5398 3425 5453 Monumen-

1859 5496 1923 5547 ιιι
1954 5492 2148 5547 ercis
2177 5492 2398 5548 Joannis
2440 5493 2724 5555 Cotelerii,
2778 5504 2871 5548 aut
2921 5493 2973 5545 in
3026 5491 3281 5560 praeclaro
3334 5490 3426 5544 illo

1861 5584 2086 5653 ntilique
2127 5598 2289 5653 opere
2340 5582 2618 5637 Francisci
2656 5581 3001 5645 Combefisii,
3042 5583 3107 5634 de
3152 5595 3257 5650 quo
3302 5594 3427 5634 mox

1861 5675 2048 5740 loquar
2080 5694 2092 5728 :
2126 5690 2246 5744 quae
2273 5676 2451 5729 omnia
2482 5675 2755 5742 excipient
2788 5676 2993 5730 iudices
3014 5672 3312 5727 fidelissimi
3348 5671 3424 5724 si-

1863 5768 1971 5820 mul
2004 5777 2060 5821 et
2085 5767 2420 5836 amplissimi.
2461 5767 2667 5822 Norunt
2699 5769 2933 5830 eruditi,
2968 5768 3107 5819 inter
3142 5764 3241 5819 alia
3267 5763 3427 5817 Com-

1864 5857 2031 5913 befisii
2066 5858 2266 5929 scripta
2314 5860 2587 5916 recenseri
2636 5860 2898 5931 insignem
2947 5860 3146 5916 librum
3193 5856 3247 5913 iu
3296 5856 3425 5912 duos
