4212 6488
787 442 962 482 CLXXX

2118 418 2621 479 PROLEGOMENA
2632 459 2643 472 .

786 552 961 599 tomos
981 540 1211 597 divisum
1231 576 1247 605 ,
1295 538 1382 595 cui
1413 537 1623 593 titulum
1673 535 1839 605 fecit,
1869 537 2103 594 Basilius
2130 540 2352 610 Magnus
2380 542 2428 598 Α
2455 536 2596 605 quod
2628 534 2815 599 sciam,
2842 542 3168 604 compareat.
3192 532 3448 604 Equidem
3471 550 3576 591 non
3608 533 3795 605 ignoro
3816 549 4011 602 quam-

786 651 853 690 ιε
885 635 1087 708 integro
1136 630 1442 697 recen'sittts,
1475 630 1651 686 Paris.
1683 630 1823 686 1679
1850 671 1865 697 ,
1912 632 1963 686 itt
1993 631 2087 697 8';
2133 648 2239 703 quo
2280 631 2347 685 de

786 742 950 795 opere
968 728 1080 795 iam
1106 724 1321 794 quidem
1352 723 1562 778 locutus
1584 736 1723 787 sum,
1752 725 1847 777 sed
1870 722 1934 777 de
1954 734 2020 776 eo
2049 721 2136 778 hic
2162 734 2347 777 rursus

788 818 936 887 loqui
972 816 1144 871 visum
1182 823 1284 870 est.
1333 814 1493 870 Certe
1523 814 1705 869 mirari
1748 814 1891 869 subit
1924 812 2022 867 viri
2054 814 2345 869 doctissimi

789 911 1087 979 improbum
1134 907 1373 963 laborem
1405 922 1422 962 :
1452 907 1542 978 qui
1594 906 1646 960 in
1687 908 1771 963 bis
1795 905 2003 961 duobus
2033 910 2194 964 tomis
2241 920 2345 961 non

790 1000 947 1057 modo
978 1000 1176 1056 multas
1203 1000 1383 1057 varias
1424 1000 1682 1056 lectiones
1714 1016 1742 1054 a
1782 1016 1838 1055 se
1868 1013 1899 1054 e
1937 998 2103 1054 variis
2144 996 2347 1056 codici-

789 1096 887 1150 bus
904 1093 1157 1150 collectas
1182 1092 1386 1160 edidit,
1423 1092 1518 1148 sed
1548 1092 1693 1163 ipsas
1723 1094 1881 1149 etiam
1913 1091 2164 1161 antiquas
2192 1092 2349 1144 inter-

788 1185 1117 1254 pretationes
1141 1183 1410 1240 sexcentis
1443 1182 1579 1240 locis
1609 1181 1938 1239 emendavit.
1972 1179 2031 1237 id
2061 1196 2196 1251 opus
2224 1194 2346 1235 cum

788 1277 1038 1345 legerem,
1079 1274 1259 1329 notavi
1290 1273 1431 1343 quod
1463 1274 1552 1329 alii
1601 1274 1710 1344 jam
1762 1281 2049 1336 notarant,
2080 1268 2350 1326 Combeﬁ-

787 1365 927 1419 sium
958 1364 1192 1434 linguam
1228 1364 1443 1434 quidem
1477 1363 1719 1420 Graecam
1755 1360 2168 1430 diligentissime
2188 1374 2351 1415 exco-

789 1456 973 1523 luisse,
1004 1465 1062 1513 et
1090 1456 1295 1528 optime
1320 1456 1545 1511 scivisse
1579 1470 1595 1507 :
1638 1452 1733 1508 sed
1765 1453 1935 1507 videri
1968 1451 2213 1506 Latinam
2244 1465 2347 1505 non

788 1548 863 1604 ita
910 1547 1134 1604 multum
1158 1550 1224 1603 ab
1248 1562 1313 1601 eo
1351 1546 1516 1601 fuisse
1555 1545 1845 1600 excultam.
1888 1544 1955 1600 Et
1987 1544 2200 1614 quidem
2232 1557 2351 1614 quae

782 1632 977 1693 Latine
1025 1636 1273 1703 scripsit,
1302 1649 1365 1690 ea
1390 1642 1602 1689 constat
1630 1642 1686 1689 et
1723 1635 1955 1689 obscura
1998 1647 2138 1701 esse,
2190 1641 2246 1687 et
2286 1632 2354 1687 ab

789 1728 1008 1796 antiqua
1051 1727 1139 1782 illa
1184 1726 1409 1783 Romani
1454 1727 1721 1783 sermonis
1769 1726 2076 1797 integritate
2122 1738 2349 1795 prorsus

786 1818 978 1873 aliena.
1035 1817 1213 1886 Quare
1270 1820 1361 1874 ubi
1419 1820 1582 1877 etiam
1630 1817 1837 1888 priscas
1872 1815 2348 1888 interpretationes

2446 629 2569 681 dam
2596 627 2779 684 Basilii
2815 624 3014 686 Vitam,
3042 639 3162 695 quas
3196 625 3604 683 celeberrimum
3644 625 4008 697 Amphilochii

2447 732 2642 773 nomen
2679 718 2919 789 prefert,
2962 730 3067 770 non
3099 716 3171 771 ita
3210 716 3415 787 pridem
3469 731 3498 768 a
3544 717 3865 774 Combeﬁsio
3908 718 4012 769 edi-

2447 820 2556 863 tam
2594 810 2796 876 fuisse;
2826 810 2918 865 sed
2948 809 3066 863 haec
3109 806 3231 861 Vita
3262 824 3359 879 pro
3387 808 3567 879 spuria
3596 822 3757 880 atque
3782 807 4009 865 subditi-

2453 903 2526 955 tia
2556 917 2586 955 a
2608 902 2930 958 doctissimo
2969 914 3183 972 quoque
3217 900 3467 965 habetur,
3502 913 3601 953 nec
3638 900 3857 970 injuria.
3885 898 4013 953 Scio

2452 1005 2670 1063 quoque
2696 994 3023 1048 mentionem
3053 989 3169 1046 ﬁeri
3194 998 3249 1044 et
3269 991 3407 1057 apud
3433 987 3691 1046 Joannem
3723 991 4013 1045 Damasce-

2451 1099 2579 1139 num
2604 1084 2669 1138 de
2698 1082 2801 1136 alia
2840 1082 2961 1137 Vita
2992 1081 3197 1147 Basilii.
3234 1094 3352 1150 qua:
3394 1080 3510 1149 ejus
3546 1083 3842 1137 successori
3882 1080 4008 1135 Hel.

2450 1176 2592 1231 ladio
2625 1173 2876 1229 tribuitur
2910 1191 2924 1227 :
2960 1175 3053 1229 sed
3080 1185 3433 1244 praeterquam
3468 1171 3609 1241 quod
3641 1168 3871 1229 dubitari
3896 1187 4009 1227 me-

2454 1270 2561 1325 rito
2590 1277 2770 1338 potest
2816 1280 2883 1321 an
2912 1280 3146 1335 unquam
3178 1263 3464 1325 exstiterit,
3497 1266 3609 1331 ipsa
3642 1279 3745 1317 non
3785 1268 4014 1336 amplius

2450 1360 2505 1415 in
2544 1360 2845 1415 litterarum
2899 1358 3265 1413 monumentis
3288 1354 3578 1412 invenitur.
3624 1354 3803 1420 Quare
3830 1368 3887 1411 ut
3912 1358 4015 1411 hoc

2450 1452 2705 1507 damnum
2736 1450 2989 1507 resarciri
3028 1450 3261 1519 quodam
3293 1450 3453 1505 modo
3478 1447 3665 1519 possit,
3694 1462 3884 1503 novam
3912 1449 4015 1506 Ba-

2451 1536 2555 1600 silii
2596 1543 2766 1599 Vitam
2789 1541 3083 1611 praesertim
3108 1555 3175 1597 ex
3197 1540 3313 1609 ejus
3334 1541 3550 1612 scriptis
3571 1539 3852 1595 collectam
3881 1557 4014 1598 con-

2453 1638 2695 1692 scribere
2724 1632 2910 1689 statui.

2525 1729 2611 1784 il.
2644 1725 2790 1795 Opus
2832 1733 3000 1779 totum
3050 1722 3130 1778 sic
3166 1722 3571 1780 distribnemus.
3616 1721 4017 1792 Complectetur

2454 1830 2631 1875 tomus
2658 1819 2863 1886 primus
2893 1815 3154 1871 llomilias
3198 1816 3254 1869 in
3296 1815 3660 1872 Hexaemeron
3691 1825 3746 1872 et
3779 1815 3836 1870 its
3864 1811 4019 1868 Psal-

785 1914 1045 1977 correxit,
1094 1914 1168 1968 ibi
1200 1912 1301 1966 alia
1345 1912 1526 1981 pbrasi
1559 1912 1634 1967 uti
1664 1922 1889 1968 coactus
1939 1926 2054 1966 sum
2086 1928 2099 1965 :
2126 1909 2221 1965 sed
2274 1920 2352 1965 ta-
2384 1910 2425 1966 Β
2454 1926 2583 1974 mos,
2603 1908 2847 1963 librositt
2865 1907 3205 1973 Eunomittm,
3228 1907 3753 1965 Commentariumits
3775 1906 4014 1970 Isaiam;

786 2018 909 2057 men
952 2004 1128 2057 virum
1179 2002 1600 2058 eruditissimum
1663 2014 1791 2059 tunc
1843 2017 2058 2072 quoque
2108 2003 2348 2059 maximo

788 2093 922 2149 mihi
970 2093 1277 2162 adjumento
1321 2093 1488 2149 fuisse
1523 2095 1748 2165 ingenue
1783 2092 2024 2156 fatebor,
2055 2107 2180 2148 cum
2216 2094 2345 2148 mihi

782 2186 870 2241 his
900 2186 952 2240 in
990 2185 1123 2241 locis
1154 2185 1327 2242 facem
1370 2186 1650 2257 przeferret
1684 2186 1751 2241 ad
1790 2184 2102 2241 Graecarum
2160 2200 2344 2242 vocem

784 2278 1135 2348 detegendam
1159 2279 1498 2335 sententiam.
1525 2278 1660 2334 Cum
1685 2278 2009 2335 audivissem
2026 2293 2169 2341 eum,
2186 2290 2347 2347 quem

782 2367 978 2437 sepius
1007 2366 1317 2433 nominavi,
1353 2368 1531 2423 virum
1560 2369 1930 2422 doctissimum
1962 2367 2346 2422 Combeﬁsium

789 2471 856 2511 ex
898 2471 1027 2513 mss.
1058 2457 1332 2514 codicibus
1366 2472 1653 2529 excerpere
1686 2456 1901 2512 solitum
1946 2456 2087 2526 quod
2133 2456 2347 2523 liberet,

786 2550 1089 2621 relinquere
1126 2552 1267 2621 quod
1314 2552 1656 2621 displiceret,
1708 2550 1933 2607 collatos
1976 2551 2046 2607 ab
2094 2550 2210 2623 ipso
2258 2567 2349 2608 ve-

784 2652 930 2699 teres
979 2642 1147 2698 libros
1197 2657 1386 2698 rursus
1440 2653 1535 2699 aut
1584 2645 1789 2701 contuli
1841 2648 1975 2715 ipse,
2024 2656 2116 2700 aut
2167 2644 2350 2701 confe-

786 2734 982 2789 rendos
1012 2731 1236 2801 curavi;
1286 2747 1383 2789 nec
1422 2747 1587 2798 sane,
1640 2743 1699 2788 ut
1732 2734 1883 2799 dixi,
1924 2744 2134 2803 tempus
2167 2735 2347 2805 perdi-

785 2824 987 2880 dimus.

862 2917 917 2972 9.
967 2916 1119 2973 Nunc
1154 2918 1219 2973 de
1248 2918 1544 2986 anecdotis,
1584 2917 1757 2989 deque
1810 2916 1994 2973 Basilii
2039 2915 2161 2972 Vita
2192 2918 2348 2989 paulo

786 3005 959 3061 fusius
983 3010 1381 3063 disserendum.
1426 3011 1502 3064 lta
1531 3019 1901 3081 comparatum
1941 3020 2024 3067 est
2070 3010 2365 3077 hominum,

786 3112 980 3167 genus,
1038 3106 1099 3153 ut
1147 3099 1455 3154 existiment
1510 3114 1703 3154 novam
1769 3100 2003 3171 aliquam
2058 3102 2347 3159 editionem

785 3188 1077 3259 plurimum
1108 3190 1473 3247 commendari
1519 3191 1672 3261 copia
1696 3194 2101 3248 anccdomrum.
2130 3195 2230 3251 Aio
2251 3196 2349 3267 igi-

785 3288 876 3336 tur
930 3281 983 3336 id
1015 3284 1316 3337 ornamenti
1343 3284 1398 3338 in
1450 3298 1584 3339 nova
1622 3283 1810 3339 Basilii
1849 3298 2073 3355 operum
2104 3286 2349 3344 editione
2378 3270 2423 3332 (ἶ

786 3372 1009 3427 minime
1037 3371 1364 3427 defuturum.
1402 3373 1547 3430 Nova
1575 3375 1719 3430 enim
1754 3375 2027 3431 veteribus
2057 3376 2343 3443 addentur,

789 3461 1087 3532 fragmenta
1150 3465 1429 3533 quaedam,
1486 3465 1762 3520 orationes
1810 3466 2045 3537 aliquot,
2110 3467 2349 3536 epistola

786 3552 1073 3610 nonnullae.
1107 3552 1245 3622 Quin
1290 3554 1454 3609 etiam
1502 3568 1564 3608 ea
1612 3553 1795 3609 Basilii
1827 3556 2084 3625 opuscula
2110 3572 2230 3627 quae
2260 3556 2349 3612 hic

791 3645 900 3702 illic
941 3660 1130 3716 sparsa
1163 3646 1531 3709 inveniuntur,
1562 3647 1673 3716 ipsa
1714 3661 1927 3718 quoque
1948 3662 2046 3703 suo
2075 3649 2266 3702 ordine
2295 3657 2348 3703 et

791 3736 908 3793 loco
949 3753 1138 3793 rursus
1173 3739 1393 3808 vulgare
1430 3753 1535 3793 non
1570 3740 1937 3809 gravabimur.
1970 3738 2097 3796 Scio
2124 3739 2344 3809 quidem

786 3842 921 3895 opus
969 3828 1219 3881 Eunomii
1272 3830 1491 3895 dignum
1519 3844 1640 3884 esse
1687 3830 1925 3887 tenebris
1963 3833 2156 3902 magis,
2188 3846 2349 3901 quam

788 3918 950 3973 luce:
988 3920 1241 3988 quoniam
1292 3928 1471 3974 tamen
1514 3922 1582 3975 ad
1639 3922 2012 3979 dilucidandos
2062 3923 2244 3979 Basilii
2297 3924 2353 3978 in

790 4007 1110 4063 Eunomium
1145 4009 1314 4065 libros
1345 4010 1463 4065 usui
1495 4024 1613 4066 esse
1648 4021 1843 4080 potest,
1875 4014 1926 4067 id
1968 4029 2181 4084 quoque
2231 4031 2354 4070 rur-

786 4114 883 4153 sus
931 4098 1175 4155 edemus.
1226 4100 1421 4156 Notutn
1474 4110 1556 4157 est
1606 4100 1858 4157 Ruﬁnum
1903 4110 1958 4158 et
2008 4103 2349 4159 Eustathium

784 4190 1028 4259 quaedam
1078 4190 1257 4246 Basilii
1294 4194 1496 4262 scripta
1562 4194 1615 4248 in
1665 4194 1897 4265 linguam
1932 4194 2177 4252 Latinam
2222 4197 2350 4252 olim

790 4282 1123 4337 transtulisse
1170 4297 1185 4336 :
1234 4299 1466 4352 quorum
1523 4286 2022 4356 interpretationem
2089 4291 2155 4344 ad
2223 4305 2353 4345 exa—

789 4383 937 4429 ratos
964 4389 1125 4429 mauu
1177 4374 1345 4430 libros
1389 4380 1725 4446 recognitum
1780 4381 1916 4449 typis
1943 4380 2159 4451 quidem
2197 4398 2351 4437 man-

787 4464 916 4521 dare
967 4468 1137 4521 visum
1181 4475 1283 4530 est,
1307 4468 1401 4521 sed
1437 4467 1541 4533 sic,
1571 4478 1630 4522 ut
1665 4470 1732 4523 ad
1768 4472 1949 4538 operis
1978 4472 2185 4526 calcem
2230 4473 2355 4543 reji-

785 4556 978 4611 ciatur.
1006 4556 1149 4612 Loco
1198 4559 1385 4614 eodem
1433 4559 1671 4629 ejusdem
1722 4560 1902 4616 Ruﬁni
1953 4563 2211 4619 ineditam
2262 4567 2346 4620 in-

2459 2002 2750 2067 secundus,
2805 2000 3063 2056 Homilias
3107 1997 3177 2055 de
3227 2001 3473 2069 diversis,
3524 2002 3789 2067 Ascetica,
3822 2001 4016 2054 lihrum

2458 2094 2530 2149 De
2568 2096 2893 2165 uirginitate,
2935 2094 3099 2149 libros
3128 2090 3205 2146 De
3239 2092 3493 2160 baptismo
3515 2109 3535 2157 ,'
3591 2094 3783 2148 tertius
3821 2091 4015 2146 librum

2453 2188 2531 2243 De
2551 2188 2740 2256 spiritu
2768 2198 2969 2255 sancto,
2997 2185 3283 2257 Epistolas,
3313 2183 3635 2255 Liturgiam,
3663 2184 3850 2252 viginti
3881 2198 4017 2251 qna-

2454 2289 2579 2336 tuor
2634 2293 2911 2335 sermones
2958 2280 3227 2337 Simeonls
3272 2276 3515 2349 magistri
3565 2289 3629 2331 ac
3684 2272 4017 2344 Logothetaa,

2458 2372 2629 2428 Vitam
2656 2371 2858 2428 Basilii.

2524 2465 2612 2520 12.
2645 2463 2941 2518 Commune
2972 2462 3187 2531 quidem
3233 2461 3472 2515 omnium
3520 2472 3713 2514 munus
3743 2465 3827 2512 est
3884 2456 4020 2509 bene

2455 2558 2520 2612 de
2538 2572 2597 2612 se
2625 2554 2829 2611 meritis
2844 2552 3047 2623 justam
3065 2552 3406 2622 debitamque
3425 2551 3650 2623 gratiam
3672 2547 4015 2620 persolvere:

2458 2651 2563 2705 hoc
2592 2659 2773 2704 tamen
2798 2647 2980 2705 nescio
3009 2647 3279 2718 quomodo
3308 2644 3479 2717 magis
3500 2644 3777 2716 proprium
3805 2640 4021 2696 videtur

2455 2742 2798 2811 scriptorum.
2831 2739 2995 2810 Ergo,
3027 2748 3086 2794 ut
3115 2738 3242 2793 huic
3292 2738 3467 2793 oﬁicio
3523 2737 3719 2792 faciam
3755 2734 3911 2797 satis,
3950 2731 4020 2784 li-

2453 2830 2643 2883 benter
2666 2826 2971 2895 praedicabo
3003 2826 3263 2882 beneﬁcia
3291 2841 3499 2890 eorum,
3528 2823 3617 2893 qui
3658 2820 3855 2890 aliquid
3886 2816 4018 2871 milti

2452 2918 2569 2989 opis
2601 2917 2667 2971 ad
2698 2931 2893 2971 novam
2933 2914 3116 2971 Basilii
3143 2916 3431 2969 editionem
3460 2910 3839 2981 perﬁciendam
3878 2922 4013 2963 cono

2455 3010 2649 3067 tulere.
2682 3008 2923 3063 Primum
2963 3006 3266 3062 laudandus
3306 3005 3457 3059 Dom.
3493 3002 3756 3057 llenricus
3787 2999 4017 3054 Carolus

2455 3105 2523 3161 du
2552 3103 2815 3159 Cambout
2836 3102 2901 3157 de
2922 3099 3148 3163 Coislin,
3173 3098 3279 3153 dux
3314 3108 3368 3152 et
3392 3111 3489 3168 par
3516 3094 3780 3161 Francia,
3808 3092 4021 3162 episcoo

2454 3212 2554 3268 pus
2583 3194 2859 3260 Metensis,
2885 3194 2974 3263 qui
2998 3191 3383 3247 bibliothecam
3411 3203 3562 3244 suam
3592 3202 3714 3243 cum
3745 3187 3865 3241 aliis
3896 3202 4015 3240 ma-

2453 3287 2743 3358 nuscriplis
2772 3296 2882 3340 tum
2912 3284 3116 3340 Graecis
3145 3281 3557 3340 refertissimam
3600 3281 3738 3352 apud
3788 3295 3889 3337 nos
3920 3280 4018 3334 de—

2451 3380 2649 3449 posuit,
2676 3387 2815 3434 utea
2848 3375 3026 3442 nobis,
3054 3388 3177 3445 qum
3205 3374 3323 3441 ejus
3357 3374 3411 3429 in
3442 3382 3682 3429 nostram
3721 3386 4022 3442 congrega-

2455 3472 2658 3526 tionem
2692 3468 3063 3525 benevolentia
3094 3475 3201 3532 est,
3227 3465 3440 3522 facilius
3479 3480 3544 3522 ac
3566 3464 3903 3521 commodius
3938 3463 4019 3515 uti

2451 3561 2659 3616 liceret.
2695 3560 2949 3615 Laudabo
2998 3568 3054 3615 et
3098 3558 3531 3615 illustrissimum
3574 3557 3823 3610 abbatem
3859 3553 3921 3607 Ι).
3954 3555 4022 3607 de

2449 3650 2703 3716 Louvois,
2758 3650 3094 3707 bibliothecae
3120 3649 3301 3718 Regia:
3345 3648 3677 3718 praefectum,
3705 3645 3799 3713 qui
3824 3658 4023 3712 magno

2453 3746 2750 3800 litterarum
2797 3750 2851 3797 et
2897 3743 3263 3798 litteratorum
3322 3740 3519 3794 damno
3564 3737 3770 3792 duobus
3822 3735 4022 3790 abhinc

2454 3835 2629 3901 annis,
2665 3843 2915 3889 recusato
2971 3834 3285 3903 episcopatu
3339 3830 3793 3893 Claromontano,
3824 3841 3857 3882 e
3908 3828 4018 3879 vita

2455 3927 2708 3983 excessit.
2759 3924 3031 3981 Faverunt
3071 3925 3228 3980 nobis
3271 3937 3484 3995 quoque
3519 3921 3782 3984 maxime,
3827 3919 4021 3989 optimi

2461 4028 2516 4072 et
2565 4018 2912 4073 illustrissimi
2941 4017 3151 4073 abbatis
3193 4015 3461 4088 exemplo,
3501 4016 3603 4069 viri
3632 4012 4019 4085 spectatissimi

2454 4109 2695 4177 ejusdem
2747 4107 3083 4163 bibliotheca
3132 4107 3315 4178 ltegite
3340 4104 3607 4174 custodes,
3634 4103 4024 4161 D.Ludovicus

2458 4198 2523 4251 de
2546 4196 2797 4267 Targnis,
2824 4195 3084 4251 Sorbona:
3113 4198 3302 4252 doctor
3327 4196 3733 4261 celeberrimus,
3770 4195 4023 4265 idemque

2455 4293 2507 4345 in
2566 4289 2771 4345 amicos
2823 4286 3288 4354 ofﬁciosissimus,
3334 4298 3387 4342 et
3438 4287 3671 4344 Joannes
3716 4288 4019 4352 Boivinius,

2460 4397 2599 4437 unus
2628 4380 2867 4435 omnium
2907 4380 3321 4447 urbanissimus,
3345 4386 3399 4435 et
3427 4380 3567 4435 idem
3595 4381 3814 4451 scriptis
3844 4380 4019 4451 publi-

2456 4475 2533 4528 cis
2562 4475 2614 4528 in
2644 4479 2760 4527 toto
2792 4472 2923 4525 orbe
2962 4471 3232 4526 litterario
3263 4469 3616 4526 clarissimus.
3644 4470 3883 4526 Laudem
3911 4483 4018 4521 non

2457 4565 2781 4618 mediocrem
2813 4562 3017 4633 pariter
3046 4572 3281 4616 meretur
3316 4560 3714 4616 illustrissimus
3737 4574 3926 4616 comes
3954 4561 4023 4613 de

789 4649 1230 4717 terpretationem
1280 4628 1631 4722 quarumdam
1685 4652 1989 4709 orationum
2040 4654 2223 4710 licebit
2271 4656 2353 4710 in-
2386 4628 2430 4682 Β
2460 4654 2777 4725 Seiguelay,
2813 4628 2984 4725 vcnjus
3037 4652 3367 4723 amplissima
3421 4653 3744 4709 bibliotheca
3801 4667 4022 4721 semper

789 4741 949 4796 tueri.

858 4835 947 4890 10.
980 4834 1139 4891 Certe
1167 4836 1211 4890 si
1242 4850 1363 4905 qms
1406 4836 1629 4892 idoneus
1670 4835 1901 4907 scriptor
1938 4837 2124 4894 Basilii
2172 4838 2352 4894 Vitam

786 4928 1031 4995 proxime
1061 4936 1182 4996 post
1232 4926 1404 4996 ipsius
1464 4937 1692 4982 mortem
1748 4928 1942 4983 litteris
1991 4930 2351 4999 prodidisset,

789 5016 948 5071 modo
981 5015 1049 5070 ad
1088 5029 1187 5071 nos
1214 5031 1383 5084 usque
1413 5020 1752 5085 pervenisset
1772 5030 1880 5073 tam
1900 5020 2212 5090 praeclarum
2238 5037 2352 5075 mo-

791 5115 1124 5170 numentum,
1154 5123 1267 5162 rem
1298 5108 1518 5162 fecisset
1548 5120 1604 5163 et
1633 5111 1817 5163 utilem
1848 5121 1901 5165 et
1937 5121 2141 5181 gratam
2172 5123 2352 5181 poste-

791 5197 957 5252 ritati.
984 5195 1218 5252 Basilius
1248 5199 1411 5262 enim,
1441 5199 1567 5251 dum
1601 5202 1839 5265 viveret,
1877 5201 1947 5255 ita
1978 5204 2148 5257 modis
2175 5203 2351 5257 omni-

789 5289 891 5343 bus
942 5286 1154 5352 claruit,
1208 5288 1333 5342 vita:
1389 5291 1701 5353 sanctitate,
1754 5306 1963 5345 morum
2014 5293 2347 5364 integritate,

787 5381 1095 5449 prudentia,
1123 5382 1448 5446 eruditione,
1473 5382 1740 5445 facundia,
1770 5386 1933 5439 animi
1962 5388 2348 5457 magnitudine,

785 5470 1031 5526 laborum
1076 5487 1177 5544 pro
1222 5472 1466 5528 Ecclesia
1522 5487 1896 5543 susceptorum
1949 5478 2257 5548 tolerantia,
2292 5492 2352 5534 ut

784 5575 974 5616 eorum
997 5578 1118 5632 qute
1146 5576 1237 5619 aut
1261 5566 1427 5635 gessit
1451 5576 1543 5620 aut
1580 5568 1798 5635 scripsit
1829 5584 2081 5625 accurata
2113 5573 2349 5643 cognitio

790 5668 901 5707 rem
930 5654 1245 5710 litterariam
1271 5658 1505 5712 maxime
1534 5657 1842 5715 illustraret.
1872 5662 1979 5717 Sed
2012 5666 2194 5719 nescio
2216 5680 2350 5734 quo-

790 5747 949 5801 modo
979 5747 1223 5819 contigit,
1249 5759 1307 5803 ut
1335 5764 1513 5804 rerum
1559 5765 1589 5803 a
1629 5760 1776 5807 tanto
1807 5754 1924 5809 viro
1950 5766 2222 5825 gestarum
2258 5771 2349 5825 pe-

786 5836 1006 5893 culiaris
1032 5838 1256 5896 historia
1312 5850 1494 5898 nostro
1547 5843 1781 5901 maximo
1836 5847 2027 5903 damno
2062 5862 2345 5916 nusquam,

2458 4756 2643 4814 aperta
2677 4756 2760 4801 est
2804 4746 3082 4812 studiosis,
3123 4746 3276 4815 quasi
3310 4743 3546 4801 fructum
3571 4743 3903 4800 uberrimum
3943 4745 4022 4799 lu-

2454 4852 2716 4907 crumque
2753 4838 3046 4891 maximum
3078 4850 3202 4892 esse
3231 4846 3463 4907 putaret,
3501 4837 3565 4891 de
3604 4836 3858 4889 litteratis
3882 4836 4022 4891 bene

2466 4927 2683 4981 mereri.
2720 4926 2775 4981 ln
2827 4927 2985 4997 hujus
3028 4926 3200 4980 laudis
3249 4927 3554 4981 societatem
3588 4940 3719 4978 voco
3754 4926 4019 4993 optimum

2454 5030 2508 5072 et
2546 5018 2970 5072 eruditissimum
3019 5018 3195 5071 virum
3228 5017 3483 5073 Carolum
3518 5019 3587 5071 du
3630 5016 3865 5081 Cbesne,
3902 5020 4019 5084 cius

2454 5126 2616 5179 quam
2647 5124 2772 5164 mox
2814 5109 2927 5163 dixi
2974 5108 3316 5163 bibliothecae
3367 5106 3703 5177 praefectum,
3745 5109 3860 5176 qui,
3893 5109 4018 5161 dum

2454 5202 2610 5266 vixit,
2648 5200 2903 5271 singulari
2929 5208 2984 5255 et
3014 5214 3199 5255 amore
3232 5209 3287 5254 et
3318 5199 3689 5253 benevolentia
3736 5214 3833 5252 nos
3871 5213 4020 5251 sem-

2452 5308 2548 5364 per
2576 5300 2891 5359 prosecutus
2932 5302 3040 5347 est.
3071 5291 3169 5347 Hic
3209 5306 3422 5361 quoque
3474 5290 4020 5344 honoriﬁcentissime

2455 5386 2810 5456 appellandus
2860 5386 2939 5439 vir
2970 5388 3149 5453 magni
3186 5384 3439 5449 nominis,
3474 5398 3538 5439 ac
3589 5381 3808 5435 inﬁnitae
3839 5380 4019 5434 lectica

2454 5480 2558 5545 nis,
2577 5476 2816 5533 Joannes
2844 5476 3175 5540 ﬂarduinus,
3202 5476 3542 5531 bibliothecae
3585 5474 4019 5529 Claromontana:

2454 5570 2762 5638 prafectus,
2790 5569 2879 5638 qui
2917 5568 3229 5624 Graecorum
3262 5568 3466 5635 aliquot
3488 5567 3729 5621 codicum
3762 5565 3895 5619 mihi
3922 5578 4017 5619 co-

2453 5663 2596 5730 piam
2636 5660 2776 5715 haud
2814 5662 3016 5716 invitus
3052 5661 3197 5716 fecit.
3228 5660 3372 5713 Inter
3407 5659 3785 5729 ingratosjure
3828 5673 4018 5715 nume-

2454 5754 2688 5818 rarer,si
2731 5755 2982 5808 meritam
3012 5754 3221 5807 laudem
3268 5768 3372 5806 non
3411 5753 3703 5806 tribuerem
3735 5751 3852 5805 viro
3877 5752 4018 5813 inte-

2453 5848 2684 5915 gerrimo
2714 5856 2873 5914 atque
2891 5846 3311 5915 sapientissimo,
3329 5844 3523 5899 Achilli
3548 5843 3776 5911 llarlato,
3797 5855 4019 5901 senatus
