4212 6506
1291 433 1352 488 D.
1392 435 1534 489 θυι.
1576 436 1901 492 GARNERII
1930 436 2317 493 PR/EFATSO.

3220 460 3412 500 CL‘KXI

210 553 509 610 Parisiens’is
555 554 807 625 principi,
864 554 953 623 qui
1015 554 1143 607 mihi
1198 556 1459 625 optimum
1510 558 1750 613 codicem
1781 568 1827 622 Α
1858 575 1948 614 rus
1975 560 2074 632 (α),
2114 561 2330 615 totidem
2367 561 2755 631 interpretatus
2792 572 2873 617 est
2906 561 3245 621 Eustathius.
3290 566 3418 619 Mirr

209 648 431 699 (iratum
468 660 573 697 non
636 645 757 698 dico
804 646 1186 710 commodavit,
1233 647 1326 701 sed
1386 648 1527 702 dono
1585 649 1750 705 dedit.

207 738 436 801 Maxime,
463 737 506 792 si
554 738 678 806 quis
719 737 856 792 alius
907 738 1037 791 mihi
1065 738 1417 796 celebrandus
1444 753 1528 797 est
1552 743 1632 797 rir
1673 744 1755 796 in-

209 840 277 881 ter
300 827 637 883 Florentinos
657 827 937 883 nobilitate
962 838 1225 894 praestans
1241 841 1404 901 atque
1428 834 1752 899 eruditione,

210 920 447 973 Antonius
476 918 775 983 Salvinius,
809 920 900 987 qui
930 934 1053 973 cum
1074 920 1332 990 epistolas
1356 921 1537 977 Basilii
1561 934 1752 979 contu-

206 1008 339 1063 lisset
364 1024 484 1064 cum
537 1011 745 1079 Optimo
791 1010 980 1065 codice
1011 1008 1198 1064 Gratco
1219 1051 1234 1075 ,
1262 1014 1512 1069 collectas
1536 1031 1601 1071 ex
1653 1017 1755 1070 hoc

205 1100 327 1155 libro
378 1102 554 1156 varias
604 1102 867 1156 lectiones
910 1102 975 1155 ad
1037 1116 1121 1157 me
1172 1104 1463 1158 mittemtas
1518 1108 1749 1161 curavit.

204 1192 501 1262 Asymbolus
528 1206 652 1247 esse
681 1191 850 1246 noluit
878 1192 960 1247 vir
988 1191 1328 1249 clarissimus
1366 1210 1522 1264 :cque
1565 1210 1629 1251 ac
1656 1197 1753 1249 do-

202 1283 476 1348 ctissimus,
492 1281 733 1338 Joannes
754 1283 1175 1353 Christophorus
1218 1284 1445 1340 Wolﬁus
1464 1326 1479 1350 ,
1502 1287 1593 1356 qui
1618 1303 1752 1357 quas

206 1376 250 1428 in
279 1375 459 1443 Anglia
490 1375 787 1445 collegerat
823 1376 1001 1430 varias
1034 1376 1312 1442 lectiones,
1343 1378 1407 1431 ad
1447 1393 1544 1431 nos
1576 1378 1753 1448 perof-

204 1467 368 1520 ticiose
395 1476 559 1535 atque
588 1476 935 1536 peramanter
978 1469 1299 1525 transmisit.
1332 1469 1475 1523 Inter
1505 1471 1637 1526 alias
1666 1472 1752 1524 lit-

204 1557 410 1609 terarias
436 1558 644 1622 laudes,
670 1558 863 1627 quibus
893 1560 1133 1614 abundat
1178 1560 1259 1613 vir
1286 1561 1546 1615 immensa
1575 1564 1751 1616 omnis

201 1648 441 1715 elegantis
465 1649 728 1704 doctrina:
759 1651 910 1718 copia
943 1651 1255 1711 instructus,
1289 1662 1473 1707 noster
1516 1652 1749 1707 Bernar-

201 1739 288 1791 dus
312 1737 761 1796 Montl’auconius.
789 1755 905 1793 eam
937 1756 1153 1811 quoque
1194 1754 1520 1797 consecutus
1556 1753 1665 1806 est,
1694 1754 1751 1796 ut

201 1841 248 1881 et
284 1829 474 1885 multas
498 1831 681 1885 varias
710 1832 970 1887 lcetiones
1018 1833 1205 1888 Roma:
1252 1836 1321 1888 ab
1352 1835 1544 1889 amicis
1582 1835 1747 1889 colle-

1860 649 1977 703 dna:
2003 665 2120 719 qua:
2150 659 2451 719 sequuntur
2481 648 2558 703 De
2587 661 2851 704 structura
2878 647 3101 705 hominis
3143 651 3421 708 orationes

1860 741 2165 794 contrarias
2199 741 2251 794 in
2293 742 2587 795 sententias
2616 741 2883 798 litteratos
2932 743 3257 798 distrahunt.
3314 744 3422 800 Alli

1862 830 2108 883 tribuunt
2141 831 2282 900 ipsas
2315 831 2539 896 Basilio,
2569 833 2658 886 alii
2680 830 2943 903 Gregorio
2971 834 3233 905 Nysscno,
3267 835 3420 903 cujus

1860 918 1912 972 in
1945 921 2199 988 operibus
2252 936 2468 990 quoque
2511 936 2727 977 excusa:
2771 935 2913 987 sunt,
2943 933 3073 979 tom.
3112 925 3153 984 l.
3194 940 3243 995 p.
3279 927 3415 990 139;

1860 1010 1949 1064 alii
2007 1012 2185 1065 neutri
2244 1012 2470 1075 horum,
2513 1014 2607 1068 sed
2665 1014 2852 1083 ignoto
2896 1016 3128 1083 cuipiam
3186 1019 3417 1073 auctori.

1859 1100 2215 1157 Combeiisius
2244 1103 2379 1157 duas
2407 1105 2505 1159 has
2532 1105 2843 1168 conciones,
2876 1121 2994 1175 quae
3041 1106 3154 1176 jam
3206 1120 3419 1163 excusa:

1860 1190 2081 1244 fuerant
2112 1192 2171 1247 in
2223 1194 2459 1249 editione
2506 1194 2823 1260 Basileensi,
2854 1196 2920 1251 de
2972 1197 3182 1265 integro
3226 1199 3280 1254 in
3324 1202 3420 1254 suo

1858 1279 2061 1337 Basilio
2094 1286 2351 1339 recensita
2388 1286 2460 1354 (b)
2484 1287 2728 1341 "edendas
2763 1289 2996 1352 curavit,
3023 1300 3171 1345 ratus
3197 1304 3291 1345 eas
3322 1291 3422 1344 mi-

1860 1372 2009 1425 rillce
2042 1372 2370 1428 deformatas
2401 1389 2519 1429 esse
2547 1375 2600 1429 in
2644 1376 2892 1447 vulgatis.
2945 1378 3138 1433 Sintne
3163 1379 3421 1449 Gregorio

1859 1461 2105 1535 Nysseno
2151 1466 2471 1532 tribuendre,
2512 1476 2751 1523 nostrum
2809 1486 2913 1527 non
2958 1482 3041 1525 est
3088 1473 3418 1527 examinare.

1860 1553 2098 1606 Dixerim
2130 1564 2307 1609 tamen
2344 1557 2395 1610 in
2435 1568 2772 1623 transcursu,
2807 1561 2854 1613 ei
2890 1562 3083 1615 ascribi
3115 1562 3198 1616 vix
3242 1579 3419 1633 posse,

1862 1654 1971 1696 tmn
2016 1647 2085 1699 ob
2134 1648 2500 1703 diversitatem
2555 1651 2703 1722 styli,
2742 1663 2852 1707 tum
2888 1656 3028 1724 quod
3076 1656 3149 1708 De
3197 1659 3420 1710 hominis

1858 1735 2065 1802 api/icio
2091 1746 2373 1793 tractatum
2432 1756 2536 1794 non
2585 1744 2836 1812 exiguum
2888 1747 3291 1815 conscripserit.
3323 1746 3423 1801 Ve-

1859 1826 2085 1881 risimile
2145 1839 2324 1883 autem
2364 1845 2469 1885 non
2535 1833 2594 1886 fit
2641 1833 2955 1904 Gregorium
3003 1836 3299 1906 Nyssenum
3341 1838 3423 1890 bis

202 1929 325 1983 ctas,
353 1929 406 1974 et
451 1921 654 1975 inedita
694 1923 937 1991 qnmdam
973 1923 1154 1978 Basilii
1204 1925 1460 1991 opuscula
1498 1925 1694 1978 ibidem
1723 1942 1749 1977 n
1788 1926 1828 1980 Β
1860 1916 1999 1973 idem
2030 1932 2408 1989 argumentum
2444 1932 2727 1987 tractasse,
2764 1926 2922 1993 idque
2944 1929 3132 1983 eodem
3172 1929 3419 1992 consilio,

200 2027 251 2065 se
271 2014 532 2083 exscripta
571 2030 782 2070 mecum
813 2016 1249 2070 communicarit.
1272 2016 1477 2070 Rursus
1501 2016 1604 2070 hoc
1632 2017 1683 2071 lo
1717 2034 1750 2069 ο

200 2105 577 2172 perbonorilice
606 2106 967 2161 nominandus
998 2118 1183 2162 noster
1212 2106 1537 2165 Franciscus
1576 2110 1748 2165 Fave-

200 2197 387 2260 rollius,
422 2200 587 2253 homo
631 2198 943 2268 multiplicis
974 2200 1216 2253 scientia:
1248 2214 1313 2253 ac
1351 2200 1624 2265 lectionis,
1654 2205 1746 2270 qui

198 2300 307 2339 cum
347 2287 643 2357 permultos
676 2288 895 2342 codices
921 2288 991 2341 ita
1023 2298 1277 2343 accurate
1312 2291 1653 2358 contulisset,
1692 2302 1751 2347 ut

199 2376 357 2432 nullus
384 2392 505 2434 eum
560 2379 893 2446 praeterisset
936 2394 1097 2449 apex,
1129 2390 1238 2435 tum
1281 2382 1497 2436 demum
1540 2384 1748 2440 indices

197 2470 542 2537 amplissimos
591 2472 829 2525 maxima
890 2487 1021 2525 cura
1073 2482 1237 2540 atque
1289 2474 1564 2543 diligentia
1628 2490 1749 2530 con-

199 2562 368 2615 texuit.
412 2562 499 2625 Et,
538 2571 599 2617 ut
626 2566 790 2617 verbo
814 2563 1010 2624 dicam,
1040 2576 1258 2630 semper
1282 2572 1399 2618 erat
1429 2575 1653 2634 paratus
1682 2569 1749 2623 ad

196 2666 391 2707 omnem
413 2668 639 2721 operam
671 2654 1029 2723 praestandam
1058 2654 1124 2721 is,
1147 2670 1306 2725 quem
1327 2658 1487 2710 modo
1507 2658 1635 2719 dixi,
1670 2659 1750 2712 vir

196 2745 837 2814 mihiconjunctissimus;
868 2760 966 2801 nec
995 2761 1230 2816 unquam
1264 2746 1635 2802 deterrebatur
1658 2760 1749 2802 aut

197 2837 360 2893 labore
382 2847 475 2892 aut
505 2839 767 2908 temporis
804 2838 1180 2905 diuturnitate,
1212 2840 1256 2894 si
1305 2841 1435 2909 quid
1467 2850 1611 2896 esset
1642 2840 1747 2894 Bn-

195 2927 473 2983 siliicausa
539 2937 631 2981 aut
693 2927 999 2998 legendum,
1042 2938 1135 2982 aut
1181 2931 1595 2995 conferendum,
1652 2942 1747 2985 aut

193 3018 613 3072 esscribendum.
644 3016 769 3073 Haec
817 3016 1049 3072 libenter
1071 3018 1276 3082 scribo,
1318 3028 1377 3072 ut
1413 3020 1626 3087 publice
1654 3021 1745 3073 de-

193 3110 372 3165 clarem
399 3119 665 3181 quantum
696 3124 867 3165 novus
891 3109 1118 3165 Basilius
1141 3109 1394 3165 familiari
1425 3126 1546 3167 meo
1578 3112 1747 3168 Fave-

192 3202 330 3256 rollio
352 3203 567 3256 debeat.
617 3200 743 3255 llaec
793 3213 920 3255 sunt
951 3216 1068 3269 quin
1110 3202 1288 3255 dicere
1320 3204 1651 3261 habebamus
1692 3208 1743 3262 in

1858 2018 1915 2063 ut
1938 2009 2150 2065 scilicet
2185 2027 2304 2081 qure
2334 2014 2559 2069 deerant
2600 2014 2654 2069 in
2696 2015 2862 2071 fratre
2915 2019 3139 2084 Basilio,
3193 2035 3254 2074 ea
3308 2022 3420 2088 ipse

1855 2100 2146 2170 suppleret.
2173 2104 2306 2158 Addi
2340 2115 2520 2173 potest
2548 2116 2604 2161 et
2629 2108 2772 2161 aliud
2803 2120 3173 2177 argumentum
3210 2126 3274 2165 ex
3302 2114 3417 2179 pri-

1856 2189 1959 2243 mis
1984 2190 2169 2259 prim:e
2199 2194 2466 2249 orationis
2507 2195 2685 2249 verbis
2716 2199 2967 2267 petitum,
2998 2200 3139 2269 quod
3177 2202 3306 2255 mihi
3341 2203 3420 2255 ri—

1856 2278 2015 2334 detur
2035 2281 2145 2334 vim
2196 2297 2301 2335 non
2357 2299 2577 2353 parvam
2637 2287 2859 2341 habere.
2905 2290 2995 2342 Sic
3043 2290 3205 2359 igitur
3236 2292 3423 2359 incipit

1855 2372 2028 2425 oratio
2051 2374 2220 2440 prima
2256 2390 2267 2425 :
2298 2374 2531 2427 Παλαιοῦ
2563 2376 2753 2447 χρέους
2786 2378 3419 2451 ἔκτισενὰποπληρώσων

1854 2461 1994 2529 ἥλω.
2027 2457 2085 2514 οὗ
2116 2463 2212 2531 τὴν
2242 2464 2496 2517 ἀπόὸθςιν
2532 2466 2889 2538 ἀνεϐαλόμην,
2931 2470 3031 2522 οὐκ
3060 2470 3416 2544 ἀγνωμοσύνῃ

1855 2552 2248 2621 προαιρέσεως,
2296 2552 2410 2605 ἀλλ’
2454 2554 2706 2627 ἀσθενείᾳ
2759 2556 3024 2627 σώματος.
3060 2579 3078 2611 s
3113 2559 3277 2615 Vetus
3329 2564 3422 2616 de-

1864 2642 2036 2695 bitum
2078 2644 2449 2711 persoluturus
2480 2646 2730 2711 advenio,
2766 2649 2918 2718 cnjns
2963 2651 3149 2721 utique
3195 2653 3419 2708 solutio-

1854 2747 1977 2787 nem
2005 2748 2113 2787 non
2141 2735 2365 2802 improbi
2392 2737 2556 2791 animi
2575 2739 2705 2792 vitio
2733 2739 3064 2807 dillerebam,
3090 2743 3180 2796 sed
3208 2743 3416 2797 infirma

1854 2826 2098 2894 corporis
2150 2826 2475 2882 valetudine.
2522 2846 2541 2879 ι
2581 2829 2773 2895 Nemo,
2825 2834 3048 2899 opinor,
3104 2851 3210 2887 non
3275 2837 3419 2890 videt

1853 2919 2195 2988 scriptorem,
2233 2922 2475 2991 quisquis
2501 2905 2632 2988 fuit,
2668 2904 2809 2992 loqui
2844 2927 2894 2979 in
2940 2942 3164 2995 persona
3210 2930 3415 2994 Basilii,

1853 3008 1944 3074 qui
1968 3022 2026 3062 se
2044 3008 2109 3062 de
2135 3009 2367 3064 hominis
2390 3021 2660 3067 structura
2691 3029 2992 3071 sermonem
3020 3005 3413 3079 accuratiorem

1852 3098 2173 3167 promiserat
2198 3101 2270 3171 (c)
2308 3102 2702 3159 instituturum.
2731 3108 2863 3172 Quis
2895 3122 3076 3166 autem
3126 3113 3225 3168 sibi
3260 3113 3418 3170 facile

1856 3194 2186 3259 persuaserit
2220 3194 2541 3266 Gregorium
2594 3199 2647 3252 in
2704 3199 2877 3255 aliena
2915 3218 3143 3266 persona
3180 3206 3414 3263 locutum

193 3294 481 3346 universum
513 3292 583 3345 de
624 3291 726 3346 hac
760 3303 942 3348 nostra
974 3290 1160 3347 Basilii
1197 3290 1433 3362 Operum
1467 3296 1741 3349 editione:
1774 3282 1814 3335 (ἒ
1851 3291 1856 3332 ¹

1774 3282 1814 3335 C
1851 3282 2056 3336 fuisse?
2092 3284 2215 3337 llaec
2264 3290 2454 3354 agendi
2503 3290 2639 3344 ratio
2678 3300 2759 3346 est
2792 3292 2903 3345 fere
2941 3308 3148 3356 eorum,
3185 3299 3275 3366 qui
3311 3299 3412 3351 fal-

193 3398 318 3437 nunc
345 3384 412 3439 de
438 3384 527 3450 iis,
559 3398 681 3453 qua:
717 3384 992 3452 speciatim
1020 3384 1086 3438 ad
1124 3384 1353 3455 primum
1392 3392 1590 3440 tomum
1627 3403 1746 3458 spe-

190 3484 341 3539 ctant,
359 3477 716 3531 disseramus.

190 3584 214 3658 δ
258 3587 297 3643 1.
344 3588 420 3643 De
466 3588 635 3642 tribus
680 3587 1046 3709 oratiorgbttsl‘,
1095 3603 1211 3656 qucc
1262 3588 1397 3657 [also
1448 3592 1747 3644 tribuuntur

906 3673 1085 3709 astro.

906 3673 1085 3711 1181110.

251 3750 329 3804 l5.
356 3749 665 3805 Monuimus
704 3748 887 3804 Basilii
926 3762 1087 3817 opera
1130 3749 1310 3804 omnia
1347 3750 1398 3802 in
1432 3760 1745 3805 controver-

188 3843 309 3897 siam
347 3844 567 3907 adduci,
594 3858 695 3898 nec
724 3843 789 3898 de
812 3856 917 3896 uno
950 3839 1166 3911 quidem
1195 3850 1425 3896 tractatu
1460 3842 1599 3897 inter
1623 3857 1745 3897 ern-

188 3935 312 3990 ditos
350 3936 667 3998 convenire,
688 3934 809 3988 aliis
836 3933 993 3987 aliter
1015 3934 1143 4003 περὶ
1165 3933 1378 3996 νοθείας
1397 3942 1492 3987 aut
1526 3934 1742 4003 γνησιώ-

185 4043 330 4096 τητος
368 4028 761 4098 judicantibus.
812 4025 1052 4080 Primum
1106 4025 1267 4094 igitur
1306 4040 1483 4094 operte
1514 4026 1741 4094 pretium

187 4117 331 4171 fuerit
353 4118 664 4189 expendere
696 4134 762 4170 an
798 4125 1063 4171 tractatus
1085 4115 1333 4186 quilibet,
1366 4125 1522 4183 prout
1553 4130 1741 4170 occur-

187 4210 324 4276 rerit,
356 4209 540 4264 Basilii
569 4209 663 4275 sit,
705 4222 804 4261 nec
835 4223 944 4262 ne:
978 4206 1188 4269 deinde,
1226 4205 1270 4259 si
1312 4207 1439 4274 quid
1488 4206 1537 4258 in
1573 4205 1742 4273 quoli—

186 4300 263 4352 bet
304 4310 531 4355 tractatu
564 4299 807 4353 videatur
846 4298 1129 4351 observata
1191 4294 1432 4365 dignum,
1473 4296 1523 4349 id
1576 4310 1736 4349 anno-

186 4401 290 4446 tare
322 4391 452 4461 (60).
484 4389 703 4445 Primus
734 4388 824 4458 qui
854 4402 912 4443 se
937 4384 1094 4441 offert
1128 4394 1412 4447 tractatus,
1450 4383 1740 4437 Πεπαρηθ-

185 4497 269 4534 ron
298 4494 397 4537 est.
432 4482 493 4536 In
518 4478 766 4535 confesso
799 4488 882 4535 est
912 4478 1129 4548 quidem
1166 4477 1307 4547 apud
1355 4491 1543 4529 omnes
1588 4476 1740 4530 Basi-

185 4572 296 4626 lium
326 4575 608 4628 orationes
641 4575 903 4641 quasdam
943 4569 1337 4637 conscripsisse
1364 4567 1417 4618 in
1447 4564 1737 4619 [feruente-

1850 3371 1960 3425 lere
1986 3371 2189 3436 volunt,
2220 3376 2271 3426 id
2302 3378 2442 3444 quod
2468 3378 2533 3432 de
2555 3381 2898 3435 sanctissimo
2924 3384 3414 3458 candidissimoque

1848 3464 1965 3518 viro
1995 3477 2064 3518 ne
2118 3476 2295 3533 potest
2340 3468 2557 3536 quidem
2602 3473 2919 3541 excogitari.
2979 3474 3089 3532 Nec
3129 3480 3411 3549 quisquam

1850 3557 2047 3610 dixerit
2079 3557 2129 3610 id
2160 3556 2355 3613 fecisse
2404 3557 2723 3631 Gregorium
2757 3564 2981 3621 honoris
3006 3583 3192 3637 causa,
3225 3581 3282 3626 ut
3314 3588 3412 3628 no--

1848 3659 1970 3699 men
2026 3646 2214 3702 fratris
2246 3654 2666 3720 memoriamque
2713 3657 2880 3724 magis
2902 3659 3219 3716 celebraret.
3256 3663 3411 3731 Nam,

1847 3736 1891 3791 si
1938 3736 2014 3791 ita
2048 3748 2207 3804 esset,
2235 3756 2331 3794 cur
2363 3741 2652 3813 Gregorius
2680 3749 2915 3816 amplum
2948 3750 3091 3805 illum
3132 3752 3208 3809 De
3243 3758 3413 3811 homi-

1848 3830 1929 3883 nis
1956 3831 2164 3899 api/icio
2194 3842 2484 3889 tractatum
2539 3852 2642 3892 non
2689 3843 2908 3897 nomine
2939 3842 3143 3912 Basilii,
3178 3848 3273 3903 sed
3313 3866 3412 3904 suo

1847 3924 2206 3992 conscripsit?
2258 3924 2393 3979 Nam
2436 3944 2541 3996 quo
2594 3940 2854 3988 tractatus
2904 3935 2992 3990 ille
3045 3938 3253 3995 duabus
3303 3943 3411 3997 illis

1846 4015 2196 4071 oratiunculis
2226 4022 2565 4085 praestantior
2588 4032 2689 4089 est,
2726 4040 2792 4078 ρο
2824 4025 3031 4081 bonore
3057 4031 3261 4100 majore
3288 4033 3413 4090 alle-

1847 4106 2007 4160 cisset
2064 4108 2308 4174 fratrem,
2355 4126 2476 4167 eum
2521 4116 2568 4169 ei
2624 4117 2667 4169 si
2732 4118 3029 4176 tribuisset.
3072 4122 3176 4180 Sed
3232 4135 3407 4182 tamen

1846 4195 2146 4267 Gregorius
2173 4200 2446 4258 celebrem
2491 4205 2634 4259 illum
2676 4206 2871 4264 librum
2920 4228 3039 4278 suo,
3072 4231 3180 4270 non
3222 4217 3407 4273 Basilii

1846 4291 2063 4344 nomine
2092 4292 2279 4347 edidit.
2312 4293 2417 4350 Sed
2456 4311 2564 4349 rem
2593 4308 2837 4354 nostram
2870 4317 3110 4371 agamus.

1916 4379 1999 4433 Η.
2058 4380 2236 4438 Multa
2294 4396 2419 4439 sunt
2451 4398 2626 4441 Causae
2658 4403 2753 4442 cur
2793 4391 3032 4459 opinioni
3065 4409 3168 4448 non
3212 4412 3403 4466 queam

1844 4474 2104 4530 accedere
2160 4475 2488 4539 Combeftsii,
2555 4478 2859 4551 Dupinique
2910 4493 2965 4537 et
3014 4485 3259 4552 aliorum,
3312 4492 3402 4559 qui

1846 4564 1978 4617 duas
2009 4562 2107 4617 has
2137 4567 2407 4620 orationes
2438 4564 2634 4621 Basilio
2663 4584 2769 4623 non
2812 4570 3056 4627 dubitant
3086 4575 3354 4632 ascribere
3389 4597 3402 4632 :

186 4680 287 4729 ron,
312 4678 402 4718 seu
433 4664 490 4718 in
513 4630 773 4729 opus'sex
806 4661 1015 4715 dierum
1042 4659 1167 4714 :sed
1201 4657 1269 4713 de
1300 4671 1484 4710 carum
1520 4670 1740 4711 numero
1773 4630 1817 4686 υ
1845 4653 1940 4707 sed
1978 4661 2156 4709 tamen
2186 4656 2265 4710 ha:
2287 4669 2461 4709 causae
2490 4659 2757 4712 omnesad
2777 4659 2909 4714 duas
2937 4674 3166 4730 possunt
3195 4665 3404 4731 referri,

185 4756 433 4811 dissident
486 4756 630 4809 inter
654 4768 711 4808 se
746 4753 967 4808 eruditi.
1003 4751 1107 4806 Alii
1132 4750 1276 4805 enim
1312 4748 1744 4802 numerantdun-

185 4857 315 4903 taxat
344 4848 636 4903 conciones
682 4856 897 4910 novem,
951 4842 1041 4896 alii
1106 4841 1381 4902 undecim.
1434 4843 1627 4911 quibus
1685 4853 1740 4897 et

184 4942 274 4994 alia
309 4942 383 4995 De
430 4938 684 5005 paradiso
718 4947 968 5005 tanquam
1008 4936 1186 5005 operis
1232 4934 1394 4988 totius
1442 4935 1656 4989 coronis
1705 4950 1735 4989 a

184 5033 494 5089 Combelisio
526 5027 856 5099 adiungitur.
882 5026 1034 5082 Nunc
1061 5028 1394 5082 secernenda
1433 5036 1556 5079 sunt
1586 5036 1733 5078 certa

185 5128 499 5181 abincertis.
561 5123 793 5178 Necesse
842 5135 945 5175 non
1008 5121 1245 5174 arbitror
1283 5119 1489 5188 priores
1542 5132 1734 5171 novent

184 5219 435 5273 orationes
464 5214 663 5271 Basilio
714 5225 978 5274 asserere,
1028 5224 1151 5265 cum
1206 5221 1269 5261 ea
1312 5208 1377 5261 de
1408 5221 1465 5260 re
1497 5221 1597 5260 nec
1641 5205 1732 5267 sit,

184 5322 271 5362 nec
299 5310 544 5365 videatur
575 5319 732 5375 posse
762 5316 882 5357 esse
908 5301 1010 5354 ulla
1038 5298 1329 5355 contentio.
1352 5296 1485 5350 Nam
1516 5296 1733 5351 totidem

183 5412 411 5455 numerat
445 5398 831 5466 Hieronymus,
882 5393 1100 5446 totidem
1161 5389 1403 5457 agnoscit
1448 5388 1730 5444 Cassiodo-

242 5544 312 5611 (ο)
345 5542 477 5597 Inst.
518 5554 639 5611 cap.
669 5538 717 5611 Ιἶ

251 5605 303 5664 ’ὸν
341 5613 494 5665 Ton).
523 5605 599 5667 ll.’
622 5626 673 5675 ιι.
696 5605 818 5660 4Ξ6.

243 5616 309 5751 lcl
344 5682 500 5735 llom.
537 5678 592 5742 9,
626 5693 773 5731 num.
806 5675 1012 5732 ultimo.

265 5698 309 5742 ε)
345 5698 500 5735 NOII).
537 5698 592 5742 υ,

1844 4746 1909 4800 ad
1956 4748 2282 4815 scriptorum
2360 4748 2702 4818 antiquarunt
2759 4754 3175 4822 auctoritatem,
3230 4768 3285 4815 et
3337 4764 3403 4818 ad

1842 4841 2013 4909 ipsam
2052 4841 2173 4910 styli
2204 4842 2589 4896 diversitatem.
2624 4839 2742 4894 Jam
2788 4845 3096 4906 monuimus
3140 4850 3397 4927 Hierony-

1841 4946 1984 4984 mum
2010 4930 2088 5001 (d)
2122 4945 2308 4986 novem
2338 4934 2597 4986 duntaxat
2625 4932 2896 4991 orationes
2927 4953 3258 5008 numerasse,
3276 4944 3406 5001 Cas-

1845 5023 2117 5077 siodorum
2163 5022 2233 5092 (e)
2280 5022 2457 5092 plures
2523 5038 2631 5080 non
2678 5029 3017 5100 cognovisse,
3061 5034 3404 5093 Eustathium

1843 5128 2054 5181 quoque
2105 5129 2210 5167 non
2254 5113 2481 5183 amplius
2524 5132 2717 5174 novem
2756 5120 2924 5179 fuisse
2970 5127 3404 5198 interpretatum.

1843 5202 1983 5257 Nihil
2014 5205 2177 5273 igitur
2208 5205 2471 5275 impedire
2494 5220 2671 5280 potest
2700 5215 2829 5285 quin
2857 5231 2918 5271 ea
2950 5217 3001 5271 in
3035 5234 3091 5273 re
3115 5221 3408 5291 scriptores

1843 5295 2250 5366 antiquissimos
2284 5315 2593 5371 sequamur,
2630 5307 2865 5363 maxime
2890 5324 3011 5364 cum
3047 5314 3402 5369 recentiorum

1840 5389 2025 5460 opinio
2060 5392 2212 5450 (irata
2245 5396 2388 5453 nulla
2422 5400 2631 5456 ratione
2666 5402 2885 5457 nitatur.
2928 5405 3008 5459 Ad
3049 5410 3163 5461 tunc
3204 5406 3403 5463 Socra-

1915 5540 1992 5599 (ά)
2033 5541 2104 5596 De
2129 5544 2308 5603 script.
2339 5546 2464 5603 eccl.
2502 5562 2550 5601 c.
2590 5547 2709 5601 116.

1914 5616 1983 5680 (e)
2020 5613 2153 5669 Inst.
2178 5631 2225 5669 c.
2264 5618 2313 5671 1.

244 5789 349 5885 (603
392 5816 483 5894 Cf._
539 5828 691 5884 capp.
728 5814 818 5894 ιι,
863 5815 930 5894 42
954 5824 1008 5870 et
1041 5816 1119 5894 _43
1156 5816 1290 5894 Vita;
1325 5817 1381 5874 S.
1410 5816 1680 5894 Basil_ii,_a
1712 5819 1775 5873 ι).
1811 5818 2105 5894 Prudentia
2145 5819 2364 5877 Marano
2395 5825 2683 5887 adornat'c,
2719 5826 2808 5894 qui
2854 5825 2916 5878 D.
2942 5823 3046 5879 Jul.
3071 5820 3317 5880 Garnerl‘i
3350 5820 3408 5879 in

186 5887 523 5946 discernenda
558 5896 707 5941 certa
747 5890 812 5940 ab
866 5887 1086 5942 incertis
1121 5892 1465 5946 severitatem
1514 5890 1735 5946 nimiam
1776 5892 1843 5949 ad
1874 5891 2072 5961 justam
2106 5908 2413 5953 mensuram
2447 5887 2787 5967 temperavit.
2818 5897 2973 5952 Εοιτ.

483 5982 762 6043 Parnm.
810 5979 927 6039 Gtt.
977 5981 1216 6043 XXIX.

3064 5984 3086 6048 l
