4212 6534
757 474 972 514 CLXXXII

2090 460 2613 519 PROLEGOMENA.

762 589 840 632 tes
891 589 943 632 et
992 578 1342 634 Cassiodorus
1399 594 1654 648 expresse
1705 580 1925 633 tradunt
1973 597 2105 649 opus
2139 584 2317 636 Basilii
2350 591 2395 644 Α
2425 588 2749 655 scipulorum
2793 603 2950 643 nemo
2974 588 3072 642 hac
3100 588 3152 641 in
3194 598 3346 656 parte
3392 588 3716 656 perficienda
3767 601 3985 655 operam

759 670 1128 739 imperfectum
1156 685 1293 734 esse,
1326 671 1455 724 adeo
1486 681 1542 724 ut
1583 682 1786 724 tantum
1818 687 1919 724 non
1947 672 2127 726 dicant
2164 673 2316 727 Basi-

759 762 885 815 lium
923 763 1056 814 duas
1105 762 1203 814 has
1256 763 1319 814 de
1359 762 1552 829 quibus
1584 762 1873 831 ambigitur
1910 764 2184 817 orationes
2212 780 2314 816 non

757 852 1163 919 conscripsisse.
1186 850 1411 918 Expedit
1434 861 1719 917 utrumque
1744 852 1947 905 audire.
1981 849 2074 905 llle
2110 854 2187 905 sic
2218 854 2315 904 ba-

756 948 845 999 bet
902 944 992 997 lib.
1024 959 1097 1009 tv,
1144 958 1194 996 c.
1238 940 1305 994 26
1340 958 1352 994 :
1389 941 1683 1011 Γρηγόριος
1736 942 1791 994 δὲ
1846 942 1906 993 τὸ
1938 942 2316 995 διδασκαλικὸν

754 1036 848 1089 τοῦ
885 1036 1040 1103 λόγου
1074 1033 1413 1105 [ἐζήλωσεν]
1436 1051 1447 1063 ·
1484 1035 1541 1097 ὃς
1564 1035 1655 1086 καὶ
1684 1034 1779 1103 τὴν
1810 1035 2124 1104 ποιηθεῖσαν
2152 1037 2316 1088 Βασι-

755 1127 882 1196 λείῳ
930 1125 1286 1194 Ἑξαήμερον,
1334 1124 1428 1177 ἅτε
1470 1124 1525 1177 δὲ
1570 1125 2042 1194 καταλειφθεῖσαν,
2083 1144 2318 1197 προσαν⁴

752 1217 1038 1288 επλήρωσε
1095 1216 1229 1286 μετὰ
1276 1215 1501 1268 θάνατον
1545 1217 1636 1270 τοῦ
1691 1219 1941 1286 ἀδελφοῦ.
1977 1237 1993 1269 ι
2026 1219 2317 1288 Gregorius

755 1327 882 1364 vero
916 1308 1194 1364 aemulatus
1223 1318 1305 1363 est
1334 1310 1517 1363 Basilii
1560 1311 1610 1363 in
1654 1312 1893 1365 docendo
1929 1312 2313 1380 eloquentiam,

754 1400 845 1467 qui
876 1409 927 1453 et
966 1398 1157 1452 librum
1200 1396 1384 1451 Basilii
1414 1397 1479 1451 de
1526 1412 1687 1467 opere
1726 1414 1818 1453 sex
1873 1399 2101 1464 dierum,
2155 1413 2313 1467 quem

752 1492 843 1546 ille
903 1490 1281 1560 imperfectum
1335 1489 1647 1559 reliquerat,
1702 1500 1822 1558 post
1870 1491 2075 1543 obitum
2132 1490 2315 1542 fratris

750 1582 1041 1652 supplevit.
1064 1601 1084 1634 ι
1104 1581 1201 1636 llic
1232 1595 1359 1636 vero
1387 1582 1464 1635 sic
1494 1582 1727 1649 loquitur
1762 1582 1852 1634 lib.
1881 1581 1959 1635 De
1989 1582 2317 1635 institutione

750 1673 858 1724 div.
886 1672 990 1736 lit.,
1024 1686 1141 1740 cap.
1180 1671 1205 1723 1
1241 1688 1255 1724 :
1292 1688 1312 1722 ‹
1348 1670 1446 1734 Qui
1482 1669 1751 1739 (Basilius)
1777 1685 1945 1739 usque
1978 1671 2043 1723 ad
2085 1670 2315 1723 hominis

751 1763 1113 1818 conditionem
1154 1776 1348 1816 novem
1392 1760 1559 1815 libros
1584 1763 1809 1815 tetendit
1847 1760 1977 1814 :ubi
2021 1771 2072 1814 et
2102 1761 2224 1815 caeli
2263 1770 2315 1814 et

753 1866 911 1909 terra:
942 1863 1212 1919 naturam,
1244 1854 1385 1907 aeris
1424 1863 1477 1907 et
1524 1868 1787 1921 aquarum
1822 1852 1902 1906 vel
1941 1863 2308 1907 creaturarum

750 1962 886 2015 pene
910 1946 1146 1999 omnium
1195 1946 1482 2015 qualitates
1526 1946 1756 2013 aperuit.
1798 1964 1815 1997 ι
1862 1944 2095 1999 Basilius
2147 1946 2311 2012 igitur

748 2054 815 2091 ex
845 2038 1032 2091 horum
1080 2048 1359 2091 auctorum
1388 2039 1679 2102 sententia,
1707 2053 1840 2106 Opus
1867 2054 2020 2091 suum
2057 2053 2161 2091 non
2193 2053 2312 2106 per-

747 2130 897 2184 duxit
923 2129 988 2183 ad
1017 2128 1327 2183 umbilicum
1356 2147 1368 2181 :
1398 2131 1490 2182 sed
1549 2130 1600 2183 id
1654 2129 2033 2198 imperfectum
2072 2129 2310 2195 reliquit.

748 2222 878 2288 Sed,
911 2222 955 2275 si
992 2219 1160 2275 semel
1188 2221 1511 2283 constiterit,
1552 2230 1608 2273 ut
1638 2234 1702 2273 ex
1735 2221 1891 2275 dictis
1925 2230 2173 2274 constare
2219 2222 2312 2274 de-

746 2313 857 2378 bet,
892 2326 1025 2381 Optts
1057 2310 1240 2365 Basilii
1273 2310 1437 2366 fuisse
1470 2311 1877 2378 imperfectum;
1913 2312 2037 2365 inde
2069 2328 2172 2366 non
2208 2314 2302 2365 ob-

745 2415 903 2458 scure
930 2400 1178 2464 elIlcitur,
1204 2409 1259 2453 ut
1285 2389 1516 2454 Basilius
1548 2416 1720 2469 neque
1746 2402 1811 2455 de
1854 2403 2091 2455 hominis
2122 2402 2312 2455 condi-

749 2498 913 2563 tione,
942 2510 1112 2563 neque
1141 2499 1206 2547 de
1234 2494 1347 2561 ejus
1377 2502 1643 2547 structura
1664 2494 1998 2558 disseruerit,
2032 2509 2150 2548 cum
2176 2494 2310 2547 alio-

746 2588 875 2656 quin
908 2585 1232 2640 sanctissimi
1288 2584 1464 2639 Patris
1508 2598 1640 2653 opus
1686 2584 1979 2654 perfectura
2012 2584 2205 2638 fuisset
2253 2593 2309 2639 et

746 2680 997 2733 omnibus
1024 2680 1135 2733 suis
1166 2680 1404 2732 numeris
1436 2692 1497 2732 ac
1544 2679 1786 2746 partibus
1835 2678 2129 2745 expletum.
2171 2676 2302 2729 Nam

744 2772 787 2824 si
818 2771 1183 2826 conditionem
1218 2768 1449 2822 hominis
1482 2776 1642 2836 atque
1676 2776 2005 2822 structuram
2046 2769 2303 2835 excipias,

746 2863 952 2931 reliqua
991 2863 1169 2915 omnia
1221 2862 1503 2930 eleganter
1559 2876 1621 2915 ac
1678 2862 1892 2928 copiose
1933 2861 1982 2914 in
2033 2860 2305 2928 prioribus

744 2968 938 3009 novem
978 2953 1314 3007 orationibus
1349 2953 1709 3021 explicantur.
1738 2950 1838 3004 Vix
1878 2952 2038 3020 igitur
2071 2950 2303 3004 dubitari

742 3053 919 3115 potest
947 3044 1074 3112 quin
1101 3043 1304 3097 decima
1350 3052 1405 3096 et
1453 3042 1733 3096 undecima
1780 3042 1955 3096 oratio
2008 3040 2063 3095 in
2107 3041 2304 3110 spuriis

744 3142 905 3203 atque
964 3132 1253 3187 subdititiis
1301 3134 1559 3200 ponendae
1597 3133 1725 3187 sint.
1776 3131 1908 3185 Nam
1961 3133 2101 3201 quod
2155 3133 2304 3185 aiunt

2420 676 2761 744 impendisse!
2795 693 2967 738 suam,
3003 677 3273 729 habuisset
3309 690 3486 729 causae
3513 675 3757 729 nonnihil
3794 676 3989 728 adver-

2416 782 2507 820 sus
2567 769 2819 822 eximiam
2868 768 2968 822 viri
3022 769 3244 837 gloriam
3296 767 3742 834 reprehensorum
3797 764 3984 828 libido,

2416 860 2568 928 quasi
2600 861 2690 928 qui
2731 861 2797 913 ad
2842 876 2928 915 res
2957 862 3137 913 animo
3175 860 3505 929 indagandos
3552 858 3826 913 auditores
3858 871 3986 910 suos

2416 948 2799 1002 consuefacere
2831 947 3110 1001 noluisset.
3143 947 3296 1003 Nunc
3322 963 3443 1001 cum
3481 961 3542 1001 ea
3577 962 3697 1010 nos,
3734 962 3851 1013 quae
3887 948 3986 999 de-

2415 1046 2560 1101 sunt,
2587 1038 2918 1105 explananda
2944 1038 3217 1105 suscipere
3245 1040 3357 1092 ausi
3392 1054 3602 1101 sumus,
3643 1058 3661 1090 ι
3696 1037 3985 1091 ete..Nihil

2416 1128 2706 1195 quidquam
2739 1128 2918 1183 afferri
2953 1144 3109 1197 posse
3149 1130 3384 1183 arbitror
3414 1139 3507 1183 aut
3551 1129 3859 1191 dilucidius,
3893 1138 3987 1180 aut

2418 1222 2745 1290 expressius.
2790 1223 2877 1275 Ait
2912 1224 3054 1275 enim
3107 1220 3398 1289 Gregorius
3427 1220 3700 1288 suscipere
3733 1234 3792 1273 se
3828 1235 3984 1271 suum

2415 1327 2549 1380 opus
2581 1314 2646 1364 de
2683 1312 2916 1366 hominis
2965 1322 3155 1366 natura
3186 1322 3345 1380 atque
3399 1312 3735 1375 conditione,
3773 1325 3879 1363 non
3928 1318 3988 1361 ut

2418 1404 2531 1457 fuse
2569 1412 2763 1456 tractet
2791 1418 2908 1470 qua:
2938 1404 3370 1472 compendiosius
3399 1410 3726 1455 tractaverat
3754 1399 3987 1454 Basilius

2415 1499 2555 1563 (qua:
2584 1494 2792 1547 videtur
2814 1509 2931 1546 esse
2961 1494 3142 1557 opinio
3183 1491 3535 1561 Combefisii),
3567 1507 3673 1545 non
3715 1504 3771 1545 ut
3802 1492 3987 1547 absol-

2414 1595 2507 1637 vat
2538 1600 2655 1653 ψιεο
2683 1584 2969 1637 inclinarat
3010 1582 3242 1637 Basilius
3286 1602 3298 1637 :
3346 1585 3439 1637 sed
3471 1584 3671 1637 idcirco
3700 1584 3897 1636 addere
3927 1598 3988 1636 se

2414 1675 2542 1728 dicit
2565 1691 2625 1728 ea
2656 1690 2773 1742 quae
2805 1674 2868 1727 ad
2899 1675 3170 1728 hominem
3202 1674 3454 1737 attinent,
3520 1674 3661 1742 quod
3696 1692 3713 1725 ι
3750 1675 3987 1727 hominis

2414 1765 2775 1818 consideratio
2814 1788 2837 1811 ι
2874 1767 2925 1818 in
2976 1765 3155 1819 Basilii
3195 1780 3359 1835 opere
3390 1783 3408 1816 ι
3450 1766 3609 1820 desit.
3654 1784 3671 1816 ι
3700 1765 3904 1818 Possim
3930 1775 3987 1819 et

2414 1856 2555 1907 aliud
2590 1855 2947 1907 testimonium
2981 1855 3223 1921 proferre
3255 1870 3321 1908 ex
3350 1856 3536 1911 eodem
3572 1856 3854 1924 Gregorio,
3886 1858 3979 1923 qui

2345 1926 2385 1982 Β
2416 1951 2516 2000 hoc
2568 1946 2705 2000 idem
2764 1945 2857 1999 lib.
2907 1946 2983 1998 De
3017 1947 3225 2015 Opiﬁcio
3256 1947 3499 2011 hominis,
3533 1963 3653 2017 pag.
3698 1948 3789 2009 45.
3824 1962 3984 2016 aper-

2418 2038 2623 2092 tissime
2651 2038 2939 2092 conﬁrmat
2971 2053 2985 2091 :
3024 2038 3115 2092 sed
3155 2039 3235 2092 his
3268 2039 3467 2092 diutius
3518 2039 3793 2091 immorari
3843 2039 3981 2093 nihil

2416 2144 2639 2182 necesse
2666 2138 2769 2193 est,
2806 2145 2926 2183 cum
2958 2130 3000 2182 si
3044 2130 3173 2182 nihil
3198 2129 3362 2193 aliud,
3401 2130 3575 2198 ipsum
3609 2141 3757 2183 certe
3785 2131 3983 2183 dictio-

2415 2222 2497 2274 nis
2532 2234 2699 2290 genus
2721 2221 2853 2275 duas
2895 2221 2996 2274 bas
3029 2220 3397 2274 oratiunculas
3422 2221 3632 2290 spurius
3670 2230 3835 2290 atque
3857 2237 3982 2288 sup-

2412 2310 2682 2376 posititias
2716 2323 2837 2363 esse
2873 2320 3056 2377 aperte
3084 2310 3411 2363 ostenderet.

2482 2400 2569 2451 16.
2602 2400 2895 2467 thuidem
2932 2402 3123 2453 adduci
3160 2401 3247 2452 vix
3284 2414 3500 2468 possum
3533 2402 3828 2454 utcrcdam
3866 2401 3971 2455 hoc

2411 2490 2588 2557 operis
2627 2490 2770 2545 serio
2803 2491 2964 2544 tribui
3022 2505 3177 2559 posse
3220 2506 3413 2560 magno
3460 2492 3532 2545 illi
3585 2491 3805 2546 Basilio.
3841 2493 3977 2548 Nam

2411 2584 2684 2638 scribendi
2723 2584 2864 2637 ratio
2897 2587 2967 2637 ita
2999 2598 3027 2636 a
3065 2582 3339 2637 Basiliana
3362 2584 3608 2651 dissidet,
3640 2596 3697 2637 ut
3719 2601 3840 2638 eam
3869 2587 3979 2638 dis-

2410 2675 2738 2739 crepantiam
2772 2674 2863 2742 qui
2908 2690 3011 2727 non
3044 2676 3210 2738 videt,
3253 2674 3504 2727 caecutire
3541 2677 3758 2728 omnino
3790 2677 3979 2727 vidca-

2413 2771 2519 2815 tur.
2550 2763 2627 2815 Ad
2663 2763 2904 2831 exempla
2926 2766 3227 2828 veniamus,
3262 2780 3378 2831 qua:
3409 2774 3590 2831 petere
3628 2765 3781 2832 juvat
3811 2781 3877 2819 cx
3912 2768 3979 2820 iis

2408 2871 2542 2924 quas
2573 2855 2929 2909 Gumbeﬁsius
2975 2856 3142 2908 edidit
3186 2856 3544 2918 orationibus,
3588 2871 3710 2910 cum
3765 2858 3907 2925 ipsas
3945 2876 3977 2912 a

2409 2961 2465 3000 sc
2497 2948 2733 3015 pristina:
2780 2962 2889 3001 sua:
2925 2948 3218 3016 integritati
3263 2948 3535 3001 restitutas
3571 2964 3691 3003 esse
3753 2962 3977 3003 conten-

2408 3036 2520 3089 dat.
2568 3036 2761 3089 Nostro
2820 3051 2968 3088 more
3001 3036 3213 3104 vulgata
3247 3037 3687 3103 interpretatiOne
3725 3046 3969 3089 utemur.

2407 3124 2498 3178 Sic
2530 3127 2692 3192 igitur
2725 3126 2899 3194 legere
2939 3137 3019 3177 est
3056 3143 3201 3177 nunt.
3224 3128 3257 3177 2
3293 3144 3304 3177 :
3342 3126 3592 3179 Θάλασσα
3636 3129 3728 3179 καὶ
3761 3127 3976 3200 πελάγη

743 3223 1093 3279 eruditissimi
1130 3223 1228 3276 viri
1262 3222 1618 3277 Combeﬁsius
1644 3231 1696 3275 et
1726 3222 1980 3290 Dupinus.
2010 3222 2128 3275 idco
2163 3221 2300 3273 inul-
2331 3258 2373 3311 ο

2331 3258 2373 3311 C
2414 3217 2638 3287 ἄπειρα,
2678 3218 2771 3269 καὶ
2822 3220 3100 3287 προσταγῇ
3147 3216 3401 3286 παρήχθη
3444 3219 3523 3280 εἰς
3570 3218 3630 3269 τὸ
3667 3213 3827 3272 εἶναι.
3864 3219 3976 3273 Vox

744 3322 828 3367 tos
852 3314 1142 3382 scriptores
1166 3311 1416 3379 antiquos
1455 3311 1517 3363 de
1541 3309 1743 3363 decima
1778 3320 1831 3363 et
1865 3311 2146 3362 undecima
2181 3324 2299 3361 ora-

745 3405 889 3458 tione
917 3404 1165 3468 tacuisse,
1207 3403 1459 3472 quoniam
1506 3418 1745 3456 seorsum
1783 3410 1899 3469 post
1946 3402 2075 3454 alias
2113 3416 2305 3453 novem

743 3498 941 3554 habita:
982 3506 1126 3561 sunt,
1166 3498 1218 3551 id
1272 3497 1488 3564 quidem
1537 3495 1739 3550 faterer
1792 3497 1992 3564 aliquid
2048 3496 2300 3549 momenti

742 3590 961 3653 habere,
990 3588 1033 3641 si
1068 3588 1428 3641 testimonium
1462 3587 1857 3655 proferreutrel
1884 3588 2036 3637 nidus
2080 3587 2303 3654 srripto-

743 3682 820 3734 ris
859 3680 1090 3748 antiqui,
1120 3679 1210 3746 qui
1244 3694 1303 3732 se
1348 3680 1443 3733 has
1491 3681 1623 3730 duas
1664 3679 1987 3746 posteriores
2017 3680 2302 3732 conciones

743 3772 943 3825 vidisse
976 3779 1265 3824 testaretur
1294 3788 1307 3823 :
1358 3769 1449 3823 sed
1508 3784 1628 3821 cum
1681 3769 1810 3821 nihil
1844 3769 1946 3820 tale
1973 3770 2298 3836 proferatur,

742 3863 1007 3932 ejusmodi
1035 3862 1293 3915 rationem
1328 3859 1556 3929 probare
1598 3859 1742 3911 nullo
1768 3862 1924 3911 modo
1959 3876 2196 3926 possum.

814 3954 902 4008 15.
949 3952 1029 4006 Ad
1073 3952 1404 4020 propositum
1472 3966 1567 4003 nos
1620 3950 1937 4002 referamus.
1981 3948 2091 4001 Etsi
2142 3950 2304 4015 igitur

745 4045 1075 4113 argumentis
1106 4042 1171 4096 iis
1203 4056 1321 4110 qua:
1359 4042 1625 4094 ducuntur
1656 4056 1718 4093 ex
1757 4040 2080 4093 auctoritate
2110 4039 2302 4092 lliero-

743 4130 1200 4202 nymi,Socratis,
1257 4129 1522 4183 Eustatbii
1572 4138 1625 4181 et
1670 4129 2001 4193 Cassiodori,
2046 4130 2174 4183 insit
2223 4130 2303 4183 vis

743 4222 997 4282 maxima,
1052 4233 1227 4275 tamen
1282 4221 1416 4274 levia
1460 4220 1627 4274 videri
1683 4232 1927 4287 possunt,
1983 4224 2025 4273 si
2074 4236 2197 4274 cum
2239 4236 2303 4273 eo

743 4317 1059 4379 argumento
1098 4310 1239 4376 quod
1291 4325 1357 4363 ex
1412 4310 1732 4363 auctoritate
1782 4309 2025 4379 Gregorii
2070 4310 2300 4378 Nysseni

740 4402 991 4469 petimus,
1016 4410 1416 4469 comparentur.
1467 4403 1674 4455 Etenim
1723 4404 1867 4455 clare
1899 4412 1952 4454 et
1996 4403 2193 4455 diserte
2229 4403 2304 4454 ait

740 4492 1049 4561 Gregorius,
1093 4502 1298 4558 partem
1334 4506 1450 4544 eam
1477 4507 1596 4559 quie
1635 4494 1702 4545 ad
1747 4494 1977 4544 hominis
2027 4493 2300 4559 (Iplllcllltll

2407 3308 2622 3376 quidem
2661 3308 2987 3377 πρόσταγμα
3019 3320 3075 3361 ut
3107 3310 3243 3377 apud
3281 3310 3498 3363 idoneos
3532 3310 3766 3379 reliquos
3791 3321 3979 3363 aucto-

2407 3416 2515 3461 res,
2559 3402 2631 3452 ita
2662 3401 2799 3468 apud
2846 3400 3101 3453 Basilium
3157 3402 3351 3454 usitata
3389 3412 3490 3455 est.
3548 3400 3653 3455 Sed
3712 3413 3979 3470 praestare

2406 3492 2576 3543 ausim
2608 3507 2786 3543 vocem
2822 3494 3104 3563 προσταγή
3141 3494 3191 3545 in
3224 3492 3419 3546 Basilio
3457 3507 3558 3545 non
3595 3494 3861 3562 reperiri;
3906 3510 3975 3546 an

2408 3580 2713 3634 inveniatur
2742 3582 2793 3633 in
2835 3583 2958 3635 aliis
2998 3586 3149 3635 home
3187 3593 3325 3636 nota:
3369 3585 3743 3651 scriptoribus,
3778 3600 3973 3648 necne,

2406 3688 2510 3723 nou
2544 3672 2845 3738 alIirmabo,
2872 3674 3101 3725 dixerim
3143 3684 3316 3727 tamen
3353 3675 3401 3727 in
3446 3675 3781 3740 amplissimo
3824 3674 3975 3729 llo-n-

2405 3764 2500 3817 rici
2534 3765 2789 3831 Stephani
2846 3764 3111 3819 Thesauro
3147 3782 3249 3818 non
3304 3766 3427 3836 legi.
3467 3768 3603 3821 Num
3643 3768 3713 3822 6:
3758 3769 3848 3821 Ἐν
3893 3763 3976 3831 οἷς

2404 3853 2563 3916 αὐτὸς
2598 3849 2750 3906 εἶπεν
2776 3855 2832 3919 ἐξ
2866 3854 3101 3920 ὑπογύου
3141 3855 3167 3905 ὁ
3198 3855 3347 3923 Θεός,
3379 3875 3396 3907 ι
3432 3858 3483 3909 In
3516 3859 3578 3911 iis
3605 3859 3884 3920 nimirum,
3922 3860 3974 3911 in

2404 3946 2598 4009 quibus
2629 3946 2739 4012 ipse
2776 3946 2910 3995 Deus
2941 3948 3178 4011 proxime
3210 3947 3363 4001 dixit.
3403 3966 3421 3999 ι
3459 3948 3555 4001 Vix
3585 3951 3712 4002 mihi
3746 3965 3975 4015 persua-

2405 4037 2515 4089 dcri
2549 4038 2743 4105 poterit
2776 4035 3030 4091 Basiliuin
3068 4040 3165 4091 hac
3203 4039 3454 4106 loquendi
3485 4041 3711 4097 ratione,
3754 4038 3813 4104 ἐξ
3844 4039 3971 4093 ὑπο-

2403 4128 2554 4195 γύου,
2582 4147 2814 4199 linquam
2846 4147 2995 4183 usum
3050 4131 3233 4184 fuisse.
3283 4129 3542 4197 [teperias
3591 4132 3785 4197 srepius
3829 4135 3974 4200 apud

2404 4218 2662 4274 Βιπίιὶιιιη
2714 4222 2815 4275 hoc
2882 4221 2997 4289 ipso
3050 4235 3232 4283 sensu,
3274 4219 3329 4269 ἐν
3390 4220 3501 4281 τοῖς
3543 4218 3770 4271 κατόπιν
3824 4216 3970 4286 εἷπε,

2410 4329 2427 4360 ι
2466 4312 2710 4381 superius
2745 4312 2916 4364 dixit:
2958 4332 2974 4362 ι
3009 4312 3100 4365 sed
3132 4311 3279 4373 illud,
3316 4308 3371 4374 ἐξ
3406 4308 3970 4378 ὑπογύουηιυεηιιιιιη,

2404 4406 2613 4470 opinor,
2648 4404 2908 4455 invenias.
2942 4403 3097 4454 Num.
3123 4402 3155 4455 8
3191 4417 3203 4451 :
3246 4402 3474 4455 Ἔπειτα
3508 4404 3599 4455 καὶ
3639 4405 3671 4471 ἡ
3708 4403 3973 4471 παραδεί-

2406 4512 2497 4546 σου
2529 4492 3019 4562 σἀνεπεόαψιλεύθη
3050 4492 3365 4556 ἀπόλαυσις,
3406 4512 3422 4543 ι
3461 4490 3594 4545 Tum
3640 4502 3692 4541 et
3731 4494 3968 4558 paradisi

740 4593 967 4650 spectat,
1005 4584 1055 4635 in
1091 4581 1270 4636 Basilii
1315 4598 1476 4651 opere
1518 4584 1832 4645 desiderari,
1873 4592 1929 4636 ut
1958 4584 2137 4636 mirari
2175 4582 2301 4636 sub-
2337 4595 2378 4648 ι)
2407 4584 2751 4636 liberalitatis
2788 4584 3001 4637 emnulu
3062 4585 3281 4651 adjectae
3307 4583 3532 4635 deliciat.
3575 4599 3592 4631 ι
3631 4579 3796 4643 Illud,
3854 4600 3973 4635 aw-

742 4683 829 4725 eat
877 4689 904 4725 α
953 4689 1220 4741 quoquam
1273 4675 1367 4726 has
1419 4674 1791 4726 oratiunCulas
1841 4672 2039 4724 Basilio
2114 4674 2295 4725 tribui.

740 4764 963 4817 I'rwsmt
1000 4768 1155 4818 Verba
1187 4764 1428 4831 Gregorii
1453 4766 1784 4825 exscribere,
1814 4780 1932 4832 quae
1962 4764 2005 4816 si
2054 4763 2302 4833 lcgantur

741 4867 961 4922 attente,
988 4872 1047 4908 ea
1081 4858 1144 4909 de
1190 4874 1245 4910 re
1282 4872 1383 4909 non
1416 4857 1645 4922 amplius
1696 4858 2080 4909 dubitationem
2140 4856 2299 4908 ullam

740 4946 854 4996 fore
884 4946 1220 4998 conﬁdimus.
1264 4947 1353 5001 Sic
1384 4947 1544 5015 igitur
1573 4947 1807 5012 loquitur
1854 4946 2145 5012 Gregorius
2196 4947 2293 4999 lib.

738 5036 815 5089 De
846 5035 1066 5088 [taurinis
1093 5035 1320 5101 api/icio,
1351 5052 1468 5103 pag.
1496 5035 1563 5089 45
1590 5054 1602 5088 :
1631 5036 1691 5087 Εἰ
1723 5036 1828 5105 γὰρ
1863 5036 2158 5105 λειπούσης
2200 5036 2299 5104 τῆς

750 5126 1106 5197 Ἐξαημέρου,
1132 5127 1229 5195 τῆς
1272 5127 1349 5186 εἰς
1377 5126 1464 5175 τὸν
1501 5128 1783 5197 ἄνθρωπον
1810 5126 2064 5194 θεωρίας,
2112 5126 2301 5197 μηδεὶς

734 5218 843 5270 τῶν
889 5219 1341 5287 μαθητευσαντων
1398 5216 1543 5283 αὑτῴ
1568 5219 1798 5287 σπουδήν
1848 5235 1968 5270 τινα
2025 5220 2156 5287 πρὸς
2200 5222 2298 5287 τὴν

734 5310 826 5362 τοῦ
858 5310 1129 5373 λείποντος
1162 5311 1545 5380 ἀναπλήρωσιν
1599 5310 1992 5377 εἰσενέγκαιτο·
2045 5310 2196 5379 ἔσχεν
2235 5311 2298 5362 ἂν

736 5401 955 5461 εἰκότως
986 5401 1125 5450 κατὰ
1154 5401 1249 5468 τῆς
1277 5400 1518 5468 μεγάλης
1554 5399 1715 5451 αὐτοῦ
1750 5400 1903 5469 δόξης
1939 5404 1964 5452 ὀ
1996 5399 2181 5469 μῶμος
2210 5400 2299 5450 λα-

734 5490 855 5559 ϐὴν,
897 5491 969 5551 ὡς
1002 5492 1074 5561 μὴ
1108 5488 1453 5558 βουληθέντος
1481 5490 1591 5553 ἕξιν
1613 5491 1730 5541 τινὰ
1762 5494 2149 5561 κατανοητικὴν
2190 5495 2297 5553 τοῖς

734 5582 1028 5651 ἀκροαταῖς
1059 5581 1473 5651 ἐνεργάσασθαι.
1504 5582 1633 5633 Νυνὶ
1654 5582 1706 5633 δὲ
1732 5582 1871 5633 κατὰ
1897 5582 2122 5651 δύναμιν
2144 5582 2295 5651 ἡμῶν

734 5672 1208 5739 ὲπιτολμησαντων
1262 5674 1326 5741 τῇ
1382 5674 1636 5742 ἐξηγήσει
1690 5674 1781 5725 τοῦ
1839 5673 2137 5735 λείποντος,
2187 5684 2290 5726 etc.

739 5782 757 5813 ι
798 5763 926 5815 Nam
972 5780 1095 5817 cum
1134 5763 1184 5814 in
1220 5775 1563 5816 enarratione
1596 5780 1815 5833 operum
1869 5781 1985 5833 qua:
2021 5766 2159 5817 Deus
2200 5780 2297 5818 ενι

734 5856 920 5909 diebus
951 5854 1204 5916 absolvit,
1242 5855 1474 5911 hominis
1508 5857 1870 5911 consideratio
1903 5858 2075 5921 desit;
2127 5857 2172 5909 si
2211 5857 2293 5909 div

2403 4675 2819 4746 επεδαψιλεύθη,
2846 4674 3065 4736 frttStra,
3102 4677 3200 4726 nisi
3232 4689 3315 4726 me
3348 4674 3479 4723 fallit
3515 4674 3747 4734 animus,
3781 4677 3831 4726 in
3874 4675 3973 4726 Ba-

2402 4768 2520 4819 silio
2568 4769 2865 4835 quaesieris.
2933 4765 3088 4817 Num.
3124 4764 3187 4816 i2
3220 4782 3232 4818 :
3262 4764 3357 4827 Τίς
3381 4766 3408 4818 ὁ
3431 4767 3495 4836 τῇ
3540 4766 3820 4836 ἀραιότητι
3862 4768 3971 4818 τῶν

2403 4857 2684 4923 στημόνων
2730 4854 2949 4905 ἐκείνων
2996 4852 3219 4918 ξυλίνων
3249 4855 3346 4926 τὴν
3391 4856 3661 4926 ἀναπνοὴν
3693 4856 3771 4924 τῷ
3806 4858 3969 4923 ἐγκε-

2402 4943 2703 5012 κλεισμένῳ
2734 4942 2904 5014 θηρίῳ
2938 4945 3379 5013 παρασκευάσας,
3411 4962 3427 4993 ‹
3460 4945 3589 5009 Quis
3618 4962 3767 4996 raros
3790 4960 3971 4999 cavi-a3

2403 5033 2589 5102 ligneae
2614 5038 2879 5088 cancellos
2910 5038 3123 5088 inclusa}
3142 5038 3265 5086 fera:
3290 5038 3569 5099 exstruxit,
3595 5049 3696 5099 quo
3730 5038 3968 5101 respira-

2403 5137 2502 5178 ret.
2540 5144 2556 5177 ι
2594 5126 2745 5190 Illud,
2780 5129 3022 5195 στήμων,
3064 5134 3120 5176 ut
3148 5125 3212 5177 de
3244 5125 3464 5194 reliquis
3496 5136 3723 5186 taceam,
3755 5139 3784 5177 a
3810 5122 3967 5178 Basic

2402 5216 2545 5269 liano
2572 5219 2709 5286 stylo
2734 5219 2888 5284 longe
2928 5214 3189 5268 dissidere
3222 5218 3477 5269 arbitror.
3509 5213 3640 5265 Nam
3681 5229 3804 5277 vox,
3839 5219 3969 5287 στη-

2404 5326 2537 5378 μων,
2567 5308 2856 5375 impropria
2890 5316 2993 5368 est,
3043 5322 3140 5359 nec
3176 5308 3311 5359 bene
3358 5306 3481 5357 huic
3524 5304 3636 5361 loco
3685 5312 3964 5362 convenit.

2401 5400 2686 5470 Significat
2739 5399 2950 5466 quidem
2990 5399 3206 5458 usitate,
3252 5414 3269 5445 ι
3312 5404 3541 5463 stamen,
3592 5417 3609 5449 υ
3649 5408 3743 5451 aut
3791 5417 3809 5450 ι
3851 5401 3964 5468 ipsa

2397 5508 2513 5561 qme
2543 5507 2571 5545 c
2607 5490 2723 5543 colo
2752 5490 3015 5543 tlUCtltlllll‘
3040 5492 3123 5541 fila
3153 5505 3163 5537 :
3213 5506 3229 5536 ι
3262 5489 3350 5538 sed
3378 5491 3512 5555 apud
3548 5506 3680 5558 quos
3711 5503 3966 5543 auctores

2397 5600 2497 5637 vox
2542 5590 2761 5651 στήμων
2803 5583 3065 5650 signiticet
3113 5598 3130 5627 ‹
3190 5593 3429 5641 caveam,
3485 5601 3501 5629 ›
3536 5582 3691 5633 velim
3739 5582 3966 5633 dixisset

2397 5674 2774 5730 Combelisius.
2811 5672 3043 5725 Numero
3068 5668 3132 5721 Η
3161 5686 3173 5721 :
3201 5670 3386 5743 Μικρᾷ
3418 5672 3756 5744 προσψαύσει
3795 5670 3964 5741 ἐκρα-

2393 5783 2522 5834 τησε
2564 5766 2621 5816 τὸ
2648 5761 3001 5835 ἀεροποροῦν,
3047 5777 3063 5809 ‹
3103 5757 3228 5813 Levi
3264 5773 3468 5816 attactu
3501 5777 3595 5831 per
3621 5776 3741 5812 aera
3774 5763 3961 5816 \‘Olutt-

2399 5866 2501 5911 tem
2553 5856 2814 5911 ariculam
2873 5852 3053 5907 tenuit.
3116 5872 3135 5905 ι
3187 5851 3419 5909 Verbum
3474 5854 3689 5923 quidem
3734 5852 3961 5924 ἀεροττοε
