  <div class='ocr_page' id='page_1' title='image "/cluster/home/n/w/nwhite01/storage/ocr_20150623/29/uva.x004321530/206.png"; bbox 0 0 4212 6498; ppageno 0'>
   <div class='ocr_carea' id='block_1_1' title="bbox 1282 448 2347 512">
    <p class='ocr_par' dir='ltr' id='par_1_1' title="bbox 1282 448 2347 512">
     <span class='ocr_line' id='line_1_1' title="bbox 1282 448 2347 512; baseline -0.003 -3"><span class='ocrx_word' id='word_1_1' title='bbox 1282 452 1348 512; x_wconf 74' lang='grc'><strong>1).</strong></span> <span class='ocrx_word' id='word_1_2' title='bbox 1391 454 1538 512; x_wconf 79' lang='lat' dir='ltr'><strong>JUL.</strong></span> <span class='ocrx_word' id='word_1_3' title='bbox 1582 452 1915 510; x_wconf 76' lang='lat' dir='ltr'><strong>GARNERII</strong></span> <span class='ocrx_word' id='word_1_4' title='bbox 1956 448 2347 506; x_wconf 68' lang='grc' dir='ltr'><strong>ΡΒᾹΞΕΑΤΙΟ.</strong></span> 
     </span>
    </p>
   </div>
   <div class='ocr_carea' id='block_1_2' title="bbox 3173 460 3413 505">
    <p class='ocr_par' dir='ltr' id='par_1_2' title="bbox 3173 460 3413 505">
     <span class='ocr_line' id='line_1_2' title="bbox 3173 460 3413 505; baseline -0.008 0"><span class='ocrx_word' id='word_1_5' title='bbox 3173 460 3413 505; x_wconf 63' lang='lat' dir='ltr'><strong>CLXII!“</strong></span> 
     </span>
    </p>
   </div>
   <div class='ocr_carea' id='block_1_3' title="bbox 185 560 3421 642">
    <p class='ocr_par' dir='ltr' id='par_1_3' title="bbox 185 560 3421 642">
     <span class='ocr_line' id='line_1_3' title="bbox 185 560 3421 642; baseline -0.005 -13"><span class='ocrx_word' id='word_1_6' title='bbox 185 575 287 642; x_wconf 52' lang='lat' dir='ltr'><strong>pth</strong></span> <span class='ocrx_word' id='word_1_7' title='bbox 314 572 514 629; x_wconf 67' lang='lat' dir='ltr'><strong>nitatur</strong></span> <span class='ocrx_word' id='word_1_8' title='bbox 547 587 579 627; x_wconf 94' lang='lat' dir='ltr'><strong>e</strong></span> <span class='ocrx_word' id='word_1_9' title='bbox 612 571 808 627; x_wconf 83' lang='lat' dir='ltr'><strong>Basilio</strong></span> <span class='ocrx_word' id='word_1_10' title='bbox 831 573 883 627; x_wconf 92' lang='lat' dir='ltr'><strong>in</strong></span> <span class='ocrx_word' id='word_1_11' title='bbox 916 570 1221 626; x_wconf 78' lang='lat' dir='ltr'><strong>Thesauro:</strong></span> <span class='ocrx_word' id='word_1_12' title='bbox 1250 570 1343 626; x_wconf 89' lang='lat' dir='ltr'><strong>sed</strong></span> <span class='ocrx_word' id='word_1_13' title='bbox 1368 570 1620 626; x_wconf 90' lang='lat' dir='ltr'><strong>existimo</strong></span> <span class='ocrx_word' id='word_1_14' title='bbox 1643 584 1746 624; x_wconf 92' lang='lat' dir='ltr'><strong>non</strong></span> <span class='ocrx_word' id='word_1_15' title='bbox 1777 573 1819 627; x_wconf 83' lang='grc' dir='ltr'><strong>Α</strong></span> <span class='ocrx_word' id='word_1_16' title='bbox 1852 575 1912 620; x_wconf 90' lang='lat' dir='ltr'><strong>ut</strong></span> <span class='ocrx_word' id='word_1_17' title='bbox 1946 564 2301 635; x_wconf 59' lang='lat' dir='ltr'><strong>praterierim</strong></span> <span class='ocrx_word' id='word_1_18' title='bbox 2347 576 2463 631; x_wconf 69' lang='lat' dir='ltr'><strong>quae</strong></span> <span class='ocrx_word' id='word_1_19' title='bbox 2511 569 2666 615; x_wconf 88' lang='lat' dir='ltr'><strong>erant</strong></span> <span class='ocrx_word' id='word_1_20' title='bbox 2723 568 2906 615; x_wconf 90' lang='lat' dir='ltr'><strong>notatu</strong></span> <span class='ocrx_word' id='word_1_21' title='bbox 2937 560 3206 631; x_wconf 74' lang='lat' dir='ltr'><strong>digniora,</strong></span> <span class='ocrx_word' id='word_1_22' title='bbox 3255 572 3421 616; x_wconf 74' lang='lat' dir='ltr'><strong>adno-</strong></span> 
     </span>
    </p>
   </div>
   <div class='ocr_carea' id='block_1_4' title="bbox 188 664 1738 734">
    <p class='ocr_par' dir='ltr' id='par_1_4' title="bbox 188 664 1738 734">
     <span class='ocr_line' id='line_1_4' title="bbox 188 664 1738 734; baseline -0.001 -15"><span class='ocrx_word' id='word_1_23' title='bbox 188 667 276 720; x_wconf 88' lang='lat' dir='ltr'><strong>nisi</strong></span> <span class='ocrx_word' id='word_1_24' title='bbox 306 666 356 723; x_wconf 83' lang='lat' dir='ltr'><strong>in</strong></span> <span class='ocrx_word' id='word_1_25' title='bbox 378 667 586 733; x_wconf 88' lang='lat' dir='ltr'><strong>spuriis</strong></span> <span class='ocrx_word' id='word_1_26' title='bbox 616 668 699 721; x_wconf 87' lang='lat' dir='ltr'><strong>his</strong></span> <span class='ocrx_word' id='word_1_27' title='bbox 725 666 1066 721; x_wconf 76' lang='lat' dir='ltr'><strong>orationibus</strong></span> <span class='ocrx_word' id='word_1_28' title='bbox 1090 664 1339 734; x_wconf 84' lang='lat' dir='ltr'><strong>reperiri.</strong></span> <span class='ocrx_word' id='word_1_29' title='bbox 1365 664 1569 719; x_wconf 86' lang='lat' dir='ltr'><strong>Eodem</strong></span> <span class='ocrx_word' id='word_1_30' title='bbox 1590 680 1738 718; x_wconf 93' lang='lat' dir='ltr'><strong>num.</strong></span> 
     </span>
    </p>
   </div>
   <div class='ocr_carea' id='block_1_5' title="bbox 185 752 1739 826">
    <p class='ocr_par' dir='ltr' id='par_1_5' title="bbox 185 752 1739 826">
     <span class='ocr_line' id='line_1_5' title="bbox 185 752 1739 826; baseline 0 -19"><span class='ocrx_word' id='word_1_31' title='bbox 185 755 243 809; x_wconf 70' lang='grc'><strong>14</strong></span> <span class='ocrx_word' id='word_1_32' title='bbox 274 773 286 808; x_wconf 88' lang='lat'><strong>:</strong></span> <span class='ocrx_word' id='word_1_33' title='bbox 322 753 492 808; x_wconf 79' lang='grc' dir='ltr'>Κάτω</span> <span class='ocrx_word' id='word_1_34' title='bbox 519 756 580 807; x_wconf 80' lang='grc' dir='ltr'>δὲ</span> <span class='ocrx_word' id='word_1_35' title='bbox 617 754 693 808; x_wconf 80' lang='grc' dir='ltr'>τὼ</span> <span class='ocrx_word' id='word_1_36' title='bbox 726 758 875 826; x_wconf 89' lang='grc' dir='ltr'>χεῖρε</span> <span class='ocrx_word' id='word_1_37' title='bbox 905 754 1091 819; x_wconf 76' lang='grc' dir='ltr'>αὑτοῦ,</span> <span class='ocrx_word' id='word_1_38' title='bbox 1134 755 1229 808; x_wconf 73' lang='grc' dir='ltr'><strong>καὶ</strong></span> <span class='ocrx_word' id='word_1_39' title='bbox 1257 752 1336 807; x_wconf 88' lang='grc' dir='ltr'>τὼ</span> <span class='ocrx_word' id='word_1_40' title='bbox 1366 753 1513 816; x_wconf 79' lang='grc' dir='ltr'>πόδε,</span> <span class='ocrx_word' id='word_1_41' title='bbox 1537 771 1555 804; x_wconf 77' lang='grc' dir='ltr'><strong>ι</strong></span> <span class='ocrx_word' id='word_1_42' title='bbox 1582 752 1739 807; x_wconf 83' lang='lat' dir='ltr'><strong>Humi</strong></span> 
     </span>
    </p>
   </div>
   <div class='ocr_carea' id='block_1_6' title="bbox 186 846 1744 915">
    <p class='ocr_par' dir='ltr' id='par_1_6' title="bbox 186 846 1744 915">
     <span class='ocr_line' id='line_1_6' title="bbox 186 846 1744 915; baseline 0.002 -19"><span class='ocrx_word' id='word_1_43' title='bbox 186 863 299 901; x_wconf 77' lang='lat' dir='ltr'><strong>vero</strong></span> <span class='ocrx_word' id='word_1_44' title='bbox 334 848 452 915; x_wconf 89' lang='lat' dir='ltr'><strong>ejus</strong></span> <span class='ocrx_word' id='word_1_45' title='bbox 482 857 538 901; x_wconf 92' lang='lat' dir='ltr'><strong>et</strong></span> <span class='ocrx_word' id='word_1_46' title='bbox 563 862 755 903; x_wconf 90' lang='lat' dir='ltr'><strong>manus</strong></span> <span class='ocrx_word' id='word_1_47' title='bbox 797 857 851 901; x_wconf 89' lang='lat' dir='ltr'><strong>et</strong></span> <span class='ocrx_word' id='word_1_48' title='bbox 878 848 1061 915; x_wconf 85' lang='lat' dir='ltr'><strong>pedes.</strong></span> <span class='ocrx_word' id='word_1_49' title='bbox 1091 865 1109 897; x_wconf 73' lang='grc' dir='ltr'><strong>ι</strong></span> <span class='ocrx_word' id='word_1_50' title='bbox 1151 846 1266 900; x_wconf 84' lang='lat' dir='ltr'><strong>lloc</strong></span> <span class='ocrx_word' id='word_1_51' title='bbox 1302 862 1405 900; x_wconf 91' lang='lat' dir='ltr'><strong>non</strong></span> <span class='ocrx_word' id='word_1_52' title='bbox 1436 848 1638 901; x_wconf 90' lang='lat' dir='ltr'><strong>dictum</strong></span> <span class='ocrx_word' id='word_1_53' title='bbox 1662 856 1744 899; x_wconf 91' lang='lat' dir='ltr'><strong>est</strong></span> 
     </span>
    </p>
   </div>
   <div class='ocr_carea' id='block_1_7' title="bbox 182 935 1745 1009">
    <p class='ocr_par' dir='ltr' id='par_1_7' title="bbox 182 935 1745 1009">
     <span class='ocr_line' id='line_1_7' title="bbox 182 935 1745 1009; baseline -0.001 -15"><span class='ocrx_word' id='word_1_54' title='bbox 182 956 239 994; x_wconf 87' lang='lat' dir='ltr'><strong>ex</strong></span> <span class='ocrx_word' id='word_1_55' title='bbox 270 954 414 995; x_wconf 89' lang='lat' dir='ltr'><strong>more</strong></span> <span class='ocrx_word' id='word_1_56' title='bbox 466 935 677 1003; x_wconf 78' lang='lat' dir='ltr'><strong>Basilii,</strong></span> <span class='ocrx_word' id='word_1_57' title='bbox 728 940 818 1009; x_wconf 90' lang='lat' dir='ltr'><strong>qui</strong></span> <span class='ocrx_word' id='word_1_58' title='bbox 853 939 993 993; x_wconf 89' lang='lat' dir='ltr'><strong>duali</strong></span> <span class='ocrx_word' id='word_1_59' title='bbox 1037 938 1115 993; x_wconf 87' lang='lat' dir='ltr'><strong>uti</strong></span> <span class='ocrx_word' id='word_1_60' title='bbox 1169 954 1273 993; x_wconf 91' lang='lat' dir='ltr'><strong>non</strong></span> <span class='ocrx_word' id='word_1_61' title='bbox 1320 940 1477 1006; x_wconf 80' lang='lat' dir='ltr'><strong>solet,</strong></span> <span class='ocrx_word' id='word_1_62' title='bbox 1526 950 1745 1008; x_wconf 75' lang='lat' dir='ltr'><strong>przeter-</strong></span> 
     </span>
    </p>
   </div>
   <div class='ocr_carea' id='block_1_8' title="bbox 184 1031 1739 1102">
    <p class='ocr_par' dir='ltr' id='par_1_8' title="bbox 184 1031 1739 1102">
     <span class='ocr_line' id='line_1_8' title="bbox 184 1031 1739 1102; baseline 0.002 -18"><span class='ocrx_word' id='word_1_63' title='bbox 184 1046 327 1099; x_wconf 87' lang='lat' dir='ltr'><strong>quam</strong></span> <span class='ocrx_word' id='word_1_64' title='bbox 354 1031 497 1099; x_wconf 89' lang='lat' dir='ltr'><strong>quod</strong></span> <span class='ocrx_word' id='word_1_65' title='bbox 523 1032 640 1101; x_wconf 90' lang='lat' dir='ltr'><strong>ipsa</strong></span> <span class='ocrx_word' id='word_1_66' title='bbox 671 1032 905 1086; x_wconf 89' lang='lat' dir='ltr'><strong>elocutio</strong></span> <span class='ocrx_word' id='word_1_67' title='bbox 928 1032 1073 1085; x_wconf 91' lang='lat' dir='ltr'><strong>humi</strong></span> <span class='ocrx_word' id='word_1_68' title='bbox 1108 1046 1296 1102; x_wconf 89' lang='lat' dir='ltr'><strong>repere</strong></span> <span class='ocrx_word' id='word_1_69' title='bbox 1328 1034 1553 1086; x_wconf 86' lang='lat' dir='ltr'><strong>videtur.</strong></span> <span class='ocrx_word' id='word_1_70' title='bbox 1584 1031 1739 1089; x_wconf 86' lang='lat' dir='ltr'><strong>Num.</strong></span> 
     </span>
    </p>
   </div>
   <div class='ocr_carea' id='block_1_9' title="bbox 186 1122 1745 1195">
    <p class='ocr_par' dir='ltr' id='par_1_9' title="bbox 186 1122 1745 1195">
     <span class='ocr_line' id='line_1_9' title="bbox 186 1122 1745 1195; baseline 0.001 -19"><span class='ocrx_word' id='word_1_71' title='bbox 186 1123 243 1176; x_wconf 82' lang='lat' dir='ltr'><strong>l8</strong></span> <span class='ocrx_word' id='word_1_72' title='bbox 286 1142 298 1176; x_wconf 91' lang='lat'>:</span> <span class='ocrx_word' id='word_1_73' title='bbox 332 1124 440 1176; x_wconf 79' lang='grc' dir='ltr'><strong>Καὶ</strong></span> <span class='ocrx_word' id='word_1_74' title='bbox 487 1124 571 1187; x_wconf 84' lang='grc' dir='ltr'><strong>είς</strong></span> <span class='ocrx_word' id='word_1_75' title='bbox 627 1124 686 1177; x_wconf 80' lang='grc' dir='ltr'>τὸ</span> <span class='ocrx_word' id='word_1_76' title='bbox 726 1122 1148 1195; x_wconf 72' lang='grc' dir='ltr'><strong>ῥωμαλεώτερον</strong></span> <span class='ocrx_word' id='word_1_77' title='bbox 1202 1122 1595 1194; x_wconf 80' lang='grc' dir='ltr'>ἀποκαθιστᾷν,</span> <span class='ocrx_word' id='word_1_78' title='bbox 1633 1142 1651 1174; x_wconf 77' lang='grc' dir='ltr'><strong>ι</strong></span> <span class='ocrx_word' id='word_1_79' title='bbox 1690 1133 1745 1178; x_wconf 82' lang='lat' dir='ltr'><strong>et</strong></span> 
     </span>
    </p>
   </div>
   <div class='ocr_carea' id='block_1_10' title="bbox 186 1213 1745 1286">
    <p class='ocr_par' dir='ltr' id='par_1_10' title="bbox 186 1213 1745 1286">
     <span class='ocr_line' id='line_1_10' title="bbox 186 1213 1745 1286; baseline 0.004 -22"><span class='ocrx_word' id='word_1_80' title='bbox 186 1213 410 1267; x_wconf 87' lang='lat' dir='ltr'><strong>membra</strong></span> <span class='ocrx_word' id='word_1_81' title='bbox 450 1215 503 1268; x_wconf 92' lang='lat' dir='ltr'><strong>in</strong></span> <span class='ocrx_word' id='word_1_82' title='bbox 539 1214 902 1269; x_wconf 80' lang='lat' dir='ltr'><strong>robustiorem</strong></span> <span class='ocrx_word' id='word_1_83' title='bbox 938 1224 1139 1270; x_wconf 87' lang='lat' dir='ltr'><strong>statum</strong></span> <span class='ocrx_word' id='word_1_84' title='bbox 1184 1217 1498 1286; x_wconf 86' lang='lat' dir='ltr'><strong>perducere.</strong></span> <span class='ocrx_word' id='word_1_85' title='bbox 1530 1234 1549 1268; x_wconf 73' lang='grc' dir='ltr'><strong>ι</strong></span> <span class='ocrx_word' id='word_1_86' title='bbox 1585 1215 1745 1282; x_wconf 88' lang='lat' dir='ltr'><strong>Quis-</strong></span> 
     </span>
    </p>
   </div>
   <div class='ocr_carea' id='block_1_11' title="bbox 184 1302 1747 1379">
    <p class='ocr_par' dir='ltr' id='par_1_11' title="bbox 184 1302 1747 1379">
     <span class='ocr_line' id='line_1_11' title="bbox 184 1302 1747 1379; baseline 0.007 -25"><span class='ocrx_word' id='word_1_87' title='bbox 184 1304 293 1371; x_wconf 88' lang='lat' dir='ltr'><strong>quis</strong></span> <span class='ocrx_word' id='word_1_88' title='bbox 333 1302 519 1360; x_wconf 86' lang='lat' dir='ltr'><strong>Basilii</strong></span> <span class='ocrx_word' id='word_1_89' title='bbox 555 1308 801 1377; x_wconf 88' lang='lat' dir='ltr'><strong>apprime</strong></span> <span class='ocrx_word' id='word_1_90' title='bbox 845 1310 1124 1364; x_wconf 85' lang='lat' dir='ltr'><strong>studiosus</strong></span> <span class='ocrx_word' id='word_1_91' title='bbox 1172 1318 1275 1369; x_wconf 87' lang='lat' dir='ltr'><strong>est.</strong></span> <span class='ocrx_word' id='word_1_92' title='bbox 1326 1309 1549 1379; x_wconf 76' lang='lat' dir='ltr'><strong>ejusque</strong></span> <span class='ocrx_word' id='word_1_93' title='bbox 1579 1310 1747 1365; x_wconf 88' lang='lat' dir='ltr'><strong>l&#39;rbros</strong></span> 
     </span>
    </p>
   </div>
   <div class='ocr_carea' id='block_1_12' title="bbox 187 1398 1746 1469">
    <p class='ocr_par' dir='ltr' id='par_1_12' title="bbox 187 1398 1746 1469">
     <span class='ocr_line' id='line_1_12' title="bbox 187 1398 1746 1469; baseline 0.006 -20"><span class='ocrx_word' id='word_1_94' title='bbox 187 1398 592 1466; x_wconf 79' lang='lat' dir='ltr'><strong>diligentissime</strong></span> <span class='ocrx_word' id='word_1_95' title='bbox 622 1410 784 1469; x_wconf 89' lang='lat' dir='ltr'><strong>atque</strong></span> <span class='ocrx_word' id='word_1_96' title='bbox 822 1401 1192 1456; x_wconf 86' lang='lat' dir='ltr'><strong>assiduissime</strong></span> <span class='ocrx_word' id='word_1_97' title='bbox 1230 1402 1517 1467; x_wconf 88' lang='lat' dir='ltr'><strong>lectitavit,</strong></span> <span class='ocrx_word' id='word_1_98' title='bbox 1558 1418 1746 1458; x_wconf 90' lang='lat' dir='ltr'><strong>vocem</strong></span> 
     </span>
    </p>
   </div>
   <div class='ocr_carea' id='block_1_13' title="bbox 187 1487 1750 1563">
    <p class='ocr_par' dir='ltr' id='par_1_13' title="bbox 187 1487 1750 1563">
     <span class='ocr_line' id='line_1_13' title="bbox 187 1487 1750 1563; baseline 0.005 -23"><span class='ocrx_word' id='word_1_99' title='bbox 187 1487 603 1560; x_wconf 82' lang='grc' dir='ltr'>ρωμαλεώτερος</span> <span class='ocrx_word' id='word_1_100' title='bbox 627 1488 950 1546; x_wconf 80' lang='lat' dir='ltr'><strong>Basilianam</strong></span> <span class='ocrx_word' id='word_1_101' title='bbox 978 1507 1085 1546; x_wconf 89' lang='lat' dir='ltr'><strong>non</strong></span> <span class='ocrx_word' id='word_1_102' title='bbox 1112 1507 1233 1547; x_wconf 84' lang='lat' dir='ltr'><strong>esse</strong></span> <span class='ocrx_word' id='word_1_103' title='bbox 1252 1493 1402 1547; x_wconf 92' lang='lat' dir='ltr'><strong>nullo</strong></span> <span class='ocrx_word' id='word_1_104' title='bbox 1416 1494 1629 1563; x_wconf 84' lang='lat' dir='ltr'><strong>negotio</strong></span> <span class='ocrx_word' id='word_1_105' title='bbox 1671 1494 1750 1547; x_wconf 80' lang='lat' dir='ltr'><strong>fa-</strong></span> 
     </span>
    </p>
   </div>
   <div class='ocr_carea' id='block_1_14' title="bbox 187 1580 1749 1658">
    <p class='ocr_par' dir='ltr' id='par_1_14' title="bbox 187 1580 1749 1658">
     <span class='ocr_line' id='line_1_14' title="bbox 187 1580 1749 1658; baseline 0.007 -28"><span class='ocrx_word' id='word_1_106' title='bbox 187 1580 389 1634; x_wconf 67' lang='lat' dir='ltr'><strong>tebitur.</strong></span> <span class='ocrx_word' id='word_1_107' title='bbox 426 1581 591 1637; x_wconf 76' lang='lat' dir='ltr'><strong>Num.</strong></span> <span class='ocrx_word' id='word_1_108' title='bbox 628 1583 693 1637; x_wconf 81' lang='lat' dir='ltr'><strong>l9</strong></span> <span class='ocrx_word' id='word_1_109' title='bbox 728 1598 745 1639; x_wconf 84' lang='lat'><strong>:</strong></span> <span class='ocrx_word' id='word_1_110' title='bbox 779 1585 984 1637; x_wconf 73' lang='grc' dir='ltr'>Οὐκοῦν</span> <span class='ocrx_word' id='word_1_111' title='bbox 1019 1587 1287 1653; x_wconf 84' lang='grc' dir='ltr'>ἀναγκαῖα</span> <span class='ocrx_word' id='word_1_112' title='bbox 1320 1586 1415 1640; x_wconf 73' lang='grc' dir='ltr'><strong>καὶ</strong></span> <span class='ocrx_word' id='word_1_113' title='bbox 1442 1588 1608 1658; x_wconf 78' lang='grc' dir='ltr'>ἄμφω</span> <span class='ocrx_word' id='word_1_114' title='bbox 1656 1591 1749 1643; x_wconf 74' lang='grc' dir='ltr'>καὶ</span> 
     </span>
    </p>
   </div>
   <div class='ocr_carea' id='block_1_15' title="bbox 191 1667 1750 1747">
    <p class='ocr_par' dir='ltr' id='par_1_15' title="bbox 191 1667 1750 1747">
     <span class='ocr_line' id='line_1_15' title="bbox 191 1667 1750 1747; baseline 0.013 -29"><span class='ocrx_word' id='word_1_115' title='bbox 191 1667 592 1743; x_wconf 81' lang='grc' dir='ltr'>ἱδιοσήμαντρα,</span> <span class='ocrx_word' id='word_1_116' title='bbox 634 1691 653 1724; x_wconf 79' lang='grc' dir='ltr'><strong>ι</strong></span> <span class='ocrx_word' id='word_1_117' title='bbox 704 1674 887 1743; x_wconf 78' lang='lat' dir='ltr'><strong>Itaque</strong></span> <span class='ocrx_word' id='word_1_118' title='bbox 930 1680 1237 1733; x_wconf 89' lang='lat' dir='ltr'><strong>necessaria</strong></span> <span class='ocrx_word' id='word_1_119' title='bbox 1286 1684 1445 1736; x_wconf 88' lang='lat' dir='ltr'><strong>ambo</strong></span> <span class='ocrx_word' id='word_1_120' title='bbox 1498 1695 1646 1747; x_wconf 87' lang='lat' dir='ltr'><strong>sunt,</strong></span> <span class='ocrx_word' id='word_1_121' title='bbox 1687 1700 1750 1739; x_wconf 89' lang='lat' dir='ltr'><strong>ac</strong></span> 
     </span>
    </p>
   </div>
   <div class='ocr_carea' id='block_1_16' title="bbox 187 1761 1750 1847">
    <p class='ocr_par' dir='ltr' id='par_1_16' title="bbox 187 1761 1750 1847">
     <span class='ocr_line' id='line_1_16' title="bbox 187 1761 1750 1847; baseline 0.011 -36"><span class='ocrx_word' id='word_1_122' title='bbox 187 1761 431 1830; x_wconf 79' lang='lat' dir='ltr'><strong>cujusque</strong></span> <span class='ocrx_word' id='word_1_123' title='bbox 496 1767 777 1835; x_wconf 88' lang='lat' dir='ltr'><strong>pr0prium</strong></span> <span class='ocrx_word' id='word_1_124' title='bbox 834 1768 1218 1837; x_wconf 77' lang='lat' dir='ltr'><strong>signiﬁcatum.</strong></span> <span class='ocrx_word' id='word_1_125' title='bbox 1278 1793 1297 1826; x_wconf 79' lang='grc' dir='ltr'><strong>ι</strong></span> <span class='ocrx_word' id='word_1_126' title='bbox 1350 1773 1500 1841; x_wconf 90' lang='lat' dir='ltr'><strong>Illud,</strong></span> <span class='ocrx_word' id='word_1_127' title='bbox 1554 1776 1750 1847; x_wconf 82' lang='grc' dir='ltr'>ίδιοσή-</span> 
     </span>
    </p>
   </div>
   <div class='ocr_carea' id='block_1_17' title="bbox 190 1856 1749 1936">
    <p class='ocr_par' dir='ltr' id='par_1_17' title="bbox 190 1856 1749 1936">
     <span class='ocr_line' id='line_1_17' title="bbox 190 1856 1749 1936; baseline 0.012 -32"><span class='ocrx_word' id='word_1_128' title='bbox 190 1858 409 1924; x_wconf 81' lang='grc' dir='ltr'>μαντρα,</span> <span class='ocrx_word' id='word_1_129' title='bbox 446 1856 669 1913; x_wconf 88' lang='lat' dir='ltr'><strong>barbari</strong></span> <span class='ocrx_word' id='word_1_130' title='bbox 700 1858 903 1930; x_wconf 85' lang='lat' dir='ltr'><strong>aliquid</strong></span> <span class='ocrx_word' id='word_1_131' title='bbox 949 1871 1004 1918; x_wconf 91' lang='lat' dir='ltr'><strong>et</strong></span> <span class='ocrx_word' id='word_1_132' title='bbox 1041 1865 1245 1919; x_wconf 92' lang='lat' dir='ltr'><strong>horridi</strong></span> <span class='ocrx_word' id='word_1_133' title='bbox 1277 1882 1386 1936; x_wconf 89' lang='lat' dir='ltr'><strong>prae</strong></span> <span class='ocrx_word' id='word_1_134' title='bbox 1424 1882 1483 1921; x_wconf 91' lang='lat' dir='ltr'><strong>se</strong></span> <span class='ocrx_word' id='word_1_135' title='bbox 1532 1867 1660 1932; x_wconf 89' lang='lat' dir='ltr'><strong>fert,</strong></span> <span class='ocrx_word' id='word_1_136' title='bbox 1695 1878 1749 1923; x_wconf 91' lang='lat' dir='ltr'><strong>et</strong></span> 
     </span>
    </p>
   </div>
   <div class='ocr_carea' id='block_1_18' title="bbox 1849 653 3422 723">
    <p class='ocr_par' dir='ltr' id='par_1_18' title="bbox 1849 653 3422 723">
     <span class='ocr_line' id='line_1_18' title="bbox 1849 653 3422 723; baseline -0.002 -13"><span class='ocrx_word' id='word_1_137' title='bbox 1849 657 2011 710; x_wconf 89' lang='lat' dir='ltr'><strong>tarim</strong></span> <span class='ocrx_word' id='word_1_138' title='bbox 2066 656 2292 709; x_wconf 77' lang='lat' dir='ltr'><strong>leviora.</strong></span> <span class='ocrx_word' id='word_1_139' title='bbox 2331 654 2402 711; x_wconf 87' lang='lat' dir='ltr'><strong>Ut</strong></span> <span class='ocrx_word' id='word_1_140' title='bbox 2449 663 2507 707; x_wconf 86' lang='lat' dir='ltr'><strong>ut</strong></span> <span class='ocrx_word' id='word_1_141' title='bbox 2560 653 2673 706; x_wconf 61' lang='lat' dir='ltr'><strong>haec</strong></span> <span class='ocrx_word' id='word_1_142' title='bbox 2707 663 2851 719; x_wconf 91' lang='lat' dir='ltr'><strong>sunt,</strong></span> <span class='ocrx_word' id='word_1_143' title='bbox 2912 654 3247 707; x_wconf 71' lang='lat' dir='ltr'><strong>arbitramur</strong></span> <span class='ocrx_word' id='word_1_144' title='bbox 3300 670 3422 723; x_wconf 75' lang='lat' dir='ltr'><strong>quae</strong></span> 
     </span>
    </p>
   </div>
   <div class='ocr_carea' id='block_1_19' title="bbox 1850 747 3425 817">
    <p class='ocr_par' dir='ltr' id='par_1_19' title="bbox 1850 747 3425 817">
     <span class='ocr_line' id='line_1_19' title="bbox 1850 747 3425 817; baseline -0.001 -15"><span class='ocrx_word' id='word_1_145' title='bbox 1850 748 2175 817; x_wconf 86' lang='lat' dir='ltr'><strong>protulimus</strong></span> <span class='ocrx_word' id='word_1_146' title='bbox 2228 748 2472 817; x_wconf 84' lang='lat' dir='ltr'><strong>exempla</strong></span> <span class='ocrx_word' id='word_1_147' title='bbox 2504 747 2744 802; x_wconf 76' lang='lat' dir='ltr'><strong>suﬁicere</strong></span> <span class='ocrx_word' id='word_1_148' title='bbox 2773 761 2934 817; x_wconf 85' lang='lat' dir='ltr'><strong>posse</strong></span> <span class='ocrx_word' id='word_1_149' title='bbox 2969 758 3113 802; x_wconf 88' lang='lat' dir='ltr'><strong>recte</strong></span> <span class='ocrx_word' id='word_1_150' title='bbox 3160 749 3226 803; x_wconf 91' lang='lat' dir='ltr'><strong>de</strong></span> <span class='ocrx_word' id='word_1_151' title='bbox 3262 752 3425 803; x_wconf 83' lang='lat' dir='ltr'><strong>rebus</strong></span> 
     </span>
    </p>
   </div>
   <div class='ocr_carea' id='block_1_20' title="bbox 1844 842 2178 911">
    <p class='ocr_par' dir='ltr' id='par_1_20' title="bbox 1844 842 2178 911">
     <span class='ocr_line' id='line_1_20' title="bbox 1844 842 2178 911; baseline 0.003 -17"><span class='ocrx_word' id='word_1_152' title='bbox 1844 842 2178 911; x_wconf 85' lang='lat' dir='ltr'><strong>judicaturo.</strong></span> 
     </span>
    </p>
   </div>
   <div class='ocr_carea' id='block_1_21' title="bbox 1922 931 3426 1002">
    <p class='ocr_par' dir='ltr' id='par_1_21' title="bbox 1922 931 3426 1002">
     <span class='ocr_line' id='line_1_21' title="bbox 1922 931 3426 1002; baseline -0.003 -14"><span class='ocrx_word' id='word_1_153' title='bbox 1922 933 2009 988; x_wconf 81' lang='grc'><strong>18.</strong></span> <span class='ocrx_word' id='word_1_154' title='bbox 2042 933 2160 988; x_wconf 82' lang='lat' dir='ltr'><strong>Jam</strong></span> <span class='ocrx_word' id='word_1_155' title='bbox 2202 934 2269 986; x_wconf 91' lang='lat' dir='ltr'><strong>ad</strong></span> <span class='ocrx_word' id='word_1_156' title='bbox 2307 934 2452 1002; x_wconf 89' lang='lat' dir='ltr'><strong>ipsas</strong></span> <span class='ocrx_word' id='word_1_157' title='bbox 2497 931 2799 985; x_wconf 83' lang='lat' dir='ltr'><strong>sententias</strong></span> <span class='ocrx_word' id='word_1_158' title='bbox 2842 932 2988 999; x_wconf 89' lang='lat' dir='ltr'><strong>quod</strong></span> <span class='ocrx_word' id='word_1_159' title='bbox 3030 933 3239 997; x_wconf 83' lang='lat' dir='ltr'><strong>attinet,</strong></span> <span class='ocrx_word' id='word_1_160' title='bbox 3269 931 3322 986; x_wconf 92' lang='lat' dir='ltr'><strong>in</strong></span> <span class='ocrx_word' id='word_1_161' title='bbox 3360 931 3426 985; x_wconf 90' lang='lat' dir='ltr'><strong>iis</strong></span> 
     </span>
    </p>
   </div>
   <div class='ocr_carea' id='block_1_22' title="bbox 1851 1024 3425 1096">
    <p class='ocr_par' dir='ltr' id='par_1_22' title="bbox 1851 1024 3425 1096">
     <span class='ocr_line' id='line_1_22' title="bbox 1851 1024 3425 1096; baseline -0.001 -17"><span class='ocrx_word' id='word_1_162' title='bbox 1851 1040 2064 1096; x_wconf 92' lang='lat' dir='ltr'><strong>quoque</strong></span> <span class='ocrx_word' id='word_1_163' title='bbox 2092 1025 2227 1079; x_wconf 90' lang='lat' dir='ltr'><strong>nihil</strong></span> <span class='ocrx_word' id='word_1_164' title='bbox 2248 1024 2579 1079; x_wconf 88' lang='lat' dir='ltr'><strong>Basilianum</strong></span> <span class='ocrx_word' id='word_1_165' title='bbox 2605 1024 2862 1080; x_wconf 86' lang='lat' dir='ltr'><strong>occurrit.</strong></span> <span class='ocrx_word' id='word_1_166' title='bbox 2898 1024 3036 1078; x_wconf 86' lang='lat' dir='ltr'><strong>Sunt</strong></span> <span class='ocrx_word' id='word_1_167' title='bbox 3065 1025 3209 1079; x_wconf 90' lang='lat' dir='ltr'><strong>inter</strong></span> <span class='ocrx_word' id='word_1_168' title='bbox 3237 1036 3293 1078; x_wconf 91' lang='lat' dir='ltr'><strong>se</strong></span> <span class='ocrx_word' id='word_1_169' title='bbox 3322 1024 3425 1077; x_wconf 90' lang='lat' dir='ltr'><strong>dis-</strong></span> 
     </span>
    </p>
   </div>
   <div class='ocr_carea' id='block_1_23' title="bbox 1852 1118 3425 1188">
    <p class='ocr_par' dir='ltr' id='par_1_23' title="bbox 1852 1118 3425 1188">
     <span class='ocr_line' id='line_1_23' title="bbox 1852 1118 3425 1188; baseline -0.002 -15"><span class='ocrx_word' id='word_1_170' title='bbox 1852 1130 2009 1182; x_wconf 70' lang='lat' dir='ltr'><strong>sutaa,</strong></span> <span class='ocrx_word' id='word_1_171' title='bbox 2052 1119 2196 1174; x_wconf 88' lang='lat' dir='ltr'><strong>male</strong></span> <span class='ocrx_word' id='word_1_172' title='bbox 2253 1118 2611 1183; x_wconf 66' lang='lat' dir='ltr'><strong>cohaerentes,</strong></span> <span class='ocrx_word' id='word_1_173' title='bbox 2647 1119 2783 1173; x_wconf 81' lang='lat' dir='ltr'><strong>nihil</strong></span> <span class='ocrx_word' id='word_1_174' title='bbox 2840 1119 3103 1175; x_wconf 84' lang='lat' dir='ltr'><strong>habentes</strong></span> <span class='ocrx_word' id='word_1_175' title='bbox 3142 1118 3425 1188; x_wconf 66' lang='lat' dir='ltr'><strong>exquisita:</strong></span> 
     </span>
    </p>
   </div>
   <div class='ocr_carea' id='block_1_24' title="bbox 1853 1210 3429 1282">
    <p class='ocr_par' dir='ltr' id='par_1_24' title="bbox 1853 1210 3429 1282">
     <span class='ocr_line' id='line_1_24' title="bbox 1853 1210 3429 1282; baseline 0 -18"><span class='ocrx_word' id='word_1_176' title='bbox 1853 1211 1998 1266; x_wconf 90' lang='lat' dir='ltr'><strong>illius</strong></span> <span class='ocrx_word' id='word_1_177' title='bbox 2048 1211 2317 1266; x_wconf 75' lang='lat' dir='ltr'><strong>facundia:</strong></span> <span class='ocrx_word' id='word_1_178' title='bbox 2364 1221 2527 1281; x_wconf 89' lang='lat' dir='ltr'><strong>atque</strong></span> <span class='ocrx_word' id='word_1_179' title='bbox 2569 1212 2909 1278; x_wconf 86' lang='lat' dir='ltr'><strong>eruditionis,</strong></span> <span class='ocrx_word' id='word_1_180' title='bbox 2962 1226 3123 1282; x_wconf 92' lang='lat' dir='ltr'><strong>quam</strong></span> <span class='ocrx_word' id='word_1_181' title='bbox 3154 1225 3345 1264; x_wconf 91' lang='lat' dir='ltr'><strong>omnes</strong></span> <span class='ocrx_word' id='word_1_182' title='bbox 3374 1210 3429 1264; x_wconf 81' lang='lat' dir='ltr'><strong>in</strong></span> 
     </span>
    </p>
   </div>
   <div class='ocr_carea' id='block_1_25' title="bbox 1853 1302 3430 1373">
    <p class='ocr_par' dir='ltr' id='par_1_25' title="bbox 1853 1302 3430 1373">
     <span class='ocr_line' id='line_1_25' title="bbox 1853 1302 3430 1373; baseline -0.001 -17"><span class='ocrx_word' id='word_1_183' title='bbox 1853 1302 2050 1358; x_wconf 83' lang='lat' dir='ltr'><strong>Basilio</strong></span> <span class='ocrx_word' id='word_1_184' title='bbox 2074 1303 2360 1357; x_wconf 82' lang='lat' dir='ltr'><strong>mirantur.</strong></span> <span class='ocrx_word' id='word_1_185' title='bbox 2390 1302 2499 1359; x_wconf 93' lang='lat' dir='ltr'><strong>lmo</strong></span> <span class='ocrx_word' id='word_1_186' title='bbox 2525 1318 2653 1359; x_wconf 88' lang='lat' dir='ltr'><strong>vero</strong></span> <span class='ocrx_word' id='word_1_187' title='bbox 2676 1305 2913 1373; x_wconf 90' lang='lat' dir='ltr'><strong>reperire</strong></span> <span class='ocrx_word' id='word_1_188' title='bbox 2935 1311 3018 1358; x_wconf 87' lang='lat' dir='ltr'><strong>est</strong></span> <span class='ocrx_word' id='word_1_189' title='bbox 3044 1302 3294 1373; x_wconf 86' lang='lat' dir='ltr'><strong>ineptias,</strong></span> <span class='ocrx_word' id='word_1_190' title='bbox 3327 1317 3430 1355; x_wconf 89' lang='lat' dir='ltr'><strong>nu-</strong></span> 
     </span>
    </p>
   </div>
   <div class='ocr_carea' id='block_1_26' title="bbox 1854 1395 3427 1463">
    <p class='ocr_par' dir='ltr' id='par_1_26' title="bbox 1854 1395 3427 1463">
     <span class='ocr_line' id='line_1_26' title="bbox 1854 1395 3427 1463; baseline -0.001 -16"><span class='ocrx_word' id='word_1_191' title='bbox 1854 1409 1973 1463; x_wconf 86' lang='lat' dir='ltr'><strong>gas,</strong></span> <span class='ocrx_word' id='word_1_192' title='bbox 2010 1406 2337 1459; x_wconf 88' lang='lat' dir='ltr'><strong>commenta,</strong></span> <span class='ocrx_word' id='word_1_193' title='bbox 2376 1410 2496 1463; x_wconf 79' lang='lat' dir='ltr'><strong>qu.&#39;e</strong></span> <span class='ocrx_word' id='word_1_194' title='bbox 2522 1410 2631 1450; x_wconf 88' lang='lat' dir='ltr'><strong>non</strong></span> <span class='ocrx_word' id='word_1_195' title='bbox 2678 1395 2837 1449; x_wconf 91' lang='lat' dir='ltr'><strong>modo</strong></span> <span class='ocrx_word' id='word_1_196' title='bbox 2860 1404 3132 1450; x_wconf 75' lang='lat' dir='ltr'><strong>oratorem</strong></span> <span class='ocrx_word' id='word_1_197' title='bbox 3160 1408 3427 1447; x_wconf 84' lang='lat' dir='ltr'><strong>summum</strong></span> 
     </span>
    </p>
   </div>
   <div class='ocr_carea' id='block_1_27' title="bbox 1855 1484 3425 1554">
    <p class='ocr_par' dir='ltr' id='par_1_27' title="bbox 1855 1484 3425 1554">
     <span class='ocr_line' id='line_1_27' title="bbox 1855 1484 3425 1554; baseline -0.001 -15"><span class='ocrx_word' id='word_1_198' title='bbox 1855 1484 2109 1541; x_wconf 88' lang='lat' dir='ltr'><strong>Basilium</strong></span> <span class='ocrx_word' id='word_1_199' title='bbox 2142 1488 2460 1554; x_wconf 87' lang='lat' dir='ltr'><strong>dedeceant,</strong></span> <span class='ocrx_word' id='word_1_200' title='bbox 2494 1488 2587 1542; x_wconf 92' lang='lat' dir='ltr'><strong>sed</strong></span> <span class='ocrx_word' id='word_1_201' title='bbox 2620 1486 2785 1539; x_wconf 89' lang='lat' dir='ltr'><strong>alium</strong></span> <span class='ocrx_word' id='word_1_202' title='bbox 2822 1487 3067 1554; x_wconf 78' lang='lat' dir='ltr'><strong>quemvis</strong></span> <span class='ocrx_word' id='word_1_203' title='bbox 3102 1484 3425 1553; x_wconf 80' lang='lat' dir='ltr'><strong>scriptorem</strong></span> 
     </span>
    </p>
   </div>
   <div class='ocr_carea' id='block_1_28' title="bbox 1856 1576 3431 1647">
    <p class='ocr_par' dir='ltr' id='par_1_28' title="bbox 1856 1576 3431 1647">
     <span class='ocr_line' id='line_1_28' title="bbox 1856 1576 3431 1647; baseline -0.001 -15"><span class='ocrx_word' id='word_1_204' title='bbox 1856 1593 1964 1632; x_wconf 91' lang='lat' dir='ltr'><strong>non</strong></span> <span class='ocrx_word' id='word_1_205' title='bbox 1994 1578 2214 1634; x_wconf 91' lang='lat' dir='ltr'><strong>omnino</strong></span> <span class='ocrx_word' id='word_1_206' title='bbox 2244 1579 2593 1634; x_wconf 88' lang='lat' dir='ltr'><strong>ineruditum.</strong></span> <span class='ocrx_word' id='word_1_207' title='bbox 2631 1576 2739 1633; x_wconf 88' lang='lat' dir='ltr'><strong>Sed</strong></span> <span class='ocrx_word' id='word_1_208' title='bbox 2793 1577 2966 1647; x_wconf 90' lang='lat' dir='ltr'><strong>ipsum</strong></span> <span class='ocrx_word' id='word_1_209' title='bbox 3000 1577 3304 1632; x_wconf 85' lang='lat' dir='ltr'><strong>audiamus.</strong></span> <span class='ocrx_word' id='word_1_210' title='bbox 3339 1577 3431 1631; x_wconf 78' lang='lat' dir='ltr'><strong>Sic</strong></span> 
     </span>
    </p>
   </div>
   <div class='ocr_carea' id='block_1_29' title="bbox 1858 1667 3434 1740">
    <p class='ocr_par' dir='ltr' id='par_1_29' title="bbox 1858 1667 3434 1740">
     <span class='ocr_line' id='line_1_29' title="bbox 1858 1667 3434 1740; baseline -0.001 -17"><span class='ocrx_word' id='word_1_211' title='bbox 1858 1670 2021 1738; x_wconf 83' lang='lat' dir='ltr'><strong>igitur</strong></span> <span class='ocrx_word' id='word_1_212' title='bbox 2052 1670 2243 1723; x_wconf 89' lang='lat' dir='ltr'><strong>scribit</strong></span> <span class='ocrx_word' id='word_1_213' title='bbox 2277 1686 2424 1723; x_wconf 92' lang='lat' dir='ltr'><strong>num.</strong></span> <span class='ocrx_word' id='word_1_214' title='bbox 2459 1669 2525 1723; x_wconf 74' lang='lat'><strong>18</strong></span> <span class='ocrx_word' id='word_1_215' title='bbox 2553 1687 2569 1725; x_wconf 89' lang='lat'><strong>:</strong></span> <span class='ocrx_word' id='word_1_216' title='bbox 2610 1669 2675 1722; x_wconf 85' lang='grc' dir='ltr'><strong><em>Ἥ</em></strong></span> <span class='ocrx_word' id='word_1_217' title='bbox 2697 1667 2886 1740; x_wconf 84' lang='grc' dir='ltr'><strong>πρώτη</strong></span> <span class='ocrx_word' id='word_1_218' title='bbox 2910 1667 3143 1737; x_wconf 76' lang='grc' dir='ltr'>ἑϐδομὰς</span> <span class='ocrx_word' id='word_1_219' title='bbox 3182 1668 3279 1740; x_wconf 82' lang='grc' dir='ltr'><strong>τὴν</strong></span> <span class='ocrx_word' id='word_1_220' title='bbox 3307 1688 3434 1722; x_wconf 85' lang='grc' dir='ltr'>παι-</span> 
     </span>
    </p>
   </div>
   <div class='ocr_carea' id='block_1_30' title="bbox 1855 1758 3435 1833">
    <p class='ocr_par' dir='ltr' id='par_1_30' title="bbox 1855 1758 3435 1833">
     <span class='ocr_line' id='line_1_30' title="bbox 1855 1758 3435 1833; baseline 0.001 -21"><span class='ocrx_word' id='word_1_221' title='bbox 1855 1758 2007 1830; x_wconf 84' lang='grc' dir='ltr'>δικὴν</span> <span class='ocrx_word' id='word_1_222' title='bbox 2038 1759 2250 1830; x_wconf 79' lang='grc' dir='ltr'>ἠλικίαν</span> <span class='ocrx_word' id='word_1_223' title='bbox 2278 1760 2410 1829; x_wconf 76' lang='grc' dir='ltr'>ἔχει.</span> <span class='ocrx_word' id='word_1_224' title='bbox 2447 1760 2647 1831; x_wconf 78' lang='grc' dir='ltr'>Ὄρους</span> <span class='ocrx_word' id='word_1_225' title='bbox 2669 1761 2766 1833; x_wconf 81' lang='grc' dir='ltr'><strong>τῆς</strong></span> <span class='ocrx_word' id='word_1_226' title='bbox 2796 1759 3049 1830; x_wconf 82' lang='grc' dir='ltr'><strong>παιδικῆς</strong></span> <span class='ocrx_word' id='word_1_227' title='bbox 3076 1759 3291 1831; x_wconf 75' lang='grc' dir='ltr'>ἡλικίας</span> <span class='ocrx_word' id='word_1_228' title='bbox 3329 1778 3435 1829; x_wconf 82' lang='grc' dir='ltr'><strong>φα·-</strong></span> 
     </span>
    </p>
   </div>
   <div class='ocr_carea' id='block_1_31' title="bbox 1855 1850 3431 1923">
    <p class='ocr_par' dir='ltr' id='par_1_31' title="bbox 1855 1850 3431 1923">
     <span class='ocr_line' id='line_1_31' title="bbox 1855 1850 3431 1923; baseline -0.001 -18"><span class='ocrx_word' id='word_1_229' title='bbox 1855 1854 2001 1922; x_wconf 89' lang='grc' dir='ltr'>νεροῖ</span> <span class='ocrx_word' id='word_1_230' title='bbox 2025 1852 2060 1923; x_wconf 79' lang='grc' dir='ltr'><strong>ἡ</strong></span> <span class='ocrx_word' id='word_1_231' title='bbox 2091 1850 2199 1906; x_wconf 83' lang='grc' dir='ltr'><strong>τῶν</strong></span> <span class='ocrx_word' id='word_1_232' title='bbox 2230 1850 2457 1904; x_wconf 85' lang='grc' dir='ltr'><strong>ὀδόντων</strong></span> <span class='ocrx_word' id='word_1_233' title='bbox 2503 1850 2722 1921; x_wconf 73' lang='grc' dir='ltr'>ἐκϐολή.</span> <span class='ocrx_word' id='word_1_234' title='bbox 2781 1853 2845 1905; x_wconf 77' lang='lat' dir='ltr'><strong>Oi</strong></span> <span class='ocrx_word' id='word_1_235' title='bbox 2892 1852 2990 1923; x_wconf 78' lang='grc' dir='ltr'>μὲν</span> <span class='ocrx_word' id='word_1_236' title='bbox 3019 1852 3229 1904; x_wconf 75' lang='grc' dir='ltr'>ἔπεσον·</span> <span class='ocrx_word' id='word_1_237' title='bbox 3275 1852 3323 1905; x_wconf 84' lang='lat' dir='ltr'><strong>ot</strong></span> <span class='ocrx_word' id='word_1_238' title='bbox 3374 1850 3431 1903; x_wconf 86' lang='grc' dir='ltr'>δὲ</span> 
     </span>
    </p>
   </div>
   <div class='ocr_carea' id='block_1_32' title="bbox 188 1934 1829 2022">
    <p class='ocr_par' dir='ltr' id='par_1_32' title="bbox 188 1934 1822 2022">
     <span class='ocr_line' id='line_1_32' title="bbox 188 1934 1822 2022; baseline 0.011 -26"><span class='ocrx_word' id='word_1_239' title='bbox 188 1944 319 2011; x_wconf 88' lang='lat' dir='ltr'><strong>quod</strong></span> <span class='ocrx_word' id='word_1_240' title='bbox 341 1960 371 1999; x_wconf 89' lang='lat' dir='ltr'><strong>a</strong></span> <span class='ocrx_word' id='word_1_241' title='bbox 397 1946 680 2007; x_wconf 85' lang='lat' dir='ltr'><strong>Basiliano</strong></span> <span class='ocrx_word' id='word_1_242' title='bbox 714 1951 971 2022; x_wconf 87' lang='lat' dir='ltr'><strong>loquendi</strong></span> <span class='ocrx_word' id='word_1_243' title='bbox 1018 1957 1225 2011; x_wconf 87' lang='lat' dir='ltr'><strong>ratione</strong></span> <span class='ocrx_word' id='word_1_244' title='bbox 1258 1934 1493 2012; x_wconf 77' lang='lat' dir='ltr'><strong>maxime</strong></span> <span class='ocrx_word' id='word_1_245' title='bbox 1548 1960 1748 2015; x_wconf 86' lang='lat' dir='ltr'><strong>abhor-</strong></span> <span class='ocrx_word' id='word_1_246' title='bbox 1780 1934 1822 1989; x_wconf 80' lang='grc' dir='ltr'>Β</span> 
     </span>
    </p>
   </div>
   <div class='ocr_carea' id='block_1_33' title="bbox 1821 1934 3431 2022">
    <p class='ocr_par' dir='ltr' id='par_1_33' title="bbox 1821 1944 3431 2016">
     <span class='ocr_line' id='line_1_33' title="bbox 1821 1944 3431 2016; baseline 0 -19"><span class='ocrx_word' id='word_1_247' title='bbox 1821 1971 1822 1976; x_wconf 56' lang='grc' dir='ltr'><strong>η</strong></span> <span class='ocrx_word' id='word_1_248' title='bbox 1850 1944 2181 2014; x_wconf 82' lang='grc' dir='ltr'>ἀνεφύησαν.</span> <span class='ocrx_word' id='word_1_249' title='bbox 2216 1984 2230 1997; x_wconf 93' lang='grc'><strong>.</strong></span> <span class='ocrx_word' id='word_1_250' title='bbox 2266 1983 2281 1997; x_wconf 94' lang='grc'><strong>.</strong></span> <span class='ocrx_word' id='word_1_251' title='bbox 2316 1946 2547 1997; x_wconf 85' lang='grc' dir='ltr'>Ἔπεσον</span> <span class='ocrx_word' id='word_1_252' title='bbox 2589 1945 2639 1998; x_wconf 88' lang='grc' dir='ltr'><strong>οί</strong></span> <span class='ocrx_word' id='word_1_253' title='bbox 2680 1944 2910 2009; x_wconf 84' lang='grc' dir='ltr'><strong>ὀδόντες,</strong></span> <span class='ocrx_word' id='word_1_254' title='bbox 2938 1944 3181 2014; x_wconf 81' lang='grc' dir='ltr'>ἔγνωμεν</span> <span class='ocrx_word' id='word_1_255' title='bbox 3223 1946 3302 1998; x_wconf 82' lang='grc' dir='ltr'>ὅτι</span> <span class='ocrx_word' id='word_1_256' title='bbox 3334 1946 3431 2016; x_wconf 77' lang='grc' dir='ltr'><strong>ηὑ-</strong></span> 
     </span>
    </p>
   </div>
   <div class='ocr_carea' id='block_1_34' title="bbox 189 2045 313 2092">
    <p class='ocr_par' dir='ltr' id='par_1_34' title="bbox 189 2045 313 2092">
     <span class='ocr_line' id='line_1_34' title="bbox 189 2045 313 2092; baseline 0.032 -4"><span class='ocrx_word' id='word_1_257' title='bbox 189 2050 269 2088; x_wconf 86' lang='lat' dir='ltr'><strong>rea</strong></span> <span class='ocrx_word' id='word_1_258' title='bbox 278 2045 313 2092; x_wconf 80' lang='grc' dir='ltr'>ί.</span> 
     </span>
    </p>
   </div>
   <div class='ocr_carea' id='block_1_35' title="bbox 254 2129 1754 2212">
    <p class='ocr_par' dir='ltr' id='par_1_35' title="bbox 254 2129 1754 2212">
     <span class='ocr_line' id='line_1_35' title="bbox 254 2129 1754 2212; baseline 0.013 -31"><span class='ocrx_word' id='word_1_259' title='bbox 254 2129 335 2186; x_wconf 80' lang='grc'><strong>17.</strong></span> <span class='ocrx_word' id='word_1_260' title='bbox 369 2130 489 2186; x_wconf 83' lang='lat' dir='ltr'><strong>Jam</strong></span> <span class='ocrx_word' id='word_1_261' title='bbox 526 2135 595 2189; x_wconf 88' lang='lat' dir='ltr'><strong>ad</strong></span> <span class='ocrx_word' id='word_1_262' title='bbox 624 2138 908 2191; x_wconf 80' lang='lat' dir='ltr'><strong>secundam</strong></span> <span class='ocrx_word' id='word_1_263' title='bbox 941 2138 1239 2193; x_wconf 90' lang='lat' dir='ltr'><strong>orationem</strong></span> <span class='ocrx_word' id='word_1_264' title='bbox 1266 2155 1635 2212; x_wconf 85' lang='lat' dir='ltr'><strong>preperemus.</strong></span> <span class='ocrx_word' id='word_1_265' title='bbox 1662 2143 1754 2201; x_wconf 88' lang='lat' dir='ltr'><strong>Sic</strong></span> 
     </span>
    </p>
   </div>
   <div class='ocr_carea' id='block_1_36' title="bbox 190 2216 1754 2309">
    <p class='ocr_par' dir='ltr' id='par_1_36' title="bbox 190 2216 1754 2309">
     <span class='ocr_line' id='line_1_36' title="bbox 190 2216 1754 2309; baseline 0.014 -40"><span class='ocrx_word' id='word_1_266' title='bbox 190 2216 355 2289; x_wconf 79' lang='lat' dir='ltr'><strong>legere</strong></span> <span class='ocrx_word' id='word_1_267' title='bbox 389 2234 473 2278; x_wconf 89' lang='lat' dir='ltr'><strong>est</strong></span> <span class='ocrx_word' id='word_1_268' title='bbox 504 2242 656 2281; x_wconf 90' lang='lat' dir='ltr'><strong>num.</strong></span> <span class='ocrx_word' id='word_1_269' title='bbox 686 2227 721 2279; x_wconf 76' lang='grc'>2</span> <span class='ocrx_word' id='word_1_270' title='bbox 751 2244 764 2280; x_wconf 92' lang='lat'>:</span> <span class='ocrx_word' id='word_1_271' title='bbox 815 2228 879 2279; x_wconf 82' lang='lat' dir='ltr'><strong>&#39;H</strong></span> <span class='ocrx_word' id='word_1_272' title='bbox 925 2229 1063 2300; x_wconf 79' lang='grc' dir='ltr'>αὐτὴ</span> <span class='ocrx_word' id='word_1_273' title='bbox 1099 2271 1111 2283; x_wconf 95' lang='grc'><strong><em>.</em></strong></span> <span class='ocrx_word' id='word_1_274' title='bbox 1148 2270 1162 2284; x_wconf 94' lang='grc'><strong>.</strong></span> <span class='ocrx_word' id='word_1_275' title='bbox 1198 2272 1210 2286; x_wconf 93' lang='grc'><strong>.</strong></span> <span class='ocrx_word' id='word_1_276' title='bbox 1244 2273 1259 2287; x_wconf 91' lang='grc'><strong>.</strong></span> <span class='ocrx_word' id='word_1_277' title='bbox 1294 2274 1307 2287; x_wconf 91' lang='grc'><strong>.</strong></span> <span class='ocrx_word' id='word_1_278' title='bbox 1346 2275 1359 2286; x_wconf 93' lang='grc'><strong><em>.</em></strong></span> <span class='ocrx_word' id='word_1_279' title='bbox 1405 2235 1613 2309; x_wconf 84' lang='grc' dir='ltr'>ὡρίσθη</span> <span class='ocrx_word' id='word_1_280' title='bbox 1648 2255 1754 2307; x_wconf 88' lang='grc' dir='ltr'><strong>τῳ-</strong></span> 
     </span>
    </p>
   </div>
   <div class='ocr_carea' id='block_1_37' title="bbox 189 2312 1748 2387">
    <p class='ocr_par' dir='ltr' id='par_1_37' title="bbox 189 2312 1748 2387">
     <span class='ocr_line' id='line_1_37' title="bbox 189 2312 1748 2387; baseline 0.012 -22"><span class='ocrx_word' id='word_1_281' title='bbox 189 2312 298 2366; x_wconf 76' lang='grc' dir='ltr'>τότε</span> <span class='ocrx_word' id='word_1_282' title='bbox 324 2319 521 2387; x_wconf 77' lang='grc' dir='ltr'>τροφή,</span> <span class='ocrx_word' id='word_1_283' title='bbox 577 2336 596 2367; x_wconf 83' lang='grc' dir='ltr'><strong>ι</strong></span> <span class='ocrx_word' id='word_1_284' title='bbox 628 2318 824 2373; x_wconf 84' lang='lat' dir='ltr'><strong>Eadem</strong></span> <span class='ocrx_word' id='word_1_285' title='bbox 886 2332 1009 2377; x_wconf 89' lang='lat' dir='ltr'><strong>tunc</strong></span> <span class='ocrx_word' id='word_1_286' title='bbox 1060 2324 1314 2382; x_wconf 88' lang='lat' dir='ltr'><strong>alimonia</strong></span> <span class='ocrx_word' id='word_1_287' title='bbox 1377 2334 1689 2386; x_wconf 87' lang='lat' dir='ltr'><strong>constituta.</strong></span> <span class='ocrx_word' id='word_1_288' title='bbox 1731 2353 1748 2384; x_wconf 79' lang='grc' dir='ltr'><strong>ι</strong></span> 
     </span>
    </p>
   </div>
   <div class='ocr_carea' id='block_1_38' title="bbox 190 2404 1757 2488">
    <p class='ocr_par' dir='ltr' id='par_1_38' title="bbox 190 2404 1757 2488">
     <span class='ocr_line' id='line_1_38' title="bbox 190 2404 1757 2488; baseline 0.013 -31"><span class='ocrx_word' id='word_1_289' title='bbox 190 2404 401 2462; x_wconf 87' lang='lat' dir='ltr'><strong>Basilius</strong></span> <span class='ocrx_word' id='word_1_290' title='bbox 435 2411 645 2478; x_wconf 86' lang='lat' dir='ltr'><strong>passim</strong></span> <span class='ocrx_word' id='word_1_291' title='bbox 676 2414 863 2469; x_wconf 83' lang='lat' dir='ltr'><strong>scribit</strong></span> <span class='ocrx_word' id='word_1_292' title='bbox 893 2415 1035 2483; x_wconf 84' lang='grc' dir='ltr'>τότε,</span> <span class='ocrx_word' id='word_1_293' title='bbox 1070 2434 1362 2488; x_wconf 86' lang='lat' dir='ltr'><strong>nunquam,</strong></span> <span class='ocrx_word' id='word_1_294' title='bbox 1400 2424 1499 2476; x_wconf 90' lang='lat' dir='ltr'><strong>nisi</strong></span> <span class='ocrx_word' id='word_1_295' title='bbox 1538 2440 1623 2477; x_wconf 89' lang='lat' dir='ltr'><strong>me</strong></span> <span class='ocrx_word' id='word_1_296' title='bbox 1658 2426 1757 2478; x_wconf 85' lang='lat' dir='ltr'><strong>fal-</strong></span> 
     </span>
    </p>
   </div>
   <div class='ocr_carea' id='block_1_39' title="bbox 191 2493 1759 2585">
    <p class='ocr_par' dir='ltr' id='par_1_39' title="bbox 191 2493 1759 2585">
     <span class='ocr_line' id='line_1_39' title="bbox 191 2493 1759 2585; baseline 0.015 -42"><span class='ocrx_word' id='word_1_297' title='bbox 191 2493 245 2544; x_wconf 91' lang='lat' dir='ltr'><strong>lit</strong></span> <span class='ocrx_word' id='word_1_298' title='bbox 269 2494 505 2559; x_wconf 88' lang='lat' dir='ltr'><strong>animus,</strong></span> <span class='ocrx_word' id='word_1_299' title='bbox 537 2500 762 2568; x_wconf 84' lang='grc' dir='ltr'>τῳτότε.</span> <span class='ocrx_word' id='word_1_300' title='bbox 795 2502 905 2556; x_wconf 92' lang='lat' dir='ltr'><strong>lmo</strong></span> <span class='ocrx_word' id='word_1_301' title='bbox 943 2506 1103 2558; x_wconf 91' lang='lat' dir='ltr'><strong>etiam</strong></span> <span class='ocrx_word' id='word_1_302' title='bbox 1135 2523 1241 2562; x_wconf 89' lang='lat' dir='ltr'><strong>non</strong></span> <span class='ocrx_word' id='word_1_303' title='bbox 1280 2521 1407 2577; x_wconf 91' lang='lat' dir='ltr'><strong>puto</strong></span> <span class='ocrx_word' id='word_1_304' title='bbox 1437 2527 1622 2567; x_wconf 87' lang='lat' dir='ltr'><strong>vocem</strong></span> <span class='ocrx_word' id='word_1_305' title='bbox 1654 2532 1759 2585; x_wconf 83' lang='grc' dir='ltr'><strong>τῳ-</strong></span> 
     </span>
    </p>
   </div>
   <div class='ocr_carea' id='block_1_40' title="bbox 188 2583 1755 2669">
    <p class='ocr_par' dir='ltr' id='par_1_40' title="bbox 188 2583 1755 2669">
     <span class='ocr_line' id='line_1_40' title="bbox 188 2583 1755 2669; baseline 0.019 -36"><span class='ocrx_word' id='word_1_306' title='bbox 188 2583 298 2636; x_wconf 84' lang='grc' dir='ltr'>τότε</span> <span class='ocrx_word' id='word_1_307' title='bbox 326 2590 465 2656; x_wconf 84' lang='lat' dir='ltr'><strong>apud</strong></span> <span class='ocrx_word' id='word_1_308' title='bbox 503 2590 667 2646; x_wconf 88' lang='lat' dir='ltr'><strong>ullum</strong></span> <span class='ocrx_word' id='word_1_309' title='bbox 705 2594 899 2650; x_wconf 90' lang='lat' dir='ltr'><strong>bonum</strong></span> <span class='ocrx_word' id='word_1_310' title='bbox 936 2608 1212 2653; x_wconf 88' lang='lat' dir='ltr'><strong>auctorem</strong></span> <span class='ocrx_word' id='word_1_311' title='bbox 1241 2616 1467 2669; x_wconf 85' lang='lat' dir='ltr'><strong>usquam</strong></span> <span class='ocrx_word' id='word_1_312' title='bbox 1503 2583 1755 2662; x_wconf 81' lang='lat' dir='ltr'><strong>inveniri.</strong></span> 
     </span>
    </p>
   </div>
   <div class='ocr_carea' id='block_1_41' title="bbox 190 2672 1757 2772">
    <p class='ocr_par' dir='ltr' id='par_1_41' title="bbox 190 2672 1757 2772">
     <span class='ocr_line' id='line_1_41' title="bbox 190 2672 1757 2772; baseline 0.031 -47"><span class='ocrx_word' id='word_1_313' title='bbox 190 2672 334 2731; x_wconf 88' lang='lat' dir='ltr'><strong>Num.</strong></span> <span class='ocrx_word' id='word_1_314' title='bbox 365 2678 439 2736; x_wconf 90' lang='lat'><strong>8:</strong></span> <span class='ocrx_word' id='word_1_315' title='bbox 476 2683 625 2753; x_wconf 79' lang='grc' dir='ltr'>Πρὸς</span> <span class='ocrx_word' id='word_1_316' title='bbox 664 2685 819 2752; x_wconf 81' lang='grc' dir='ltr'>ἀξίαν</span> <span class='ocrx_word' id='word_1_317' title='bbox 845 2689 951 2743; x_wconf 82' lang='grc' dir='ltr'><strong>τῶν</strong></span> <span class='ocrx_word' id='word_1_318' title='bbox 993 2692 1403 2763; x_wconf 74' lang='grc' dir='ltr'><strong>ἁμαρτημάτων</strong></span> <span class='ocrx_word' id='word_1_319' title='bbox 1429 2697 1757 2772; x_wconf 79' lang='grc' dir='ltr'>ἀντιμέτρη-</span> 
     </span>
    </p>
   </div>
   <div class='ocr_carea' id='block_1_42' title="bbox 193 2773 1760 2850">
    <p class='ocr_par' dir='ltr' id='par_1_42' title="bbox 193 2773 1760 2850">
     <span class='ocr_line' id='line_1_42' title="bbox 193 2773 1760 2850; baseline 0.018 -31"><span class='ocrx_word' id='word_1_320' title='bbox 193 2784 268 2833; x_wconf 78' lang='grc' dir='ltr'><strong>σις</strong></span> <span class='ocrx_word' id='word_1_321' title='bbox 314 2773 406 2826; x_wconf 72' lang='grc' dir='ltr'>καὶ</span> <span class='ocrx_word' id='word_1_322' title='bbox 460 2776 856 2849; x_wconf 73' lang='grc' dir='ltr'><strong>ἀντισήκωσις,</strong></span> <span class='ocrx_word' id='word_1_323' title='bbox 923 2802 941 2835; x_wconf 83' lang='grc' dir='ltr'><strong>ι</strong></span> <span class='ocrx_word' id='word_1_324' title='bbox 971 2784 1120 2839; x_wconf 86' lang='lat' dir='ltr'><strong>Justa</strong></span> <span class='ocrx_word' id='word_1_325' title='bbox 1173 2788 1435 2843; x_wconf 89' lang='lat' dir='ltr'><strong>scelerum</strong></span> <span class='ocrx_word' id='word_1_326' title='bbox 1476 2794 1760 2850; x_wconf 71' lang='lat' dir='ltr'><strong>retributio</strong></span> 
     </span>
    </p>
   </div>
   <div class='ocr_carea' id='block_1_43' title="bbox 192 2866 1761 2943">
    <p class='ocr_par' dir='ltr' id='par_1_43' title="bbox 192 2866 1761 2943">
     <span class='ocr_line' id='line_1_43' title="bbox 192 2866 1761 2943; baseline 0.015 -30"><span class='ocrx_word' id='word_1_327' title='bbox 192 2876 437 2935; x_wconf 61' lang='lat' dir='ltr'><strong>aequaque</strong></span> <span class='ocrx_word' id='word_1_328' title='bbox 481 2866 637 2923; x_wconf 88' lang='lat' dir='ltr'><strong>lance</strong></span> <span class='ocrx_word' id='word_1_329' title='bbox 682 2874 947 2940; x_wconf 87' lang='lat' dir='ltr'><strong>repensio.</strong></span> <span class='ocrx_word' id='word_1_330' title='bbox 978 2895 996 2927; x_wconf 75' lang='grc' dir='ltr'><strong>ι</strong></span> <span class='ocrx_word' id='word_1_331' title='bbox 1028 2876 1145 2933; x_wconf 80' lang='lat' dir='ltr'><strong>Alio</strong></span> <span class='ocrx_word' id='word_1_332' title='bbox 1170 2879 1451 2943; x_wconf 85' lang='lat' dir='ltr'><strong>vocabulo,</strong></span> <span class='ocrx_word' id='word_1_333' title='bbox 1487 2896 1592 2935; x_wconf 92' lang='lat' dir='ltr'><strong>non</strong></span> <span class='ocrx_word' id='word_1_334' title='bbox 1628 2897 1761 2937; x_wconf 79' lang='lat' dir='ltr'><strong>voce</strong></span> 
     </span>
    </p>
   </div>
   <div class='ocr_carea' id='block_1_44' title="bbox 193 2954 1757 3029">
    <p class='ocr_par' dir='ltr' id='par_1_44' title="bbox 193 2954 1757 3029">
     <span class='ocr_line' id='line_1_44' title="bbox 193 2954 1757 3029; baseline 0.016 -26"><span class='ocrx_word' id='word_1_335' title='bbox 193 2954 571 3026; x_wconf 80' lang='grc' dir='ltr'><strong>ἀντισήκωσις,</strong></span> <span class='ocrx_word' id='word_1_336' title='bbox 600 2968 728 3027; x_wconf 88' lang='lat' dir='ltr'><strong>pulo</strong></span> <span class='ocrx_word' id='word_1_337' title='bbox 757 2977 974 3019; x_wconf 89' lang='lat' dir='ltr'><strong>usurum</strong></span> <span class='ocrx_word' id='word_1_338' title='bbox 1009 2966 1171 3021; x_wconf 86' lang='lat' dir='ltr'><strong>fuisse</strong></span> <span class='ocrx_word' id='word_1_339' title='bbox 1194 2968 1467 3023; x_wconf 82' lang='lat' dir='ltr'><strong>Basilium.</strong></span> <span class='ocrx_word' id='word_1_340' title='bbox 1502 2970 1661 3029; x_wconf 89' lang='lat' dir='ltr'><strong>Num.</strong></span> <span class='ocrx_word' id='word_1_341' title='bbox 1692 2974 1757 3028; x_wconf 89' lang='lat'><strong>9:</strong></span> 
     </span>
    </p>
   </div>
   <div class='ocr_carea' id='block_1_45' title="bbox 192 3041 1761 3129">
    <p class='ocr_par' dir='ltr' id='par_1_45' title="bbox 192 3041 1761 3129">
     <span class='ocr_line' id='line_1_45' title="bbox 192 3041 1761 3129; baseline 0.015 -37"><span class='ocrx_word' id='word_1_342' title='bbox 192 3041 270 3111; x_wconf 78' lang='grc' dir='ltr'><strong>Τῷ</strong></span> <span class='ocrx_word' id='word_1_343' title='bbox 302 3043 414 3114; x_wconf 75' lang='grc' dir='ltr'>ἰδίῳ</span> <span class='ocrx_word' id='word_1_344' title='bbox 442 3046 608 3117; x_wconf 82' lang='grc' dir='ltr'>βάρει</span> <span class='ocrx_word' id='word_1_345' title='bbox 634 3048 741 3103; x_wconf 85' lang='grc' dir='ltr'><strong>τῶν</strong></span> <span class='ocrx_word' id='word_1_346' title='bbox 776 3052 1185 3125; x_wconf 75' lang='grc' dir='ltr'><strong>ἁμαρτημάτων</strong></span> <span class='ocrx_word' id='word_1_347' title='bbox 1212 3058 1581 3129; x_wconf 82' lang='grc' dir='ltr'>πεπεδημένοι</span> <span class='ocrx_word' id='word_1_348' title='bbox 1612 3060 1761 3114; x_wconf 81' lang='grc' dir='ltr'>κάτω</span> 
     </span>
    </p>
   </div>
   <div class='ocr_carea' id='block_1_46' title="bbox 192 3135 1761 3217">
    <p class='ocr_par' dir='ltr' id='par_1_46' title="bbox 192 3135 1761 3217">
     <span class='ocr_line' id='line_1_46' title="bbox 192 3135 1761 3217; baseline 0.014 -33"><span class='ocrx_word' id='word_1_349' title='bbox 192 3135 458 3203; x_wconf 78' lang='grc' dir='ltr'>πεσόντες,</span> <span class='ocrx_word' id='word_1_350' title='bbox 498 3141 705 3195; x_wconf 84' lang='grc' dir='ltr'>κεῖνται</span> <span class='ocrx_word' id='word_1_351' title='bbox 740 3143 1158 3215; x_wconf 80' lang='grc' dir='ltr'>δυσσυνείδητοι,</span> <span class='ocrx_word' id='word_1_352' title='bbox 1208 3166 1226 3199; x_wconf 80' lang='grc' dir='ltr'><strong>ι</strong></span> <span class='ocrx_word' id='word_1_353' title='bbox 1248 3144 1601 3205; x_wconf 87' lang='lat' dir='ltr'><strong>Peccatorum</strong></span> <span class='ocrx_word' id='word_1_354' title='bbox 1639 3168 1761 3217; x_wconf 56' lang='lat' dir='ltr'><strong>pro-</strong></span> 
     </span>
    </p>
   </div>
   <div class='ocr_carea' id='block_1_47' title="bbox 194 3225 1757 3310">
    <p class='ocr_par' dir='ltr' id='par_1_47' title="bbox 194 3225 1757 3310">
     <span class='ocr_line' id='line_1_47' title="bbox 194 3225 1757 3310; baseline 0.013 -34"><span class='ocrx_word' id='word_1_355' title='bbox 194 3225 299 3292; x_wconf 91' lang='lat' dir='ltr'><strong>prio</strong></span> <span class='ocrx_word' id='word_1_356' title='bbox 329 3229 575 3296; x_wconf 89' lang='lat' dir='ltr'><strong>pondere</strong></span> <span class='ocrx_word' id='word_1_357' title='bbox 622 3236 893 3302; x_wconf 69' lang='lat' dir='ltr'><strong>praepediti</strong></span> <span class='ocrx_word' id='word_1_358' title='bbox 925 3236 989 3288; x_wconf 85' lang='lat' dir='ltr'><strong>ad</strong></span> <span class='ocrx_word' id='word_1_359' title='bbox 1030 3235 1241 3292; x_wconf 87' lang='lat' dir='ltr'><strong>inferna</strong></span> <span class='ocrx_word' id='word_1_360' title='bbox 1292 3241 1582 3306; x_wconf 88' lang='lat' dir='ltr'><strong>cadentes,</strong></span> <span class='ocrx_word' id='word_1_361' title='bbox 1605 3242 1757 3310; x_wconf 86' lang='lat' dir='ltr'><strong>jace-</strong></span> 
     </span>
    </p>
   </div>
   <div class='ocr_carea' id='block_1_48' title="bbox 194 3300 1829 3401">
    <p class='ocr_par' dir='ltr' id='par_1_48' title="bbox 194 3300 1829 3401">
     <span class='ocr_line' id='line_1_48' title="bbox 194 3300 1829 3401; baseline 0.013 -33"><span class='ocrx_word' id='word_1_362' title='bbox 194 3317 335 3383; x_wconf 88' lang='lat' dir='ltr'><strong>hunt,</strong></span> <span class='ocrx_word' id='word_1_363' title='bbox 372 3321 497 3392; x_wconf 91' lang='lat' dir='ltr'><strong>ipso</strong></span> <span class='ocrx_word' id='word_1_364' title='bbox 520 3300 868 3379; x_wconf 66' lang='lat' dir='ltr'><strong>conscientia:</strong></span> <span class='ocrx_word' id='word_1_365' title='bbox 906 3326 1215 3395; x_wconf 75' lang='lat' dir='ltr'><strong>praeiudicio</strong></span> <span class='ocrx_word' id='word_1_366' title='bbox 1244 3332 1478 3388; x_wconf 88' lang='lat' dir='ltr'><strong>confusi.</strong></span> <span class='ocrx_word' id='word_1_367' title='bbox 1521 3353 1539 3385; x_wconf 77' lang='grc' dir='ltr'><strong>ι</strong></span> <span class='ocrx_word' id='word_1_368' title='bbox 1570 3300 1757 3401; x_wconf 41' lang='grc' dir='ltr'><strong>’ρυἰιι-</strong></span> <span class='ocrx_word' id='word_1_369' title='bbox 1787 3300 1829 3356; x_wconf 77' lang='lat' dir='ltr'><strong>C</strong></span> 
     </span>
    </p>
   </div>
   <div class='ocr_carea' id='block_1_49' title="bbox 193 3409 1755 3494">
    <p class='ocr_par' dir='ltr' id='par_1_49' title="bbox 193 3409 1755 3494">
     <span class='ocr_line' id='line_1_49' title="bbox 193 3409 1755 3494; baseline 0.008 -31"><span class='ocrx_word' id='word_1_370' title='bbox 193 3409 266 3463; x_wconf 81' lang='lat' dir='ltr'><strong>vis</strong></span> <span class='ocrx_word' id='word_1_371' title='bbox 295 3414 498 3480; x_wconf 81' lang='lat' dir='ltr'><strong>potius,</strong></span> <span class='ocrx_word' id='word_1_372' title='bbox 546 3431 705 3485; x_wconf 89' lang='lat' dir='ltr'><strong>quam</strong></span> <span class='ocrx_word' id='word_1_373' title='bbox 771 3430 828 3475; x_wconf 90' lang='lat' dir='ltr'><strong>ut</strong></span> <span class='ocrx_word' id='word_1_374' title='bbox 886 3418 1063 3474; x_wconf 70' lang='lat' dir='ltr'><strong>fatear</strong></span> <span class='ocrx_word' id='word_1_375' title='bbox 1112 3437 1297 3478; x_wconf 89' lang='lat' dir='ltr'><strong>vocem</strong></span> <span class='ocrx_word' id='word_1_376' title='bbox 1357 3422 1755 3494; x_wconf 76' lang='grc' dir='ltr'>δυσσυνείδητοι</span> 
     </span>
    </p>
   </div>
   <div class='ocr_carea' id='block_1_50' title="bbox 194 3500 1755 3569">
    <p class='ocr_par' dir='ltr' id='par_1_50' title="bbox 194 3500 1755 3569">
     <span class='ocr_line' id='line_1_50' title="bbox 194 3500 1755 3569; baseline 0.01 -15"><span class='ocrx_word' id='word_1_377' title='bbox 194 3500 515 3561; x_wconf 86' lang='lat' dir='ltr'><strong>Basilianam</strong></span> <span class='ocrx_word' id='word_1_378' title='bbox 543 3522 681 3563; x_wconf 89' lang='lat' dir='ltr'><strong>esse.</strong></span> <span class='ocrx_word' id='word_1_379' title='bbox 719 3509 830 3564; x_wconf 93' lang='lat' dir='ltr'><strong>lmo</strong></span> <span class='ocrx_word' id='word_1_380' title='bbox 866 3520 969 3565; x_wconf 89' lang='lat' dir='ltr'><strong>tam</strong></span> <span class='ocrx_word' id='word_1_381' title='bbox 1004 3513 1218 3569; x_wconf 81' lang='lat' dir='ltr'><strong>insolita</strong></span> <span class='ocrx_word' id='word_1_382' title='bbox 1250 3516 1382 3568; x_wconf 86' lang='lat' dir='ltr'><strong>mihi</strong></span> <span class='ocrx_word' id='word_1_383' title='bbox 1417 3517 1628 3569; x_wconf 85' lang='lat' dir='ltr'><strong>videtur</strong></span> <span class='ocrx_word' id='word_1_384' title='bbox 1655 3532 1755 3569; x_wconf 83' lang='lat' dir='ltr'><strong>vox</strong></span> 
     </span>
    </p>
   </div>
   <div class='ocr_carea' id='block_1_51' title="bbox 195 3592 1757 3673">
    <p class='ocr_par' dir='ltr' id='par_1_51' title="bbox 195 3592 1757 3673">
     <span class='ocr_line' id='line_1_51' title="bbox 195 3592 1757 3673; baseline 0.012 -30"><span class='ocrx_word' id='word_1_385' title='bbox 195 3592 373 3656; x_wconf 90' lang='lat' dir='ltr'><strong>illa,ut</strong></span> <span class='ocrx_word' id='word_1_386' title='bbox 393 3597 561 3653; x_wconf 86' lang='lat' dir='ltr'><strong>valde</strong></span> <span class='ocrx_word' id='word_1_387' title='bbox 587 3599 877 3656; x_wconf 87' lang='lat' dir='ltr'><strong>admodum</strong></span> <span class='ocrx_word' id='word_1_388' title='bbox 908 3603 1146 3657; x_wconf 85' lang='lat' dir='ltr'><strong>dubitem</strong></span> <span class='ocrx_word' id='word_1_389' title='bbox 1182 3618 1249 3656; x_wconf 90' lang='lat' dir='ltr'><strong>an</strong></span> <span class='ocrx_word' id='word_1_390' title='bbox 1275 3604 1341 3657; x_wconf 87' lang='lat' dir='ltr'><strong>ab</strong></span> <span class='ocrx_word' id='word_1_391' title='bbox 1365 3604 1477 3657; x_wconf 93' lang='lat' dir='ltr'><strong>ullo</strong></span> <span class='ocrx_word' id='word_1_392' title='bbox 1508 3605 1757 3673; x_wconf 88' lang='lat' dir='ltr'><strong>locupleti</strong></span> 
     </span>
    </p>
   </div>
   <div class='ocr_carea' id='block_1_52' title="bbox 194 3691 1756 3771">
    <p class='ocr_par' dir='ltr' id='par_1_52' title="bbox 194 3691 1756 3771">
     <span class='ocr_line' id='line_1_52' title="bbox 194 3691 1756 3771; baseline 0.012 -36"><span class='ocrx_word' id='word_1_393' title='bbox 194 3696 401 3743; x_wconf 88' lang='lat' dir='ltr'><strong>auctore</strong></span> <span class='ocrx_word' id='word_1_394' title='bbox 436 3703 675 3759; x_wconf 87' lang='lat' dir='ltr'><strong>unquam</strong></span> <span class='ocrx_word' id='word_1_395' title='bbox 712 3704 962 3762; x_wconf 88' lang='lat' dir='ltr'><strong>usurpata</strong></span> <span class='ocrx_word' id='word_1_396' title='bbox 1009 3694 1098 3746; x_wconf 91' lang='lat' dir='ltr'><strong>sit.</strong></span> <span class='ocrx_word' id='word_1_397' title='bbox 1130 3691 1288 3746; x_wconf 89' lang='lat' dir='ltr'><strong>Num.</strong></span> <span class='ocrx_word' id='word_1_398' title='bbox 1321 3694 1388 3749; x_wconf 78' lang='grc'><strong>10</strong></span> <span class='ocrx_word' id='word_1_399' title='bbox 1417 3713 1430 3748; x_wconf 90' lang='lat'><strong>:</strong></span> <span class='ocrx_word' id='word_1_400' title='bbox 1462 3696 1756 3771; x_wconf 86' lang='grc' dir='ltr'>Συνημμέ-</span> 
     </span>
    </p>
   </div>
   <div class='ocr_carea' id='block_1_53' title="bbox 192 3782 1757 3856">
    <p class='ocr_par' dir='ltr' id='par_1_53' title="bbox 192 3782 1757 3856">
     <span class='ocr_line' id='line_1_53' title="bbox 192 3782 1757 3856; baseline 0.011 -25"><span class='ocrx_word' id='word_1_401' title='bbox 192 3792 286 3840; x_wconf 84' lang='grc' dir='ltr'><strong>νως</strong></span> <span class='ocrx_word' id='word_1_402' title='bbox 314 3782 407 3834; x_wconf 75' lang='grc' dir='ltr'><strong>καὶ</strong></span> <span class='ocrx_word' id='word_1_403' title='bbox 443 3782 890 3852; x_wconf 77' lang='grc' dir='ltr'>ἀμεσολασήτως,</span> <span class='ocrx_word' id='word_1_404' title='bbox 945 3801 964 3834; x_wconf 78' lang='lat' dir='ltr'><strong>t</strong></span> <span class='ocrx_word' id='word_1_405' title='bbox 995 3784 1183 3853; x_wconf 87' lang='lat' dir='ltr'><strong>juncta</strong></span> <span class='ocrx_word' id='word_1_406' title='bbox 1215 3801 1378 3856; x_wconf 88' lang='lat' dir='ltr'><strong>opera</strong></span> <span class='ocrx_word' id='word_1_407' title='bbox 1418 3788 1757 3847; x_wconf 83' lang='lat' dir='ltr'><strong>immediate-</strong></span> 
     </span>
    </p>
   </div>
   <div class='ocr_carea' id='block_1_54' title="bbox 196 3872 1759 3954">
    <p class='ocr_par' dir='ltr' id='par_1_54' title="bbox 196 3872 1759 3954">
     <span class='ocr_line' id='line_1_54' title="bbox 196 3872 1759 3954; baseline 0.013 -37"><span class='ocrx_word' id='word_1_408' title='bbox 196 3880 305 3935; x_wconf 76' lang='lat' dir='ltr'><strong>que.</strong></span> <span class='ocrx_word' id='word_1_409' title='bbox 346 3891 363 3923; x_wconf 72' lang='grc' dir='ltr'><strong>ι</strong></span> <span class='ocrx_word' id='word_1_410' title='bbox 414 3872 623 3939; x_wconf 84' lang='lat' dir='ltr'><strong>Legere</strong></span> <span class='ocrx_word' id='word_1_411' title='bbox 673 3887 778 3925; x_wconf 92' lang='lat' dir='ltr'><strong>non</strong></span> <span class='ocrx_word' id='word_1_412' title='bbox 844 3876 1063 3930; x_wconf 89' lang='lat' dir='ltr'><strong>memini</strong></span> <span class='ocrx_word' id='word_1_413' title='bbox 1116 3892 1303 3933; x_wconf 85' lang='lat' dir='ltr'><strong>vocem</strong></span> <span class='ocrx_word' id='word_1_414' title='bbox 1335 3880 1759 3954; x_wconf 75' lang='grc' dir='ltr'>ἁμεσολαϐήτως</span> 
     </span>
    </p>
   </div>
   <div class='ocr_carea' id='block_1_55' title="bbox 195 3962 1757 4041">
    <p class='ocr_par' dir='ltr' id='par_1_55' title="bbox 195 3962 1757 4041">
     <span class='ocr_line' id='line_1_55' title="bbox 195 3962 1757 4041; baseline 0.013 -32"><span class='ocrx_word' id='word_1_415' title='bbox 195 3972 352 4027; x_wconf 87' lang='lat' dir='ltr'><strong>neque</strong></span> <span class='ocrx_word' id='word_1_416' title='bbox 377 3963 435 4015; x_wconf 87' lang='lat' dir='ltr'><strong>in</strong></span> <span class='ocrx_word' id='word_1_417' title='bbox 480 3962 698 4027; x_wconf 88' lang='lat' dir='ltr'><strong>Basilio,</strong></span> <span class='ocrx_word' id='word_1_418' title='bbox 740 3980 913 4035; x_wconf 90' lang='lat' dir='ltr'><strong>neque</strong></span> <span class='ocrx_word' id='word_1_419' title='bbox 954 3968 1005 4021; x_wconf 93' lang='lat' dir='ltr'><strong>in</strong></span> <span class='ocrx_word' id='word_1_420' title='bbox 1045 3968 1150 4023; x_wconf 89' lang='lat' dir='ltr'><strong>alio</strong></span> <span class='ocrx_word' id='word_1_421' title='bbox 1192 3970 1301 4024; x_wconf 92' lang='lat' dir='ltr'><strong>ullo</strong></span> <span class='ocrx_word' id='word_1_422' title='bbox 1335 3974 1619 4041; x_wconf 87' lang='lat' dir='ltr'><strong>scriptore.</strong></span> <span class='ocrx_word' id='word_1_423' title='bbox 1651 3975 1757 4029; x_wconf 87' lang='lat' dir='ltr'><strong>Eo-</strong></span> 
     </span>
    </p>
   </div>
   <div class='ocr_carea' id='block_1_56' title="bbox 195 4047 1757 4125">
    <p class='ocr_par' dir='ltr' id='par_1_56' title="bbox 195 4047 1757 4125">
     <span class='ocr_line' id='line_1_56' title="bbox 195 4047 1757 4125; baseline 0.01 -25"><span class='ocrx_word' id='word_1_424' title='bbox 195 4047 301 4101; x_wconf 88' lang='lat' dir='ltr'><strong>dem</strong></span> <span class='ocrx_word' id='word_1_425' title='bbox 326 4065 483 4105; x_wconf 90' lang='lat' dir='ltr'><strong>num.</strong></span> <span class='ocrx_word' id='word_1_426' title='bbox 521 4065 625 4106; x_wconf 81' lang='lat' dir='ltr'><strong>vox</strong></span> <span class='ocrx_word' id='word_1_427' title='bbox 654 4054 892 4125; x_wconf 81' lang='grc' dir='ltr'>παρευϐύ</span> <span class='ocrx_word' id='word_1_428' title='bbox 920 4056 1120 4125; x_wconf 89' lang='lat' dir='ltr'><strong>aliquid</strong></span> <span class='ocrx_word' id='word_1_429' title='bbox 1152 4056 1385 4112; x_wconf 90' lang='lat' dir='ltr'><strong>alienum</strong></span> <span class='ocrx_word' id='word_1_430' title='bbox 1418 4070 1593 4114; x_wconf 89' lang='lat' dir='ltr'><strong>sonat.</strong></span> <span class='ocrx_word' id='word_1_431' title='bbox 1652 4059 1757 4115; x_wconf 83' lang='lat' dir='ltr'><strong>lte—</strong></span> 
     </span>
    </p>
   </div>
   <div class='ocr_carea' id='block_1_57' title="bbox 195 4142 1758 4222">
    <p class='ocr_par' dir='ltr' id='par_1_57' title="bbox 195 4142 1758 4222">
     <span class='ocr_line' id='line_1_57' title="bbox 195 4142 1758 4222; baseline 0.01 -32"><span class='ocrx_word' id='word_1_432' title='bbox 195 4153 298 4194; x_wconf 86' lang='lat' dir='ltr'><strong>rum</strong></span> <span class='ocrx_word' id='word_1_433' title='bbox 342 4142 542 4198; x_wconf 84' lang='lat' dir='ltr'><strong>eodem</strong></span> <span class='ocrx_word' id='word_1_434' title='bbox 580 4160 729 4199; x_wconf 88' lang='lat' dir='ltr'><strong>num.</strong></span> <span class='ocrx_word' id='word_1_435' title='bbox 777 4145 865 4212; x_wconf 81' lang='grc' dir='ltr'><strong>Ἐξ</strong></span> <span class='ocrx_word' id='word_1_436' title='bbox 911 4144 1146 4215; x_wconf 83' lang='grc' dir='ltr'>ὑπογύου</span> <span class='ocrx_word' id='word_1_437' title='bbox 1177 4146 1319 4218; x_wconf 76' lang='grc' dir='ltr'>ἔχεις</span> <span class='ocrx_word' id='word_1_438' title='bbox 1346 4147 1406 4200; x_wconf 81' lang='grc' dir='ltr'><strong>τὸ</strong></span> <span class='ocrx_word' id='word_1_439' title='bbox 1460 4148 1758 4222; x_wconf 84' lang='grc' dir='ltr'>ὑπόμνημα</span> 
     </span>
    </p>
   </div>
   <div class='ocr_carea' id='block_1_58' title="bbox 192 4234 1759 4312">
    <p class='ocr_par' dir='ltr' id='par_1_58' title="bbox 192 4234 1759 4312">
     <span class='ocr_line' id='line_1_58' title="bbox 192 4234 1759 4312; baseline 0.005 -23"><span class='ocrx_word' id='word_1_440' title='bbox 192 4234 280 4305; x_wconf 68' lang='grc' dir='ltr'>τῆς</span> <span class='ocrx_word' id='word_1_441' title='bbox 315 4237 514 4291; x_wconf 71' lang='grc' dir='ltr'><strong>ἑαυτοῦ</strong></span> <span class='ocrx_word' id='word_1_442' title='bbox 544 4237 946 4305; x_wconf 80' lang='grc' dir='ltr'>ταπεινώσεως,</span> <span class='ocrx_word' id='word_1_443' title='bbox 1010 4258 1030 4293; x_wconf 76' lang='grc' dir='ltr'><strong>ι</strong></span> <span class='ocrx_word' id='word_1_444' title='bbox 1060 4240 1117 4295; x_wconf 89' lang='lat' dir='ltr'><strong>In</strong></span> <span class='ocrx_word' id='word_1_445' title='bbox 1162 4241 1438 4312; x_wconf 86' lang='lat' dir='ltr'><strong>procinctu</strong></span> <span class='ocrx_word' id='word_1_446' title='bbox 1469 4252 1552 4297; x_wconf 85' lang='lat' dir='ltr'><strong>est</strong></span> <span class='ocrx_word' id='word_1_447' title='bbox 1581 4243 1759 4297; x_wconf 86' lang='lat' dir='ltr'><strong>vilita-</strong></span> 
     </span>
    </p>
   </div>
   <div class='ocr_carea' id='block_1_59' title="bbox 195 4322 1759 4399">
    <p class='ocr_par' dir='ltr' id='par_1_59' title="bbox 195 4322 1759 4399">
     <span class='ocr_line' id='line_1_59' title="bbox 195 4322 1759 4399; baseline 0.01 -26"><span class='ocrx_word' id='word_1_448' title='bbox 195 4322 255 4376; x_wconf 91' lang='lat' dir='ltr'><strong>tis</strong></span> <span class='ocrx_word' id='word_1_449' title='bbox 290 4334 393 4381; x_wconf 67' lang='lat' dir='ltr'><strong>tua:</strong></span> <span class='ocrx_word' id='word_1_450' title='bbox 445 4326 875 4399; x_wconf 85' lang='lat' dir='ltr'><strong>abjectionisque</strong></span> <span class='ocrx_word' id='word_1_451' title='bbox 916 4340 1341 4387; x_wconf 90' lang='lat' dir='ltr'><strong>monumentum.</strong></span> <span class='ocrx_word' id='word_1_452' title='bbox 1382 4349 1400 4381; x_wconf 76' lang='grc' dir='ltr'><strong>ι</strong></span> <span class='ocrx_word' id='word_1_453' title='bbox 1450 4330 1567 4386; x_wconf 82' lang='lat' dir='ltr'><strong>Jam</strong></span> <span class='ocrx_word' id='word_1_454' title='bbox 1606 4342 1759 4389; x_wconf 88' lang='lat' dir='ltr'><strong>nota-</strong></span> 
     </span>
    </p>
   </div>
   <div class='ocr_carea' id='block_1_60' title="bbox 192 4418 1755 4495">
    <p class='ocr_par' dir='ltr' id='par_1_60' title="bbox 192 4418 1755 4495">
     <span class='ocr_line' id='line_1_60' title="bbox 192 4418 1755 4495; baseline 0.01 -29"><span class='ocrx_word' id='word_1_455' title='bbox 192 4418 351 4471; x_wconf 75' lang='lat' dir='ltr'><strong>vimus</strong></span> <span class='ocrx_word' id='word_1_456' title='bbox 379 4420 438 4474; x_wconf 92' lang='lat' dir='ltr'><strong>in</strong></span> <span class='ocrx_word' id='word_1_457' title='bbox 469 4421 716 4475; x_wconf 89' lang='lat' dir='ltr'><strong>oratione</strong></span> <span class='ocrx_word' id='word_1_458' title='bbox 746 4425 940 4491; x_wconf 89' lang='lat' dir='ltr'><strong>prima,</strong></span> <span class='ocrx_word' id='word_1_459' title='bbox 971 4438 1119 4477; x_wconf 91' lang='lat' dir='ltr'><strong>num.</strong></span> <span class='ocrx_word' id='word_1_460' title='bbox 1151 4425 1205 4487; x_wconf 86' lang='lat'><strong>6,</strong></span> <span class='ocrx_word' id='word_1_461' title='bbox 1239 4425 1387 4489; x_wconf 92' lang='lat' dir='ltr'><strong>illud,</strong></span> <span class='ocrx_word' id='word_1_462' title='bbox 1408 4422 1464 4489; x_wconf 79' lang='grc' dir='ltr'>ἐξ</span> <span class='ocrx_word' id='word_1_463' title='bbox 1495 4424 1755 4495; x_wconf 78' lang='grc' dir='ltr'>ὑπογύου,</span> 
     </span>
    </p>
   </div>
   <div class='ocr_carea' id='block_1_61' title="bbox 192 4509 1761 4589">
    <p class='ocr_par' dir='ltr' id='par_1_61' title="bbox 192 4509 1761 4589">
     <span class='ocr_line' id='line_1_61' title="bbox 192 4509 1761 4589; baseline 0.01 -31"><span class='ocrx_word' id='word_1_464' title='bbox 192 4522 217 4559; x_wconf 80' lang='lat' dir='ltr'><strong>a</strong></span> <span class='ocrx_word' id='word_1_465' title='bbox 246 4509 443 4565; x_wconf 86' lang='lat' dir='ltr'><strong>Basilio</strong></span> <span class='ocrx_word' id='word_1_466' title='bbox 475 4512 772 4581; x_wconf 83' lang='lat' dir='ltr'><strong>profectum</strong></span> <span class='ocrx_word' id='word_1_467' title='bbox 814 4532 917 4569; x_wconf 89' lang='lat' dir='ltr'><strong>non</strong></span> <span class='ocrx_word' id='word_1_468' title='bbox 968 4515 1154 4569; x_wconf 90' lang='lat' dir='ltr'><strong>fuisse.</strong></span> <span class='ocrx_word' id='word_1_469' title='bbox 1188 4516 1349 4571; x_wconf 84' lang='lat' dir='ltr'><strong>Num.</strong></span> <span class='ocrx_word' id='word_1_470' title='bbox 1400 4516 1467 4570; x_wconf 69' lang='grc'><strong>12</strong></span> <span class='ocrx_word' id='word_1_471' title='bbox 1520 4519 1600 4573; x_wconf 91' lang='lat' dir='ltr'><strong>sic</strong></span> <span class='ocrx_word' id='word_1_472' title='bbox 1630 4520 1761 4589; x_wconf 80' lang='lat' dir='ltr'><strong>legi-</strong></span> 
     </span>
    </p>
   </div>
   <div class='ocr_carea' id='block_1_62' title="bbox 193 4601 1755 4678">
    <p class='ocr_par' dir='ltr' id='par_1_62' title="bbox 193 4601 1755 4678">
     <span class='ocr_line' id='line_1_62' title="bbox 193 4601 1755 4678; baseline 0.01 -29"><span class='ocrx_word' id='word_1_473' title='bbox 193 4612 337 4654; x_wconf 88' lang='lat' dir='ltr'><strong>mus:</strong></span> <span class='ocrx_word' id='word_1_474' title='bbox 376 4601 503 4653; x_wconf 75' lang='grc' dir='ltr'><strong>Εἴθε</strong></span> <span class='ocrx_word' id='word_1_475' title='bbox 546 4621 635 4671; x_wconf 83' lang='grc' dir='ltr'><strong>μοι</strong></span> <span class='ocrx_word' id='word_1_476' title='bbox 685 4604 935 4658; x_wconf 77' lang='grc' dir='ltr'>τοσοῦτον</span> <span class='ocrx_word' id='word_1_477' title='bbox 978 4606 1190 4678; x_wconf 83' lang='grc' dir='ltr'>σχολῆς,</span> <span class='ocrx_word' id='word_1_478' title='bbox 1251 4607 1387 4662; x_wconf 83' lang='grc' dir='ltr'>ὥστε</span> <span class='ocrx_word' id='word_1_479' title='bbox 1421 4609 1755 4664; x_wconf 76' lang='grc' dir='ltr'>καταλεπτὸν</span> 
     </span>
    </p>
   </div>
   <div class='ocr_carea' id='block_1_63' title="bbox 190 4689 1753 4771">
    <p class='ocr_par' dir='ltr' id='par_1_63' title="bbox 190 4689 1753 4771">
     <span class='ocr_line' id='line_1_63' title="bbox 190 4689 1753 4771; baseline 0.006 -28"><span class='ocrx_word' id='word_1_480' title='bbox 190 4692 271 4743; x_wconf 64' lang='grc' dir='ltr'><strong>καὶ</strong></span> <span class='ocrx_word' id='word_1_481' title='bbox 296 4689 837 4762; x_wconf 71' lang='grc' dir='ltr'>ἁκριὸολογουμὲνως</span> <span class='ocrx_word' id='word_1_482' title='bbox 870 4697 1141 4763; x_wconf 77' lang='grc' dir='ltr'>ὑποδεῖξαί</span> <span class='ocrx_word' id='word_1_483' title='bbox 1187 4715 1266 4751; x_wconf 88' lang='grc' dir='ltr'><strong>σοι</strong></span> <span class='ocrx_word' id='word_1_484' title='bbox 1295 4699 1391 4770; x_wconf 82' lang='grc' dir='ltr'>τὴν</span> <span class='ocrx_word' id='word_1_485' title='bbox 1420 4697 1511 4752; x_wconf 80' lang='grc' dir='ltr'>τοῦ</span> <span class='ocrx_word' id='word_1_486' title='bbox 1541 4700 1753 4771; x_wconf 80' lang='grc' dir='ltr'>ἀνθρώ-</span> 
     </span>
    </p>
   </div>
   <div class='ocr_carea' id='block_1_64' title="bbox 189 4785 1757 4861">
    <p class='ocr_par' dir='ltr' id='par_1_64' title="bbox 189 4785 1757 4861">
     <span class='ocr_line' id='line_1_64' title="bbox 189 4785 1757 4861; baseline 0.006 -26"><span class='ocrx_word' id='word_1_487' title='bbox 189 4796 281 4837; x_wconf 60' lang='lat' dir='ltr'><strong>me</strong></span> <span class='ocrx_word' id='word_1_488' title='bbox 323 4785 717 4855; x_wconf 80' lang='grc' dir='ltr'>κατασκευήνί</span> <span class='ocrx_word' id='word_1_489' title='bbox 754 4802 771 4834; x_wconf 80' lang='grc' dir='ltr'><strong>ι</strong></span> <span class='ocrx_word' id='word_1_490' title='bbox 812 4787 985 4853; x_wconf 81' lang='lat' dir='ltr'><strong>Atque</strong></span> <span class='ocrx_word' id='word_1_491' title='bbox 1006 4791 1210 4843; x_wconf 90' lang='lat' dir='ltr'><strong>utinam</strong></span> <span class='ocrx_word' id='word_1_492' title='bbox 1242 4799 1447 4845; x_wconf 87' lang='lat' dir='ltr'><strong>tantum</strong></span> <span class='ocrx_word' id='word_1_493' title='bbox 1482 4792 1608 4846; x_wconf 88' lang='lat' dir='ltr'><strong>mihi</strong></span> <span class='ocrx_word' id='word_1_494' title='bbox 1631 4809 1757 4861; x_wconf 90' lang='lat' dir='ltr'><strong>sup-</strong></span> 
     </span>
    </p>
   </div>
   <div class='ocr_carea' id='block_1_65' title="bbox 192 4878 1754 4953">
    <p class='ocr_par' dir='ltr' id='par_1_65' title="bbox 192 4878 1754 4953">
     <span class='ocr_line' id='line_1_65' title="bbox 192 4878 1754 4953; baseline 0.007 -26"><span class='ocrx_word' id='word_1_495' title='bbox 192 4884 393 4941; x_wconf 82' lang='lat' dir='ltr'><strong>peteret</strong></span> <span class='ocrx_word' id='word_1_496' title='bbox 434 4878 555 4941; x_wconf 87' lang='lat' dir='ltr'><strong>otii,</strong></span> <span class='ocrx_word' id='word_1_497' title='bbox 596 4887 653 4932; x_wconf 89' lang='lat' dir='ltr'><strong>ut</strong></span> <span class='ocrx_word' id='word_1_498' title='bbox 684 4878 863 4933; x_wconf 90' lang='lat' dir='ltr'><strong>subtili</strong></span> <span class='ocrx_word' id='word_1_499' title='bbox 896 4888 949 4934; x_wconf 91' lang='lat' dir='ltr'><strong>et</strong></span> <span class='ocrx_word' id='word_1_500' title='bbox 978 4890 1229 4936; x_wconf 87' lang='lat' dir='ltr'><strong>accurata</strong></span> <span class='ocrx_word' id='word_1_501' title='bbox 1262 4884 1625 4953; x_wconf 89' lang='lat' dir='ltr'><strong>disputatione</strong></span> <span class='ocrx_word' id='word_1_502' title='bbox 1655 4885 1754 4938; x_wconf 90' lang='lat' dir='ltr'><strong>ho-</strong></span> 
     </span>
    </p>
   </div>
   <div class='ocr_carea' id='block_1_66' title="bbox 194 4964 1755 5029">
    <p class='ocr_par' dir='ltr' id='par_1_66' title="bbox 194 4964 1755 5029">
     <span class='ocr_line' id='line_1_66' title="bbox 194 4964 1755 5029; baseline 0.007 -14"><span class='ocrx_word' id='word_1_503' title='bbox 194 4964 342 5020; x_wconf 88' lang='lat' dir='ltr'><strong>tninis</strong></span> <span class='ocrx_word' id='word_1_504' title='bbox 360 4965 553 5021; x_wconf 87' lang='lat' dir='ltr'><strong>liceret</strong></span> <span class='ocrx_word' id='word_1_505' title='bbox 576 4967 888 5025; x_wconf 78' lang='lat' dir='ltr'><strong>facultatem</strong></span> <span class='ocrx_word' id='word_1_506' title='bbox 908 4970 1344 5028; x_wconf 88' lang='lat' dir='ltr'><strong>submonstrare!</strong></span> <span class='ocrx_word' id='word_1_507' title='bbox 1374 4994 1391 5025; x_wconf 78' lang='grc' dir='ltr'><strong>ι</strong></span> <span class='ocrx_word' id='word_1_508' title='bbox 1407 4973 1573 5029; x_wconf 91' lang='lat' dir='ltr'><strong>Voces</strong></span> <span class='ocrx_word' id='word_1_509' title='bbox 1595 4990 1755 5027; x_wconf 79' lang='grc' dir='ltr'>κατα-</span> 
     </span>
    </p>
   </div>
   <div class='ocr_carea' id='block_1_67' title="bbox 190 5057 1755 5134">
    <p class='ocr_par' dir='ltr' id='par_1_67' title="bbox 190 5057 1755 5134">
     <span class='ocr_line' id='line_1_67' title="bbox 190 5057 1755 5134; baseline 0.007 -25"><span class='ocrx_word' id='word_1_510' title='bbox 190 5057 372 5113; x_wconf 83' lang='grc' dir='ltr'>λεπτὸν</span> <span class='ocrx_word' id='word_1_511' title='bbox 423 5058 518 5111; x_wconf 71' lang='grc' dir='ltr'><strong>καὶ</strong></span> <span class='ocrx_word' id='word_1_512' title='bbox 567 5060 1104 5134; x_wconf 74' lang='grc' dir='ltr'>ἀκριϐολογουμένως</span> <span class='ocrx_word' id='word_1_513' title='bbox 1155 5078 1261 5117; x_wconf 91' lang='lat' dir='ltr'><strong>non</strong></span> <span class='ocrx_word' id='word_1_514' title='bbox 1289 5067 1535 5119; x_wconf 84' lang='lat' dir='ltr'><strong>videntur</strong></span> <span class='ocrx_word' id='word_1_515' title='bbox 1571 5065 1755 5121; x_wconf 84' lang='lat' dir='ltr'><strong>Basilii</strong></span> 
     </span>
    </p>
   </div>
   <div class='ocr_carea' id='block_1_68' title="bbox 190 5151 1749 5230">
    <p class='ocr_par' dir='ltr' id='par_1_68' title="bbox 190 5151 1749 5230">
     <span class='ocr_line' id='line_1_68' title="bbox 190 5151 1749 5230; baseline 0.006 -27"><span class='ocrx_word' id='word_1_516' title='bbox 190 5163 316 5207; x_wconf 85' lang='lat' dir='ltr'><strong>esse.</strong></span> <span class='ocrx_word' id='word_1_517' title='bbox 350 5151 513 5208; x_wconf 85' lang='lat' dir='ltr'><strong>Num.</strong></span> <span class='ocrx_word' id='word_1_518' title='bbox 551 5151 620 5206; x_wconf 74' lang='lat' dir='ltr'><strong>H</strong></span> <span class='ocrx_word' id='word_1_519' title='bbox 668 5171 682 5208; x_wconf 90' lang='lat'><strong>:</strong></span> <span class='ocrx_word' id='word_1_520' title='bbox 740 5152 929 5209; x_wconf 81' lang='grc' dir='ltr'>Ὁπότε</span> <span class='ocrx_word' id='word_1_521' title='bbox 988 5158 1081 5210; x_wconf 75' lang='grc' dir='ltr'><strong>καὶ</strong></span> <span class='ocrx_word' id='word_1_522' title='bbox 1133 5158 1475 5230; x_wconf 74' lang='grc' dir='ltr'>ἰσχυρότερος</span> <span class='ocrx_word' id='word_1_523' title='bbox 1522 5160 1749 5228; x_wconf 81' lang='grc' dir='ltr'>γίνεται,</span> 
     </span>
    </p>
   </div>
   <div class='ocr_carea' id='block_1_69' title="bbox 190 5240 1755 5321">
    <p class='ocr_par' dir='ltr' id='par_1_69' title="bbox 190 5240 1755 5321">
     <span class='ocr_line' id='line_1_69' title="bbox 190 5240 1755 5321; baseline 0.01 -28"><span class='ocrx_word' id='word_1_524' title='bbox 190 5240 352 5298; x_wconf 80' lang='grc' dir='ltr'>εἴτουν</span> <span class='ocrx_word' id='word_1_525' title='bbox 377 5245 784 5319; x_wconf 80' lang='grc' dir='ltr'>ὲνεργέστερος,</span> <span class='ocrx_word' id='word_1_526' title='bbox 848 5266 866 5299; x_wconf 79' lang='grc' dir='ltr'><strong>ι</strong></span> <span class='ocrx_word' id='word_1_527' title='bbox 902 5247 1066 5317; x_wconf 87' lang='lat' dir='ltr'><strong>Cujus</strong></span> <span class='ocrx_word' id='word_1_528' title='bbox 1095 5250 1299 5305; x_wconf 86' lang='lat' dir='ltr'><strong>scilicet</strong></span> <span class='ocrx_word' id='word_1_529' title='bbox 1358 5252 1530 5321; x_wconf 88' lang='lat' dir='ltr'><strong>major</strong></span> <span class='ocrx_word' id='word_1_530' title='bbox 1582 5254 1661 5308; x_wconf 88' lang='lat' dir='ltr'><strong>vis</strong></span> <span class='ocrx_word' id='word_1_531' title='bbox 1693 5270 1755 5308; x_wconf 89' lang='lat' dir='ltr'><strong>ac</strong></span> 
     </span>
    </p>
   </div>
   <div class='ocr_carea' id='block_1_70' title="bbox 190 5334 1752 5418">
    <p class='ocr_par' dir='ltr' id='par_1_70' title="bbox 190 5334 1752 5418">
     <span class='ocr_line' id='line_1_70' title="bbox 190 5334 1752 5418; baseline 0.008 -31"><span class='ocrx_word' id='word_1_532' title='bbox 190 5334 447 5393; x_wconf 76' lang='lat' dir='ltr'><strong>eﬁicacior</strong></span> <span class='ocrx_word' id='word_1_533' title='bbox 468 5342 561 5394; x_wconf 89' lang='lat' dir='ltr'><strong>sit.</strong></span> <span class='ocrx_word' id='word_1_534' title='bbox 595 5358 612 5391; x_wconf 73' lang='grc' dir='ltr'><strong>ι</strong></span> <span class='ocrx_word' id='word_1_535' title='bbox 646 5340 870 5396; x_wconf 87' lang='lat' dir='ltr'><strong>Etnum.</strong></span> <span class='ocrx_word' id='word_1_536' title='bbox 907 5342 971 5395; x_wconf 81' lang='lat' dir='ltr'><strong>t7</strong></span> <span class='ocrx_word' id='word_1_537' title='bbox 999 5344 1139 5397; x_wconf 69' lang='lat' dir='ltr'><strong>:Kat</strong></span> <span class='ocrx_word' id='word_1_538' title='bbox 1159 5342 1379 5415; x_wconf 75' lang='grc' dir='ltr'>Θριγγδν</span> <span class='ocrx_word' id='word_1_539' title='bbox 1409 5348 1545 5418; x_wconf 83' lang='grc' dir='ltr'>αὐτῇ</span> <span class='ocrx_word' id='word_1_540' title='bbox 1577 5346 1752 5402; x_wconf 77' lang='grc' dir='ltr'>τοιοῦ-</span> 
     </span>
    </p>
   </div>
   <div class='ocr_carea' id='block_1_71' title="bbox 190 5430 1748 5504">
    <p class='ocr_par' dir='ltr' id='par_1_71' title="bbox 190 5430 1748 5504">
     <span class='ocr_line' id='line_1_71' title="bbox 190 5430 1748 5504; baseline 0.01 -25"><span class='ocrx_word' id='word_1_541' title='bbox 190 5442 267 5481; x_wconf 82' lang='grc' dir='ltr'><strong>τον</strong></span> <span class='ocrx_word' id='word_1_542' title='bbox 291 5430 632 5501; x_wconf 71' lang='grc' dir='ltr'>περιϐαλεῖν,</span> <span class='ocrx_word' id='word_1_543' title='bbox 673 5451 693 5482; x_wconf 78' lang='grc' dir='ltr'><strong>ι</strong></span> <span class='ocrx_word' id='word_1_544' title='bbox 734 5432 1196 5504; x_wconf 80' lang='lat' dir='ltr'><strong>Circnmjectaque</strong></span> <span class='ocrx_word' id='word_1_545' title='bbox 1252 5441 1589 5494; x_wconf 89' lang='lat' dir='ltr'><strong>communire</strong></span> <span class='ocrx_word' id='word_1_546' title='bbox 1629 5456 1748 5493; x_wconf 88' lang='lat' dir='ltr'><strong>ma-</strong></span> 
     </span>
    </p>
   </div>
   <div class='ocr_carea' id='block_1_72' title="bbox 189 5521 1750 5598">
    <p class='ocr_par' dir='ltr' id='par_1_72' title="bbox 189 5521 1750 5598">
     <span class='ocr_line' id='line_1_72' title="bbox 189 5521 1750 5598; baseline 0.008 -24"><span class='ocrx_word' id='word_1_547' title='bbox 189 5523 341 5577; x_wconf 79' lang='lat' dir='ltr'><strong>ceria.</strong></span> <span class='ocrx_word' id='word_1_548' title='bbox 366 5541 385 5574; x_wconf 74' lang='grc' dir='ltr'><strong>ο</strong></span> <span class='ocrx_word' id='word_1_549' title='bbox 418 5521 572 5587; x_wconf 84' lang='lat' dir='ltr'><strong>Illud,</strong></span> <span class='ocrx_word' id='word_1_550' title='bbox 610 5525 811 5588; x_wconf 82' lang='grc' dir='ltr'>εῐτουν,</span> <span class='ocrx_word' id='word_1_551' title='bbox 842 5538 871 5577; x_wconf 89' lang='lat' dir='ltr'><strong>a</strong></span> <span class='ocrx_word' id='word_1_552' title='bbox 902 5521 1115 5590; x_wconf 81' lang='lat' dir='ltr'><strong>Basilio,</strong></span> <span class='ocrx_word' id='word_1_553' title='bbox 1138 5530 1277 5597; x_wconf 87' lang='lat' dir='ltr'><strong>quod</strong></span> <span class='ocrx_word' id='word_1_554' title='bbox 1310 5529 1524 5598; x_wconf 86' lang='lat' dir='ltr'><strong>quidem</strong></span> <span class='ocrx_word' id='word_1_555' title='bbox 1561 5534 1750 5597; x_wconf 88' lang='lat' dir='ltr'><strong>sciam,</strong></span> 
     </span>
    </p>
   </div>
   <div class='ocr_carea' id='block_1_73' title="bbox 189 5612 1751 5692">
    <p class='ocr_par' dir='ltr' id='par_1_73' title="bbox 189 5612 1751 5692">
     <span class='ocr_line' id='line_1_73' title="bbox 189 5612 1751 5692; baseline 0.01 -28"><span class='ocrx_word' id='word_1_556' title='bbox 189 5612 417 5671; x_wconf 80' lang='lat' dir='ltr'><strong>adhiberi</strong></span> <span class='ocrx_word' id='word_1_557' title='bbox 465 5630 571 5669; x_wconf 89' lang='lat' dir='ltr'><strong>non</strong></span> <span class='ocrx_word' id='word_1_558' title='bbox 612 5617 768 5671; x_wconf 80' lang='lat' dir='ltr'><strong>solet.</strong></span> <span class='ocrx_word' id='word_1_559' title='bbox 820 5616 930 5671; x_wconf 91' lang='lat' dir='ltr'><strong>Vox</strong></span> <span class='ocrx_word' id='word_1_560' title='bbox 971 5631 1128 5681; x_wconf 79' lang='lat' dir='ltr'><strong>vero,</strong></span> <span class='ocrx_word' id='word_1_561' title='bbox 1186 5619 1429 5692; x_wconf 78' lang='grc' dir='ltr'>Θριγγός,</span> <span class='ocrx_word' id='word_1_562' title='bbox 1467 5637 1572 5677; x_wconf 91' lang='lat' dir='ltr'><strong>non</strong></span> <span class='ocrx_word' id='word_1_563' title='bbox 1620 5626 1751 5679; x_wconf 91' lang='lat' dir='ltr'><strong>nihil</strong></span> 
     </span>
    </p>
   </div>
   <div class='ocr_carea' id='block_1_74' title="bbox 190 5704 1749 5781">
    <p class='ocr_par' dir='ltr' id='par_1_74' title="bbox 190 5704 1749 5781">
     <span class='ocr_line' id='line_1_74' title="bbox 190 5704 1749 5781; baseline 0.011 -25"><span class='ocrx_word' id='word_1_564' title='bbox 190 5704 387 5761; x_wconf 82' lang='lat' dir='ltr'><strong>videtur</strong></span> <span class='ocrx_word' id='word_1_565' title='bbox 407 5708 673 5764; x_wconf 85' lang='lat' dir='ltr'><strong>exhibere</strong></span> <span class='ocrx_word' id='word_1_566' title='bbox 703 5711 1124 5779; x_wconf 89' lang='lat' dir='ltr'><strong>peregrinitatis,</strong></span> <span class='ocrx_word' id='word_1_567' title='bbox 1145 5713 1289 5781; x_wconf 88' lang='lat' dir='ltr'><strong>quod</strong></span> <span class='ocrx_word' id='word_1_568' title='bbox 1322 5728 1351 5767; x_wconf 90' lang='lat' dir='ltr'><strong>a</strong></span> <span class='ocrx_word' id='word_1_569' title='bbox 1390 5730 1537 5769; x_wconf 89' lang='lat' dir='ltr'><strong>more</strong></span> <span class='ocrx_word' id='word_1_570' title='bbox 1568 5715 1749 5773; x_wconf 83' lang='lat' dir='ltr'><strong>Basilii</strong></span> 
     </span>
    </p>
   </div>
   <div class='ocr_carea' id='block_1_75' title="bbox 191 5796 1751 5877">
    <p class='ocr_par' dir='ltr' id='par_1_75' title="bbox 191 5796 1751 5877">
     <span class='ocr_line' id='line_1_75' title="bbox 191 5796 1751 5877; baseline 0.011 -27"><span class='ocrx_word' id='word_1_571' title='bbox 191 5796 329 5869; x_wconf 85' lang='lat' dir='ltr'><strong>longe</strong></span> <span class='ocrx_word' id='word_1_572' title='bbox 358 5806 595 5869; x_wconf 85' lang='lat' dir='ltr'><strong>positum</strong></span> <span class='ocrx_word' id='word_1_573' title='bbox 625 5802 719 5858; x_wconf 85' lang='lat' dir='ltr'><strong>sit.</strong></span> <span class='ocrx_word' id='word_1_574' title='bbox 762 5800 949 5857; x_wconf 86' lang='lat' dir='ltr'><strong>Timeo</strong></span> <span class='ocrx_word' id='word_1_575' title='bbox 974 5818 1041 5859; x_wconf 92' lang='lat' dir='ltr'><strong>ne</strong></span> <span class='ocrx_word' id='word_1_576' title='bbox 1073 5803 1128 5858; x_wconf 86' lang='lat' dir='ltr'><strong>in</strong></span> <span class='ocrx_word' id='word_1_577' title='bbox 1172 5805 1255 5860; x_wconf 89' lang='lat' dir='ltr'><strong>bis</strong></span> <span class='ocrx_word' id='word_1_578' title='bbox 1282 5806 1594 5877; x_wconf 74' lang='lat' dir='ltr'><strong>colligendis</strong></span> <span class='ocrx_word' id='word_1_579' title='bbox 1626 5826 1751 5867; x_wconf 88' lang='lat' dir='ltr'><strong>eve-</strong></span> 
     </span>
    </p>
   </div>
   <div class='ocr_carea' id='block_1_76' title="bbox 193 5894 1745 5972">
    <p class='ocr_par' dir='ltr' id='par_1_76' title="bbox 193 5894 1745 5972">
     <span class='ocr_line' id='line_1_76' title="bbox 193 5894 1745 5972; baseline 0.01 -28"><span class='ocrx_word' id='word_1_580' title='bbox 193 5895 312 5950; x_wconf 85' lang='lat' dir='ltr'><strong>nerit</strong></span> <span class='ocrx_word' id='word_1_581' title='bbox 333 5895 463 5953; x_wconf 82' lang='lat' dir='ltr'><strong>mihi</strong></span> <span class='ocrx_word' id='word_1_582' title='bbox 495 5899 641 5969; x_wconf 90' lang='lat' dir='ltr'><strong>quod</strong></span> <span class='ocrx_word' id='word_1_583' title='bbox 671 5894 789 5952; x_wconf 90' lang='lat' dir='ltr'><strong>fere</strong></span> <span class='ocrx_word' id='word_1_584' title='bbox 814 5894 1083 5952; x_wconf 88' lang='lat' dir='ltr'><strong>similibus</strong></span> <span class='ocrx_word' id='word_1_585' title='bbox 1111 5898 1165 5953; x_wconf 91' lang='lat' dir='ltr'><strong>in</strong></span> <span class='ocrx_word' id='word_1_586' title='bbox 1195 5898 1411 5955; x_wconf 89' lang='lat' dir='ltr'><strong>casibus</strong></span> <span class='ocrx_word' id='word_1_587' title='bbox 1450 5917 1544 5959; x_wconf 90' lang='lat' dir='ltr'><strong>usu</strong></span> <span class='ocrx_word' id='word_1_588' title='bbox 1580 5907 1745 5972; x_wconf 88' lang='lat' dir='ltr'><strong>venit,</strong></span> 
     </span>
    </p>
   </div>
   <div class='ocr_carea' id='block_1_77' title="bbox 1856 2036 3434 2110">
    <p class='ocr_par' dir='ltr' id='par_1_77' title="bbox 1856 2036 3434 2110">
     <span class='ocr_line' id='line_1_77' title="bbox 1856 2036 3434 2110; baseline 0.001 -21"><span class='ocrx_word' id='word_1_589' title='bbox 1856 2036 1991 2107; x_wconf 80' lang='grc' dir='ltr'>ξήθη</span> <span class='ocrx_word' id='word_1_590' title='bbox 2020 2037 2173 2089; x_wconf 79' lang='grc' dir='ltr'>τόσον</span> <span class='ocrx_word' id='word_1_591' title='bbox 2220 2036 2433 2108; x_wconf 82' lang='grc' dir='ltr'>μέτρον.</span> <span class='ocrx_word' id='word_1_592' title='bbox 2461 2038 2684 2109; x_wconf 75' lang='grc' dir='ltr'>Τριετὲς</span> <span class='ocrx_word' id='word_1_593' title='bbox 2712 2038 2773 2090; x_wconf 82' lang='grc' dir='ltr'><strong>τὸ</strong></span> <span class='ocrx_word' id='word_1_594' title='bbox 2802 2037 3011 2091; x_wconf 86' lang='grc' dir='ltr'>παιδίον</span> <span class='ocrx_word' id='word_1_595' title='bbox 3056 2038 3358 2110; x_wconf 76' lang='grc' dir='ltr'>ἐμέτρησεν</span> <span class='ocrx_word' id='word_1_596' title='bbox 3403 2040 3434 2091; x_wconf 82' lang='grc' dir='ltr'><strong>δ</strong></span> 
     </span>
    </p>
   </div>
   <div class='ocr_carea' id='block_1_78' title="bbox 1859 2117 3431 2203">
    <p class='ocr_par' dir='ltr' id='par_1_78' title="bbox 1859 2117 3431 2203">
     <span class='ocr_line' id='line_1_78' title="bbox 1859 2117 3431 2203; baseline -0.001 -21"><span class='ocrx_word' id='word_1_597' title='bbox 1859 2133 2059 2203; x_wconf 77' lang='grc' dir='ltr'>πατήρ.</span> <span class='ocrx_word' id='word_1_598' title='bbox 2084 2124 2237 2184; x_wconf 81' lang='grc' dir='ltr'>Οἶδεν</span> <span class='ocrx_word' id='word_1_599' title='bbox 2263 2131 2344 2183; x_wconf 82' lang='grc' dir='ltr'>ὅτι</span> <span class='ocrx_word' id='word_1_600' title='bbox 2388 2117 2448 2182; x_wconf 77' lang='grc' dir='ltr'><strong>τδ</strong></span> <span class='ocrx_word' id='word_1_601' title='bbox 2489 2130 2771 2183; x_wconf 88' lang='grc' dir='ltr'>διπλάσιον</span> <span class='ocrx_word' id='word_1_602' title='bbox 2804 2128 2993 2182; x_wconf 86' lang='grc' dir='ltr'>τούτου</span> <span class='ocrx_word' id='word_1_603' title='bbox 3046 2128 3273 2199; x_wconf 79' lang='grc' dir='ltr'>μέγεθος</span> <span class='ocrx_word' id='word_1_604' title='bbox 3297 2129 3431 2181; x_wconf 83' lang='grc' dir='ltr'>ἁπο-</span> 
     </span>
    </p>
   </div>
   <div class='ocr_carea' id='block_1_79' title="bbox 1858 2221 3432 2294">
    <p class='ocr_par' dir='ltr' id='par_1_79' title="bbox 1858 2221 3432 2294">
     <span class='ocr_line' id='line_1_79' title="bbox 1858 2221 3432 2294; baseline -0.001 -19"><span class='ocrx_word' id='word_1_605' title='bbox 1858 2223 2086 2294; x_wconf 78' lang='grc' dir='ltr'>λήψεται</span> <span class='ocrx_word' id='word_1_606' title='bbox 2110 2224 2167 2275; x_wconf 86' lang='grc' dir='ltr'>ὲν</span> <span class='ocrx_word' id='word_1_607' title='bbox 2197 2224 2263 2293; x_wconf 77' lang='grc' dir='ltr'>τῇ</span> <span class='ocrx_word' id='word_1_608' title='bbox 2292 2222 2587 2276; x_wconf 83' lang='grc' dir='ltr'>τελειώσει.</span> <span class='ocrx_word' id='word_1_609' title='bbox 2618 2223 2779 2285; x_wconf 85' lang='grc' dir='ltr'>Ὀσος</span> <span class='ocrx_word' id='word_1_610' title='bbox 2809 2221 2916 2293; x_wconf 87' lang='grc' dir='ltr'><strong>γὰρ</strong></span> <span class='ocrx_word' id='word_1_611' title='bbox 2946 2223 3004 2274; x_wconf 78' lang='grc' dir='ltr'>ἐν</span> <span class='ocrx_word' id='word_1_612' title='bbox 3026 2225 3093 2293; x_wconf 82' lang='grc' dir='ltr'>τῇ</span> <span class='ocrx_word' id='word_1_613' title='bbox 3125 2221 3333 2293; x_wconf 69' lang='grc' dir='ltr'>τριετίᾳ</span> <span class='ocrx_word' id='word_1_614' title='bbox 3353 2221 3432 2291; x_wconf 81' lang='grc' dir='ltr'>τῷ</span> 
     </span>
    </p>
   </div>
   <div class='ocr_carea' id='block_1_80' title="bbox 1862 2311 3435 2385">
    <p class='ocr_par' dir='ltr' id='par_1_80' title="bbox 1862 2311 3435 2385">
     <span class='ocr_line' id='line_1_80' title="bbox 1862 2311 3435 2385; baseline 0 -19"><span class='ocrx_word' id='word_1_615' title='bbox 1862 2316 2025 2385; x_wconf 80' lang='grc' dir='ltr'>μήκει</span> <span class='ocrx_word' id='word_1_616' title='bbox 2058 2314 2086 2365; x_wconf 87' lang='grc' dir='ltr'>ὁ</span> <span class='ocrx_word' id='word_1_617' title='bbox 2134 2312 2421 2385; x_wconf 78' lang='grc' dir='ltr'>ἄνθρωπος</span> <span class='ocrx_word' id='word_1_618' title='bbox 2470 2313 2740 2381; x_wconf 83' lang='grc' dir='ltr'>φαίνεται,</span> <span class='ocrx_word' id='word_1_619' title='bbox 2788 2312 2869 2374; x_wconf 67' lang='grc' dir='ltr'>δὶς</span> <span class='ocrx_word' id='word_1_620' title='bbox 2899 2311 3149 2363; x_wconf 77' lang='grc' dir='ltr'>τοσοῦτον</span> <span class='ocrx_word' id='word_1_621' title='bbox 3194 2312 3345 2365; x_wconf 74' lang='grc' dir='ltr'>ἔσται</span> <span class='ocrx_word' id='word_1_622' title='bbox 3374 2313 3435 2366; x_wconf 80' lang='grc' dir='ltr'>ἐν</span> 
     </span>
    </p>
   </div>
   <div class='ocr_carea' id='block_1_81' title="bbox 1858 2402 3433 2476">
    <p class='ocr_par' dir='ltr' id='par_1_81' title="bbox 1858 2402 3433 2476">
     <span class='ocr_line' id='line_1_81' title="bbox 1858 2402 3433 2476; baseline 0.001 -20"><span class='ocrx_word' id='word_1_623' title='bbox 1858 2408 1923 2475; x_wconf 79' lang='grc' dir='ltr'>τῇ</span> <span class='ocrx_word' id='word_1_624' title='bbox 1950 2404 2341 2475; x_wconf 82' lang='grc' dir='ltr'>συμπληρώσει</span> <span class='ocrx_word' id='word_1_625' title='bbox 2365 2406 2463 2474; x_wconf 83' lang='grc' dir='ltr'>τῆς</span> <span class='ocrx_word' id='word_1_626' title='bbox 2496 2405 2797 2476; x_wconf 77' lang='grc' dir='ltr'>αὐξήσεως.</span> <span class='ocrx_word' id='word_1_627' title='bbox 2832 2402 3001 2457; x_wconf 80' lang='grc' dir='ltr'>Τοῦτο</span> <span class='ocrx_word' id='word_1_628' title='bbox 3020 2402 3081 2456; x_wconf 80' lang='grc' dir='ltr'><strong>τὺ</strong></span> <span class='ocrx_word' id='word_1_629' title='bbox 3114 2402 3309 2474; x_wconf 77' lang='grc' dir='ltr'>μέτρον</span> <span class='ocrx_word' id='word_1_630' title='bbox 3336 2404 3433 2473; x_wconf 82' lang='grc' dir='ltr'><strong>τῆς</strong></span> 
     </span>
    </p>
   </div>
   <div class='ocr_carea' id='block_1_82' title="bbox 1859 2495 3436 2569">
    <p class='ocr_par' dir='ltr' id='par_1_82' title="bbox 1859 2495 3436 2569">
     <span class='ocr_line' id='line_1_82' title="bbox 1859 2495 3436 2569; baseline 0.001 -19"><span class='ocrx_word' id='word_1_631' title='bbox 1859 2496 2205 2568; x_wconf 80' lang='grc' dir='ltr'>ἀνθρωπίνης</span> <span class='ocrx_word' id='word_1_632' title='bbox 2251 2497 2464 2566; x_wconf 84' lang='grc' dir='ltr'>φύσεως</span> <span class='ocrx_word' id='word_1_633' title='bbox 2497 2500 2657 2568; x_wconf 87' lang='grc' dir='ltr'>μέχρι</span> <span class='ocrx_word' id='word_1_634' title='bbox 2697 2497 2951 2569; x_wconf 85' lang='grc' dir='ltr'>πέρατος.</span> <span class='ocrx_word' id='word_1_635' title='bbox 3013 2515 3032 2549; x_wconf 73' lang='grc' dir='ltr'><strong>ι</strong></span> <span class='ocrx_word' id='word_1_636' title='bbox 3067 2495 3305 2552; x_wconf 82' lang='lat' dir='ltr'><strong>Primum</strong></span> <span class='ocrx_word' id='word_1_637' title='bbox 3348 2512 3436 2552; x_wconf 84' lang='lat' dir='ltr'><strong>se-</strong></span> 
     </span>
    </p>
   </div>
   <div class='ocr_carea' id='block_1_83' title="bbox 1860 2590 3436 2660">
    <p class='ocr_par' dir='ltr' id='par_1_83' title="bbox 1860 2590 3436 2660">
     <span class='ocr_line' id='line_1_83' title="bbox 1860 2590 3436 2660; baseline -0.001 -17"><span class='ocrx_word' id='word_1_638' title='bbox 1860 2591 2139 2660; x_wconf 89' lang='lat' dir='ltr'><strong>ptennium</strong></span> <span class='ocrx_word' id='word_1_639' title='bbox 2213 2590 2514 2645; x_wconf 89' lang='lat' dir='ltr'><strong>infantilem</strong></span> <span class='ocrx_word' id='word_1_640' title='bbox 2577 2599 2792 2645; x_wconf 78' lang='lat' dir='ltr'><strong>:etatem</strong></span> <span class='ocrx_word' id='word_1_641' title='bbox 2855 2592 3115 2645; x_wconf 87' lang='lat' dir='ltr'><strong>continet.</strong></span> <span class='ocrx_word' id='word_1_642' title='bbox 3172 2590 3436 2645; x_wconf 86' lang='lat' dir='ltr'><strong>lnfantilis</strong></span> 
     </span>
    </p>
   </div>
   <div class='ocr_carea' id='block_1_84' title="bbox 1866 2680 3437 2748">
    <p class='ocr_par' dir='ltr' id='par_1_84' title="bbox 1866 2680 3437 2748">
     <span class='ocr_line' id='line_1_84' title="bbox 1866 2680 3437 2748; baseline 0 -14"><span class='ocrx_word' id='word_1_643' title='bbox 1866 2681 2004 2736; x_wconf 82' lang='lat' dir='ltr'><strong>fines</strong></span> <span class='ocrx_word' id='word_1_644' title='bbox 2034 2680 2213 2736; x_wconf 69' lang='lat' dir='ltr'><strong>aetatis</strong></span> <span class='ocrx_word' id='word_1_645' title='bbox 2251 2681 2566 2736; x_wconf 87' lang='lat' dir='ltr'><strong>manifestat</strong></span> <span class='ocrx_word' id='word_1_646' title='bbox 2599 2680 2838 2736; x_wconf 90' lang='lat' dir='ltr'><strong>dentium</strong></span> <span class='ocrx_word' id='word_1_647' title='bbox 2860 2680 3094 2748; x_wconf 90' lang='lat' dir='ltr'><strong>eruptio,</strong></span> <span class='ocrx_word' id='word_1_648' title='bbox 3123 2694 3246 2734; x_wconf 89' lang='lat' dir='ltr'><strong>cum</strong></span> <span class='ocrx_word' id='word_1_649' title='bbox 3277 2686 3329 2736; x_wconf 91' lang='lat' dir='ltr'><strong>in</strong></span> <span class='ocrx_word' id='word_1_650' title='bbox 3356 2690 3437 2735; x_wconf 83' lang='lat' dir='ltr'><strong>to-</strong></span> 
     </span>
    </p>
   </div>
   <div class='ocr_carea' id='block_1_85' title="bbox 1861 2771 3434 2843">
    <p class='ocr_par' dir='ltr' id='par_1_85' title="bbox 1861 2771 3434 2843">
     <span class='ocr_line' id='line_1_85' title="bbox 1861 2771 3434 2843; baseline 0 -16"><span class='ocrx_word' id='word_1_651' title='bbox 1861 2789 1985 2827; x_wconf 92' lang='lat' dir='ltr'><strong>cum</strong></span> <span class='ocrx_word' id='word_1_652' title='bbox 2026 2788 2214 2829; x_wconf 91' lang='lat' dir='ltr'><strong>eorum</strong></span> <span class='ocrx_word' id='word_1_653' title='bbox 2273 2775 2362 2843; x_wconf 86' lang='lat' dir='ltr'><strong>qui</strong></span> <span class='ocrx_word' id='word_1_654' title='bbox 2419 2773 2750 2839; x_wconf 83' lang='lat' dir='ltr'><strong>ceciderunt,</strong></span> <span class='ocrx_word' id='word_1_655' title='bbox 2788 2772 2880 2826; x_wconf 79' lang='lat' dir='ltr'><strong>alii</strong></span> <span class='ocrx_word' id='word_1_656' title='bbox 2913 2771 3116 2828; x_wconf 90' lang='lat' dir='ltr'><strong>fuerint</strong></span> <span class='ocrx_word' id='word_1_657' title='bbox 3145 2773 3290 2828; x_wconf 91' lang='lat' dir='ltr'><strong>enati</strong></span> <span class='ocrx_word' id='word_1_658' title='bbox 3320 2810 3333 2825; x_wconf 93' lang='lat'><strong>.</strong></span> <span class='ocrx_word' id='word_1_659' title='bbox 3366 2811 3382 2828; x_wconf 94' lang='lat'><strong>.</strong></span> <span class='ocrx_word' id='word_1_660' title='bbox 3416 2810 3434 2827; x_wconf 92' lang='lat'><strong>.</strong></span> 
     </span>
    </p>
   </div>
   <div class='ocr_carea' id='block_1_86' title="bbox 1864 2864 3438 2933">
    <p class='ocr_par' dir='ltr' id='par_1_86' title="bbox 1864 2864 3438 2933">
     <span class='ocr_line' id='line_1_86' title="bbox 1864 2864 3438 2933; baseline 0.001 -14"><span class='ocrx_word' id='word_1_661' title='bbox 1864 2864 2063 2919; x_wconf 90' lang='lat' dir='ltr'><strong>Dentes</strong></span> <span class='ocrx_word' id='word_1_662' title='bbox 2118 2864 2489 2919; x_wconf 89' lang='lat' dir='ltr'><strong>ceciderunt:</strong></span> <span class='ocrx_word' id='word_1_663' title='bbox 2523 2865 2724 2918; x_wconf 90' lang='lat' dir='ltr'><strong>scimus</strong></span> <span class='ocrx_word' id='word_1_664' title='bbox 2774 2872 2981 2916; x_wconf 89' lang='lat' dir='ltr'><strong>tantum</strong></span> <span class='ocrx_word' id='word_1_665' title='bbox 3038 2864 3310 2933; x_wconf 87' lang='lat' dir='ltr'><strong>augmenti</strong></span> <span class='ocrx_word' id='word_1_666' title='bbox 3345 2879 3438 2921; x_wconf 84' lang='lat' dir='ltr'><strong>ac-</strong></span> 
     </span>
    </p>
   </div>
   <div class='ocr_carea' id='block_1_87' title="bbox 1862 2952 3434 3023">
    <p class='ocr_par' dir='ltr' id='par_1_87' title="bbox 1862 2952 3434 3023">
     <span class='ocr_line' id='line_1_87' title="bbox 1862 2952 3434 3023; baseline -0.002 -12"><span class='ocrx_word' id='word_1_667' title='bbox 1862 2957 2117 3012; x_wconf 88' lang='lat' dir='ltr'><strong>cessisse.</strong></span> <span class='ocrx_word' id='word_1_668' title='bbox 2149 2955 2442 3011; x_wconf 85' lang='lat' dir='ltr'><strong>Triennem</strong></span> <span class='ocrx_word' id='word_1_669' title='bbox 2469 2956 2731 3009; x_wconf 86' lang='lat' dir='ltr'><strong>infantem</strong></span> <span class='ocrx_word' id='word_1_670' title='bbox 2760 2952 3048 3008; x_wconf 89' lang='lat' dir='ltr'><strong>admensus</strong></span> <span class='ocrx_word' id='word_1_671' title='bbox 3078 2964 3161 3008; x_wconf 91' lang='lat' dir='ltr'><strong>est</strong></span> <span class='ocrx_word' id='word_1_672' title='bbox 3193 2968 3389 3023; x_wconf 89' lang='lat' dir='ltr'><strong>parens</strong></span> <span class='ocrx_word' id='word_1_673' title='bbox 3415 2972 3434 3022; x_wconf 84' lang='lat'><strong>;</strong></span> 
     </span>
    </p>
   </div>
   <div class='ocr_carea' id='block_1_88' title="bbox 1864 3044 3433 3115">
    <p class='ocr_par' dir='ltr' id='par_1_88' title="bbox 1864 3044 3433 3115">
     <span class='ocr_line' id='line_1_88' title="bbox 1864 3044 3433 3115; baseline -0.001 -14"><span class='ocrx_word' id='word_1_674' title='bbox 1864 3048 2010 3103; x_wconf 87' lang='lat' dir='ltr'><strong>novit</strong></span> <span class='ocrx_word' id='word_1_675' title='bbox 2042 3049 2176 3113; x_wconf 90' lang='lat' dir='ltr'><strong>fore,</strong></span> <span class='ocrx_word' id='word_1_676' title='bbox 2206 3056 2265 3103; x_wconf 90' lang='lat' dir='ltr'><strong>ut</strong></span> <span class='ocrx_word' id='word_1_677' title='bbox 2289 3047 2449 3115; x_wconf 92' lang='lat' dir='ltr'><strong>duplo</strong></span> <span class='ocrx_word' id='word_1_678' title='bbox 2474 3046 2730 3114; x_wconf 80' lang='lat' dir='ltr'><strong>majorem</strong></span> <span class='ocrx_word' id='word_1_679' title='bbox 2763 3047 2863 3101; x_wconf 90' lang='lat' dir='ltr'><strong>hac</strong></span> <span class='ocrx_word' id='word_1_680' title='bbox 2907 3044 3260 3115; x_wconf 87' lang='lat' dir='ltr'><strong>quantitatem</strong></span> <span class='ocrx_word' id='word_1_681' title='bbox 3291 3046 3433 3101; x_wconf 90' lang='lat' dir='ltr'><strong>reci-</strong></span> 
     </span>
    </p>
   </div>
   <div class='ocr_carea' id='block_1_89' title="bbox 1864 3135 3434 3207">
    <p class='ocr_par' dir='ltr' id='par_1_89' title="bbox 1864 3135 3434 3207">
     <span class='ocr_line' id='line_1_89' title="bbox 1864 3135 3434 3207; baseline 0 -16"><span class='ocrx_word' id='word_1_682' title='bbox 1864 3138 1996 3207; x_wconf 89' lang='lat' dir='ltr'><strong>piat,</strong></span> <span class='ocrx_word' id='word_1_683' title='bbox 2019 3153 2141 3193; x_wconf 90' lang='lat' dir='ltr'><strong>cum</strong></span> <span class='ocrx_word' id='word_1_684' title='bbox 2170 3137 2335 3194; x_wconf 90' lang='lat' dir='ltr'><strong>fuerit</strong></span> <span class='ocrx_word' id='word_1_685' title='bbox 2356 3138 2532 3192; x_wconf 70' lang='lat' dir='ltr'><strong>aetatis</strong></span> <span class='ocrx_word' id='word_1_686' title='bbox 2562 3136 2831 3206; x_wconf 64' lang='lat' dir='ltr'><strong>perfectas.</strong></span> <span class='ocrx_word' id='word_1_687' title='bbox 2862 3174 2876 3189; x_wconf 94' lang='lat'><strong>.</strong></span> <span class='ocrx_word' id='word_1_688' title='bbox 2911 3177 2925 3190; x_wconf 96' lang='lat'><strong>.</strong></span> <span class='ocrx_word' id='word_1_689' title='bbox 2962 3175 2976 3189; x_wconf 96' lang='lat'><strong>.</strong></span> <span class='ocrx_word' id='word_1_690' title='bbox 3009 3178 3023 3191; x_wconf 96' lang='lat'><strong>.</strong></span> <span class='ocrx_word' id='word_1_691' title='bbox 3059 3135 3267 3202; x_wconf 89' lang='lat' dir='ltr'><strong>Quanta</strong></span> <span class='ocrx_word' id='word_1_692' title='bbox 3291 3137 3434 3192; x_wconf 90' lang='lat' dir='ltr'><strong>enim</strong></span> 
     </span>
    </p>
   </div>
   <div class='ocr_carea' id='block_1_90' title="bbox 1865 3228 3431 3297">
    <p class='ocr_par' dir='ltr' id='par_1_90' title="bbox 1865 3228 3431 3297">
     <span class='ocr_line' id='line_1_90' title="bbox 1865 3228 3431 3297; baseline 0.001 -16"><span class='ocrx_word' id='word_1_693' title='bbox 1865 3230 2097 3285; x_wconf 91' lang='lat' dir='ltr'><strong>triennis</strong></span> <span class='ocrx_word' id='word_1_694' title='bbox 2129 3230 2305 3284; x_wconf 84' lang='lat' dir='ltr'><strong>aetatis</strong></span> <span class='ocrx_word' id='word_1_695' title='bbox 2337 3238 2543 3283; x_wconf 87' lang='lat' dir='ltr'><strong>statura</strong></span> <span class='ocrx_word' id='word_1_696' title='bbox 2579 3228 2814 3284; x_wconf 89' lang='lat' dir='ltr'><strong>hominis</strong></span> <span class='ocrx_word' id='word_1_697' title='bbox 2862 3228 3077 3293; x_wconf 62' lang='lat' dir='ltr'><strong>Vlaillll‘,</strong></span> <span class='ocrx_word' id='word_1_698' title='bbox 3139 3228 3299 3297; x_wconf 90' lang='lat' dir='ltr'><strong>duplo</strong></span> <span class='ocrx_word' id='word_1_699' title='bbox 3332 3245 3431 3283; x_wconf 85' lang='lat' dir='ltr'><strong>au-</strong></span> 
     </span>
    </p>
   </div>
   <div class='ocr_carea' id='block_1_91' title="bbox 1863 3319 3433 3390">
    <p class='ocr_par' dir='ltr' id='par_1_91' title="bbox 1863 3319 3433 3390">
     <span class='ocr_line' id='line_1_91' title="bbox 1863 3319 3433 3390; baseline -0.001 -15"><span class='ocrx_word' id='word_1_700' title='bbox 1863 3320 2004 3375; x_wconf 91' lang='lat' dir='ltr'><strong>ctior</strong></span> <span class='ocrx_word' id='word_1_701' title='bbox 2026 3320 2131 3374; x_wconf 86' lang='lat' dir='ltr'><strong>erit</strong></span> <span class='ocrx_word' id='word_1_702' title='bbox 2160 3336 2281 3375; x_wconf 91' lang='lat' dir='ltr'><strong>cum</strong></span> <span class='ocrx_word' id='word_1_703' title='bbox 2305 3319 2416 3387; x_wconf 89' lang='lat' dir='ltr'><strong>jam</strong></span> <span class='ocrx_word' id='word_1_704' title='bbox 2458 3329 2803 3390; x_wconf 79' lang='lat' dir='ltr'><strong>augmentum</strong></span> <span class='ocrx_word' id='word_1_705' title='bbox 2840 3320 3158 3387; x_wconf 79' lang='lat' dir='ltr'><strong>expleverit.</strong></span> <span class='ocrx_word' id='word_1_706' title='bbox 3196 3320 3295 3376; x_wconf 81' lang='lat' dir='ltr'><strong>Hic</strong></span> <span class='ocrx_word' id='word_1_707' title='bbox 3332 3322 3433 3375; x_wconf 88' lang='lat' dir='ltr'><strong>bu-</strong></span> 
     </span>
    </p>
   </div>
   <div class='ocr_carea' id='block_1_92' title="bbox 1862 3410 3434 3482">
    <p class='ocr_par' dir='ltr' id='par_1_92' title="bbox 1862 3410 3434 3482">
     <span class='ocr_line' id='line_1_92' title="bbox 1862 3410 3434 3482; baseline 0.002 -17"><span class='ocrx_word' id='word_1_708' title='bbox 1862 3426 2035 3466; x_wconf 72' lang='lat' dir='ltr'><strong>manae</strong></span> <span class='ocrx_word' id='word_1_709' title='bbox 2066 3412 2254 3465; x_wconf 82' lang='lat' dir='ltr'><strong>modus</strong></span> <span class='ocrx_word' id='word_1_710' title='bbox 2282 3421 2487 3466; x_wconf 60' lang='lat' dir='ltr'><strong>natura;</strong></span> <span class='ocrx_word' id='word_1_711' title='bbox 2539 3420 2655 3475; x_wconf 87' lang='lat' dir='ltr'><strong>est,</strong></span> <span class='ocrx_word' id='word_1_712' title='bbox 2690 3412 2743 3465; x_wconf 89' lang='lat' dir='ltr'><strong>in</strong></span> <span class='ocrx_word' id='word_1_713' title='bbox 2780 3410 2939 3465; x_wconf 84' lang='lat' dir='ltr'><strong>finem</strong></span> <span class='ocrx_word' id='word_1_714' title='bbox 2994 3425 3185 3482; x_wconf 90' lang='lat' dir='ltr'><strong>usque.</strong></span> <span class='ocrx_word' id='word_1_715' title='bbox 3230 3432 3249 3465; x_wconf 74' lang='grc' dir='ltr'><strong>ι</strong></span> <span class='ocrx_word' id='word_1_716' title='bbox 3296 3412 3434 3478; x_wconf 90' lang='lat' dir='ltr'><strong>Quid</strong></span> 
     </span>
    </p>
   </div>
   <div class='ocr_carea' id='block_1_93' title="bbox 1861 3503 3428 3575">
    <p class='ocr_par' dir='ltr' id='par_1_93' title="bbox 1861 3503 3428 3575">
     <span class='ocr_line' id='line_1_93' title="bbox 1861 3503 3428 3575; baseline -0.002 -17"><span class='ocrx_word' id='word_1_717' title='bbox 1861 3513 1963 3568; x_wconf 87' lang='lat' dir='ltr'><strong>est,</strong></span> <span class='ocrx_word' id='word_1_718' title='bbox 1995 3518 2193 3573; x_wconf 78' lang='lat' dir='ltr'><strong>quaeso,</strong></span> <span class='ocrx_word' id='word_1_719' title='bbox 2234 3504 2481 3574; x_wconf 89' lang='lat' dir='ltr'><strong>ineptire,</strong></span> <span class='ocrx_word' id='word_1_720' title='bbox 2536 3503 2581 3559; x_wconf 89' lang='lat' dir='ltr'><strong>si</strong></span> <span class='ocrx_word' id='word_1_721' title='bbox 2616 3504 2717 3559; x_wconf 90' lang='lat' dir='ltr'><strong>hoc</strong></span> <span class='ocrx_word' id='word_1_722' title='bbox 2745 3518 2848 3557; x_wconf 89' lang='lat' dir='ltr'><strong>non</strong></span> <span class='ocrx_word' id='word_1_723' title='bbox 2891 3503 3012 3559; x_wconf 75' lang='lat' dir='ltr'><strong>est?</strong></span> <span class='ocrx_word' id='word_1_724' title='bbox 3048 3503 3298 3559; x_wconf 82' lang='lat' dir='ltr'><strong>Viderint</strong></span> <span class='ocrx_word' id='word_1_725' title='bbox 3334 3506 3428 3575; x_wconf 85' lang='lat' dir='ltr'><strong>qui</strong></span> 
     </span>
    </p>
   </div>
   <div class='ocr_carea' id='block_1_94' title="bbox 1861 3596 3430 3667">
    <p class='ocr_par' dir='ltr' id='par_1_94' title="bbox 1861 3596 3430 3667">
     <span class='ocr_line' id='line_1_94' title="bbox 1861 3596 3430 3667; baseline 0.001 -16"><span class='ocrx_word' id='word_1_726' title='bbox 1861 3596 1961 3651; x_wconf 87' lang='lat' dir='ltr'><strong>has</strong></span> <span class='ocrx_word' id='word_1_727' title='bbox 1982 3596 2350 3651; x_wconf 87' lang='lat' dir='ltr'><strong>oratiunculas</strong></span> <span class='ocrx_word' id='word_1_728' title='bbox 2383 3596 2580 3652; x_wconf 88' lang='lat' dir='ltr'><strong>Basilio</strong></span> <span class='ocrx_word' id='word_1_729' title='bbox 2603 3596 2866 3663; x_wconf 84' lang='lat' dir='ltr'><strong>tribuunt,</strong></span> <span class='ocrx_word' id='word_1_730' title='bbox 2897 3596 2987 3665; x_wconf 91' lang='lat' dir='ltr'><strong>qui</strong></span> <span class='ocrx_word' id='word_1_731' title='bbox 3016 3596 3132 3651; x_wconf 77' lang='lat' dir='ltr'><strong>fieri</strong></span> <span class='ocrx_word' id='word_1_732' title='bbox 3173 3597 3341 3667; x_wconf 84' lang='lat' dir='ltr'><strong>possit</strong></span> <span class='ocrx_word' id='word_1_733' title='bbox 3372 3608 3430 3652; x_wconf 86' lang='lat' dir='ltr'><strong>ut</strong></span> 
     </span>
    </p>
   </div>
   <div class='ocr_carea' id='block_1_95' title="bbox 1861 3687 3430 3759">
    <p class='ocr_par' dir='ltr' id='par_1_95' title="bbox 1861 3687 3430 3759">
     <span class='ocr_line' id='line_1_95' title="bbox 1861 3687 3430 3759; baseline 0.001 -17"><span class='ocrx_word' id='word_1_734' title='bbox 1861 3687 2135 3743; x_wconf 85' lang='lat' dir='ltr'><strong>hominem</strong></span> <span class='ocrx_word' id='word_1_735' title='bbox 2175 3688 2553 3757; x_wconf 82' lang='lat' dir='ltr'><strong>gravissimum</strong></span> <span class='ocrx_word' id='word_1_736' title='bbox 2586 3691 2960 3756; x_wconf 88' lang='lat' dir='ltr'><strong>acerrimoque</strong></span> <span class='ocrx_word' id='word_1_737' title='bbox 2988 3689 3191 3757; x_wconf 87' lang='lat' dir='ltr'><strong>judicio</strong></span> <span class='ocrx_word' id='word_1_738' title='bbox 3232 3692 3430 3759; x_wconf 61' lang='lat' dir='ltr'><strong>pracdi-</strong></span> 
     </span>
    </p>
   </div>
   <div class='ocr_carea' id='block_1_96' title="bbox 1862 3777 3431 3851">
    <p class='ocr_par' dir='ltr' id='par_1_96' title="bbox 1862 3777 3431 3851">
     <span class='ocr_line' id='line_1_96' title="bbox 1862 3777 3431 3851; baseline 0.004 -18"><span class='ocrx_word' id='word_1_739' title='bbox 1862 3790 1975 3835; x_wconf 91' lang='lat' dir='ltr'><strong>tum</strong></span> <span class='ocrx_word' id='word_1_740' title='bbox 2022 3794 2125 3833; x_wconf 93' lang='lat' dir='ltr'><strong>non</strong></span> <span class='ocrx_word' id='word_1_741' title='bbox 2189 3779 2435 3847; x_wconf 87' lang='lat' dir='ltr'><strong>puduerit</strong></span> <span class='ocrx_word' id='word_1_742' title='bbox 2465 3780 2535 3835; x_wconf 87' lang='lat' dir='ltr'><strong>ita</strong></span> <span class='ocrx_word' id='word_1_743' title='bbox 2580 3781 2791 3851; x_wconf 83' lang='lat' dir='ltr'><strong>nugari.</strong></span> <span class='ocrx_word' id='word_1_744' title='bbox 2840 3779 2947 3837; x_wconf 87' lang='lat' dir='ltr'><strong>Nos</strong></span> <span class='ocrx_word' id='word_1_745' title='bbox 2973 3781 3163 3835; x_wconf 90' lang='lat' dir='ltr'><strong>melius</strong></span> <span class='ocrx_word' id='word_1_746' title='bbox 3211 3784 3279 3837; x_wconf 93' lang='lat' dir='ltr'><strong>de</strong></span> <span class='ocrx_word' id='word_1_747' title='bbox 3315 3777 3431 3839; x_wconf 84' lang='lat' dir='ltr'><strong>viro</strong></span> 
     </span>
    </p>
   </div>
   <div class='ocr_carea' id='block_1_97' title="bbox 1862 3872 3426 3946">
    <p class='ocr_par' dir='ltr' id='par_1_97' title="bbox 1862 3872 3426 3946">
     <span class='ocr_line' id='line_1_97' title="bbox 1862 3872 3426 3946; baseline 0.001 -19"><span class='ocrx_word' id='word_1_748' title='bbox 1862 3872 2280 3943; x_wconf 90' lang='lat' dir='ltr'><strong>prudentissimo</strong></span> <span class='ocrx_word' id='word_1_749' title='bbox 2312 3872 2510 3929; x_wconf 87' lang='lat' dir='ltr'><strong>Basilio</strong></span> <span class='ocrx_word' id='word_1_750' title='bbox 2541 3890 2754 3946; x_wconf 89' lang='lat' dir='ltr'><strong>semper</strong></span> <span class='ocrx_word' id='word_1_751' title='bbox 2781 3874 3229 3939; x_wconf 86' lang='lat' dir='ltr'><strong>existimabimus,</strong></span> <span class='ocrx_word' id='word_1_752' title='bbox 3265 3891 3426 3945; x_wconf 81' lang='lat' dir='ltr'><strong>quam</strong></span> 
     </span>
    </p>
   </div>
   <div class='ocr_carea' id='block_1_98' title="bbox 1863 3962 3427 4036">
    <p class='ocr_par' dir='ltr' id='par_1_98' title="bbox 1863 3962 3427 4036">
     <span class='ocr_line' id='line_1_98' title="bbox 1863 3962 3427 4036; baseline 0.001 -17"><span class='ocrx_word' id='word_1_753' title='bbox 1863 3975 2063 4019; x_wconf 92' lang='lat' dir='ltr'><strong>uteum</strong></span> <span class='ocrx_word' id='word_1_754' title='bbox 2103 3962 2364 4030; x_wconf 86' lang='lat' dir='ltr'><strong>ejusmodi</strong></span> <span class='ocrx_word' id='word_1_755' title='bbox 2408 3981 2665 4036; x_wconf 89' lang='lat' dir='ltr'><strong>nugarum</strong></span> <span class='ocrx_word' id='word_1_756' title='bbox 2711 3978 2984 4019; x_wconf 82' lang='lat' dir='ltr'><strong>auCtorem</strong></span> <span class='ocrx_word' id='word_1_757' title='bbox 3032 3980 3153 4021; x_wconf 90' lang='lat' dir='ltr'><strong>esse</strong></span> <span class='ocrx_word' id='word_1_758' title='bbox 3194 3983 3427 4036; x_wconf 86' lang='lat' dir='ltr'><strong>unquam</strong></span> 
     </span>
    </p>
   </div>
   <div class='ocr_carea' id='block_1_99' title="bbox 1862 4053 3425 4123">
    <p class='ocr_par' dir='ltr' id='par_1_99' title="bbox 1862 4053 3425 4123">
     <span class='ocr_line' id='line_1_99' title="bbox 1862 4053 3425 4123; baseline 0.002 -15"><span class='ocrx_word' id='word_1_759' title='bbox 1862 4065 2130 4123; x_wconf 90' lang='lat' dir='ltr'><strong>putemus.</strong></span> <span class='ocrx_word' id='word_1_760' title='bbox 2161 4055 2314 4122; x_wconf 83' lang='lat' dir='ltr'><strong>Quod</strong></span> <span class='ocrx_word' id='word_1_761' title='bbox 2346 4056 2591 4123; x_wconf 79' lang='lat' dir='ltr'><strong>sequitur</strong></span> <span class='ocrx_word' id='word_1_762' title='bbox 2616 4071 2764 4110; x_wconf 88' lang='lat' dir='ltr'><strong>num.</strong></span> <span class='ocrx_word' id='word_1_763' title='bbox 2794 4055 2886 4119; x_wconf 74' lang='lat'><strong>22,</strong></span> <span class='ocrx_word' id='word_1_764' title='bbox 2924 4053 3141 4121; x_wconf 84' lang='lat' dir='ltr'><strong>majoris</strong></span> <span class='ocrx_word' id='word_1_765' title='bbox 3167 4058 3425 4111; x_wconf 88' lang='lat' dir='ltr'><strong>momenti</strong></span> 
     </span>
    </p>
   </div>
   <div class='ocr_carea' id='block_1_100' title="bbox 1860 4145 3426 4215">
    <p class='ocr_par' dir='ltr' id='par_1_100' title="bbox 1860 4145 3426 4215">
     <span class='ocr_line' id='line_1_100' title="bbox 1860 4145 3426 4215; baseline 0.001 -13"><span class='ocrx_word' id='word_1_766' title='bbox 1860 4161 1979 4202; x_wconf 84' lang='lat' dir='ltr'><strong>esse</strong></span> <span class='ocrx_word' id='word_1_767' title='bbox 2023 4146 2258 4202; x_wconf 83' lang='lat' dir='ltr'><strong>fortasse</strong></span> <span class='ocrx_word' id='word_1_768' title='bbox 2297 4146 2579 4203; x_wconf 89' lang='lat' dir='ltr'><strong>videbitur.</strong></span> <span class='ocrx_word' id='word_1_769' title='bbox 2614 4165 2632 4199; x_wconf 82' lang='grc' dir='ltr'><strong>ι</strong></span> <span class='ocrx_word' id='word_1_770' title='bbox 2656 4145 2773 4201; x_wconf 92' lang='lat' dir='ltr'><strong>Vidi</strong></span> <span class='ocrx_word' id='word_1_771' title='bbox 2806 4162 2903 4215; x_wconf 87' lang='lat' dir='ltr'><strong>ego</strong></span> <span class='ocrx_word' id='word_1_772' title='bbox 2926 4148 3226 4213; x_wconf 87' lang='lat' dir='ltr'><strong>mulierem,</strong></span> <span class='ocrx_word' id='word_1_773' title='bbox 3286 4147 3426 4203; x_wconf 88' lang='lat' dir='ltr'><strong>clam</strong></span> 
     </span>
    </p>
   </div>
   <div class='ocr_carea' id='block_1_101' title="bbox 1862 4239 3428 4311">
    <p class='ocr_par' dir='ltr' id='par_1_101' title="bbox 1862 4239 3428 4311">
     <span class='ocr_line' id='line_1_101' title="bbox 1862 4239 3428 4311; baseline 0.003 -18"><span class='ocrx_word' id='word_1_774' title='bbox 1862 4240 1997 4304; x_wconf 88' lang='lat' dir='ltr'><strong>viro,</strong></span> <span class='ocrx_word' id='word_1_775' title='bbox 2029 4255 2150 4309; x_wconf 66' lang='lat' dir='ltr'><strong>quae</strong></span> <span class='ocrx_word' id='word_1_776' title='bbox 2182 4255 2308 4295; x_wconf 87' lang='lat' dir='ltr'><strong>usus</strong></span> <span class='ocrx_word' id='word_1_777' title='bbox 2339 4240 2552 4293; x_wconf 63' lang='lat' dir='ltr'><strong>familiae</strong></span> <span class='ocrx_word' id='word_1_778' title='bbox 2582 4248 2763 4294; x_wconf 89' lang='lat' dir='ltr'><strong>essent</strong></span> <span class='ocrx_word' id='word_1_779' title='bbox 2809 4240 2897 4310; x_wconf 93' lang='lat' dir='ltr'><strong>pio</strong></span> <span class='ocrx_word' id='word_1_780' title='bbox 2924 4239 3258 4311; x_wconf 87' lang='lat' dir='ltr'><strong>salutarique</strong></span> <span class='ocrx_word' id='word_1_781' title='bbox 3284 4242 3428 4297; x_wconf 91' lang='lat' dir='ltr'><strong>furto</strong></span> 
     </span>
    </p>
   </div>
   <div class='ocr_carea' id='block_1_102' title="bbox 1862 4332 3424 4402">
    <p class='ocr_par' dir='ltr' id='par_1_102' title="bbox 1862 4332 3424 4402">
     <span class='ocr_line' id='line_1_102' title="bbox 1862 4332 3424 4402; baseline 0.001 -17"><span class='ocrx_word' id='word_1_782' title='bbox 1862 4333 2272 4396; x_wconf 86' lang='lat' dir='ltr'><strong>subducentem,</strong></span> <span class='ocrx_word' id='word_1_783' title='bbox 2313 4348 2375 4387; x_wconf 89' lang='lat' dir='ltr'><strong>ac</strong></span> <span class='ocrx_word' id='word_1_784' title='bbox 2401 4332 2723 4402; x_wconf 88' lang='lat' dir='ltr'><strong>pauperibus</strong></span> <span class='ocrx_word' id='word_1_785' title='bbox 2750 4332 2961 4389; x_wconf 84' lang='lat' dir='ltr'><strong>occulte</strong></span> <span class='ocrx_word' id='word_1_786' title='bbox 2994 4332 3424 4399; x_wconf 91' lang='lat' dir='ltr'><strong>distribuentem,</strong></span> 
     </span>
    </p>
   </div>
   <div class='ocr_carea' id='block_1_103' title="bbox 1861 4422 3427 4493">
    <p class='ocr_par' dir='ltr' id='par_1_103' title="bbox 1861 4422 3427 4493">
     <span class='ocr_line' id='line_1_103' title="bbox 1861 4422 3427 4493; baseline 0.001 -16"><span class='ocrx_word' id='word_1_787' title='bbox 1861 4422 2197 4493; x_wconf 87' lang='lat' dir='ltr'><strong>invitumque</strong></span> <span class='ocrx_word' id='word_1_788' title='bbox 2222 4423 2394 4477; x_wconf 84' lang='lat' dir='ltr'><strong>virum</strong></span> <span class='ocrx_word' id='word_1_789' title='bbox 2428 4438 2491 4477; x_wconf 91' lang='lat' dir='ltr'><strong>ac</strong></span> <span class='ocrx_word' id='word_1_790' title='bbox 2527 4424 2875 4490; x_wconf 88' lang='lat' dir='ltr'><strong>nescientem,</strong></span> <span class='ocrx_word' id='word_1_791' title='bbox 2911 4438 3008 4479; x_wconf 93' lang='lat' dir='ltr'><strong>nec</strong></span> <span class='ocrx_word' id='word_1_792' title='bbox 3037 4440 3139 4478; x_wconf 91' lang='lat' dir='ltr'><strong>non</strong></span> <span class='ocrx_word' id='word_1_793' title='bbox 3165 4424 3427 4480; x_wconf 90' lang='lat' dir='ltr'><strong>domesti-</strong></span> 
     </span>
    </p>
   </div>
   <div class='ocr_carea' id='block_1_104' title="bbox 1861 4512 3427 4584">
    <p class='ocr_par' dir='ltr' id='par_1_104' title="bbox 1861 4512 3427 4584">
     <span class='ocr_line' id='line_1_104' title="bbox 1861 4512 3427 4584; baseline 0 -15"><span class='ocrx_word' id='word_1_794' title='bbox 1861 4529 1952 4570; x_wconf 88' lang='lat' dir='ltr'><strong>cos</strong></span> <span class='ocrx_word' id='word_1_795' title='bbox 1983 4512 2496 4570; x_wconf 86' lang='lat' dir='ltr'><strong>demerentent.Pro</strong></span> <span class='ocrx_word' id='word_1_796' title='bbox 2542 4515 2629 4570; x_wconf 92' lang='lat' dir='ltr'><strong>illo</strong></span> <span class='ocrx_word' id='word_1_797' title='bbox 2677 4530 2908 4584; x_wconf 89' lang='lat' dir='ltr'><strong>namque</strong></span> <span class='ocrx_word' id='word_1_798' title='bbox 2949 4525 3004 4571; x_wconf 91' lang='lat' dir='ltr'><strong>et</strong></span> <span class='ocrx_word' id='word_1_799' title='bbox 3043 4515 3258 4571; x_wconf 71' lang='lat' dir='ltr'><strong>familia:</strong></span> <span class='ocrx_word' id='word_1_800' title='bbox 3296 4532 3427 4583; x_wconf 77' lang='lat' dir='ltr'><strong>aug-</strong></span> 
     </span>
    </p>
   </div>
   <div class='ocr_carea' id='block_1_105' title="bbox 1788 4606 3425 4698">
    <p class='ocr_par' dir='ltr' id='par_1_105' title="bbox 1788 4606 3425 4698">
     <span class='ocr_line' id='line_1_105' title="bbox 1788 4606 3425 4698; baseline 0.004 -40"><span class='ocrx_word' id='word_1_801' title='bbox 1788 4615 2076 4698; x_wconf 64' lang='lat' dir='ltr'><strong>1)mento,</strong></span> <span class='ocrx_word' id='word_1_802' title='bbox 2136 4614 2491 4675; x_wconf 87' lang='lat' dir='ltr'><strong>natorumque</strong></span> <span class='ocrx_word' id='word_1_803' title='bbox 2568 4606 2979 4671; x_wconf 90' lang='lat' dir='ltr'><strong>incolumitate,</strong></span> <span class='ocrx_word' id='word_1_804' title='bbox 3040 4609 3425 4664; x_wconf 72' lang='lat' dir='ltr'><strong>beneficientia:</strong></span> 
     </span>
    </p>
   </div>
   <div class='ocr_carea' id='block_1_106' title="bbox 1858 4696 3422 4773">
    <p class='ocr_par' dir='ltr' id='par_1_106' title="bbox 1858 4696 3422 4773">
     <span class='ocr_line' id='line_1_106' title="bbox 1858 4696 3422 4773; baseline 0.004 -21"><span class='ocrx_word' id='word_1_805' title='bbox 1858 4712 2023 4766; x_wconf 89' lang='lat' dir='ltr'><strong>opera</strong></span> <span class='ocrx_word' id='word_1_806' title='bbox 2073 4696 2381 4767; x_wconf 73' lang='lat' dir='ltr'><strong>praestabat.</strong></span> <span class='ocrx_word' id='word_1_807' title='bbox 2408 4718 2426 4750; x_wconf 76' lang='grc' dir='ltr'><strong>ι</strong></span> <span class='ocrx_word' id='word_1_808' title='bbox 2483 4697 2789 4770; x_wconf 89' lang='lat' dir='ltr'><strong>Nunquam,</strong></span> <span class='ocrx_word' id='word_1_809' title='bbox 2854 4702 2906 4756; x_wconf 92' lang='lat' dir='ltr'><strong>ni</strong></span> <span class='ocrx_word' id='word_1_810' title='bbox 2945 4701 3123 4765; x_wconf 84' lang='lat' dir='ltr'><strong>fallor,</strong></span> <span class='ocrx_word' id='word_1_811' title='bbox 3156 4703 3422 4773; x_wconf 84' lang='lat' dir='ltr'><strong>ejusmodi</strong></span> 
     </span>
    </p>
   </div>
   <div class='ocr_carea' id='block_1_107' title="bbox 1856 4789 3423 4859">
    <p class='ocr_par' dir='ltr' id='par_1_107' title="bbox 1856 4789 3423 4859">
     <span class='ocr_line' id='line_1_107' title="bbox 1856 4789 3423 4859; baseline 0.004 -16"><span class='ocrx_word' id='word_1_812' title='bbox 1856 4789 2000 4843; x_wconf 87' lang='lat' dir='ltr'><strong>furta</strong></span> <span class='ocrx_word' id='word_1_813' title='bbox 2036 4791 2333 4859; x_wconf 87' lang='lat' dir='ltr'><strong>generatim</strong></span> <span class='ocrx_word' id='word_1_814' title='bbox 2384 4792 2653 4847; x_wconf 87' lang='lat' dir='ltr'><strong>laudasset</strong></span> <span class='ocrx_word' id='word_1_815' title='bbox 2694 4792 2945 4847; x_wconf 88' lang='lat' dir='ltr'><strong>Basilius.</strong></span> <span class='ocrx_word' id='word_1_816' title='bbox 2999 4792 3107 4848; x_wconf 81' lang='lat' dir='ltr'><strong>Res</strong></span> <span class='ocrx_word' id='word_1_817' title='bbox 3140 4807 3222 4849; x_wconf 89' lang='lat' dir='ltr'><strong>est</strong></span> <span class='ocrx_word' id='word_1_818' title='bbox 3277 4796 3423 4849; x_wconf 91' lang='lat' dir='ltr'><strong>enim</strong></span> 
     </span>
    </p>
   </div>
   <div class='ocr_carea' id='block_1_108' title="bbox 1855 4878 3418 4953">
    <p class='ocr_par' dir='ltr' id='par_1_108' title="bbox 1855 4878 3418 4953">
     <span class='ocr_line' id='line_1_108' title="bbox 1855 4878 3418 4953; baseline 0.003 -19"><span class='ocrx_word' id='word_1_819' title='bbox 1855 4879 2085 4950; x_wconf 91' lang='lat' dir='ltr'><strong>periculi</strong></span> <span class='ocrx_word' id='word_1_820' title='bbox 2114 4878 2293 4948; x_wconf 89' lang='lat' dir='ltr'><strong>plena,</strong></span> <span class='ocrx_word' id='word_1_821' title='bbox 2326 4882 2633 4953; x_wconf 87' lang='lat' dir='ltr'><strong>jurgiisque</strong></span> <span class='ocrx_word' id='word_1_822' title='bbox 2660 4884 2839 4937; x_wconf 90' lang='lat' dir='ltr'><strong>multis</strong></span> <span class='ocrx_word' id='word_1_823' title='bbox 2874 4893 3037 4953; x_wconf 90' lang='lat' dir='ltr'><strong>atque</strong></span> <span class='ocrx_word' id='word_1_824' title='bbox 3071 4886 3418 4941; x_wconf 83' lang='lat' dir='ltr'><strong>dissensioni-</strong></span> 
     </span>
    </p>
   </div>
   <div class='ocr_carea' id='block_1_109' title="bbox 1855 4974 3423 5045">
    <p class='ocr_par' dir='ltr' id='par_1_109' title="bbox 1855 4974 3423 5045">
     <span class='ocr_line' id='line_1_109' title="bbox 1855 4974 3423 5045; baseline 0.004 -16"><span class='ocrx_word' id='word_1_825' title='bbox 1855 4974 1957 5029; x_wconf 85' lang='lat' dir='ltr'><strong>bus</strong></span> <span class='ocrx_word' id='word_1_826' title='bbox 1986 4974 2241 5037; x_wconf 89' lang='lat' dir='ltr'><strong>obnoxia,</strong></span> <span class='ocrx_word' id='word_1_827' title='bbox 2274 4990 2488 5045; x_wconf 87' lang='lat' dir='ltr'><strong>quaque</strong></span> <span class='ocrx_word' id='word_1_828' title='bbox 2521 4976 2667 5031; x_wconf 90' lang='lat' dir='ltr'><strong>abuti</strong></span> <span class='ocrx_word' id='word_1_829' title='bbox 2699 4977 3013 5033; x_wconf 82' lang='lat' dir='ltr'><strong>facillimum</strong></span> <span class='ocrx_word' id='word_1_830' title='bbox 3049 4979 3137 5034; x_wconf 93' lang='lat' dir='ltr'><strong>sit.</strong></span> <span class='ocrx_word' id='word_1_831' title='bbox 3168 4980 3423 5035; x_wconf 63' lang='lat' dir='ltr'><strong>Laudari:</strong></span> 
     </span>
    </p>
   </div>
   <div class='ocr_carea' id='block_1_110' title="bbox 1857 5063 3421 5139">
    <p class='ocr_par' dir='ltr' id='par_1_110' title="bbox 1857 5063 3421 5139">
     <span class='ocr_line' id='line_1_110' title="bbox 1857 5063 3421 5139; baseline 0.004 -18"><span class='ocrx_word' id='word_1_832' title='bbox 1857 5080 1985 5137; x_wconf 86' lang='lat' dir='ltr'><strong>ergo</strong></span> <span class='ocrx_word' id='word_1_833' title='bbox 2030 5063 2263 5123; x_wconf 88' lang='lat' dir='ltr'><strong>Basilius</strong></span> <span class='ocrx_word' id='word_1_834' title='bbox 2294 5069 2573 5124; x_wconf 88' lang='lat' dir='ltr'><strong>mulierem</strong></span> <span class='ocrx_word' id='word_1_835' title='bbox 2618 5084 2736 5137; x_wconf 73' lang='lat' dir='ltr'><strong>qua:</strong></span> <span class='ocrx_word' id='word_1_836' title='bbox 2778 5070 2954 5125; x_wconf 94' lang='lat' dir='ltr'><strong>inscio</strong></span> <span class='ocrx_word' id='word_1_837' title='bbox 3002 5072 3193 5125; x_wconf 83' lang='lat' dir='ltr'><strong>marito</strong></span> <span class='ocrx_word' id='word_1_838' title='bbox 3228 5071 3421 5139; x_wconf 84' lang='lat' dir='ltr'><strong>stipem</strong></span> 
     </span>
    </p>
   </div>
   <div class='ocr_carea' id='block_1_111' title="bbox 1858 5159 3423 5235">
    <p class='ocr_par' dir='ltr' id='par_1_111' title="bbox 1858 5159 3423 5235">
     <span class='ocr_line' id='line_1_111' title="bbox 1858 5159 3423 5235; baseline 0.003 -20"><span class='ocrx_word' id='word_1_839' title='bbox 1858 5159 2125 5215; x_wconf 86' lang='lat' dir='ltr'><strong>modicam</strong></span> <span class='ocrx_word' id='word_1_840' title='bbox 2153 5175 2250 5216; x_wconf 92' lang='lat' dir='ltr'><strong>nec</strong></span> <span class='ocrx_word' id='word_1_841' title='bbox 2273 5161 2474 5218; x_wconf 88' lang='lat' dir='ltr'><strong>limites</strong></span> <span class='ocrx_word' id='word_1_842' title='bbox 2502 5163 2991 5233; x_wconf 87' lang='lat' dir='ltr'><strong>transgredientem</strong></span> <span class='ocrx_word' id='word_1_843' title='bbox 3019 5164 3258 5232; x_wconf 84' lang='lat' dir='ltr'><strong>erogavit</strong></span> <span class='ocrx_word' id='word_1_844' title='bbox 3288 5181 3423 5235; x_wconf 83' lang='lat' dir='ltr'><strong>pau-</strong></span> 
     </span>
    </p>
   </div>
   <div class='ocr_carea' id='block_1_112' title="bbox 1857 5250 3420 5322">
    <p class='ocr_par' dir='ltr' id='par_1_112' title="bbox 1857 5250 3420 5322">
     <span class='ocr_line' id='line_1_112' title="bbox 1857 5250 3420 5322; baseline 0.003 -17"><span class='ocrx_word' id='word_1_845' title='bbox 1857 5250 2114 5319; x_wconf 87' lang='lat' dir='ltr'><strong>peribus:</strong></span> <span class='ocrx_word' id='word_1_846' title='bbox 2149 5254 2245 5308; x_wconf 89' lang='lat' dir='ltr'><strong>sed</strong></span> <span class='ocrx_word' id='word_1_847' title='bbox 2279 5255 2345 5308; x_wconf 89' lang='lat' dir='ltr'><strong>ab</strong></span> <span class='ocrx_word' id='word_1_848' title='bbox 2369 5268 2433 5308; x_wconf 91' lang='lat' dir='ltr'><strong>eo</strong></span> <span class='ocrx_word' id='word_1_849' title='bbox 2466 5255 2897 5311; x_wconf 88' lang='lat' dir='ltr'><strong>commendatam</strong></span> <span class='ocrx_word' id='word_1_850' title='bbox 2929 5255 3092 5309; x_wconf 89' lang='lat' dir='ltr'><strong>fuisse</strong></span> <span class='ocrx_word' id='word_1_851' title='bbox 3116 5257 3420 5322; x_wconf 84' lang='lat' dir='ltr'><strong>mulierem,</strong></span> 
     </span>
    </p>
   </div>
   <div class='ocr_carea' id='block_1_113' title="bbox 1856 5343 3418 5422">
    <p class='ocr_par' dir='ltr' id='par_1_113' title="bbox 1856 5343 3418 5422">
     <span class='ocr_line' id='line_1_113' title="bbox 1856 5343 3418 5422; baseline 0.004 -25"><span class='ocrx_word' id='word_1_852' title='bbox 1856 5357 1975 5413; x_wconf 63' lang='lat' dir='ltr'><strong>quae</strong></span> <span class='ocrx_word' id='word_1_853' title='bbox 2005 5343 2267 5400; x_wconf 90' lang='lat' dir='ltr'><strong>insciente</strong></span> <span class='ocrx_word' id='word_1_854' title='bbox 2312 5344 2561 5417; x_wconf 88' lang='lat' dir='ltr'><strong>conjuge,</strong></span> <span class='ocrx_word' id='word_1_855' title='bbox 2613 5347 2727 5415; x_wconf 86' lang='lat' dir='ltr'><strong>ipsa</strong></span> <span class='ocrx_word' id='word_1_856' title='bbox 2762 5348 2830 5401; x_wconf 79' lang='grc' dir='ltr'>τὰ</span> <span class='ocrx_word' id='word_1_857' title='bbox 2854 5348 2951 5417; x_wconf 85' lang='grc' dir='ltr'>τῆς</span> <span class='ocrx_word' id='word_1_858' title='bbox 2984 5347 3161 5413; x_wconf 73' lang='grc' dir='ltr'>οἰκίας</span> <span class='ocrx_word' id='word_1_859' title='bbox 3190 5348 3418 5422; x_wconf 79' lang='grc' dir='ltr'>χρειώδη</span> 
     </span>
    </p>
   </div>
   <div class='ocr_carea' id='block_1_114' title="bbox 1854 5436 3419 5510">
    <p class='ocr_par' dir='ltr' id='par_1_114' title="bbox 1854 5436 3419 5510">
     <span class='ocr_line' id='line_1_114' title="bbox 1854 5436 3419 5510; baseline 0.004 -19"><span class='ocrx_word' id='word_1_860' title='bbox 1854 5436 2041 5507; x_wconf 85' lang='lat' dir='ltr'><strong>egenis</strong></span> <span class='ocrx_word' id='word_1_861' title='bbox 2072 5437 2265 5508; x_wconf 86' lang='lat' dir='ltr'><strong>largita</strong></span> <span class='ocrx_word' id='word_1_862' title='bbox 2296 5439 2387 5503; x_wconf 90' lang='lat' dir='ltr'><strong>sit,</strong></span> <span class='ocrx_word' id='word_1_863' title='bbox 2421 5455 2694 5510; x_wconf 88' lang='lat' dir='ltr'><strong>nunquam</strong></span> <span class='ocrx_word' id='word_1_864' title='bbox 2744 5440 2798 5493; x_wconf 88' lang='lat' dir='ltr'><strong>in</strong></span> <span class='ocrx_word' id='word_1_865' title='bbox 2825 5438 3060 5496; x_wconf 90' lang='lat' dir='ltr'><strong>anlmum</strong></span> <span class='ocrx_word' id='word_1_866' title='bbox 3095 5442 3419 5498; x_wconf 85' lang='lat' dir='ltr'><strong>induxerim.</strong></span> 
     </span>
    </p>
   </div>
   <div class='ocr_carea' id='block_1_115' title="bbox 1854 5528 3419 5602">
    <p class='ocr_par' dir='ltr' id='par_1_115' title="bbox 1854 5528 3419 5602">
     <span class='ocr_line' id='line_1_115' title="bbox 1854 5528 3419 5602; baseline 0.003 -20"><span class='ocrx_word' id='word_1_867' title='bbox 1854 5528 2038 5583; x_wconf 72' lang='lat' dir='ltr'><strong>Graeca</strong></span> <span class='ocrx_word' id='word_1_868' title='bbox 2073 5532 2184 5602; x_wconf 88' lang='lat' dir='ltr'><strong>ipsa</strong></span> <span class='ocrx_word' id='word_1_869' title='bbox 2222 5546 2493 5601; x_wconf 89' lang='lat' dir='ltr'><strong>apponere</strong></span> <span class='ocrx_word' id='word_1_870' title='bbox 2521 5533 2617 5586; x_wconf 88' lang='lat' dir='ltr'><strong>abs</strong></span> <span class='ocrx_word' id='word_1_871' title='bbox 2640 5547 2696 5587; x_wconf 90' lang='lat' dir='ltr'><strong>re</strong></span> <span class='ocrx_word' id='word_1_872' title='bbox 2719 5548 2825 5587; x_wconf 90' lang='lat' dir='ltr'><strong>non</strong></span> <span class='ocrx_word' id='word_1_873' title='bbox 2848 5532 3027 5599; x_wconf 90' lang='lat' dir='ltr'><strong>fuerit,</strong></span> <span class='ocrx_word' id='word_1_874' title='bbox 3059 5546 3115 5586; x_wconf 91' lang='lat' dir='ltr'><strong>ut</strong></span> <span class='ocrx_word' id='word_1_875' title='bbox 3140 5540 3293 5602; x_wconf 83' lang='lat' dir='ltr'><strong>culpa</strong></span> <span class='ocrx_word' id='word_1_876' title='bbox 3313 5549 3419 5589; x_wconf 86' lang='lat' dir='ltr'><strong>non</strong></span> 
     </span>
    </p>
   </div>
   <div class='ocr_carea' id='block_1_116' title="bbox 1856 5622 3414 5695">
    <p class='ocr_par' dir='ltr' id='par_1_116' title="bbox 1856 5622 3414 5695">
     <span class='ocr_line' id='line_1_116' title="bbox 1856 5622 3414 5695; baseline 0.001 -18"><span class='ocrx_word' id='word_1_877' title='bbox 1856 5623 1906 5677; x_wconf 89' lang='lat' dir='ltr'><strong>in</strong></span> <span class='ocrx_word' id='word_1_878' title='bbox 1938 5622 2187 5677; x_wconf 85' lang='lat' dir='ltr'><strong>Latinum</strong></span> <span class='ocrx_word' id='word_1_879' title='bbox 2238 5624 2606 5693; x_wconf 85' lang='lat' dir='ltr'><strong>interpretem,</strong></span> <span class='ocrx_word' id='word_1_880' title='bbox 2669 5626 2763 5681; x_wconf 85' lang='lat' dir='ltr'><strong>sed</strong></span> <span class='ocrx_word' id='word_1_881' title='bbox 2804 5627 2853 5679; x_wconf 92' lang='lat' dir='ltr'><strong>in</strong></span> <span class='ocrx_word' id='word_1_882' title='bbox 2892 5627 3061 5695; x_wconf 92' lang='lat' dir='ltr'><strong>ipsum</strong></span> <span class='ocrx_word' id='word_1_883' title='bbox 3097 5627 3414 5694; x_wconf 88' lang='lat' dir='ltr'><strong>scriptorem</strong></span> 
     </span>
    </p>
   </div>
   <div class='ocr_carea' id='block_1_117' title="bbox 1854 5716 3419 5789">
    <p class='ocr_par' dir='ltr' id='par_1_117' title="bbox 1854 5716 3419 5789">
     <span class='ocr_line' id='line_1_117' title="bbox 1854 5716 3419 5789; baseline 0.003 -19"><span class='ocrx_word' id='word_1_884' title='bbox 1854 5716 2097 5770; x_wconf 74' lang='lat' dir='ltr'><strong>Grtecum</strong></span> <span class='ocrx_word' id='word_1_885' title='bbox 2149 5718 2485 5786; x_wconf 86' lang='lat' dir='ltr'><strong>conjiciatur.</strong></span> <span class='ocrx_word' id='word_1_886' title='bbox 2540 5717 2661 5773; x_wconf 75' lang='lat' dir='ltr'><strong>llzec</strong></span> <span class='ocrx_word' id='word_1_887' title='bbox 2703 5729 2884 5773; x_wconf 88' lang='lat' dir='ltr'><strong>autem</strong></span> <span class='ocrx_word' id='word_1_888' title='bbox 2926 5731 3088 5774; x_wconf 87' lang='lat' dir='ltr'><strong>sunt:</strong></span> <span class='ocrx_word' id='word_1_889' title='bbox 3126 5717 3276 5773; x_wconf 73' lang='grc' dir='ltr'>Εἶδον</span> <span class='ocrx_word' id='word_1_890' title='bbox 3307 5722 3419 5789; x_wconf 74' lang='grc' dir='ltr'><strong>ἐγὼ</strong></span> 
     </span>
    </p>
   </div>
   <div class='ocr_carea' id='block_1_118' title="bbox 1853 5810 3421 5887">
    <p class='ocr_par' dir='ltr' id='par_1_118' title="bbox 1853 5810 3421 5887">
     <span class='ocr_line' id='line_1_118' title="bbox 1853 5810 3421 5887; baseline 0.006 -25"><span class='ocrx_word' id='word_1_891' title='bbox 1853 5813 2103 5878; x_wconf 82' lang='grc' dir='ltr'>γυναῖκα,</span> <span class='ocrx_word' id='word_1_892' title='bbox 2131 5810 2302 5882; x_wconf 85' lang='grc' dir='ltr'>λάθρα</span> <span class='ocrx_word' id='word_1_893' title='bbox 2333 5811 2425 5863; x_wconf 78' lang='grc' dir='ltr'>τοῦ</span> <span class='ocrx_word' id='word_1_894' title='bbox 2459 5812 2668 5883; x_wconf 81' lang='grc' dir='ltr'>ἀνδρὸς,</span> <span class='ocrx_word' id='word_1_895' title='bbox 2711 5815 3076 5886; x_wconf 73' lang='grc' dir='ltr'>ὑφαιρομένην</span> <span class='ocrx_word' id='word_1_896' title='bbox 3119 5816 3186 5868; x_wconf 74' lang='grc' dir='ltr'><strong>τὰ</strong></span> <span class='ocrx_word' id='word_1_897' title='bbox 3209 5816 3309 5887; x_wconf 73' lang='grc' dir='ltr'>τῆς</span> <span class='ocrx_word' id='word_1_898' title='bbox 3340 5818 3421 5873; x_wconf 79' lang='grc' dir='ltr'><strong>οι·</strong></span> 
     </span>
    </p>
   </div>
   <div class='ocr_carea' id='block_1_119' title="bbox 1854 5904 3419 5984">
    <p class='ocr_par' dir='ltr' id='par_1_119' title="bbox 1854 5904 3419 5984">
     <span class='ocr_line' id='line_1_119' title="bbox 1854 5904 3419 5984; baseline 0.004 -28"><span class='ocrx_word' id='word_1_899' title='bbox 1854 5904 1975 5967; x_wconf 88' lang='grc' dir='ltr'>κίας</span> <span class='ocrx_word' id='word_1_900' title='bbox 1999 5904 2252 5976; x_wconf 82' lang='grc' dir='ltr'>χρειώδη,</span> <span class='ocrx_word' id='word_1_901' title='bbox 2284 5905 2485 5978; x_wconf 75' lang='grc' dir='ltr'>κλοπὴν</span> <span class='ocrx_word' id='word_1_902' title='bbox 2541 5910 2828 5980; x_wconf 73' lang='grc' dir='ltr'>ἐπαινετὴν</span> <span class='ocrx_word' id='word_1_903' title='bbox 2862 5912 2951 5964; x_wconf 71' lang='grc' dir='ltr'><strong>καὶ</strong></span> <span class='ocrx_word' id='word_1_904' title='bbox 2985 5914 3273 5984; x_wconf 77' lang='grc' dir='ltr'>σωτηρίαν,</span> <span class='ocrx_word' id='word_1_905' title='bbox 3328 5912 3419 5972; x_wconf 52' lang='grc' dir='ltr'><strong>καὶ</strong></span> 
     </span>
    </p>
   </div>
  </div>
