4212 6498
725 480 955 523 ΩΜΧΧΝ

2070 451 2601 507 PROLEGOMENA.

727 588 951 656 πένησιν
976 581 1113 636 αὐτὰ
1138 582 1194 632 ἐν
1220 595 1296 648 τῳ
1317 575 1557 646 λεληθότι
1588 574 1965 643 διανέμουσαν,
1986 571 2077 621 καὶ
2096 568 2295 621 ἄκοντα
2323 574 2366 627 Α

2408 569 2557 622 mulo
2618 566 2864 636 sagacior
2902 577 3021 618 eam
3082 561 3229 617 nullo
3291 560 3503 629 negotio
3540 559 3721 613 videre
3763 569 3963 629 potest.

723 678 821 733 ’καὶ
851 673 1142 743 ἀγνοοῦντα
1177 669 1269 723 τὸν
1297 668 1460 738 ἄνδρα
1505 666 1599 718 καὶ
1643 666 1767 725 τοὺς
1808 660 2039 723 οἰκείους
2069 661 2291 730 εὐεργε-

728 769 940 823 τοῦσαν.
987 763 1158 833 ’Υπὲρ
1188 761 1294 832 γὰρ
1316 758 1542 820 ἐκείνου,
1573 756 1666 809 καὶ
1688 755 1786 823 τῆς
1816 753 1923 805 τῶν
1950 752 2154 804 τέκνων
2181 751 2294 803 δια-

734 861 899 931 μονῆς
932 857 1062 928 ἕδρα
1096 854 1197 924 τὴν
1237 850 1501 905 εὐποιίαν.
1535 847 1750 902 Monere
1773 846 1901 899 libet
1930 842 2100 897 videri
2138 841 2297 895 Cont-

729 952 977 1008 beﬁsium
1024 962 1133 1001 sua:
1184 957 1359 998 causa:
1410 938 1640 994 difIisum
1702 936 1888 1001 fuisse,
1947 944 2108 1003 atque
2141 932 2297 999 hujus

731 1040 991 1096 doctrina:
1024 1033 1358 1090 incommoda
1410 1027 1772 1101 pertimuisse,
1800 1026 1913 1103 qui,
1938 1034 1998 1079 ut
2020 1024 2295 1089 debuerat,

732 1148 839 1188 non
888 1128 1142 1191 verterit,
1180 1122 1485 1179 «laudabili
1539 1120 1715 1186 furto,
1750 1138 1768 1172 ι
1813 1116 2020 1188 κλοπὴν
2076 1118 2301 1168 ἐπαινε-

731 1226 832 1296 τήν
860 1240 875 1279 :
906 1222 999 1278 sed
1047 1208 1259 1275 mollius
1300 1215 1547 1278 verterit,
1597 1231 1615 1265 ι
1651 1212 1739 1281 pio
1769 1211 1930 1265 furto.
1969 1228 1987 1261 ι
2034 1207 2301 1263 Combeli-

733 1317 866 1379 sius,
895 1314 1106 1383 Opinor,
1149 1309 1236 1381 pie
1269 1318 1323 1363 et
1352 1305 1580 1376 benigne
1606 1302 1792 1357 Basilii
1823 1302 1903 1356 sui
1931 1298 2096 1354 verba
2130 1298 2297 1352 inter-

732 1415 975 1480 pretatus
1002 1414 1122 1468 est;
1140 1402 1284 1458 illius
1321 1409 1379 1455 ut
1402 1397 1706 1452 doctrinam
1741 1392 2152 1449 tolerabiliorem
2180 1388 2303 1442 red-

736 1503 939 1557 deret:
986 1497 1083 1554 sed
1139 1496 1280 1549 hanc
1336 1489 1659 1547 excusandze
1713 1486 1975 1542 doctrina:
2037 1483 2301 1538 rationem

732 1607 895 1649 nemo
921 1589 1134 1660 sapiens
1166 1599 1399 1654 unquam
1427 1579 1764 1652 approbarit.

807 1682 897 1738 l9.
930 1680 1191 1749 Denique,
1212 1675 1257 1732 si
1280 1688 1386 1745 qua
1422 1679 1506 1725 est
1532 1668 1855 1737 scriptorum
1872 1679 2030 1719 manu
2057 1662 2301 1718 codicum

738 1773 1058 1838 auctoritas,
1090 1784 1210 1840 quae
1236 1765 1404 1823 multa
1438 1775 1560 1817 esse
1587 1761 1763 1822 debet,
1804 1756 2171 1813 dubitari-vix
2204 1767 2304 1821 po-

735 1868 860 1921 terit
880 1864 1007 1934 quin
1028 1863 1133 1917 sint
1158 1875 1256 1930 pro
1272 1858 1468 1929 spuriis
1498 1855 1754 1912 habendae
1774 1852 1855 1906 ha;
1878 1852 1997 1904 duae
2012 1847 2303 1901 orationes.

737 1961 946 2016 Etenim
971 1956 1223 2013 cum'sint
1247 1955 1298 2009 in
1323 1954 1489 2007 variis
1520 1946 1863 2007 bibliothecis
1888 1942 2102 1997 codices
2128 1938 2303 2001 multi,

736 2053 830 2125 qui
858 2051 1219 2107 Hexaemeron
1248 2046 1434 2099 Basilii
1462 2042 1774 2106 exhibeant,
1808 2048 2035 2107 quorum
2060 2030 2149 2084 alii
2180 2037 2307 2084 sunt

735 2120 1096 2205 membranei,
1128 2148 1184 2192 et
1211 2133 1594 2205 antiquissimi,
1631 2142 1686 2187 et
1746 2129 1961 2200 optimae
1999 2134 2169 2189 notae;
2215 2120 2302 2175 alii

735 2249 868 2290 vero
897 2228 1198 2295 cbartacei,
1227 2236 1498 2292 recentes,
1551 2234 1606 2279 et
1634 2232 1772 2278 nota:
1808 2218 1992 2281 malae;
2027 2218 2079 2268 in
2110 2211 2305 2279 priori-

737 2331 842 2385 bus
869 2326 1083 2396 quidem
1128 2322 1236 2378 illis
1278 2321 1653 2375 desiderantur
1703 2315 1820 2367 duaa
1862 2311 1943 2364 ha:
1973 2309 2038 2362 de
2074 2304 2307 2361 hominis

738 2420 961 2492 opiﬁcio
999 2415 1356 2492 oratiuncula:
1392 2430 1406 2465 :
1468 2407 1816 2479 reperiuntur
1856 2416 1985 2456 vero
2034 2398 2207 2454 solum
2255 2395 2306 2447 in

738 2508 1147 2582 posterioribus.
1206 2485 1402 2556 Prima:
1473 2496 1662 2553 classis
1712 2489 2105 2551 sunttcodices
2154 2484 2307 2554 Regii

736 2575 900 2667 issi,
951 2596 1116 2662 2349,
1168 2593 1329 2659 esse,
1373 2590 1718 2647 Colbertinus
1760 2581 1937 2647 5069,
1990 2575 2306 2634 Coisliniani

736 2700 863 2764 2:28,
892 2696 1020 2762 229,
1055 2696 1108 2750 in
1145 2692 1340 2762 quibus
1378 2686 1631 2744 omnibus
1657 2697 1763 2737 non
1797 2678 1917 2750 plus
1952 2688 2142 2731 novem
2182 2684 2310 2724 con-

738 2796 921 2848 ciones
954 2788 1289 2843 nanciscare.
1339 2780 1419 2834 Ad
1452 2776 1742 2832 secundam
1778 2772 2006 2827 classem
2040 2764 2310 2836 pertinent

741 2884 895 2954 Regii
922 2880 1088 2944 2286,
1137 2875 1302 2939 2287,
1352 2871 1533 2935 2877,
1581 2866 1744 2928 2896,
1785 2874 1914 2926 ctc.,
1979 2860 2032 2912 in
2079 2868 2308 2924 quorum

738 2974 1015 3033 nonnullis
1039 2968 1389 3026 inveniuntur
1416 2960 1630 3032 quidem
1653 2953 1967 3009 adulterina:
1990 2947 2091 3001 illa:
2118 2944 2312 2999 oratio-

739 3087 837 3128 nes
864 3088 876 3124 :
914 3068 1007 3125 sed
1032 3065 1246 3120 codices
1279 3070 1386 3115 tam
1423 3061 1670 3109 recentes
1702 3048 1743 3103 si
1769 3061 1890 3102 cum
1920 3036 2311 3110 antiquissimis

740 3171 1133 3231 comparemus,
1174 3152 1334 3209 dubio
1386 3144 1573 3217 procul
1627 3142 1703 3211 (η)
1744 3137 1905 3190 fidem
1951 3131 2150 3185 nullam
2200 3142 2313 3181 me-

742 3268 949 3315 rentur.
986 3254 1095 3308 Ncc
1120 3250 1249 3305 illud
1278 3239 1715 3317 praetereundum
1765 3230 2003 3293 silentio,
2030 3225 2309 3279 librarium
2338 3270 2380 3326 Ο

744 3366 771 3403 a
803 3344 1132 3404 Combelisio
1171 3313 1449 3393 laudatum
1501 3331 1633 3385 duas
1680 3327 1779 3380 has
1804 3320 2083 3376 orationes
2110 3313 2311 3368 Basilio

745 3444 981 3497 tribuere
1013 3435 1152 3492 nolle
1186 3452 1199 3487 :
1239 3430 1334 3487 sed
1373 3442 1484 3483 rein
1520 3424 1572 3478 in
1606 3418 1767 3476 dubio
1794 3415 2121 3482 relinquere.
2157 3406 2311 3474 Quod

745 3544 919 3587 autem
940 3532 1101 3584 homo
1122 3534 1175 3581 et
1207 3525 1429 3578 Gnaeus
1459 3527 1512 3573 et
1540 3511 1791 3569 credulus
1814 3510 1866 3561 in
1891 3503 2069 3559 dubiis
2102 3498 2311 3563 habuit,

743 3626 797 3679 id
826 3624 985 3676 homo
1015 3623 1279 3673 emuncta:
1318 3609 1467 3663 naris
1497 3607 1638 3659 inter
1667 3599 1850 3670 spuria
1888 3608 2150 3665 reponere
2204 3604 2310 3643 non

743 3712 1029 3770 dubitabit.
1061 3704 1239 3775 Quaeri
1291 3699 1379 3756 hic
1423 3701 1603 3766 potest
1642 3705 1739 3745 cur
1772 3687 2027 3757 scriptor,
2064 3678 2313 3751 quisquis

743 3819 846 3872 est,
886 3808 984 3861 has
1012 3801 1286 3858 orationes
1342 3795 1395 3848 in
1436 3786 1619 3843 Basilii
1673 3797 1921 3853 persona,
1972 3793 2076 3833 non
2115 3776 2167 3829 in
2215 3788 2313 3829 sua

744 3897 1008 3959 ediderit;
1052 3894 1310 3958 itemque,
1340 3898 1437 3938 cur
1466 3882 1566 3935 hac
1594 3873 1801 3931 dicendi
1831 3870 2081 3932 formula,
2117 3869 2174 3921 ἐν
2200 3866 2314 3928 τοῖς

744 3988 994 4049 κατάξειν,
1021 3982 1218 4038 Basilio
1248 3973 1522 4038 familiari,
1577 3982 1713 4041 pene
1768 3963 2006 4017 dixeram
2030 3956 2312 4029 peculiari,

744 4096 873 4135 usus
908 4078 998 4132 sil.
1032 4073 1166 4128 Num
1194 4056 1467 4138 putandus
1492 4071 1573 4117 est
1604 4061 1655 4112 id
1687 4056 1880 4112 fecisse
1940 4049 2078 4103 ntaln
2110 4048 2312 4110 animo,

744 4172 932 4228 lectori
957 4179 1015 4223 ut
1050 4168 1367 4235 imponeret,
1397 4172 1465 4212 an
1518 4154 1694 4223 potius
1726 4150 1888 4210 bono,
1920 4157 1981 4197 se
2004 4153 2062 4194 ut
2091 4152 2314 4194 exerce-

747 4275 849 4325 ret,
881 4229 1263 4325 Basiliunique,
1303 4249 1478 4321 quoad
1517 4246 1733 4305 licebat,
1770 4230 2113 4295 imitaretur?
2142 4229 2312 4283 Nolim

744 4368 845 4425 ego
874 4322 1174 4423 quidquam
1213 4346 1416 4399 dictum
1466 4338 1682 4408 gravius
1725 4335 1776 4387 in
1812 4340 2051 4385 veterem
2084 4322 2315 4388 scripto-

746 4413 880 4509 er,
902 4459 998 4516 pro
1020 4440 1161 4497 virili
1186 4440 1252 4494 de
1280 4451 1337 4491 re
1363 4430 1623 4488 litteraria
1662 4429 1792 4481 bene
1810 4423 2057 4477 meritum
2085 4432 2098 4481 ;
2134 4413 2312 4483 proin-

747 4513 919 4608 deque
967 4534 1137 4589 satius
1167 4529 1333 4584 multo
1364 4538 1484 4580 esse
1528 4522 1663 4575 duco
1697 4532 1806 4570 rem
1839 4515 1893 4567 iit
1929 4513 2126 4565 bonam
2153 4517 2313 4573 quam

747 4630 800 4683 in
833 4624 1024 4680 malam
1054 4630 1253 4691 partem
1282 4616 1550 4683 accipere.

815 4719 906 4774 (ΞΟ.
939 4685 1191 4783 Adjungit
1222 4707 1580 4764 Conibefisius
1620 4700 1827 4758 duabus
1848 4696 1933 4750 his
1964 4685 2315 4748 oratiunculis

746 4823 803 4868 et
842 4781 1053 4864 tertiam
1093 4781 1168 4860 lle
1194 4803 1465 4873 paradiso,
1492 4812 1611 4868 quae
1635 4802 1688 4849 et
1717 4792 1831 4860 ipsa
1883 4798 2097 4857 quoque
2128 4781 2196 4835 ab
2232 4791 2318 4830 eo-

748 4906 868 4959 dem
899 4903 1042 4955 inter
1090 4895 1317 4966 genuina
1347 4889 1530 4943 Basilii
1560 4900 1723 4954 opera
1758 4888 2093 4935 recensetur.
2149 4871 2314 4927 Fate-

748 5010 870 5053 ntur
895 4993 1110 5063 quidem
1141 4989 1283 5041 hanc
1307 4983 1603 5038 orationem
1635 4981 1768 5031 bene
1792 4972 1880 5027 hic
1906 4968 2162 5023 collocari
2200 4974 2316 5016 tau-

748 5058 927 5157 quam-
959 5084 1013 5138 in
1066 5078 1280 5151 proprio
1322 5077 1472 5130 loco:
1513 5071 1605 5126 sed
1644 5067 1810 5122 fetum
1840 5076 1963 5117 esse
1996 5058 2181 5111 Basilii
2221 5068 2316 5108 ne-

751 5147 956 5252 éantus.
995 5147 1229 5246 Ne-gandi
1256 5179 1434 5225 autem
1466 5165 1618 5220 nobis
1649 5172 1826 5216 causae
1856 5153 2084 5215 eaedem,
2112 5147 2315 5218 quibus

750 5237 980 5341 permoti
1024 5237 1231 5338 priores
1265 5263 1399 5316 duas
1448 5255 1719 5311 orationes
1748 5245 1948 5302 Basilio
1969 5240 2080 5309 jam
2111 5237 2321 5308 abiudi-

752 5362 1012 5421 cavimus,
1070 5355 1433 5423 antiquiorum
1478 5344 1774 5402 silentium,
1823 5335 1945 5408 styli
2005 5330 2317 5391 diversitas,

751 5455 993 5510 codicum
1020 5465 1177 5503 manu
1201 5453 1542 5499 exaratorum
1572 5432 1818 5507 penuria.
1839 5424 2097 5483 Tacuisse
2118 5422 2184 5476 de
2216 5422 2317 5474 hac

753 5545 995 5599 oratione
1020 5540 1269 5606 antiquos
1316 5534 1396 5589 vel
1446 5546 1511 5586 ex
1540 5544 1604 5583 eo
1630 5525 1764 5581 satis
1794 5517 2132 5586 intelligitur,
2168 5513 2313 5582 quod

759 5631 991 5685 nondum
1021 5641 1205 5681 eorum
1238 5620 1601 5678 testimonium
1629 5631 1658 5667 a
1699 5626 1964 5681 quoquam
1997 5604 2315 5675 productum

760 5728 852 5773 sit.
887 5720 962 5768 Ad
995 5716 1114 5781 styli
1165 5710 1579 5776 discrepantiam
1628 5704 1773 5771 quod
1819 5701 2036 5758 attinet,
2088 5695 2316 5762 quilibet

839 5886 919 5954 (τι)
949 5885 1076 5937 Bas.
1112 5900 1329 5944 rerens.,
1361 5892 1397 5931 t.
1431 5883 1475 5937 ι,
1513 5892 1563 5945 p.
1592 5875 1711 5927 558.

2396 659 2554 712 Num.
2584 658 2610 711 1
2643 656 2722 711 sic
2741 656 2935 725 legitur
2960 674 2972 709 :
3002 653 3325 724 Νοήσωμεν,
3348 650 3629 720 ἀκροαταὶ,
3654 648 3807 715 ἀξίαν
3830 647 3969 701 Θεοῦ

2397 750 2645 821 φυτείαν,
2680 767 2698 801 ι
2730 749 2813 803 Ad
2842 757 3073 803 mentem
3115 758 3451 809 revocemus,
3497 742 3793 805 auditores,
3821 739 3969 809 ejus-

2397 842 2542 897 modi
2571 840 2995 912 plantationem,
3045 851 3165 907 quae
3186 836 3296 890 Deo
3329 833 3489 903 digna
3514 831 3604 885 sit.
3638 851 3658 883 υ
3694 828 3970 885 Conrbeli-

2397 931 2536 987 sium
2566 929 2751 985 mirari
2799 928 2933 983 satis
2980 942 3083 982 non
3108 940 3286 996 queo,
3335 923 3425 993 qui
3463 937 3520 976 se
3552 922 3651 976 has
3693 922 3971 974 orationes

2400 1023 2601 1077 idcirco
2630 1032 2685 1077 et
2708 1019 2936 1075 vertisse
2958 1027 3011 1073 et
3057 1017 3291 1073 edidisse
3323 1017 3418 1079 ait,
3452 1012 3594 1083 quod
3623 1026 3714 1066 eas
3740 1010 3880 1065 male
3917 1010 3971 1063 in

2401 1115 2677 1185 impressis
2725 1112 2882 1167 libris
2936 1118 3184 1179 acceptas
3248 1116 3524 1177 oporteret
3581 1117 3772 1159 rursus
3829 1101 3973 1170 typis

2404 1205 2645 1261 mandari
2681 1205 2748 1259 ad
2798 1202 3043 1257 codicum
3094 1214 3225 1255 mss.
3258 1199 3415 1254 fidem
3442 1236 3458 1262 ,
3506 1195 3690 1261 sicque
3729 1191 3974 1261 pristina:

2405 1294 2696 1364 integritati
2736 1292 2948 1347 restitui
2973 1332 2987 1355 ,
3030 1304 3150 1344 cum
3191 1299 3368 1343 tamen
3405 1288 3552 1357 ipsas
3580 1281 3733 1353 pejus
3762 1280 3831 1334 ab
3857 1281 3974 1347 ipso

2406 1387 2575 1455 accipi
2608 1387 2954 1454 perspicuum
2981 1384 3073 1437 sit.
3114 1380 3229 1436 Etsi
3274 1379 3417 1433 enim
3458 1378 3510 1431 in
3534 1374 3705 1431 veteri
3735 1370 3976 1428 editione

2405 1482 2623 1530 exstant
2653 1472 2818 1526 multa
2861 1481 3119 1539 certaque
3157 1466 3409 1521 falsitatis
3449 1469 3785 1535 argumenta,
3820 1458 3973 1528 plura

2409 1576 2586 1619 tamen
2623 1564 2963 1633 certioraque
3020 1564 3073 1616 in
3128 1557 3530 1615 Combefisiana
3586 1558 3764 1611 inesse
3814 1565 3975 1605 nemo

2407 1659 2599 1712 harum
2635 1669 2818 1709 rerum
2853 1653 3058 1722 peritus
3088 1649 3440 1706 inliciabitur.
3465 1647 3531 1701 Et
3560 1656 3617 1699 ut
3639 1645 3740 1698 alia
3759 1642 3977 1696 omitta-

2409 1765 2548 1814 mus,
2582 1763 2703 1819 qua:
2750 1746 2944 1814 cuique
2980 1744 3032 1797 in
3066 1742 3196 1811 ipsis
3250 1742 3491 1798 fontibus
3521 1738 3700 1808 legere
3748 1732 3929 1789 licebit
3957 1749 3972 1794 ;

2411 1840 2561 1903 illud,
2595 1835 2883 1909 ἀκροαταί,
2916 1847 3102 1888 verum
3157 1846 3279 1886 esse
3343 1831 3483 1901 quod
3519 1828 3752 1884 dicimus
3792 1833 3977 1895 aperte

2408 1930 2663 1985 ostendit.
2725 1928 2838 1982 Vox
2872 1925 3016 1979 enim
3066 1931 3150 1977 est
3175 1937 3294 1976 cum
3328 1923 3467 1991 apud
3493 1921 3735 1988 reliquos
3762 1915 3977 1979 Patres,

2410 2032 2519 2075 tun:
2577 2020 2716 2089 apud
2757 2017 3012 2072 Basiliam
3052 2013 3333 2078 inusitata,
3368 2012 3668 2081 priscisque
3706 2009 3812 2063 illis
3841 2017 3978 2061 tem—

2407 2114 2626 2182 poribus
2676 2127 2896 2182 prorsus
2950 2108 3224 2172 inaudita,
3271 2120 3390 2175 quae
3454 2119 3559 2158 non
3611 2103 3712 2156 nisi
3766 2100 3981 2156 saeculis

2407 2202 2795 2273 anIerioribus
2820 2201 2871 2254 in
2898 2215 2998 2253 usu
3023 2212 3144 2253 esse
3162 2195 3349 2267 coepit.
3375 2193 3610 2248 Numero
3641 2188 3981 2251 eodem,Kal

2406 2295 2499 2345 ἀπ’
2532 2293 2701 2361 αὐτῆς
2753 2290 3113 2359 δηλοποιεῖται
3149 2285 3247 2355 τῆς
3293 2284 3536 2355 Γραφῆς.
3593 2276 3767 2339 Illud,
3826 2273 3983 2344 δηλο-

2409 2385 2678 2442 ποιείται,
2729 2380 3170 2449 peregrinitatem
3228 2390 3441 2445 quoque
3494 2372 3657 2443 sapit.
3706 2367 3980 2423 Num.‘2:

2420 2473 2785 2545 Ἐρνΐσκοντο,
2827 2470 2920 2524 καὶ
2957 2467 3253 2535 ἀπώλοντο,
3308 2487 3326 2518 ‹
3353 2467 3662 2521 Diilluerent
3709 2477 3775 2517 ac
3815 2461 3983 2514 inter-

2409 2568 2567 2621 irent.
2606 2584 2624 2617 ι
2659 2563 2805 2618 Inest
2833 2563 3097 2632 asperitas
3124 2560 3368 2629 qumdam
3402 2558 3456 2611 in
3499 2558 3610 2623 illo,
3639 2555 3982 2628 ὲρυῖσκοντο,

2408 2678 2527 2733 qua:
2558 2676 2584 2714 a
2612 2658 2881 2713 Basiliana
2935 2652 3371 2723 suaviloquentia
3421 2650 3575 2720 longe
3604 2648 3758 2704 abest
3789 2667 3804 2703 :
3848 2647 3981 2708 imo,

2408 2768 2467 2809 ut
2500 2754 2630 2809 mihi
2667 2753 2910 2815 videtur,
2943 2747 3099 2802 facile
3124 2760 3229 2799 non
3269 2744 3375 2797 erit
3400 2742 3449 2795 id
3480 2742 3702 2794 verbum
3727 2739 3867 2808 apud
3899 2738 3985 2790 ul-

2408 2848 2518 2900 lum
2541 2847 2804 2901 disertum
2836 2842 3156 2909 scriptorem
3207 2834 3475 2890 invenire.
3510 2830 3669 2884 Num.
3714 2830 3744 2883 7
3775 2848 3790 2885 :
3835 2830 3988 2882 Ἐκεῖ

2409 2941 2501 2995 καὶ
2532 2938 2759 3010 ὀρνίθων
2805 2930 3160 2989 παντοδαπῶν
3208 2928 3363 2997 γένη,
3410 2923 3487 2994 τῷ
3530 2940 3587 2975 τε
3616 2920 3724 2974 τῶν
3767 2921 3985 2990 πτερῶν

2409 3033 2557 3086 ἄνθει
2598 3032 2691 3085 καὶ
2716 3029 2790 3100 τῷ
2817 3030 2914 3099 τῆς
2942 3025 3124 3096 φωνῆς
3152 3019 3373 3092 λυγηρῴ
3402 3015 3697 3071 ἀπόλαυσὶν
3716 3030 3839 3067 τινα
3855 3013 3990 3065 Θαυ-

2414 3126 2625 3194 μαστὴν
2664 3120 2986 3193 προτιϐἐντα
3028 3119 3138 3179 τοῖς
3164 3112 3487 3187 ὁρωμένοις,
3517 3127 3534 3161 ι
3559 3107 3633 3162 lbi
3665 3115 3718 3158 et
3740 3103 3986 3158 avicula-

2416 3234 2530 3270 rnm
2562 3216 2905 3282 omnigenum
2938 3224 3158 3280 genera,
3193 3218 3304 3267 tuin
3348 3214 3645 3275 pennarum
3673 3195 3825 3259 flore,
3873 3206 3987 3246 tum

2417 3308 2600 3362 nativo
2628 3312 2890 3358 concentu
2935 3312 3095 3369 atque
3123 3302 3326 3370 garritu
3350 3339 3363 3362 ,
3400 3296 3591 3361 miram
3623 3288 3916 3362 quamdam
3958 3300 3984 3336 a

2415 3413 2474 3454 se
2523 3394 2918 3467 jucunditatem
2979 3390 3350 3459 spectantibus
3400 3384 3702 3440 oﬂ'erentia.
3748 3400 3767 3435 ι
3826 3380 3989 3434 Putet

2415 3488 2771 3548 Combeftsius
2796 3499 2982 3539 vocem
3014 3482 3233 3553 λυγηρῷ
3258 3479 3581 3533 Basilianam
3613 3490 3773 3537 esse;
3805 3474 3854 3527 ei
3886 3485 3989 3540 ego

2414 3595 2693 3650 nunquam
2750 3574 3003 3632 assentiri
3056 3581 3265 3641 potero.
3314 3568 3422 3623 Nec
3452 3568 3585 3621 satis
3612 3564 3853 3634 intelligo
3892 3576 3990 3617 ea;

2415 3674 2593 3746 petius
2638 3672 2717 3725 sic
2758 3672 3143 3739 interpretatus
3186 3663 3277 3728 sit,
3312 3676 3330 3711 ε
3369 3658 3573 3722 natiiio,
3612 3675 3631 3708 ι
3686 3671 3851 3726 quam
3881 3653 3991 3711 alia

2416 3766 2607 3837 quovis
2648 3763 2828 3827 modo,
2856 3776 2978 3815 cum
3005 3774 3109 3813 vox
3140 3751 3379 3825 λυγηρός
3410 3750 3629 3804 minime
3651 3748 3897 3801 omnium
3922 3745 3993 3799 {vi

2416 3860 2469 3913 id
2496 3856 2908 3926 significandum
2936 3862 3056 3919 apta
3099 3865 3221 3905 esse
3268 3847 3533 3901 videatur.
3577 3839 3838 3908 Reperire
3862 3838 3989 3906 qni-

2417 3952 2539 4004 dem
2569 3957 2649 4001 est
2686 3946 2737 3997 itt
2764 3943 2976 3996 Lexicis
3023 3956 3181 3994 voces
3207 3940 3347 4008 λυγὴ
3388 3948 3442 3994 et
3469 3936 3713 4004 λυγαῖος,
3754 3945 3931 4002 quaru
3952 3945 3993 3985 ‘3.

2416 4040 2593 4111 prima
2627 4035 2872 4091 redditur
2916 4031 3104 4085 Latine
3138 4049 3156 4082 ι
3189 4029 3514 4092 obscuritas,
3552 4046 3570 4078 ι
3612 4025 3783 4079 altera
3836 4039 3857 4073 ι
3893 4024 3994 4075 oi;-

2417 4145 2606 4185 scurus
2639 4148 2651 4182 :
2693 4146 2712 4180 »
2762 4125 2856 4182 sed
2890 4122 3017 4194 quid
3054 4120 3141 4175 his
3188 4133 3308 4175 cum
3380 4134 3399 4168 ι
3438 4116 3619 4169 nativo
3644 4135 3662 4165 ι
3703 4125 3994 4167 commune

2417 4238 2541 4279 esse
2567 4222 2759 4291 possit,
2807 4217 3043 4272 viderint
3074 4213 3209 4278 alii;
3254 4211 3304 4264 id
3333 4223 3418 4264 me
3467 4222 3571 4262 non
3612 4206 3795 4258 videre
3848 4202 3992 4256 bona

2419 4316 2524 4370 fide
2559 4314 2750 4368 fateor.
2783 4310 2941 4365 Num.
3003 4308 3072 4360 7:
3122 4304 3260 4358 Ἀλλ’
3291 4303 3391 4357 οὐκ
3437 4303 3501 4355 ὲκ
3530 4301 3628 4371 τῆς
3662 4296 3870 4359 οἰκείας
3893 4294 3995 4364 φύ-

2420 4424 2576 4469 σεως,
2610 4406 2785 4457 εἴτουν
2821 4404 2919 4471 τῆς
2945 4400 3137 4471 νοερᾶς
3187 4397 3390 4461 οὐσίας.
3450 4414 3467 4446 ι
3500 4393 3648 4449 [laud
3690 4401 3870 4446 tamen
3924 4401 3993 4441 ex

2418 4515 2513 4554 sua
2541 4501 2655 4567 ipsa
2694 4494 2894 4556 indole.
2921 4496 2972 4549 id
3000 4504 3084 4549 est
3104 4534 3119 4557 ,
3148 4509 3251 4562 qua
3284 4498 3437 4560 parte
3460 4487 3759 4543 substantia
3810 4492 3996 4537 mente

2346 4609 2390 4664 ι)
2419 4590 2641 4659 prtedita
2671 4595 2774 4640 est.
2819 4603 2838 4637 ι
2892 4584 3009 4638 Jam
3051 4585 3103 4639 in
3129 4583 3372 4638 oratione
3414 4577 3675 4639 secunda,
3712 4589 3863 4628 num.
3906 4573 3994 4629 M.

2423 4684 2734 4739 monuimus
2766 4676 2917 4743 illud,
2947 4668 3148 4740 έῐτουν,
3176 4688 3205 4727 a
3235 4670 3434 4725 Basilio
3461 4683 3564 4723 non
3590 4664 3861 4735 usurpari.
3900 4662 3999 4717 Hic

2423 4778 2615 4831 addam
2647 4773 2785 4826 hanc
2817 4785 3001 4826 vocem
3033 4782 3136 4822 non
3165 4764 3405 4820 adhiberi
3431 4774 3645 4832 quoque
3677 4759 3745 4811 ab
3782 4755 3997 4809 idoneis

2422 4867 2735 4927 auctoribus
2776 4866 2873 4929 ita,
2902 4871 2961 4919 ut
2983 4861 3071 4917 hic
3106 4860 3397 4916 adhibetur
3435 4856 3503 4911 ab
3530 4855 3713 4923 ignoto
3736 4851 3827 4905 illo
3857 4850 3998 4903 scri-

2422 4970 2594 5031 ptore.
2632 4955 2726 5009 Est
2757 4956 2903 5010 enim
2934 4993 2949 5017 ,
3008 4962 3066 5007 ut
3105 4952 3277 5013 aittnt,
3320 4946 3512 5003 relatio
3559 4944 3804 5014 qua-dant
3855 4940 4001 4993 inter

2426 5066 2587 5109 voces
2617 5050 2797 5103 εῐτουν
2829 5058 2884 5104 et
2912 5046 3044 5112 εἴτε,
3093 5060 3192 5101 nec
3247 5043 3382 5097 bene
3422 5056 3525 5096 una
3553 5040 3622 5093 ab
3652 5035 3819 5089 altera
3843 5048 4003 5102 sepa-

2427 5156 2598 5208 ratur,
2634 5142 2770 5196 adco
2799 5149 2879 5203 ut,
2903 5138 3075 5207 inquit
3105 5134 3333 5189 Budaeus
3363 5131 3461 5204 (ὁ),
3501 5132 3677 5184 εῖτουν
3711 5142 4005 5196 προτακτι-

2426 5237 2520 5289 κόν
2550 5234 2619 5288 sit
2664 5233 2760 5287 ’τοῦ
2802 5232 2933 5286 εἴτε.
2979 5229 3167 5284 Finem
3217 5225 3431 5279 tandem
3490 5222 3574 5275 his
3615 5219 3756 5272 notis
3793 5215 4005 5271 criticis

2429 5327 2789 5392 imponemus,
2839 5319 2883 5374 si
2936 5318 3087 5388 prius
3130 5329 3294 5370 unum
3354 5308 3744 5378 adjecerimus,
3802 5307 4001 5360 harum

2424 5413 2733 5468 orationum
2758 5410 3048 5464 falsitatem
3070 5405 3192 5460 inde
3212 5402 3444 5464 ostendi,
3471 5398 3611 5453 unde
3642 5410 3830 5452 earum
3874 5408 4004 5463 γνη-

2425 5505 2607 5576 σιὸτης
2636 5503 2869 5558 maxime
2885 5507 3103 5570 putatur
3129 5491 3494 5564 comprobari.
3516 5489 3643 5543 Dico
3679 5490 4001 5541 immensam

2425 5599 2573 5651 illaut
2613 5596 2886 5649 variarum
2927 5592 3216 5646 lectionum
3264 5586 3476 5646 silvam,
3504 5598 3611 5651 qua
3664 5574 3918 5646 impressi
3950 5582 4004 5629 et

2429 5684 2782 5753 manuscripti
2810 5684 2932 5736 libri
2965 5682 3192 5736 mirifice
3231 5680 3374 5734 inter
3415 5689 3473 5731 se
3502 5672 3766 5729 dissident
3796 5682 3812 5721 :
3840 5680 4002 5739 quam

2501 5863 2572 5926 ib)
2613 5859 2744 5911 Bud.
2782 5872 2832 5923 ιι.
2861 5854 2982 5906 951.
