4212 6506
1291 434 1355 494 D.
1394 435 1539 491 JUL.
1590 433 1919 491 CARNERII
1956 430 2342 488 PRIEFATIO.

3253 439 3462 481 ειιιιν

227 563 401 610 tamen
428 559 716 621 tantopere
736 552 909 617 iactat
933 551 1303 621 Combelisius,
1318 566 1544 622 quaeque
1570 553 1620 607 in
1638 566 1797 607 causa
1829 556 1873 612 Α
1901 548 2271 619 accipiendam
2297 557 2416 601 esse
2438 542 2639 614 Moysis
2664 541 3025 598 narrationem
3049 548 3250 598 censet.
3270 540 3463 595 Mirum

227 647 320 699 fuit
346 662 445 700 cur
489 660 587 700 eas
616 647 683 700 de
713 646 922 717 integro
952 645 1187 701 edendas
1232 656 1476 702 curaret.
1506 645 1641 700 Nam
1672 660 1794 699 vera

228 736 407 790 Basilii
436 751 605 806 opera
638 752 666 790 a
697 737 847 792 falsis
897 750 1005 791 non
1046 734 1214 791 semel
1262 737 1315 790 in
1346 750 1412 793 eo
1452 735 1670 791 dili‘erre
1698 737 1796 789 ad-

227 828 555 893 notavimus,
586 829 728 897 quod
754 829 841 883 illa
870 828 1106 893 modice,
1161 828 1276 882 haec
1305 828 1589 882 immodice
1614 826 1797 882 lectio-

226 932 353 971 num
375 919 645 973 varietate
704 917 1000 982 luxurient,
1046 917 1204 987 quasi
1232 916 1449 971 reveriti
1476 916 1689 985 quidem
1713 930 1798 970 es-

225 1015 347 1061 sent
394 1006 604 1062 librarii
641 1007 869 1078 genuina
899 1019 1063 1073 opera
1101 1005 1479 1059 additamentis
1502 1004 1798 1058 autdetra-

235 1099 509 1154 ctionibus
530 1100 844 1167 depravare,
899 1094 1032 1150 Ialsa
1056 1110 1185 1151 vero
1211 1096 1311 1151 sibi
1341 1096 1502 1150 licere
1523 1105 1800 1165 putassent

236 1204 335 1258 pro
360 1189 627 1242 arbitratu
667 1188 953 1241 immutare
975 1225 991 1252 ,
1033 1186 1325 1256 corrigere,
1385 1194 1459 1252 et,
1489 1195 1549 1239 ut
1579 1185 1795 1252 libebat,

240 1282 573 1335 deformare.
595 1279 758 1349 Cujus
782 1278 859 1333 rei
888 1292 1010 1333 cum
1056 1278 1164 1333 sint
1189 1278 1438 1347 deinceps
1480 1276 1797 1347 proferenda

228 1372 479 1443 exempla
512 1370 680 1437 varia,
707 1369 796 1425 hic
828 1369 1100 1424 monuisse
1127 1367 1257 1422 satis
1285 1377 1387 1423 est.

226 1482 255 1553 ᾗ
281 1480 343 1536 ll.
366 1484 448 1537 An
481 1496 561 1536 res
587 1496 691 1535 uno
721 1491 975 1534 momento
1003 1487 1193 1560 creata
1222 1480 1347 1545 sint,
1376 1495 1447 1533 an
1478 1495 1571 1534 sea:
1594 1481 1798 1534 dierum

910 1558 1102 1617 spatio.

298 1640 387 1694 2l.
425 1637 780 1695 Promisimus
806 1653 953 1693 num.
987 1638 1075 1705 15,
1111 1639 1156 1693 si
1186 1638 1313 1708 quid
1348 1640 1401 1694 in
1433 1639 1670 1709 quolibet
1699 1640 1801 1695 Bn-

229 1732 333 1784 silii
365 1744 531 1799 opere
569 1739 754 1786 notatn
810 1729 1031 1798 dignum
1081 1730 1378 1796 videretur,
1426 1732 1495 1786 de
1520 1745 1583 1786 eo
1618 1746 1713 1785 nos
1744 1732 1796 1785 in

230 1820 544 1890 przcl'atione
569 1822 842 1891 aliquanto
871 1822 1179 1890 diligentius
1216 1821 1605 1891 disputaturos.
1633 1821 1797 1893 Igitur

1899 654 2007 695 non
2058 648 2143 693 est
2196 638 2247 691 in
2298 650 2417 691 eam
2470 635 2793 690 sententiam
2859 635 3018 690 ivisse
3079 634 3461 705 allegoriarum

1898 731 2329 787 amantissimum
2359 730 2533 784 virum
2559 729 2868 799 Origenem.
2897 729 3060 785 Vetus
3090 730 3178 785 ille
3204 729 3461 798 scriptor,

1898 832 2159 895 quantum
2187 819 2497 889 conjectura
2526 821 2775 891 augurari
2806 819 2957 887 licet,
2985 820 3041 875 in
3069 822 3179 875 suis
3209 820 3265 873 in
3296 816 3466 872 Gene-

1898 918 1997 970 sirn
2025 914 2443 971 Commentariis
2471 927 2590 982 quae
2619 914 2879 967 hactenus
2908 914 2963 967 in
2996 913 3169 969 lucem
3199 927 3304 966 non
3339 923 3466 979 pro-

1898 1008 2069 1073 diere,
2100 1021 2163 1061 ea
2199 1007 2266 1061 de
2298 1020 2358 1060 re
2390 1004 2509 1060 fuse
2534 1005 2924 1074 diSputaverat.
2950 1004 3024 1058 Ita
3052 1004 3198 1060 enim
3228 1003 3464 1070 loquitur

1898 1099 2037 1155 libro
2070 1108 2226 1153 sexto
2252 1107 2434 1151 contra
2463 1094 2690 1160 Celsum,
2711 1112 2828 1166 pag.
2866 1096 2965 1150 517
2996 1113 3011 1150 :
3041 1095 3200 1149 Κατά
3226 1094 3289 1148 τὸ
3310 1094 3465 1147 δυνα-

1900 1190 1992 1243 τὸν
2023 1192 2155 1261 ἡμῖν
2193 1191 2250 1242 ὲν
2281 1191 2395 1252 τοῖς
2422 1188 2924 1259 Πραγματευθείσιν
2964 1189 3051 1253 είς
3074 1186 3187 1255 τὴν
3212 1186 3467 1240 Γένεσιν

1901 1282 2223 1353 εἰρήκαμεν,
2252 1295 2268 1330 t
2294 1280 2397 1335 Pro
2424 1280 2560 1335 virili
2592 1292 2777 1336 nostra
2809 1290 2965 1351 parte
2992 1280 3082 1353 [de
3110 1296 3287 1336 rerum
3313 1296 3467 1335 crea-

1901 1372 2079 1445 tione]
2125 1372 2358 1427 diximus
2402 1372 2455 1426 in
2499 1370 2914 1429 Commentariis
2954 1375 3009 1429 in
3050 1374 3293 1430 Genesin.
3320 1394 3338 1426 ι
3376 1374 3469 1430 Sic

1898 1465 2284 1536 prosequitur:
2314 1467 2425 1519 Καὶ
2465 1467 2523 1519 ἐν
2569 1468 2681 1530 τοῖς
2721 1466 2975 1536 ἀνωτέρω
3012 1467 3068 1519 δὲ
3113 1464 3468 1536 ἐγκαλοῦντες

1898 1559 2013 1620 τοῖς
2044 1555 2185 1609 κατὰ
2211 1556 2309 1627 τὴν
2342 1556 2760 1628 προχειροτέραν
2775 1556 2997 1627 ἐκδοχὴν
3020 1556 3223 1626 φήσασι
3245 1557 3467 1628 χρόνους

1897 1645 1958 1710 ἓξ
1988 1646 2211 1717 ἡμερῶν
2242 1646 2607 1717 διεληλυθέναι
2651 1650 2731 1711 είς
2756 1646 2854 1718 τὴν
2887 1648 3258 1716 κοσμοποιίαν,
3288 1666 3467 1720 παρα-

1896 1735 2159 1807 τιθέμεθα
2184 1738 2435 1806 τὸ,ᾼῦτη
2464 1738 2502 1805 ή
2529 1740 2746 1805 βίϐλος
2770 1738 3058 1809 γενέσεως
3079 1740 3335 1809 οὐρανοῦ
3367 1741 3467 1795 και

1896 1826 2012 1897 τῆς
2030 1827 2129 1881 ὅτε
2146 1828 2403 1897 ἐγένετο,
2434 1824 2474 1900 ᾖ
2501 1829 2690 1899 ἡμέρᾳ
2713 1831 3001 1898 ἐποίησεν
3022 1834 3055 1885 ό
3080 1832 3222 1898 Θεὸς
3242 1832 3347 1885 τὸν
3364 1833 3467 1886 οὐ·

230 1914 511 1982 promissis
542 1922 599 1967 ut
625 1923 851 1979 stemus,
886 1914 1164 1978 nonnulla,
1207 1922 1265 1967 ut
1295 1922 1602 1978 occurrent,
1629 1914 1797 1968 adno-
1825 1894 1893 1989 BI

1825 1894 1870 1951 Β
1890 1894 2084 1990 ρανὸν
2115 1894 2216 1975 καὶ
2243 1920 2358 1991 τὴν
2597 1894 2734 1989 Quin
2763 1930 2818 1977 et
2850 1894 2902 1976 in
2937 1894 3303 1992 superiori-bus
3341 1924 3466 1977 dum

231 2008 482 2060 tabimus.
517 2004 683 2061 Nemo
708 2008 880 2062 nescit
900 2008 1064 2062 verba
1090 2005 1177 2060 illa
1206 2005 1427 2077 Moysis,
1456 2006 1524 2062 In
1543 2009 1797 2077 principio

228 2100 347 2168 feeit
376 2100 515 2153 Deus
536 2099 723 2153 calum
747 2110 796 2155 et
822 2113 1013 2153 terram
1033 2100 1073 2164 ί,
1112 2108 1222 2155 tum
1258 2101 1327 2155 ab
1356 2101 1596 2172 antiquis
1626 2110 1735 2157 tum
1765 2117 1795 2155 a

228 2193 619 2248 recentioribus
667 2193 815 2247 varie
858 2203 1077 2261 accepta
1128 2206 1269 2248 esse.
1321 2191 1574 2263 Plerique
1611 2209 1798 2249 omnes

226 2282 610 2338 existimarunt
660 2299 769 2347 res,
819 2284 893 2337 uti
943 2298 972 2338 a
1014 2284 1197 2356 Moyse
1234 2294 1547 2352 narrantur,
1578 2285 1798 2341 eﬂ'ectas

226 2388 364 2436 esse,
396 2385 455 2427 et
494 2374 667 2441 reipsa
716 2388 813 2427 sex
850 2374 1057 2429 dierum
1105 2378 1281 2445 spatio
1326 2377 1496 2431 fuisse
1533 2377 1792 2431 conditas.

226 2465 333 2517 Nec
366 2462 700 2518 dilIitendum
732 2465 843 2535 ipsa
877 2465 1075 2537 Moysis
1104 2468 1266 2521 verba
1298 2468 1422 2521 huic
1454 2468 1526 2521 illi
1556 2468 1794 2535 opinioni

226 2556 453 2610 multant
486 2556 691 2624 favere,
718 2574 841 2614 cum
875 2559 1184 2630 singillatim
1217 2568 1377 2629 atque
1408 2560 1599 2614 ordine
1627 2575 1793 2629 expo-

224 2657 384 2701 natur
414 2650 543 2719 quid
569 2650 813 2719 quolibet
837 2651 924 2707 die
946 2650 1249 2707 conlectum
1277 2652 1366 2707 sit.
1400 2650 1550 2707 Haud
1580 2652 1797 2708 deluere

225 2750 404 2796 tamen
448 2745 539 2810 qui
576 2744 734 2798 aliter
762 2744 1052 2809 senserint,
1086 2746 1188 2799 rati
1219 2746 1358 2800 hanc
1392 2748 1581 2815 agendi
1629 2746 1796 2801 ratio-

225 2849 342 2889 nem
374 2834 555 2902 opiﬁci
584 2836 958 2902 potentissimo
988 2837 1099 2890 Deo
1128 2853 1232 2891 non
1266 2840 1577 2902 convenire,
1625 2840 1715 2906 qui
1747 2839 1793 2893 si

222 2923 295 2976 ita
328 2939 389 2977 se
420 2928 678 2991 gessisset
714 2927 766 2980 in
819 2926 1111 2983 condendis
1143 2928 1322 2993 rebus,
1367 2943 1469 2982 non
1521 2942 1579 2982 ut
1627 2928 1793 2985 Deum

222 3015 401 3079 decet,
444 3014 541 3070 sed
588 3014 867 3071 hominum
923 3033 1073 3073 more
1115 3019 1333 3089 egisset.
1380 3018 1527 3073 Inter
1562 3033 1654 3074 eos
1699 3022 1793 3091 qui

222 3108 605 3164 existimavere
636 3125 724 3165 res
754 3110 910 3166 simul
940 3127 1042 3165 non
1071 3127 1166 3181 per
1194 3112 1339 3167 vices
1367 3122 1579 3168 creatas
1607 3111 1791 3177 fuisse,

1900 2014 2422 2082 reprelienderemus
2457 2029 2550 2070 eos
2580 2014 2669 2084 qui
2701 2013 2993 2069 secundum
3025 2029 3245 2069 sensum
3289 2013 3464 2083 magis

1897 2106 2115 2162 obvium
2148 2107 2300 2160 aiunt
2329 2121 2424 2161 sex
2465 2105 2656 2161 diebus
2690 2105 2991 2162 absolutam
3023 2104 3205 2159 mundi
3231 2105 3466 2159 creatio-

1897 2213 2041 2265 nem,
2078 2196 2372 2265 objecimus
2406 2197 2533 2251 illud
2560 2212 2573 2249 :
2602 2195 2704 2249 Hic
2728 2196 2862 2251 liber
2886 2197 3234 2266 generationis
3271 2196 3386 2249 τίειὶ
3417 2205 3464 2249 et

1897 2302 2072 2354 teme,
2104 2304 2223 2341 cum
2253 2287 2396 2356 facta
2430 2299 2550 2342 sunt
2581 2303 2600 2343 :
2630 2305 2733 2359 qua
2766 2288 2850 2342 die
2886 2288 3008 2357 fecit
3034 2287 3172 2341 Deus
3203 2290 3389 2342 caelum
3418 2297 3464 2339 et

1897 2387 2093 2431 terram
2114 2376 2195 2430 ³.»
2234 2376 2415 2431 Facile
2446 2387 2625 2432 autem
2662 2377 2985 2433 crediderim
3014 2377 3324 2447 Origenem,
3362 2376 3465 2430 viri

1894 2469 2038 2539 quod
2064 2479 2183 2524 crat
2215 2469 2266 2523 in
2298 2470 2582 2539 allegorias
2612 2469 2873 2535 studium,
2905 2468 3068 2523 multa
3102 2468 3203 2522 alia
3233 2469 3285 2523 in
3317 2482 3455 2523 eam-

1896 2561 2016 2617 dem
2062 2561 2382 2616 seutentiam
2426 2560 2479 2615 in
2531 2560 2642 2614 suis
2686 2559 2839 2614 libris
2890 2560 3244 2630 inspersisse;
3295 2560 3386 2631 qui
3417 2560 3464 2615 si

1895 2662 2173 2707 exstarent
2200 2667 2408 2720 omnes,
2443 2665 2547 2706 non
2573 2648 2758 2705 dubito
2776 2650 2903 2720 quin
2929 2651 3191 2720 permulta
3218 2652 3464 2719 exempla

1895 2742 2142 2814 proferre
2184 2744 2390 2812 liceret,
2423 2744 2617 2813 quibus
2646 2743 2787 2812 quod
2833 2742 2953 2798 dico
3005 2742 3235 2797 mirillce
3263 2743 3463 2797 contir-

1896 2847 2139 2890 maretur
2171 2854 2183 2890 :
2216 2835 2309 2889 sed
2339 2850 2462 2890 cum
2495 2849 2680 2890 eorum
2730 2848 2854 2903 pars
2883 2835 3119 2888 maxima
3163 2834 3455 2899 interierit,

1895 2925 2255 2978 testimonium
2287 2923 2499 2979 unicum
2521 2938 2552 2979 e
2580 2923 2856 2979 notissimo
2873 2922 2942 2994 (c)
2964 2924 3080 2978 loco
3108 2922 3303 2977 addere
3324 2925 3458 2975 satis

1895 3014 2126 3069 habebo.
2176 3014 2272 3070 Est
2312 3024 2492 3069 autem
2538 3014 2798 3082 ejusmodi
2831 3031 2846 3069 :
2875 3014 2970 3077 Τίς
3013 3012 3141 3082 γοῦν
3176 3011 3300 3066 νοῦν
3325 3012 3464 3083 ἔχων

1894 3108 2136 3178 οἰήσεται
2176 3106 2397 3178 πρώτην
2444 3106 2537 3159 καὶ
2576 3105 2833 3176 δευτέραν
2874 3107 2968 3159 καὶ
3006 3106 3194 3175 τρίτην
3228 3104 3459 3174 ἡμέραν,

222 3199 433 3290 primus
466 3202 737 3255 recenseri
775 3211 952 3290 potest
983 3203 1132 3257 Philo
1161 3201 1260 3274 (α),
1310 3206 1461 3270 cujus
1510 3205 1624 3258 haec
1670 3214 1795 3258 sunt
1822 3232 1865 3290 ε

1822 3232 1865 3290 c
1900 3198 2135 3267 ἑσπέραν
2164 3215 2224 3251 τε
2265 3203 2357 3252 καὶ
2399 3198 2611 3269 πρωῖαν
2655 3198 2827 3269 χωρὶς
2861 3197 3012 3269 ἡλίου
3045 3194 3341 3265 γεγονέναι,
3370 3200 3461 3249 καὶ

222 3289 384 3341 verba
416 3306 429 3341 :
464 3290 596 3342 Τότε
636 3292 737 3359 μὲν
765 3287 856 3345 οὖν
886 3293 1003 3362 ἅμα
1024 3294 1198 3347 πάντα
1221 3295 1523 3347 συνίστατο.
1542 3296 1798 3349 Συνιστα-

226 3382 403 3448 μένων
452 3381 520 3434 δι’
572 3382 710 3452 ὁμοῦ
755 3384 991 3446 πάντων,
1040 3388 1073 3458 ἡ
1118 3386 1269 3452 τάξις
1327 3386 1608 3457 ἀναγκαίῳ
1655 3388 1797 3459 λόγῳ

222 3474 593 3544 ὑπεγράφετο,
630 3476 719 3530 διὰ
752 3478 850 3551 τὴν
881 3479 1143 3550 ἐσομένην
1169 3474 1324 3545 αὖθις
1349 3480 1409 3547 ἐξ
1437 3480 1680 3553 ἀλλήλων
1706 3482 1798 3550 γέ-

222 3582 390 3621 νεσιν.
413 3566 597 3623 «Tunc
629 3571 790 3638 igitur
826 3574 1005 3626 omnia
1044 3572 1206 3627 simul
1251 3582 1377 3627 sunt
1401 3575 1641 3631 condita.
1680 3575 1795 3629 Etsi

222 3668 404 3710 autem
438 3658 619 3711 omnia
651 3660 809 3713 simul
839 3662 1181 3727 constabant,
1212 3664 1343 3717 ordo
1379 3672 1557 3717 tamen
1604 3679 1792 3719 neces-

224 3745 368 3796 sario
408 3744 717 3814 descriptus
740 3759 846 3814 est,
870 3760 1087 3818 propter
1118 3760 1359 3807 mutuam
1386 3766 1505 3822 qum
1541 3754 1794 3823 deinceps

225 3834 402 3889 futura
438 3846 580 3902 erat,
613 3853 681 3893 ex
736 3855 856 3896 sese
900 3844 1363 3912 propagationem.
1391 3864 1411 3898 ι
1459 3843 1572 3900 Nec
1620 3848 1792 3900 solum

224 3926 530 3981 doctrinam
578 3930 823 3985 eamdem
868 3932 1029 3986 tradit
1081 3932 1187 3987 alio
1220 3932 1357 4000 loco,
1386 3935 1479 3988 sed
1507 3948 1601 3987 eos
1629 3934 1791 3987 etiam

224 4015 309 4081 qui
346 4030 508 4071 secus
540 4021 800 4085 sentiunt,
833 4022 1074 4078 stultitim
1118 4039 1375 4079 accusare
1424 4038 1526 4077 non
1555 4021 1788 4078 dubitat.

224 4104 394 4174 Ipsum
409 4109 796 4180 audiamus.(b)
812 4111 1016 4182 Εὖηθες
1030 4113 1169 4166 πάνυ
1182 4115 1242 4167 τὸ
1253 4114 1456 4168 οἴεσθαι
1469 4112 1789 4185 ἒξὴμέραις,

222 4197 252 4265 ἢ
292 4196 523 4251 καθόλου
566 4200 744 4271 χρόνῳ
776 4203 977 4275 κόσμον
1014 4205 1315 4273 γεγονέναι,
1348 4206 1477 4260 διότι
1514 4206 1733 4277 σύμπας
1762 4206 1792 4258 ὁ

222 4290 423 4359 κόσμος
446 4291 672 4362 ἡμερῶν
694 4294 787 4345 καὶ
806 4297 1014 4350 νυκτῶν
1032 4300 1147 4351 ἐστι
1168 4296 1438 4368 διάστημα
1454 4313 1467 4327 ·
1497 4298 1594 4350 καὶ
1619 4298 1793 4352 ταῦτα

220 4380 370 4450 ἡλίου
398 4382 616 4454 κίνησις
638 4383 777 4456 ὑπὲρ
795 4386 898 4456 γῆν
920 4388 1011 4439 καὶ
1032 4389 1135 4442 ὑπὸ
1154 4392 1256 4459 γῆν
1280 4388 1446 4452 ἰόντος
1465 4387 1525 4452 ἐξ
1546 4389 1790 4459 ἀνάγκης

220 4470 497 4529 ἀποτελεῖ.
536 4492 556 4526 t
586 4474 746 4530 Plane
776 4479 1002 4532 stultum
1042 4488 1127 4531 est
1163 4479 1415 4533 arbitrari
1447 4492 1540 4533 sex
1577 4478 1787 4542 diebus,

1900 3290 2149 3360 σελήνης,
2174 3290 2266 3343 καὶ
2287 3290 2501 3359 ἄστρων
2521 3307 2535 3355 ;
2563 3290 2661 3359 τὴν
2681 3290 2737 3342 δὲ
2760 3290 2920 3343 οἱονεὶ
2938 3286 3158 3361 πρώτην
3181 3288 3275 3343 καὶ
3296 3287 3463 3360 χωρίς

1898 3382 2160 3455 οὐρανοῦ;
2200 3382 2374 3450 tQuis
2418 3382 2580 3453 igitur
2628 3381 2822 3436 mentis
2873 3396 3091 3449 compos
3129 3378 3464 3434 existimabit

1898 3477 2127 3547 primam
2158 3485 2213 3529 et
2249 3477 2536 3530 secundam
2569 3484 2625 3530 et
2657 3474 2867 3527 tertiam
2900 3472 3063 3537 diem,
3094 3480 3147 3526 et
3180 3484 3461 3540 vesperam

1896 3576 1952 3621 et
1976 3580 2132 3621 mane
2159 3566 2275 3620 sine
2309 3566 2447 3630 sole,
2479 3565 2625 3627 luna,
2658 3574 2711 3617 et
2744 3562 2949 3619 stellis?
2976 3571 3029 3617 et
3056 3563 3282 3632 primam
3309 3561 3457 3616 illam

1896 3658 2056 3714 etiam
2092 3657 2212 3712 sine
2258 3656 2398 3712 caelo
2437 3656 2640 3711 fuisse?
2665 3675 2682 3705 ι
2726 3657 2907 3710 Potest
2937 3670 3057 3709 cum
3086 3655 3168 3709 liis
3198 3669 3460 3709 annume-

1898 3750 2003 3803 rari
2053 3750 2347 3805 acerrimus
2399 3747 2677 3804 catholicae
2728 3747 2848 3802 lltlei
2910 3746 3161 3802 defensor
3212 3747 3456 3803 Athana-

1894 3838 2134 3909 sius(d),
2185 3839 2276 3907 qui
2324 3853 2445 3894 cum
2482 3838 2621 3893 inter
2656 3837 2757 3891 alia
2807 3836 3099 3907 Scriptura:
3151 3837 3457 3892 testimonia

1894 3933 2115 3987 citasset
2167 3930 2342 3986 locum
2400 3930 2550 3985 illum
2605 3929 3046 3993 Proverbiorum,
3104 3931 3236 3983 Ante
3278 3943 3453 3981 omnes

1892 4022 2050 4076 colles
2093 4024 2254 4091 gignit
2303 4021 2436 4088 me‘,
2473 4023 2551 4077 sic
2582 4022 2754 4091 pergit
2784 4038 2799 4074 :
2832 4022 2943 4075 Καὶ
2988 4021 3097 4093 γὰρ
3138 4022 3229 4075 καὶ
3259 4019 3451 4088 λέγων,

1890 4113 2011 4183 Πρὸ
2040 4112 2279 4167 πάντων
2303 4110 2487 4182 γεννᾷ
2499 4129 2595 4181 με,
2626 4112 2782 4166 ἀλλον
2813 4114 3001 4166 ἑαυτὸν
3030 4109 3166 4165 εἶναι
3195 4112 3299 4165 τῶν
3322 4113 3451 4166 πάνυ

1890 4222 2000 4258 των
2028 4204 2299 4276 σημαίνει,
2333 4202 2581 4275 δειξάσης
2608 4203 2665 4256 ὲν
2688 4205 2799 4266 τοῖς
2832 4203 2937 4273 πρὸ
2967 4203 3170 4257 τούτων
3199 4204 3296 4275 τῆς
3326 4204 3455 4272 ἀλη-

1892 4295 2060 4362 θείας,
2079 4298 2267 4369 ὅτιπερ
2292 4297 2401 4351 τῶν
2424 4297 2734 4368 κτισμάτων
2759 4296 2909 4350 οὐδὲν
2939 4296 3125 4369 ἓτερον
3149 4295 3242 4348 τοῦ
3269 4296 3453 4366 ἑτέρου

1891 4388 2236 4457 προγέγονεν,
2268 4388 2402 4442 ἀλλά
2430 4389 2638 4457 ἀθρόως
2670 4388 2785 4459 ἅμα
2818 4389 2993 4441 πάντα
3024 4388 3092 4439 τά
3116 4386 3349 4458 γεννητά
3376 4388 3455 4441 ἑνὶ

1890 4480 1983 4533 καὶ
2024 4480 2103 4552 τῷ
2144 4482 2291 4552 αὐτῷ
2341 4464 2718 4553 προστάγματι
2766 4480 2993 4551 ὑπέστη.
3029 4499 3049 4534 t
3094 4480 3332 4549 Namque
3373 4480 3455 4535 di-

221 4572 314 4615 aut
356 4566 587 4620 omnino
636 4567 689 4622 in
738 4576 978 4637 tempore
1028 4570 1283 4623 mundum
1338 4570 1535 4624 factum
1594 4567 1783 4637 luisse,
1818 4566 1862 4621 D
1894 4572 2081 4634 cendo,
2133 4574 2265 4626 Ante
2312 4589 2486 4625 omnes
2540 4589 2656 4626 vero
2703 4573 2870 4643 gignit
2922 4589 3027 4639 me,
3074 4585 3134 4625 se
3172 4570 3334 4623 alium
3384 4567 3452 4622 ab

221 4661 509 4722 propterea
552 4658 695 4723 quod
744 4659 977 4715 mundus
1006 4667 1149 4714 totus
1191 4658 1532 4714 intervallum
1561 4668 1645 4712 est
1672 4657 1789 4712 die-

224 4758 336 4798 rum
369 4758 436 4798 ac
463 4745 723 4800 noctium.
756 4746 934 4817 Atque
965 4751 1095 4805 solis
1129 4765 1291 4819 super
1323 4760 1522 4805 terram
1554 4759 1609 4804 et
1642 4748 1782 4805 inl‘ra

222 4844 419 4891 terram
472 4836 654 4893 euntis
697 4848 871 4893 motus
916 4843 1217 4897 necessario
1261 4840 1377 4896 haec
1412 4840 1633 4897 edicit.»
1670 4839 1786 4906 Quo

222 4937 401 4982 autem
445 4942 609 4985 sensu
658 4931 818 4987 verba
869 4931 1065 5003 Moysis
1121 4936 1461 5001 interpretari
1516 4946 1782 5003 oporteat,

222 5018 403 5072 statim
456 5022 646 5076 edocet
691 5024 829 5092 ipse,
876 5041 1000 5079 cum
1044 5027 1191 5082 addit
1218 5047 1230 5082 :
1257 5028 1607 5081 Συνετέλεσεν
1648 5027 1784 5101 ἕκτῃ

221 5112 402 5183 ἡμέρᾳ
431 5110 501 5165 τά
533 5110 687 5184 ἔργα,
722 5119 936 5188 νοητέον
962 5119 1042 5172 ὃτι
1089 5120 1151 5172 οὺ
1195 5120 1392 5191 πλῆθος
1424 5120 1645 5192 ἡμερῶν
1673 5138 1781 5173 ara-

222 5204 580 5275 ραλαμϐἀνει,
607 5206 809 5263 τέλειον
839 5212 895 5265 δὲ
921 5212 1149 5284 ἀριθμὸν
1170 5212 1262 5267 τὸν
1284 5213 1363 5277 ἐξ.
1397 5230 1416 5265 r
1446 5211 1627 5283 Itaque
1660 5229 1779 5267 cum

220 5296 347 5352 dicit
381 5315 397 5353 :
433 5296 720 5369 Complerit
769 5306 852 5357 die
900 5314 1045 5359 sexto
1088 5321 1242 5374 opera
1265 5308 1307 5371 ³,
1346 5305 1644 5375 intelligere
1677 5321 1780 5359 non

222 5386 382 5442 debes
412 5390 481 5443 de
523 5391 732 5446 dierum
784 5408 1028 5462 numero,
1077 5396 1174 5451 sed
1208 5397 1273 5451 de
1304 5397 1517 5453 senario
1545 5394 1785 5465 perfecto

225 5493 510 5535 numero.»
569 5482 754 5556 Itaque
806 5500 901 5554 per
936 5487 1249 5558 allegoriam
1298 5505 1405 5545 non
1451 5491 1517 5544 ad
1559 5494 1779 5548 verbum

289 5641 305 5671 ¹
331 5640 467 5696 Gen.
519 5658 560 5707 ι,
614 5643 662 5696 1.

288 5778 361 5855 (ιι)
390 5776 555 5855 _P_I_tilu
577 5778 653 5855 De
670 5784 855 5855 mundi
874 5784 1020 5853 opif,
1048 5802 1100 5855 p.
1137 5788 1217 5843 il.

287 5852 358 5907 (ii)
386 5848 507 5902 Lib.
544 5867 557 5904 ι
588 5851 757 5911 Alica.
790 5848 961 5907 initio.

1890 4662 2139 4716 omnibus
2173 4675 2294 4714 esse
2323 4661 2583 4728 declarat,
2608 4678 2729 4718 cum
2760 4678 2823 4717 ex
2857 4677 3016 4732 supra
3050 4660 3209 4715 dictis
3241 4668 3452 4715 constet

1892 4754 2088 4805 nullam
2121 4767 2151 4806 e
2180 4754 2340 4808 rebus
2369 4756 2568 4808 creatis
2597 4754 2745 4821 prius
2772 4753 2940 4807 altera
2970 4751 3167 4805 factam
3194 4763 3334 4812 esse,
3359 4749 3452 4801 sed

1892 4860 1977 4898 res
2028 4858 2217 4898 omnes
2272 4844 2442 4899 factas
2491 4860 2597 4897 uno
2650 4844 2949 4912 eodemque
2994 4842 3247 4896 mandato
3292 4840 3451 4895 simul

1888 4936 2176 4991 exstitisse.
2202 4956 2221 4988 ι
2254 4937 2546 5006 Gregorius
2567 4934 2838 5005 Nyssenus
2866 4936 2938 4991 ita
2963 4935 3245 5005 perspicue
3269 4932 3449 5000 loqui-

1892 5041 1997 5096 tur,
2034 5040 2090 5085 ut
2114 5030 2346 5085 dubitari
2384 5045 2489 5082 non
2523 5029 2691 5098 possit
2716 5029 2842 5096 quin
2875 5028 2946 5081 sit
2968 5024 3275 5093 opinionem
3301 5036 3451 5075 eam-

1890 5124 2009 5178 dem
2034 5123 2331 5193 amplexus.
2351 5121 2479 5190 Ejus
2503 5121 2662 5176 verba
2691 5119 2996 5173 exscribere
3016 5130 3192 5186 operte
3214 5114 3446 5185 pretium

1886 5226 1966 5268 est
1994 5230 2023 5269 e
2056 5214 2145 5269 lib.
2167 5216 2220 5268 in
2244 5212 2519 5277 Ηεεαεηι..
2545 5227 2666 5281 pag.
2686 5210 2748 5264 '1:
2782 5209 2889 5263 Καὶ
2913 5210 3031 5263 ἀντὶ
3050 5206 3145 5262 τοῦ
3168 5208 3342 5259 εἰπεῖν
3364 5204 3445 5257 ὃτι

1886 5306 2096 5378 ἀθρόως
2126 5307 2302 5360 πάντα
2330 5305 2398 5359 τά
2423 5306 2550 5361 ὄντα
2577 5306 2607 5356 ό
2635 5302 2765 5367 Θεὸς
2796 5302 3067 5374 ἐποίησεν,
3092 5296 3243 5353 εἶπεν
3273 5304 3331 5352 ὲν
3354 5315 3445 5351 κε-

1888 5398 2118 5468 φαλαίῳ,
2147 5398 2265 5467 ἦτοι
2293 5398 2350 5451 ὲν
2381 5398 2521 5466 ἀρχῇ
2556 5393 2915 5464 πεποιηκέναι
2954 5392 3043 5446 τὸν
3068 5389 3198 5444 Θεὸν
3226 5389 3316 5443 τὸν
3348 5389 3440 5441 οὺ-

1889 5488 2046 5561 ρανὺν
2076 5490 2167 5543 καὶ
2198 5487 2295 5556 τὴν
2326 5487 2447 5557 γῆν.
2483 5485 2597 5541 Μία
2628 5485 2682 5537 δὲ
2718 5484 2824 5539 τῶν
2852 5482 2963 5536 δύω
2995 5481 3186 5551 φωνῶν
3206 5484 3241 5554 ἡ
3266 5496 3442 5551 σημα-

742 5646 917 5702 'Gen.
959 5664 1019 5715 ιι,
1070 5649 1123 5703 2.
1203 5650 1224 5682 ³
1262 5650 1390 5707 ibid.
1436 5651 1487 5706 2.
1569 5652 1771 5708 “Prov.
1801 5666 1917 5715 vni,
1952 5650 2040 5705 25.

1964 5790 2035 5855 (c)
2074 5786 2278 5841 Pliiloc.
2315 5801 2363 5838 c.
2401 5786 2453 5848 1,
2490 5786 2660 5855 μη.

1965 5866 2039 5927 (d)
2079 5859 2226 5912 Orat.
2255 5856 2290 5909 2
2318 5870 2495 5909 contra
2524 5854 2641 5923 An,
2671 5870 2814 5909 unm.
2853 5854 2932 5909 16.
