4212 6498
718 442 949 487 σιτῖινι

2085 437 2618 493 PBOLEGOMENA.

720 555 833 605 ctu,
866 542 967 612 τῆξ
992 558 1051 594 τε
1082 542 1255 613 ἀρχῆς
1296 543 1391 595 καὶ
1434 543 1524 596 τοῦ
1556 546 1871 613 κεφαλαίου.
1908 546 2168 615 Δηλοῦται
2191 550 2299 622 γὰρ
2328 555 2372 608 Α

2417 566 2591 605 iarare
2618 559 2672 605 et
2722 550 3016 620 intelligere
3056 552 3211 622 longe
3252 552 3517 610 difﬁcilius
3562 567 3791 626 poterat.
3822 559 3958 615 Rem

720 637 917 706 ἐπίσης
955 637 1023 689 δι’
1064 636 1336 707 ἑκατέρων
1382 637 1443 689 τὸ
1478 636 1671 707 ἀθρόον
1693 655 1707 668 σ
1743 640 1800 690 ἐν
1831 639 1928 709 μὲν
1957 640 2065 711 γὰρ
2096 642 2172 712 τῷ
2201 662 2290 697 κε-

719 728 931 797 φαλαίῳ
952 726 1012 779 τὸ
1037 726 1339 798 συλλήϐδην
1368 728 1435 780 τὰ
1466 729 1643 783 πάντα
1673 732 1998 802 γεγενῆσθαι
2029 734 2293 805 παρίστη-

723 836 812 872 σι’
862 819 950 871 διὰ
994 818 1051 871 δὲ
1104 820 1203 889 τῆς
1251 818 1425 889 ἀρχῆς
1464 819 1719 891 δηλοῦται
1759 823 1818 875 τὸ
1868 824 2076 896 ἀκαρές
2115 842 2174 878 τε
2202 827 2295 879 καὶ

720 910 1060 965 ἀδιάστατον.
1118 911 1221 965 «Et
1267 927 1363 981 pro
1412 927 1501 976 eo,
1546 923 1604 965 ut
1645 914 1869 976 diceret,
1904 917 2063 970 simul
2113 920 2293 973 omnia

720 1000 890 1057 Deum
922 1001 1133 1065 fecisse,
1162 1002 1298 1055 dixit
1341 1002 1504 1057 Deum
1541 1004 1592 1056 in
1629 1021 1842 1059 summa
1874 1006 2069 1063 fecisse
2094 1010 2293 1063 cazlum

720 1103 775 1148 et
807 1106 1026 1148 terram.
1058 1093 1351 1162 Utriusque
1382 1105 1559 1148 autem
1592 1097 1761 1161 vocis,
1791 1098 2042 1168 principii
2075 1108 2127 1154 et
2150 1115 2294 1159 sum-

722 1202 844 1244 mae.
892 1201 993 1238 una
1041 1186 1365 1255 signiﬁcatio
1399 1198 1503 1242 est.
1551 1187 1789 1257 Utraque
1834 1190 1977 1243 enim
2017 1205 2168 1259 mque
2200 1192 2289 1245 de-

723 1277 891 1330 clarat
921 1277 1098 1330 simul.
1152 1277 1329 1343 Quare
1381 1294 1474 1347 per
1522 1294 1791 1333 summam
1835 1282 2073 1335 ostendit
2113 1284 2293 1337 omnia

718 1368 884 1421 simul
931 1384 1050 1423 esse
1103 1379 1383 1438 procreata
1424 1381 1523 1424 :ct
1572 1386 1669 1439 per
1727 1372 2049 1441 principium
2102 1384 2293 1428 cuncta

722 1470 1005 1515 momento
1041 1469 1095 1514 et
1137 1460 1254 1514 sine
1285 1461 1394 1514 ullo
1437 1461 1694 1529 temporis
1734 1462 1910 1529 spatio
1957 1463 2100 1517 facta
2134 1464 2298 1519 fuisse

722 1549 1058 1621 signiﬁcat.»
1112 1549 1271 1605 Plura
1328 1551 1420 1621 qui
1475 1551 1644 1619 cupit,
1695 1552 1839 1621 legat
1883 1553 2125 1623 ejusdem
2174 1554 2298 1611 libri

722 1644 977 1714 paginam
1009 1643 1401 1708 duodecimam,
1427 1643 1514 1698 ubi
1533 1643 1827 1714 Gregorius
1852 1660 2003 1699 suam
2036 1646 2149 1716 ipse
2172 1661 2297 1701 sen-

726 1735 952 1789 tentiam
999 1732 1227 1797 stabilit,
1261 1741 1315 1788 et
1343 1748 1464 1787 eum
1514 1736 1687 1804 ipsum
1719 1751 1878 1805 quem
1909 1738 2299 1807 exscripsimus

726 1824 903 1880 locum
948 1824 1097 1881 citat.
1126 1824 1275 1879 Nihil
1309 1840 1443 1894 opus
1475 1835 1556 1879 est
1589 1827 1655 1880 de
1690 1828 1974 1896 Augustini
2020 1830 2293 1897 opinione,

728 1930 850 1971 cum
881 1930 1003 1971 nuta
1028 1926 1119 1981 sit,
1143 1917 1429 1972 disserere.
1461 1918 1565 1973 Sed
1598 1919 1725 1987 quid
1749 1918 2127 1990 Basilius(ejus
2153 1922 2296 1976 enim
2334 1900 2373 1955 Β

730 2022 895 2063 causa
927 2008 1039 2062 haec
1064 2018 1316 2079 suscepta
1338 2020 1393 2063 et
1420 2010 1661 2064 instituta
1690 2011 1983 2079 disputatio
2010 2015 2112 2081 est)
2141 2028 2204 2067 ea
2232 2016 2297 2069 de

730 2113 791 2153 re
819 2100 1069 2162 senserit,
1099 2100 1313 2153 silentio
1352 2102 1631 2169 praeterire
1661 2100 1742 2156 fas
1777 2118 1881 2157 non
1909 2112 2011 2158 est.
2056 2104 2294 2158 Dixerim

730 2189 897 2261 igitur
921 2190 1201 2249 Athanasii
1244 2191 1549 2261 opinionem
1582 2202 1636 2247 et
1665 2192 1893 2247 aliorum
1937 2194 2070 2248 satis
2100 2193 2299 2251 Basilio

730 2282 953 2350 probari
998 2282 1097 2351 (ιι),
1149 2283 1257 2337 imo
1301 2298 1430 2337 vero
1472 2283 1667 2351 ipsam,
1716 2293 1976 2352 quantum
2032 2284 2302 2352 conjicere

738 2375 891 2435 licet.
926 2374 975 2429 ei
1006 2374 1110 2429 alia
1150 2373 1321 2429 videri
1358 2372 1797 2443 probabiliorem.
1830 2374 1941 2441 Qua
1970 2375 2035 2429 de
2062 2391 2120 2431 re
2149 2375 2302 2430 dubi-

736 2472 971 2521 taturum
1002 2474 1129 2533 puto
1158 2466 1455 2531 neminem,
1495 2466 1585 2534 qui
1635 2482 1815 2521 secum
1854 2467 2014 2536 paulo
2043 2469 2302 2524 attentius

735 2559 1062 2626 reputaverit
1094 2559 1217 2613 illud
1246 2558 1428 2613 Basilii
1454 2574 1469 2613 :
1492 2561 1666 2632 Ὅπερ
1690 2562 1866 2633 ἕτεροι
1898 2562 2007 2616 τῶν
2033 2564 2304 2635 ἑρμηνευ-

734 2647 868 2711 τῶν,
896 2651 1227 2722 σαφέστερον
1254 2650 1343 2704 τὸν
1370 2652 1494 2704 νοῦν
1526 2652 1841 2717 ἐκδιδόντες,
1872 2656 2176 2724 εἰρήκασιν,
2218 2656 2305 2708 Ἐν

735 2742 1016 2812 κεφαλαίῳ
1048 2744 1301 2813 ἐποίησεν
1330 2744 1358 2795 ὁ
1389 2742 1540 2806 Θεὸς,
1572 2744 1865 2809 τουτέστιν,
1888 2744 2098 2816 ἀθρόως
2130 2746 2222 2799 καὶ
2246 2748 2303 2800 ὲν

737 2834 925 2905 ὀλίγῳ,
980 2835 1172 2902 «Quod
1224 2835 1398 2905 ipsum
1448 2836 1771 2905 interpretes
1819 2836 1931 2903 alii,
1982 2840 2312 2893 sententiam

738 2927 1023 2981 dilucidius
1064 2925 1371 2990 reddentes,
1444 2926 1703 2981 dixerunt
1756 2925 1818 2982 In
1894 2929 2133 2998 capitulo
2178 2931 2308 2985 fecit

738 3017 905 3080 Deus,
959 3021 1065 3075 boc
1127 3027 1210 3075 est
1236 3059 1251 3081 ,
1308 3017 1593 3071 confestim
1634 3026 1689 3072 et
1730 3017 1783 3072 in
1824 3019 1994 3073 brevi.
2027 3039 2044 3071 ι
2086 3020 2313 3077 Basilius

739 3110 883 3163 enim
918 3118 971 3164 et
1004 3109 1130 3164 dum
1176 3110 1677 3180 interpretationem
1711 3124 1926 3175 eorum,
1971 3112 2060 3179 qui
2103 3122 2314 3165 vertere

742 3202 800 3253 ιν
830 3200 1129 3273 κεφαλαίῳ,
1172 3202 1353 3257 laudat
1385 3204 1459 3257 uti
1491 3202 1884 3268 dilucidiorem,
1924 3213 1977 3257 et
2006 3204 2131 3257 dum
2165 3203 2309 3267 illud,

743 3293 804 3345 ὲν
829 3292 1128 3362 κεφαλαίῳ,
1154 3294 1232 3351 sic
1261 3294 1428 3361 accipi
1462 3293 1576 3347 vult
1605 3302 1665 3347 ut
1694 3294 1961 3363 signiﬁcet
1992 3312 2010 3345 ‹
2030 3295 2312 3351 confestim

743 3394 799 3437 et
860 3384 912 3437 in
953 3383 1140 3451 brevi,
1171 3402 1189 3435 ι
1242 3391 1449 3452 aperte,
1497 3383 1712 3453 opinor,
1763 3384 1965 3437 indicat
2006 3400 2065 3439 se
2104 3401 2208 3439 non
2239 3386 2312 3441 ita

743 3477 973 3531 multum
1018 3478 1090 3531 ab
1124 3477 1371 3549 Origenis
1408 3475 1661 3546 opinione
1708 3476 2020 3531 abhorrere.
2062 3478 2314 3534 Attamen

743 3566 831 3619 vir
868 3566 1318 3635 prudentissimus
1358 3567 1491 3621 nihil
1533 3566 1587 3620 in
1636 3582 1695 3621 re
1737 3566 1895 3621 dubia
1941 3578 2317 3621 asseveranter

748 3658 950 3713 dictum
978 3657 1168 3724 vnluit,
1215 3659 1308 3713 sed
1349 3657 1519 3712 tutius
1552 3656 1704 3710 duxit
1751 3660 2118 3713 assensionem
2162 3659 2314 3713 cohi-

746 3748 897 3804 bere.
944 3749 1034 3804 Sic
1081 3759 1264 3803 autem
1313 3765 1373 3804 se
1426 3749 1541 3818 ipse
1582 3747 1819 3817 explicat
1870 3748 2146 3816 aliquanto
2188 3759 2316 3803 ante

748 3844 935 3897 eodem
972 3858 1095 3897 nam
1131 3862 1147 3898 :
1179 3844 1249 3895 Ἢ
1285 3843 1425 3913 τάχα
1446 3842 1534 3895 διὰ
1572 3840 1637 3893 τὸ
1664 3842 1950 3913 ἀκαριαῖον
1979 3840 2071 3893 καὶ
2095 3840 2319 3910 ἄχρονον

749 3935 847 4005 τῆς
901 3934 1257 4004 δημιουργίας
1307 3936 1516 4005 εἴρηται
1559 3932 1640 3997 τὸ,
1711 3934 1812 3986 Ἐν
1832 3931 1989 4002 ἀρχῇ
2010 3932 2317 3999 ἐποίησεν,

750 4026 938 4097 ἐπειδὴ
967 4028 1169 4099 ἀμερές
1197 4045 1247 4079 τι
1279 4028 1372 4081 καὶ
1411 4027 1731 4081 ἀδιάστατον
1756 4028 1788 4095 ἡ
1815 4028 1979 4097 ἀρχή,
2034 4046 2052 4077 ι
2083 4029 2187 4080 Attt
2212 4026 2321 4078 fur-

752 4124 896 4171 tasse
924 4118 1044 4186 quia
1067 4116 1339 4185 opiﬁcium
1364 4115 1494 4170 illud
1529 4114 1583 4169 in
1612 4126 1882 4171 momento
1913 4126 1964 4170 et
1997 4116 2129 4170 citra
2158 4113 2319 4167 ullam

752 4213 1009 4278 temporis
1044 4227 1248 4265 moram
1290 4210 1597 4265 absolutum
1625 4221 1732 4275 est,
1763 4211 1880 4265 ideo
1924 4210 2127 4264 dictum
2178 4207 2316 4261 fuit:

752 4303 824 4357 In
873 4304 1129 4369 principio
1180 4303 1364 4370 fecit“,
1411 4302 1842 4371 quandoquidem
1882 4299 2205 4370 principium
2238 4307 2323 4353 est

756 4393 1007 4460 quiddam
1045 4394 1337 4450 insecabile
1370 4412 1435 4451 ac
1477 4393 1827 4450 dimensionis
1862 4406 2077 4462 expers.
2111 4410 2129 4442 ›
2167 4390 2323 4445 Basi-

756 4485 886 4541 lium
910 4502 974 4541 ex
996 4501 1143 4543 more
1176 4499 1398 4543 secutus
1419 4488 1754 4551 Ambrosius,
1780 4485 1967 4540 eadem
2001 4483 2164 4537 tradit
2189 4484 2283 4539 lib.
2307 4500 2323 4538 ι

758 4580 813 4633 in
843 4578 1127 4644 Ηεκαεπι..
1156 4596 1311 4634 num.
1348 4580 1433 4634 16.

1040 4670 1069 4741 §
1096 4670 1182 4726 ΙΙΙ.
1231 4672 1305 4725 De
1324 4673 1465 4726 dicto
1490 4672 1715 4743 quodam
1746 4670 2048 4739 Augustini.

831 4760 919 4815 τε.
951 4760 1127 4829 Quaeri
1182 4772 1355 4832 potest
1402 4765 1467 4819 ab
1522 4774 1645 4817 utro
1688 4762 2019 4829 Augustinus
2061 4766 2336 4813 mutuatus

2395 652 2572 695 tamen
2606 642 2652 695 si
2685 642 2805 709 quis
2835 642 2992 710 paulo
3020 644 3280 699 attentius
3306 646 3641 714 expenderit,
3668 647 3829 705 facile
3856 652 3960 706 sibi

2392 733 2741 803 persuadebit
2784 734 3140 804 Augustinum
3176 750 3242 791 ex
3284 737 3399 805 ipso
3429 737 3607 803 fonte,
3636 755 3740 795 non
3769 756 3801 796 e
3844 742 3962 799 rivo

2396 824 2659 880 hausisse.
2722 823 2838 890 Qua
2893 825 2959 878 de
3002 840 3060 879 re
3094 834 3153 879 ut
3199 826 3369 881 cuivis
3417 827 3729 882 existimare
3776 829 3961 895 liceat,

2396 918 2625 985 primum
2640 916 2909 971 Ambrosii
2939 926 2994 970 et
3011 918 3295 988 Augustini
3321 919 3483 973 verba
3504 919 3770 989 subjicere
3785 922 3963 975 visum

2396 1017 2500 1071 cst,
2531 1007 2723 1061 deinde
2752 1007 3021 1061 Ambrosii
3070 1008 3461 1079 Augustinique
3503 1021 3558 1064 et
3587 1010 3767 1065 Basilii
3798 1011 3966 1066 verba

2398 1101 2538 1154 inter
2566 1116 2623 1154 se
2649 1116 2968 1169 comparare
2998 1115 3010 1150 :
3048 1116 3152 1169 qua
3188 1115 3253 1155 ex
3278 1102 3623 1157 contentione
3647 1102 3801 1172 plane
3830 1118 3967 1157 con-

2398 1191 2562 1245 Stabit
2615 1193 2991 1260 Augustinum,
3046 1207 3169 1245 cum
3218 1193 3512 1256 scriberet,
3562 1207 3669 1247 non
3714 1192 3965 1248 Latinam

2397 1284 2665 1337 Ambrosii
2699 1283 3221 1350 interpretationem,
3258 1284 3350 1337 sed
3384 1285 3556 1353 ipsum
3589 1282 3838 1339 Grazcum
3869 1284 3971 1338 Ba-

2399 1374 2501 1429 silii
2532 1372 2807 1442 exemplar
2827 1373 2895 1426 ob
2926 1372 3113 1427 oculos
3146 1373 3418 1428 habuisse.
3455 1373 3546 1430 Sic
3575 1374 3757 1444 itaque
3788 1374 3971 1443 loqui-

2402 1477 2485 1519 tur
2515 1466 2831 1519 Ambrosius
2869 1464 2959 1516 lib.
2997 1481 3011 1517 ι
3042 1466 3093 1517 in
3118 1463 3395 1529 Hexaem.,
3424 1480 3568 1520 num.
3598 1466 3668 1521 29
3706 1482 3721 1521 :
3758 1484 3779 1519 r
3804 1466 3972 1536 Spiri-

2400 1567 2482 1607 tus
2520 1554 2613 1608 Dei
2656 1551 3239 1621 superferebatursuper
3270 1569 3432 1620 aquas
3446 1552 3487 1607 ⁸.
3513 1554 3702 1621 Quem,
3729 1556 3830 1611 etsi
3862 1554 3970 1609 ali-

2400 1645 2491 1714 qui
2531 1660 2629 1713 pro
2656 1659 2781 1698 aere
2816 1642 3104 1711 accipiant,
3142 1643 3304 1713 aliqui
3336 1659 3433 1714 pro
3459 1646 3648 1714 spiritu
3678 1662 3836 1717 quem
3861 1647 3975 1718 spi-

2400 1752 2585 1792 ramus
2614 1746 2664 1791 et
2692 1750 2962 1804 carpimus
2998 1750 3143 1789 aura:
3174 1734 3329 1803 hujus
3359 1740 3535 1795 vitalis
3566 1740 3837 1810 spiritum,
3872 1754 3975 1795 nos

2403 1838 2584 1884 tamen
2630 1844 2750 1883 cum
2791 1840 3104 1883 sanctorum
3154 1837 3210 1882 et
3246 1828 3481 1883 ﬁdelium
3530 1832 3795 1887 sententia
3839 1846 3975 1886 con-

2404 1932 2661 1994 gruentes
2691 1960 2706 1985 ,
2751 1920 3011 1989 Spiritum
3052 1929 3297 1975 sanctum
3345 1920 3777 1990 accipimus......
3807 1922 3975 1977 Deni-

2405 2030 2507 2083 que
2540 2014 2710 2085 Syrus
2738 2014 2829 2083 qui
2860 2012 3071 2067 vicinus
3097 2011 3322 2066 Hebraeo
3353 2020 3465 2075 est,
3497 2020 3551 2066 et
3573 2027 3821 2069 sermone
3846 2029 3981 2069 con-

2406 2114 2563 2158 sonat
2592 2105 2644 2158 iu
2672 2104 2943 2173 plerisque
2971 2111 3026 2157 et
3057 2103 3332 2172 congruit,
3367 2102 3447 2156 sic
3472 2102 3677 2157 habet:
3711 2101 3779 2155 Et
3811 2103 3981 2172 Spiri-

2409 2205 2492 2247 tus
2525 2193 2623 2246 Dei
2652 2193 2853 2260 fovebat
2888 2208 3085 2263 aquas;
3117 2192 3170 2247 id
3193 2200 3310 2257 est,
3335 2192 3669 2259 viviﬁcabat,
3698 2201 3759 2245 ut
3794 2192 3847 2246 in
3884 2208 3981 2247 no-

2409 2302 2503 2339 vas
2534 2293 2751 2355 cogeret
2793 2293 3097 2347 creaturas,
3128 2293 3181 2339 et
3218 2284 3331 2339 fotu
3364 2300 3462 2340 suo
3509 2287 3776 2340 animaret
3806 2284 3876 2340 ad
3903 2286 3984 2340 vi-

2412 2388 2540 2432 tam.
2580 2397 2599 2430 ›
2644 2374 2977 2445 Augustinus
3020 2389 3150 2429 vero
3195 2378 3273 2430 sic
3306 2378 3469 2431 habet
3500 2376 3593 2433 lib.
3632 2393 3647 2432 ι
3683 2377 3760 2432 De
3793 2374 3980 2431 Gener.

2408 2472 2477 2525 ad
2509 2471 2614 2537 lit.,
2653 2486 2804 2524 num.
2836 2467 2907 2522 56
2936 2485 2953 2521 :
3000 2485 3019 2518 ι
3054 2465 3189 2520 Nam
3219 2476 3275 2520 et
3303 2466 3429 2520 illud
3455 2469 3594 2537 quod
3622 2484 3716 2538 per
3736 2469 3985 2524 Graecam

2409 2572 2465 2617 et
2518 2561 2765 2616 Latinam
2814 2560 3051 2629 linguam
3119 2557 3318 2611 dictum
3375 2565 3459 2611 est
3513 2558 3579 2613 de
3627 2560 3833 2629 Spiritu
3865 2559 3983 2627 Dei,

2410 2653 2553 2722 quod
2596 2652 3018 2721 superferebatur
3050 2665 3207 2718 super
3245 2664 3409 2717 aquas
3438 2687 3455 2715 ,
3498 2651 3792 2704 secundum
3832 2651 3989 2722 Syra

2414 2747 2605 2814 linguae
2648 2744 3000 2805 intellectum,
3047 2756 3166 2811 quae
3210 2740 3387 2795 vicina
3426 2747 3509 2794 est
3570 2740 3809 2795 Hebrza
3839 2742 3987 2810 (nam

2414 2832 2516 2886 hoc
2547 2847 2575 2883 a
2605 2830 2836 2900 quodam
2879 2833 3039 2883 docto
3069 2826 3382 2882 Christiano
3410 2826 3551 2897 Syro
3582 2824 3753 2880 fertur
3776 2826 3993 2894 exposi-

2420 2928 2575 2995 tum),
2615 2940 2723 2979 non
2753 2922 3176 2992 superferebatur
3202 2922 3295 2978 sed
3326 2921 3533 2991 fovebat
3574 2919 3774 2990 potius,
3816 2918 3993 2973 intel-

2415 3019 2507 3088 ligi
2552 3018 2883 3085 perhibetur.
2946 3015 3056 3071 Nec
3115 3016 3257 3072 sicut
3296 3015 3549 3070 foventur
3605 3022 3849 3069 tumores
3896 3019 3994 3066 aut

2420 3108 2638 3161 vulnera
2667 3109 2718 3160 in
2749 3121 2977 3175 corpore
3006 3107 3163 3175 aquis
3185 3107 3271 3161 vel
3304 3105 3517 3177 frigidis
3540 3105 3625 3161 vel
3649 3105 3832 3161 calore
3861 3121 3994 3161 con-

2422 3216 2556 3269 gruo
2592 3200 2899 3268 temperatis
2923 3214 2937 3257 :
2971 3200 3065 3253 sed
3091 3202 3232 3253 sicut
3250 3216 3351 3255 ova
3380 3199 3633 3256 furentur
3657 3201 3723 3254 ab
3749 3197 3990 3262 alitibus,

2422 3293 2509 3345 ubi
2535 3291 2682 3345 calor
2716 3290 2804 3344 ille
2830 3288 3061 3341 materni
3092 3290 3337 3357 corporis
3358 3291 3519 3343 etiam
3545 3289 3840 3345 formandis
3869 3287 3993 3357 pul—

2422 3385 2484 3437 lis
2510 3381 2912 3452 quodammodo
2954 3379 3401 3433 adminiculatur.
3442 3398 3459 3430 »
3503 3380 3560 3433 In
3587 3380 3780 3448 quibus
3810 3380 3997 3448 Augu-

2420 3478 2547 3530 stini
2594 3474 2775 3530 verbis
2826 3474 2930 3529 duo
2982 3473 3254 3544 pracipue
3282 3480 3465 3526 notata
3510 3470 3632 3524 volo
3672 3487 3684 3522 :
3733 3470 3995 3540 primum,

2423 3570 2617 3641 Syrum
2649 3569 2937 3637 quemdam
2989 3569 3163 3621 \‘irum
3198 3567 3419 3622 doctum
3447 3562 3606 3620 simul
3647 3575 3700 3619 et
3728 3561 3998 3618 Christia-

2422 3678 2549 3717 num
2593 3663 2734 3715 hunc
2764 3660 3061 3730 Scriptura!
3095 3660 3274 3714 locum
3321 3659 3395 3714 ita
3425 3655 3761 3727 exposuisse,
3812 3664 3870 3709 ut
3900 3653 3998 3709 Dei

2425 3756 2661 3824 Spiritus
2688 3771 2878 3825 aquas,
2905 3755 3031 3809 dum
3061 3769 3223 3823 super
3249 3768 3342 3809 eas
3378 3751 3806 3823 superferretur,
3842 3750 3999 3806 fove-

2425 3855 2540 3908 ret;
2592 3845 2823 3897 alterum
2870 3844 3008 3897 fotas
3036 3858 3158 3898 esse
3191 3858 3360 3910 aquas
3409 3844 3463 3896 in
3495 3844 3684 3895 alitum
3716 3841 3936 3893 modum
3969 3857 4000 3895 a

2427 3935 2522 3988 Dei
2550 3934 2773 4003 Spiritu.
2817 3932 2934 3988 1am
2984 3947 3142 3987 nemo
3188 3946 3295 3985 non
3334 3932 3481 3985 videt
3514 3940 3765 3984 neutrum
3808 3930 4002 3983 horum

2427 4027 2494 4081 ab
2520 4025 2807 4080 Ambrosio
2834 4027 3133 4078 mutuatum
3164 4036 3287 4077 esse
3302 4020 3684 4089 Augustinum.
3713 4019 3827 4075 Etsi
3851 4021 4002 4077 enim

2427 4118 2724 4189 generatim
2755 4118 3075 4188 proﬁteatur
3104 4114 3423 4170 Ambrosius
3446 4114 3598 4183 sequi
3625 4129 3682 4169 se
3725 4133 3743 4166 ι
3782 4122 4004 4168 sancto-

2431 4226 2551 4264 rum
2603 4217 2657 4264 et
2698 4210 2936 4263 ﬁdelium
2970 4228 2988 4261 ι
3036 4206 3384 4269 sententiam,
3432 4206 3716 4273 tradatque
3761 4202 4007 4257 Hebraeis

2429 4299 2640 4353 vicinos
2676 4312 2797 4352 esse
2826 4298 3013 4369 Syros,
3062 4310 3295 4363 quorum
3328 4309 3530 4360 sermo,
3557 4304 3617 4349 ut
3639 4294 3752 4359 ipse
3796 4297 4004 4355 monet,

2430 4407 2554 4448 cum
2602 4389 2950 4448 Hebraorum
2990 4390 3170 4456 lingua
3206 4407 3223 4440 ι
3264 4397 3529 4445 consonat
3569 4387 3621 4439 in
3652 4383 3926 4453 plerisque
3952 4391 4009 4436 et

2431 4484 2700 4553 congruit,
2740 4500 2759 4534 ι
2797 4480 2933 4534 nihil
2987 4486 3165 4532 tamen
3199 4477 3516 4532 nominatim
3559 4471 3691 4526 dicit
3726 4483 3903 4538 neque
3943 4469 4009 4523 de

2434 4572 2524 4628 illa
2556 4573 2697 4628 docti
2729 4570 3006 4639 cujusdam
3036 4569 3159 4639 Syri
3186 4565 3589 4637 explanatione,
3624 4560 3777 4629 cujus
3810 4560 4006 4615 memi-

2436 4666 2515 4720 nit
2554 4662 2887 4735 Augustinus
2911 4700 2926 4724 ,
2964 4677 3136 4731 neque
3164 4659 3230 4715 de
3262 4660 3351 4713 illa
3382 4656 3557 4711 avium
3600 4656 3716 4709 ovis
3741 4653 4010 4708 incuban-

2437 4759 2569 4812 tium
2617 4754 3045 4824 comparatione,
3079 4767 3182 4820 qua
3225 4752 3368 4807 idem
3415 4748 3601 4803 doctor
3645 4748 3832 4801 utitur.
3862 4743 4010 4797 Fieri

764 4852 836 4905 sit
866 4868 927 4907 ea
956 4868 1075 4922 quae
1108 4854 1173 4907 de
1212 4860 1372 4908 docto
1414 4855 1643 4921 quodam
1687 4851 1824 4923 Syro
1875 4850 2044 4905 refert
2085 4850 2177 4904 lib.
2214 4864 2231 4903 ι
2261 4847 2339 4901 De
2438 4848 2601 4919 igitur
2634 4862 2738 4902 non
2768 4856 2963 4917 potest,
3004 4854 3063 4899 ut
3091 4844 3426 4915 Augustinus
3458 4842 3572 4896 haec
3599 4840 3704 4894 duo
3730 4845 4013 4892 mutuatus

766 4941 952 4998 Genesi
984 4945 1052 4997 ad
1086 4945 1191 5009 ιιι..
1232 4962 1381 5001 num.
1410 4944 1499 5009 36,
1547 4956 1726 4999 utrum
1759 4944 1826 4998 ab
1852 4942 2174 5009 Ambrosio,
2206 4956 2273 4995 an
2304 4955 2335 4993 a

766 5036 986 5092 Basilio.
1010 5036 1215 5092 Idcirco
1235 5049 1412 5093 autem
1433 5040 1573 5092 hane
1592 5038 1945 5106 quaestionem
1966 5035 2331 5104 proponimus,

769 5128 911 5197 quod
944 5128 1045 5181 nisi
1078 5129 1179 5184 sibi
1203 5139 1388 5182 caveat
1421 5130 1613 5191 lector,
1646 5126 1801 5180 facile
1825 5125 1993 5195 possit
2016 5126 2070 5177 in
2096 5137 2336 5179 errorem

770 5218 1028 5272 incidere.
1064 5217 1196 5272 Nam
1248 5234 1371 5275 cum
1426 5217 1740 5273 Ambrosius
1788 5226 1843 5271 et
1896 5214 2228 5286 Augustinus
2282 5214 2334 5268 in

770 5309 1020 5363 omnibus
1045 5307 1159 5363 fere
1183 5309 1505 5366 conveniant
1532 5310 1673 5364 inter
1703 5321 1843 5373 sese,
1876 5305 2134 5363 arbitrari
2166 5304 2339 5361 cui-vis

771 5409 1074 5470 promptum
1116 5408 1201 5455 est
1240 5400 1488 5456 Latinum
1544 5402 1861 5470 scriptorem
1906 5397 2264 5470 Augustinum
2307 5413 2337 5452 a

775 5489 966 5544 Latino
994 5493 1256 5561 scriptore
1280 5492 1569 5547 Ambrosio
1596 5492 1782 5547 isthmc
1824 5493 2116 5560 sumpsisse
2143 5490 2336 5559 potius,

778 5596 937 5650 quam
970 5597 999 5633 a
1024 5582 1209 5637 Graeco
1239 5594 1455 5638 auctore
1487 5584 1704 5649 Basilio,
1736 5583 1889 5650 cujus
1922 5582 2087 5637 libros
2112 5590 2166 5637 et
2193 5596 2338 5637 com-

859 5714 881 5743 ·
914 5715 1049 5767 Gen.
1076 5731 1115 5781 ι,
1147 5719 1194 5771 l.
1271 5720 1291 5749 ι
1316 5720 1444 5771 ibid.
1472 5719 1527 5771 εξ.

871 5849 945 5916 (α)
985 5849 1141 5904 Hom.
1175 5866 1191 5904 ι
1228 5854 1276 5903 in
1312 5852 1587 5917 ﬂexaem"
1614 5866 1759 5905 num.
1784 5850 1840 5903 6.

2441 4942 2511 4996 sit
2540 4941 2607 4995 ab
2640 4940 2925 4994 Ambrosio
2945 4978 2959 5003 ,
2995 4953 3117 4992 cum
3161 4938 3213 4991 in
3240 4934 3357 5004 ejus
3386 4934 3602 5004 scriptis
3632 4930 3764 4984 nihil
3788 4927 3894 4983 tale
3926 4928 4012 4985 in-

2444 5030 2714 5085 veniatur.
2750 5028 2855 5083 Sed
2887 5029 3008 5097 quis
3038 5027 3126 5093 sit,
3158 5038 3319 5097 quem
3358 5023 3461 5079 sibi
3508 5020 3841 5091 sequendum
3885 5033 4015 5087 pro-

2444 5121 2684 5191 posuerit
2708 5121 3061 5191 Augustinus,
3095 5121 3334 5175 indicare
3364 5115 3507 5173 haud
3556 5114 3804 5170 arduum.
3838 5111 3921 5165 Ad
3961 5112 4012 5165 id

2444 5215 2589 5268 enim
2636 5210 3029 5267 ostendendum
3074 5212 3206 5267 satis
3253 5210 3411 5265 nobis
3441 5206 3603 5263 fuerit
3635 5205 3799 5260 verba
3828 5202 4014 5259 Basilii

2447 5306 2670 5368 referre,
2726 5320 2844 5375 qua:
2900 5303 3015 5358 haec
3067 5313 3195 5359 sunt
3245 5318 3312 5357 ex
3361 5300 3605 5356 oratione
3662 5296 3898 5350 secunda
3959 5295 4016 5345 in

2446 5397 2725 5462 flexum,
2745 5412 2891 5451 num.
2912 5395 2965 5450 ϐε
2982 5396 3123 5467 Ἐρῶ
3138 5395 3235 5449 οὐκ
3247 5392 3484 5465 ἐμαυτοῦ
3497 5392 3674 5459 λόγον,
3691 5388 3827 5442 ἀλλὰ
3839 5387 4016 5457 Σύρου

2445 5488 2655 5559 ἀνδρὸς,
2688 5492 2877 5558 σοφίας
2902 5488 3171 5560 κοσμικῆς
3196 5486 3446 5541 τοσοῦτον
3468 5484 3864 5553 ἀφεστηκότος,
3891 5481 4017 5534 ὅσον

2450 5578 2613 5645 ὲΥγῖδεῖ
2638 5573 2704 5648 ἦν
2723 5579 2823 5649 τῆς
2839 5578 3238 5653 τῶναὰληθινῶν
3262 5577 3589 5644 ἐπιστήμης.
3618 5574 3811 5639 Ἔλεγε
3838 5568 4018 5622 τοίνυν
