4212 6496
1292 445 1356 501 1.).
1392 445 1534 501 JUL.
1570 445 1896 500 GARNERII
1941 442 2328 498 PREFATIO.

3170 458 3336 498 αιτιοι
3346 462 3415 499 γη

198 553 289 627 τὴν
320 556 428 609 τῶν
460 556 655 623 Σύρων
701 557 882 629 φωνὴν
916 558 1368 631 ὲμφατικωτέραν
1399 579 1461 614 τε
1494 562 1651 627 εἶναι,
1679 566 1772 617 καὶ
1802 567 1835 620 Α

1882 564 2034 616 liceat
2058 576 2179 613 eum
2208 562 2403 627 partim
2430 574 2549 614 cum
2579 558 2746 611 fratre
2776 556 3060 611 ennvenir‘e
3081 595 3096 621 ,
3128 560 3321 624 partim
3359 564 3420 613 ab

196 645 277 701 διὰ
306 649 402 717 τὴν
434 647 574 715 πρὸς
623 647 722 719 τὴν
776 650 1030 719 Ἐϐραῖδα
1068 652 1364 718 γειτνίασιν
1404 652 1601 721 μᾶλλον
1652 673 1767 718 πως

194 746 255 813 τῇ
283 736 462 808 ἐννοίᾳ
494 740 605 792 τῶν
638 742 871 810 Γραφῶν
910 744 1309 813 προσεγγίζειν.
1350 740 1504 797 Εἶναι
1542 741 1630 799 οὖν
1669 750 1767 820 τὴν

193 833 425 888 διάνοιαν
459 830 552 882 τοῦ
587 830 751 901 ῥητοῦ
779 833 1053 906 τοιαύτην.
1094 837 1166 888 Τὸ
1199 835 1549 904 ἐπεφέρετο,
1581 840 1765 909 φησὶν,

194 921 533 991 ἐξηγοῦνται,
565 925 686 976 ἀντὶ
730 923 822 976 τοῦ
858 927 1203 981 συνέϐαλπε
1232 930 1326 981 καὶ
1359 929 1638 997 ὲζωογόνει
1668 932 1768 1001 τὴν

192 1012 294 1064 τῶν
320 1012 530 1066 ὑδάτων
558 1013 737 1082 φύσιν,
771 1016 909 1070 κατὰ
934 1018 1032 1088 τὴν
1062 1018 1245 1071 εἰκόνα
1278 1020 1376 1090 τῆς
1421 1021 1768 1091 ἐπωαζούσης

192 1105 418 1174 ὄρνιθος,
453 1108 545 1161 καὶ
578 1108 811 1178 ζωτικὴν
837 1129 955 1164 τινα
984 1110 1212 1181 δύναμιν
1236 1114 1473 1183 ὲνιείσης
1498 1120 1607 1181 τοῖς
1643 1117 1769 1169 ὑπο-

194 1198 571 1271 θαλπομένοις.
624 1202 875 1254 Τοιοῦτόν
918 1208 1039 1256 τινά
1095 1222 1257 1273 φασιν
1309 1207 1414 1259 ὑπὸ
1451 1207 1550 1276 τῆς
1588 1207 1769 1278 φωνῆς

192 1296 394 1363 ταύτης
436 1294 872 1363 παραδηλοῦσθαι
904 1296 994 1350 τὸν
1042 1298 1188 1364 νοῦν,
1223 1301 1299 1364 ὼς
1344 1302 1768 1373 ἐπιφερομένου

193 1385 294 1436 τοῦ
321 1384 686 1448 Πνεύματος,
716 1385 977 1448 τουτέστι,
1024 1388 1159 1459 πρὸς
1195 1389 1485 1457 ζωογονίαν
1537 1394 1636 1464 τὴν
1673 1388 1767 1445 τοῦ

194 1473 383 1534 ὓδατος
432 1471 593 1539 φύσιν
641 1477 1166 1546 παρασκευάζοντος.
1226 1497 1245 1529 ι
1301 1481 1479 1535 Dicam
1526 1485 1618 1538 tibi
1663 1497 1766 1535 non

198 1576 397 1628 meam,
459 1568 552 1619 sed
609 1566 710 1620 viri
772 1567 891 1637 Syri
945 1570 1305 1635 sententiam,
1365 1575 1454 1642 qui
1497 1585 1699 1628 tantum
1738 1587 1767 1625 a

198 1654 381 1706 mundi
415 1656 650 1710 distabat
682 1660 968 1725 sapientia,
999 1672 1255 1726 quantmn
1290 1663 1353 1717 ad
1398 1680 1575 1715 rerum
1613 1677 1769 1715 vera-

198 1758 311 1797 rmn
333 1748 621 1801 scientiam
649 1750 1139 1820 appropinquabat.
1168 1756 1357 1810 Aiebat
1396 1756 1557 1825 igitur
1581 1768 1765 1809 vocem

200 1834 459 1905 Syrorum
488 1851 542 1891 et
592 1839 1068 1907 significautiorem
1115 1861 1256 1907 esse,
1288 1858 1340 1901 et
1371 1846 1438 1901 ob
1464 1863 1614 1901 suam
1642 1863 1764 1903 cum

200 1925 464 1979 llebraica
520 1928 698 1998 lingua
754 1934 1151 1999 cognationem,
1205 1937 1435 2002 quodam
1490 1939 1647 1990 modo
1696 1922 1835 1991 adB

201 2020 609 2087 Scripturarum
644 2038 861 2079 sensum
894 2026 1113 2094 propius
1152 2004 1430 2080 accedere.
1476 2025 1658 2096 Itaque
1687 2038 1765 2080 ta-

202 2109 302 2162 lem
332 2112 551 2166 dicebat
574 2128 695 2167 esse
728 2113 883 2182 hujus
917 2115 1045 2169 dicti
1082 2117 1426 2171 sententiam.
1481 2119 1635 2183 Illud,
1685 2120 1766 2172 in-

202 2206 458 2273 quiebat,
512 2206 765 2273 verbum,
833 2208 1293 2277 superferebatur,
1348 2222 1766 2280 interpretantes

201 2308 421 2352 sumunt
453 2316 550 2369 pro
577 2303 764 2362 verbo,
800 2302 1139 2371 confovebat,
1171 2314 1224 2357 et
1274 2313 1478 2359 natura:
1506 2320 1766 2374 aquarum

202 2390 308 2441 vim
342 2392 623 2449 tribuebat
654 2392 969 2454 ferilicamli,
1004 2396 1175 2448 instar
1206 2396 1510 2452 incubantis
1542 2400 1687 2461 avis,
1716 2406 1773 2452 et

204 2482 424 2534 vitalem
450 2482 737 2549 quamdam
758 2484 1061 2538 facultatem
1088 2488 1153 2540 iis
1180 2503 1297 2555 qum
1326 2490 1640 2543 fovebantur
1664 2492 1763 2542 im-

203 2574 508 2640 partientis.
546 2571 727 2628 Talem
761 2580 1045 2643 quamdam
1070 2577 1473 2649 intelligentiam
1501 2584 1648 2635 aiunt
1671 2584 1771 2637 hac

203 2678 332 2718 voce
392 2664 643 2723 indicari.
697 2665 960 2722 Nimirum
1012 2670 1275 2740 ferebatur
1324 2669 1551 2739 Spiritus
1618 2691 1772 2741 super

202 2772 389 2824 aquas,
431 2757 535 2811 hoc
561 2766 665 2822 est,
700 2769 944 2813 naturam
975 2775 1125 2831 aqua!
1152 2762 1217 2817 ad
1243 2761 1467 2817 feturam
1489 2778 1773 2834 pracpara-

203 2844 312 2899 bat.
355 2863 374 2895 ι
410 2846 618 2898 Addam
641 2856 694 2899 et
725 2848 850 2900 illud
878 2850 1198 2919 Augustini,
1237 2872 1263 2905 ιν
1292 2857 1582 2909 secundum
1621 2856 1772 2928 Syrte

205 2933 399 3004 lingua:
445 2936 805 3001 intellectum,
840 2953 958 3007 quae
1011 2942 1187 2995 vicina
1226 2952 1308 2997 est
1354 2943 1619 3011 IIebraaaa,
1662 2966 1679 2999 ι
1706 2948 1776 3002 ad

207 3026 429 3079 verbum
455 3041 486 3078 e
514 3026 705 3081 Graaco
734 3030 900 3083 videri
931 3045 1263 3101 expressum.

314 3117 342 3188 §
374 3116 465 3172 IV.
500 3117 577 3172 De
607 3124 756 3189 aquis
780 3138 897 3191 qum
928 3140 1084 3191 super
1112 3126 1264 3178 calas
1289 3142 1398 3181 esse
1420 3128 1687 3187 dicuntur.

275 3210 366 3265 23.
396 3210 671 3265 Convenit
699 3212 837 3267 inter
875 3216 1113 3269 eruditos
1152 3216 1438 3288 Origeuem
1488 3221 1712 3277 indicari
1742 3238 1769 3276 a

207 3299 403 3354 Basilio
425 3304 676 3356 oratione
709 3304 861 3359 tertia
890 3306 944 3357 in
971 3304 1246 3373 Ηεπαρωη
1277 3326 1419 3363 num.
1439 3309 1487 3365 9.
1510 3311 1770 3382 Origenes

208 3390 371 3451 enim,
432 3405 554 3458 qua:
603 3400 720 3444 erat
766 3393 865 3445 viri
914 3394 1137 3458 indoles,
1188 3399 1434 3451 trahebat
1474 3402 1651 3454 omnia
1702 3408 1769 3457 ad

209 3479 517 3547 allegorias,
552 3496 617 3534 ex
657 3497 764 3549 quo
800 3482 962 3537 fiebat
994 3496 1054 3539 ut
1079 3502 1273 3554 magno
1297 3487 1547 3543 Ecclesiae
1576 3494 1771 3547 damno

208 3568 525 3639 Scripturas
565 3586 663 3626 suo
701 3574 929 3641 quisque
973 3577 1234 3630 arbitratu
1282 3587 1337 3631 et
1383 3577 1677 3647 intelligere
1721 3592 1775 3635 et

207 3663 558 3733 interpretari
615 3675 814 3734 posset.
864 3665 1148 3737 Origenem
1196 3679 1374 3724 autem
1422 3672 1491 3725 ita
1536 3675 1774 3728 sensisse

207 3756 367 3811 docet
393 3756 723 3827 Epiphanius
752 3759 804 3812 in
835 3759 1066 3828 Epistola
1107 3760 1175 3816 ad
1210 3760 1469 3818 Joannem
1499 3764 1773 3836 Jerosoly-

206 3849 495 3913 mitanum,
522 3856 580 3900 ut
608 3851 784 3917 legere
810 3858 891 3903 est
928 3852 1067 3919 apud
1100 3850 1481 3921 Hieronymum
1504 3894 1518 3917 ,
1546 3856 1773 3925 epistola

205 3937 331 3990 olim
370 3936 463 4001 70,
513 3952 656 3992 nunc
682 3939 801 3993 IIO.
854 3949 998 3994 torno
1030 3941 1118 4005 IV,
1169 3957 1290 4011 pag.
1324 3942 1446 4009 820,
1484 3944 1774 4014 Postquam

206 4028 371 4097 igitur
396 4028 729 4097 Epiphanius
762 4031 1043 4086 nonnullos
1088 4032 1335 4102 Origeuis
1381 4052 1595 4092 errores
1656 4054 1777 4107 per-

206 4123 466 4187 strinxit,
516 4121 595 4177 sic
645 4125 1003 4197 persequitur,
1060 4124 1385 4198 Hieronymo
1437 4129 1767 4200 interprete:

213 4229 233 4263 ι
262 4213 387 4266 Illas
420 4228 553 4269 vero
601 4216 899 4286 praestigias
930 4218 1052 4283 quis
1084 4234 1187 4272 non
1226 4221 1405 4274 statim
1436 4209 1655 4290 abjiciat
1696 4232 1777 4278 at-

204 4317 313 4373 que
368 4306 719 4359 contemnat?
768 4309 979 4360 dicente
1020 4305 1294 4375 Origene,
1345 4309 1412 4364 de
1459 4311 1617 4381 aquis
1661 4327 1780 4382 qua:

207 4408 372 4461 super
402 4393 804 4451 firmamentum
840 4408 983 4464 sunt,
1020 4414 1122 4454 non
1170 4415 1290 4455 esse
1319 4416 1508 4470 aquas,
1557 4404 1649 4458 sed
1678 4404 1777 4459 for-

207 4486 473 4540 titudines
515 4487 775 4555 quasdam
821 4491 1079 4559 angelica:
1116 4494 1399 4560 potestatis
1430 4510 1443 4545 :
1478 4505 1531 4549 et
1563 4511 1775 4551 rursum

1868 665 1932 704 eo
1961 652 2293 716 discrepare.
2328 648 2582 700 Dissentit
2611 648 2661 699 in
2706 659 2770 697 eo
2798 660 2826 695 a
2857 646 3042 708 fratre,
3072 647 3215 712 quod
3264 661 3423 713 aquas

1867 741 1987 796 illas
2019 740 2216 810 quibus
2243 736 2555 791 incubuisSe
2583 737 2778 790 dicitur
2806 733 3036 802 Spiritus
3076 736 3202 798 Dei,
3234 748 3285 788 et
3313 751 3426 801 quae

1868 849 2027 903 supra
2060 833 2459 886 firmamentum
2492 830 2869 894 constiterunt,
2901 827 3147 884 caelestes
3171 829 3429 898 quasdam

1867 940 1985 981 esse
2029 927 2257 978 virtutes
2309 930 2458 991 putet
2507 935 2521 971 :
2561 921 2610 972 in
2660 935 2723 973 eo
2766 936 2894 976 vero
2940 922 3251 984 assentitur,
3288 918 3429 988 quod

1866 1031 2018 1084 teque
2048 1030 2111 1069 ac
2136 1014 2370 1067 Basilius
2400 1012 2682 1067 inferiores
2707 1027 2871 1078 aquas
2910 1011 3087 1082 abyssi
3135 1026 3228 1079 pro
3258 1010 3429 1065 rebel-

1870 1109 2006 1162 libus
2029 1123 2093 1161 ac
2120 1106 2372 1177 malignis
2401 1106 2753 1174 potestatibus
2782 1104 3022 1171 accipere
3050 1104 3203 1158 nolit.
3237 1102 3424 1155 Mirum

1869 1200 2099 1255 fortasse
2128 1200 2394 1254 videbitur
2423 1197 2739 1262 Gregorium
2773 1212 2801 1248 a
2832 1196 2996 1248 fratre
3028 1195 3241 1258 Basilio,
3269 1209 3427 1261 quem

1868 1294 2027 1348 unice
2052 1293 2263 1348 colebat
2288 1307 2351 1345 ac
2380 1289 2717 1351 observabat,
2752 1288 2802 1340 in
2834 1303 2891 1340 re
2938 1286 3240 1354 hujusmodi
3275 1284 3434 1340 dissi-

1870 1388 2019 1449 dere,
2043 1395 2202 1453 atque
2224 1383 2469 1449 Origeuis
2493 1382 2797 1450 opinionem
2824 1380 3059 1447 opinioni
3088 1378 3268 1431 fratris
3290 1393 3432 1445 pra:-

1873 1477 2075 1531 tulisse.
2129 1476 2278 1529 IIanc
2348 1482 2523 1527 tamen
2573 1472 2816 1541 Gregorii
2889 1469 3051 1524 fuisse
3101 1470 3431 1539 opinionem,

1868 1584 1987 1623 esse
2026 1567 2297 1622 hominem
2329 1565 2415 1633 qui
2449 1572 2606 1633 neget
2634 1564 2868 1616 arbitror
2904 1563 3204 1624 neminem,
3239 1563 3283 1615 si
3306 1576 3434 1631 quae

1867 1660 2180 1732 Sttbjicimus
2206 1653 2449 1725 Gregorii
2499 1652 2659 1707 verba
2706 1654 2980 1721 aliquanto
3016 1651 3324 1721 diligentius
3361 1650 3435 1702 le-

1867 1753 2023 1820 gerit.
2058 1750 2146 1803 Sic
2176 1746 2609 1816 itaqueloquitur
2630 1743 2917 1810 Gregorius
2944 1743 3036 1795 lib.
3058 1744 3114 1795 in
3146 1740 3432 1803 llexaem.,

1868 1858 1989 1914 pag.
2024 1843 2087 1894 I5
2116 1858 2128 1891 :
2167 1843 2241 1892 Τὸ
2278 1843 2333 1894 δὲ
2370 1841 2514 1909 ὕδωρ
2538 1831 2582 1905 ᾧ
2608 1837 2667 1888 τὸ
2698 1834 2917 1904 Πνεῦμα
2950 1833 3043 1885 τοῦ
3072 1833 3204 1885 Θεοῦ
3238 1834 3434 1903 ἐπεφέ-

1868 1951 2007 2006 ρετο,
2043 1931 2170 1986 ἄλλο
2209 1948 2260 1983 τι
2291 1932 2439 2001 παρὰ
2475 1932 2571 2001 τὴν
2616 1929 2907 1997 κατωφερῆ
2943 1926 3144 1996 ταύτην
3176 1925 3282 1979 τῶν
3315 1928 3435 1995 ρευ-

1867 2027 2004 2079 στῶν
2034 2026 2237 2078 ὑδάτων
2273 2022 2433 2093 φύσιν
2470 2022 2635 2083 ἐστὶν,
2672 2022 2699 2073 ὃ
2736 2020 2811 2091 τῷ
2839 2018 3174 2090 στερεώματι
3205 2016 3340 2089 πρὸς
3376 2015 3438 2068 τὸ

1868 2118 2000 2188 βαρύ
2049 2135 2107 2168 τε
2154 2118 2247 2169 καὶ
2296 2113 2611 2185 κατωφερὲς
2656 2112 2797 2180 ὕδωρ
2848 2109 3249 2181 διατειχίζεται.
3292 2111 3353 2162 El
3382 2109 3436 2161 δὲ

1868 2209 2008 2279 ὕδωρ
2039 2210 2254 2261 κάκεῖνο
2310 2207 2458 2275 παρὰ
2504 2207 2601 2276 τῆς
2635 2204 2856 2276 Γραφτῐκ
2891 2204 3238 2275 ὀνομάζεται,
3264 2196 3307 2269 ᾦ
3348 2200 3435 2254 διὰ

1866 2301 1966 2371 τῆς
2009 2299 2342 2369 ὑψηλοτέρας
2391 2296 2623 2366 θεωρίας
2672 2297 2733 2347 τὸ
2774 2297 2883 2348 τῶν
2916 2294 3118 2367 νοητῶν
3159 2293 3436 2363 δυνάμεων

1870 2394 2139 2467 πλήρωμα
2182 2386 2543 2462 σημαίνεσθαι
2599 2384 2997 2457 στοχαζόμεθα,
3035 2384 3322 2451 ξενιζέσθω
3349 2382 3435 2435 διὰ

1867 2488 1965 2556 τῆς
1980 2485 2294 2556 ὁμωνυμίας
2322 2479 2530 2553 μηδείς,
2559 2487 2664 2533 etc.
2690 2496 2708 2529 ι
2728 2481 2879 2546 Aqua
2893 2476 3129 2547 profecto
3154 2488 3313 2544 super
3332 2489 3436 2543 qua

1870 2576 2143 2631 ferebatur
2193 2576 2426 2643 Spiritus
2486 2574 2615 2639 Dei,
2675 2572 2888 2628 diversa
2944 2577 3026 2625 est
3090 2567 3157 2621 ab
3209 2568 3436 2623 istarum

1872 2682 2134 2738 aquarum
2193 2675 2408 2729 natura,
2464 2680 2585 2732 qua:
2640 2664 2888 2717 deorsum
2942 2660 3113 2713 ﬂuunt
3157 2668 3210 2713 et
3255 2660 3438 2713 ﬁrma-

1872 2770 2053 2815 mento
2101 2756 2169 2810 ab
2224 2769 2363 2825 aqua
2420 2755 2569 2824 gravi
2628 2764 2686 2807 et
2732 2755 2797 2807 ad
2867 2750 3121 2805 inferiora
3190 2750 3440 2805 tendente

1872 2852 2187 2921 seiungitur.
2215 2849 2365 2915 Quod
2397 2854 2574 2901 autem
2624 2846 2674 2899 in
2710 2843 2986 2913 Scriptura
3022 2849 3244 2897 vocetur
3286 2855 3425 2909 aqua

1873 2947 2035 2999 etiam
2070 2944 2179 3007 illa,
2224 2956 2330 3012 qua
2381 2939 2682 2993 sublimiori
2733 2936 3183 3004 contemplatione
3228 2934 3437 2987 divina-

1876 3051 1995 3088 rum
2052 3037 2309 3089 mentium
2367 3033 2641 3103 plenitudo
2695 3029 3050 3099 significatur,
3100 3041 3167 3081 ne
3218 3026 3339 3095 quis
3387 3026 3438 3077 id

1878 3127 2111 3181 alienum
2140 3136 2231 3179 aut
2260 3142 2452 3181 novum
2484 3134 2653 3193 putet,
2682 3142 2699 3173 ι
2727 3133 2835 3175 etc.
2864 3119 2929 3172 Et
2956 3120 3113 3190 paulo
3143 3128 3262 3188 post
3288 3136 3300 3171 :
3329 3118 3438 3169 Καί

1882 3236 1946 3289 με
1986 3217 2171 3288 μηδεὶς
2201 3217 2491 3269 ὑπονοείτω
2524 3216 2608 3267 διὰ
2649 3215 2743 3282 τῆς
2790 3212 3141 3282 τροπολογίας
3184 3210 3439 3277 σύγχυσιν

1874 3309 2098 3377 ἐπάγειν
2136 3309 2201 3377 τῇ
2238 3306 2440 3377 θεωρίᾳ
2485 3304 2584 3373 τῆς
2616 3303 2845 3368 λέξεως,
2895 3300 2980 3364 ὼς
3011 3300 3129 3362 ταῖς
3166 3298 3441 3360 ὑπονοίαις

1872 3402 1978 3454 τῶν
2012 3400 2115 3471 πρὸ
2157 3398 2313 3469 ἡμῶν
2339 3396 2407 3451 τὰ
2438 3393 2659 3448 τοιαῦτα
2704 3392 3119 3463 τεθεωρηκότων
3168 3390 3441 3459 συμφέρε-

1875 3493 2031 3557 σθαι,
2084 3492 2177 3545 καὶ
2227 3490 2404 3558 λέγειν
2452 3488 2550 3550 τὰς
2603 3488 2699 3557 μὲν
2757 3484 3125 3547 ἁποστατικὰς
3183 3483 3441 3552 δυνάμεις

1873 3586 2104 3639 ἄϐυσσον
2156 3582 2441 3651 λέγεσθαιο
2482 3579 2571 3633 τὸν
2611 3579 2667 3631 δὲ
2713 3577 3128 3649 κοσμοκράτορα
3163 3573 3258 3627 τοῦ
3312 3572 3438 3626 σκό-

1875 3691 2018 3736 τους,
2049 3673 2112 3725 τδ
2154 3673 2339 3725 ἐπάνω
2368 3671 2468 3739 τῆς
2498 3670 2732 3723 ἀϐύσσου
2772 3668 3007 3722 νοεῖσθαι
3038 3665 3246 3726 σκότος.
3284 3680 3301 3714 t
3333 3662 3442 3717 Nec

1876 3766 2163 3833 quisquam
2208 3762 2505 3815 arbitretur
2542 3775 2643 3814 nos
2681 3759 2969 3812 verborum
3004 3753 3438 3823 interpretationi

1875 3871 1939 3909 ex
1976 3858 2074 3909 bac
2122 3852 2312 3907 morali
2348 3850 2690 3921 expositione
2721 3847 3096 3903 confusionem
3124 3843 3337 3907 afferre,
3380 3852 3441 3897 ut

1875 3946 2213 4018 opinionibus
2242 3961 2428 4001 eorum
2478 3943 2570 4015 qui
2612 3951 2739 3997 ante
2772 3956 2866 3995 nos
2904 3938 3242 4009 interpretati
3293 3944 3440 3999 sunt,

1876 4039 2170 4103 faveamus,
2216 4038 2563 4105 dicamusque
2606 4041 2901 4103 potestates
2934 4029 3049 4084 illas
3080 4043 3197 4098 qu:e
3232 4027 3442 4082 defece-

1878 4139 2039 4193 runt,
2089 4131 2337 4199 abyssum
2380 4129 2521 4193 dici;
2572 4125 2864 4193 principem
2908 4138 3035 4177 vero
3085 4122 3437 4176 tenebrarum

1880 4219 2103 4289 intelligi
2136 4214 2383 4272 tenebras
2418 4215 2556 4280 illas,
2585 4228 2707 4283 quat
2735 4227 2896 4281 super
2926 4213 3180 4283 abyssum
3212 4218 3385 4263 erant.
3415 4225 3435 4257 ι

1880 4310 2033 4376 Quod
2085 4324 2247 4377 supra
2299 4308 2553 4367 diximus,
2599 4305 2915 4374 Gregorium
2965 4318 2994 4355 a
3052 4300 3249 4354 Basilio
3286 4300 3338 4351 in
3380 4312 3444 4352 eo

1882 4402 2197 4464 dissentire,
2228 4400 2371 4470 quod
2406 4415 2573 4469 aquas
2602 4413 2712 4463 eas,
2743 4398 2939 4466 quibus
2973 4392 3281 4447 incubuisse
3308 4392 3443 4444 scri-
3518 4384 3519 4387 “

1880 4494 2024 4548 bitur
2088 4491 2337 4560 Spiritus.
2369 4491 2496 4557 Dei,
2544 4500 2597 4545 et
2642 4503 2763 4559 qua:
2827 4501 2989 4555 supra
3045 4484 3443 4537 ﬁrmamentum

207 4592 380 4647 aquas
428 4592 552 4648 qua!
579 4592 742 4647 super
786 4587 981 4635 terram
1025 4593 1171 4649 sunt,
1202 4586 1303 4639 hoc
1333 4596 1436 4652 est,
1463 4588 1561 4642 sub
1595 4589 1776 4643 ﬂrma-
1804 4601 1859 4656 Ῑ)
1880 4584 2269 4649 constiterunt,
2318 4582 2950 4652 Origenianorumvmore
2995 4592 3091 4647 per
3133 4575 3443 4644 allegoriam

208 4681 415 4735 mento,
447 4685 571 4726 esse
599 4671 825 4727 virtutes
853 4674 1152 4729 contrarias
1172 4714 1186 4738 ,
1218 4678 1271 4730 id
1302 4686 1384 4731 est
1422 4680 1711 4734 daemones.
1752 4699 1770 4731 ι

210 4760 581 4830 Hieronymus
603 4775 815 4830 quoque
843 4769 897 4816 et
941 4761 1087 4816 hunc
1131 4762 1305 4831 ipsum
1355 4779 1593 4821 errorem
1639 4766 1779 4821 inter

206 4863 329 4910 octo
359 4852 616 4923 Origenis
666 4868 880 4910 errores
928 4868 1220 4912 recensere
1253 4872 1359 4912 non
1408 4859 1610 4913 omisit.
1652 4860 1777 4914 Hie-

209 4946 420 5018 ronymi
452 4954 634 5001 autem
662 4947 822 5001 verba
866 4958 988 5003 sunt
1026 4963 1091 5003 ex
1115 4950 1339 5020 epistola
1374 4950 1463 5017 38,
1507 4952 1573 5005 ad
1618 4954 1777 5007 Pam-

210 5037 507 5101 machium,
555 5050 697 5090 tomo
750 5036 838 5101 IV,
872 5053 992 5107 pag.
1022 5038 1126 5091 510
1156 5057 1169 5092 :
1200 5057 1221 5091 ι
1257 5040 1481 5094 Sextum
1520 5042 1661 5111 quod
1691 5042 1773 5097 sic

210 5128 521 5197 paradisum
543 5126 875 5197 allegorizet,
898 5137 953 5181 ut
979 5128 1211 5184 historiae
1232 5129 1441 5184 auferat
1464 5132 1770 5197 veritatem,

210 5234 303 5287 pro
342 5219 630 5274 arboribus
660 5218 918 5289 angelos,
945 5234 1042 5288 pro
1071 5222 1376 5277 ﬂuminibus
1403 5223 1627 5278 virtutes
1657 5238 1774 5279 cm-

210 5308 371 5364 lestes
410 5306 754 5374 intelligens,
804 5316 1074 5376 totamque
1117 5308 1349 5377 paradisi
1384 5310 1775 5364 continentiam

213 5401 543 5473 tropologica
595 5401 1041 5471 interpretatione
1103 5402 1401 5456 subvertat.
1454 5402 1772 5469 Septimum,

212 5499 348 5565 quod
387 5510 560 5564 aquas
593 5508 713 5562 quae
740 5508 901 5562 super
946 5492 1114 5549 caelos
1141 5494 1192 5547 in
1220 5493 1506 5562 Scripturis
1549 5509 1666 5548 esse
1695 5495 1775 5549 di-

212 5597 427 5651 c'mtur,
483 5595 704 5641 sanctas
750 5600 1119 5655 supernasque
1149 5586 1413 5652 virtutes;
1448 5601 1566 5653 quze
1615 5602 1774 5655 super

212 5684 407 5730 terram
454 5687 509 5729 et
538 5674 679 5730 infra
726 5683 945 5739 terram,
977 5676 1276 5731 contrarias
1321 5687 1379 5731 et
1419 5677 1774 5734 citctuoniacas

213 5782 326 5823 esse
360 5768 681 5823 arbitretur.
722 5784 742 5817 ι
795 5765 1085 5836 Gregorius
1132 5767 1313 5822 Basilii
1366 5768 1531 5822 frater
1571 5770 1771 5825 subob-

216 5861 415 5917 scurius
463 5876 527 5918 ea
570 5859 641 5916 de
679 5874 738 5914 re
785 5860 1024 5922 disserit.
1065 5860 1142 5915 sic
1181 5872 1381 5925 tamen,
1425 5872 1480 5916 ut
1521 5863 1770 5935 colligere

1883 4679 2263 4745 interpretatus
2314 4675 2421 4738 sit,
2477 4672 2720 4741 nihilque
2776 4686 2894 4726 esse
2944 4669 3086 4723 aliud
3151 4665 3445 4721 crediderit

1882 4768 1986 4821 nisi
2023 4765 2270 4820 caelestes
2298 4763 2557 4834 quasdam
2591 4773 2750 4829 atque
2789 4759 3153 4829 iutelligibiles
3189 4758 3442 4817 virtutes,

1883 4860 1933 4913 id
1968 4858 2196 4913 mirifice
2223 4872 2289 4911 ex
2337 4856 2579 4924 ejusdem
2613 4853 2855 4922 Gregorii
2904 4852 3293 4921 posterioribus
3323 4863 3445 4903 ver-

1885 4949 1967 5003 bis
1999 4946 2372 5002 conﬁrmatur.
2402 4945 2615 4999 Etenim
2659 4944 2762 4996 nisi
2799 4940 3087 5010 Gregorius
3134 4938 3358 5009 perinde
3385 4946 3444 4991 ut

1886 5037 2147 5107 Origenes
2193 5035 2499 5105 superiores
2549 5047 2717 5103 aquas
2753 5046 2847 5101 pro
2880 5035 3080 5085 sanctis
3104 5043 3168 5081 ac
3198 5028 3443 5098 supernis

1882 5129 2170 5183 virtutibus
2225 5126 2559 5196 accepisset,
2608 5124 2792 5194 procul
2848 5122 3011 5176 dubio
3062 5119 3271 5174 amoliri
3318 5134 3348 5172 a
3384 5133 3444 5172 se

1878 5220 2026 5275 illam
2072 5219 2381 5290 opinionem
2431 5217 2727 5281 debuisset,
2778 5214 3229 5286 quemadmodum
3278 5227 3444 5281 repu-

1877 5314 2029 5369 diare
2073 5328 2131 5367 se
2161 5319 2388 5366 testatus
2432 5322 2518 5366 est
2562 5316 2785 5365 alteram
2817 5308 3053 5374 ejusdem
3104 5305 3443 5375 Origenianae

1877 5408 2163 5462 sententia:
2199 5414 2441 5475 partem,
2493 5419 2613 5475 quae
2668 5400 2955 5456 inferiores
3008 5416 3179 5469 aquas
3226 5398 3441 5470 abyssi,

1876 5504 2152 5567 apostatas
2180 5495 2300 5550 illas
2322 5502 2614 5564 potestates
2635 5493 3043 5561 interpretatur.
3077 5490 3282 5558 Itaque,
3316 5488 3441 5540 dum

1875 5605 2038 5645 unam
2081 5597 2287 5643 tantum
2318 5586 2661 5655 Origeniante
2695 5584 2966 5652 opinionis
2999 5592 3205 5652 partem
3244 5580 3441 5648 reiicit,

1880 5683 2130 5751 amplecti
2171 5697 2231 5737 se
2277 5682 2505 5736 alteram
2538 5694 2647 5734 non
2684 5679 2915 5731 obscure
2948 5676 3171 5729 indicat.
3223 5674 3331 5727 Nec
3364 5674 3441 5724 in-

1871 5773 2191 5843 iucundum,
2236 5783 2385 5843 puto,
2420 5788 2520 5826 nec
2550 5772 2740 5825 inutile
2787 5771 2947 5825 fuerit
2992 5783 3230 5823 errorem
3280 5764 3440 5819 Justi-

1865 5869 2021 5922 ἠξιιηί
2055 5868 2396 5934 imperatoris
2416 5877 2622 5920 notare.
2660 5865 2893 5929 Etenim,
2926 5862 3311 5918 dum-aliorum
3352 5876 3437 5914 ar-
