4212 6490
767 423 1033 466 CLXXXVIII

2109 428 2643 488 PROLEGOMENA.

763 536 999 592 gnuninr
1050 542 1283 594 errores,
1328 531 1578 600 quilibet,
1632 542 1690 589 nt
1742 538 1954 593 cautior
1981 555 2046 596 ac
2076 544 2327 599 cunside-
2358 554 2405 610 Α
2436 563 2549 601 rnm
2582 562 2722 614 esse,
2773 548 2817 602 si
2867 562 2970 617 qua
3017 547 3285 604 Ambrosii
3327 548 3442 604 loca
3497 552 3765 608 illustrare
3811 566 4001 610 coner.

765 618 934 670 i-atior
966 618 1019 672 in
1055 622 1341 677 scribendo
1369 624 1461 690 sit,
1492 626 1835 684 admonetur.
1874 629 2115 689 Primum
2166 637 2332 705 igitur

761 706 1098 765 Justinianus
1128 711 1214 767 illa
1244 711 1425 771 Basilii
1459 718 1620 773 verba
1657 720 1754 791 (α),
1786 721 1948 793 Ἡμῖν
1976 724 2033 778 δὲ
2064 730 2156 782 καὶ
2198 728 2333 799 πρὸς

760 799 888 889 τοὺς
930 800 1039 889 απὸ
1068 801 1169 873 τῆς
1213 804 1535 875 Ἐκκλησίας
1574 809 1691 863 ἐστι
1732 829 1816 875 τις
1853 812 2010 883 λόγος
2056 819 2182 889 περὶ
2223 818 2332 873 τῶν

759 885 1147 958 ὃιακριθέντων
1198 893 1431 960 ὑδάτων,
1478 908 1620 962 ctc.,
1665 901 1717 955 in
1773 903 2009 961 medium
2061 885 2270 977 profert
2312 931 2327 967 :

760 994 881 1047 qua!
914 996 1036 1037 cum
1079 985 1154 1039 ita
1192 986 1535 1058 interpretari
1584 994 1900 1052 debuisset:
1941 1017 1961 1052 ι
1992 999 2131 1066 Quin
2164 1001 2329 1058 etiam

760 1069 957 1141 aliquis
986 1076 1141 1131 nobis
1170 1077 1428 1135 adversus
1457 1082 1864 1144 ecclesiasticos
1895 1090 2157 1158 quosdam
2193 1096 2330 1149 scri-

758 1172 943 1229 ptores
968 1165 1034 1219 de
1062 1166 1310 1225 discretis
1330 1172 1486 1240 aquis
1510 1174 1789 1233 habendus
1818 1192 1899 1235 est
1928 1196 2129 1247 sermo,
2160 1202 2181 1236 s
2216 1188 2326 1256 ipsa

756 1270 865 1349 non
909 1265 1014 1312 tam
1066 1263 1248 1326 vertit,
1294 1276 1454 1332 quam
1490 1272 1769 1335 pervertit.
1818 1271 1922 1327 Sed
1961 1276 2180 1344 expedit
2214 1280 2325 1349 ipsa

755 1342 1048 1405 Justiniani
1095 1351 1281 1418 verba,
1328 1372 1433 1425 quo
1467 1359 1611 1415 illius
1658 1377 1813 1418 error
1859 1342 2045 1437 magis
2080 1370 2323 1434 eluceat,

758 1438 982 1495 referre.
1034 1441 1161 1501 Ilaec
1189 1458 1372 1502 autem
1426 1463 1554 1506 sunt
1594 1469 1627 1509 e
1665 1464 1893 1511 tractatu
1948 1463 2204 1532 quodam,
2236 1466 2324 1534 qui

760 1539 906 1626 tomo
931 1533 974 1590 V
1004 1535 1163 1592 Cone.
1195 1539 1450 1599 editionis
1480 1542 1675 1611 Labb.,
1704 1563 1830 1620 pag.
1859 1552 1985 1621 66!,
2016 1533 2324 1626 reperitur:

753 1622 846 1676 Δεῖ
887 1625 944 1680 δὲ
978 1628 1265 1699 προσέχειν
1294 1635 1421 1697 τοὺς
1460 1638 1757 1708 ἀκροατὰς,
1810 1646 1891 1699 ἔτι
1932 1645 2009 1715 τῷ
2032 1622 2207 1699 claram
2235 1649 2325 1702 τὸν

756 1715 992 1787 Πατέρα,
1040 1721 1184 1791 Πρὸς
1235 1725 1363 1790 τοὺς
1395 1728 1503 1782 ἀπὸ
1558 1733 1659 1805 τῆς
1710 1736 2032 1806 Ἐκκλησίας
2078 1739 2196 1793 ἐστί
2244 1757 2325 1805 τις

753 1807 883 1905 ita?!
930 1809 1119 1905 λέγοις,
1168 1819 1297 1889 περὶ
1346 1822 1651 1893 Ὠριγένους
1694 1827 2030 1897 διαλέγεται,
2076 1833 2174 1905 τῆς
2231 1834 2322 1887 τοῦ

2434 639 2566 693 Cum
2598 640 2742 695 enim
2774 639 2907 694 nihil
2938 640 3009 694 sit
3043 650 3244 709 praeter
3286 640 3623 712 Scripturam
3671 657 3884 701 sacram
3937 643 4006 699 li-

2440 731 2555 786 bris
2595 730 2816 787 Patrum
2849 732 3170 803 pretiosius,
3220 749 3379 791 nemo
3420 744 3540 800 est,
3582 737 3674 807 qui
3705 752 3773 793 ex
3811 748 4002 791 eorum

2433 824 2810 881 emendatione
2848 824 3177 897 singularem
3212 827 3502 895 quamdam
3536 827 3717 885 animo
3753 829 4004 899 volupta-

2435 926 2540 969 tem
2591 930 2787 985 capere
2821 932 2926 973 non
2961 916 3175 973 debeat.
3218 916 3331 973 Nec
3369 933 3695 989 quemquam
3730 932 3863 992 puto
3915 935 4003 976 re-

2433 1010 2639 1072 pertum
2670 1003 2734 1058 iri
2768 1013 2877 1059 tam
2908 1008 3173 1077 iniquum,
3207 1007 3297 1076 qui
3337 1007 3389 1062 id
3425 1008 3658 1064 alienum
3690 1024 3811 1067 esse
3844 1027 3875 1066 a
3912 1026 4005 1066 no-

2431 1101 2542 1148 stro
2586 1095 2861 1163 proposito
2907 1098 3219 1153 arbitretur.
3262 1096 3398 1154 Cum
3442 1099 3586 1154 enim
3633 1096 4003 1157 Hexaemeron

2430 1185 2697 1239 Ambrosii
2729 1202 2833 1243 non
2868 1186 3141 1245 immerito
3168 1191 3272 1247 dici
3300 1189 3473 1261 possit
3502 1205 3639 1261 opus
3668 1191 3872 1262 Basilii,
3905 1208 4000 1250 eo-

2430 1279 2550 1332 dem
2574 1277 2697 1345 jure
2720 1289 2774 1335 et
2805 1288 3048 1336 nostrum
3079 1296 3295 1353 quoque
3317 1282 3424 1339 dici
3456 1291 3655 1353 potest,
3681 1286 3773 1356 qui
3800 1301 3998 1343 novam

2429 1369 2667 1421 omnium
2731 1367 2913 1425 Basilii
2981 1385 3204 1441 operum
3260 1374 3551 1430 editionem
3607 1377 3992 1448 suscipiamus.

2429 1458 2607 1524 Quare
2637 1457 2683 1512 si
2725 1459 2852 1527 quid
2891 1460 3033 1516 forte
3082 1463 3384 1517 occurrerit
3421 1464 3475 1518 in
3509 1462 3820 1530 Ambrosio,
3851 1464 3997 1536 quod

2429 1547 2678 1601 videatur
2699 1562 2865 1617 opera
2900 1560 3085 1605 nostra
3115 1551 3402 1608 dilucidari
3438 1568 3617 1622 posse,
3651 1552 3703 1608 id
3734 1555 3999 1611 adnotare

2430 1654 2533 1693 non
2584 1640 2805 1709 pigebit.
2851 1638 3094 1697 Primum
3136 1642 3377 1699 occurrit
3430 1644 3561 1698 illud
3611 1658 3643 1698 e
3688 1642 3784 1699 lib.
3824 1659 3886 1698 ιιι
3941 1647 3960 1695 i

2434 1733 2709 1799 llexaem.,
2742 1751 2861 1807 cap.
2894 1736 2982 1801 l5,
3014 1751 3164 1793 num.
3193 1738 3299 1793 63:
3342 1756 3362 1790 ι
3388 1736 3525 1805 Quid
3563 1745 3741 1792 autem
3783 1737 3878 1791 tibi
3912 1752 3997 1791 re-

2430 1827 2621 1891 ferant,
2653 1826 2968 1885 clementem
3007 1828 3135 1883 licet
3163 1845 3286 1886 esse
3336 1845 3663 1897 sermonem,
3710 1830 3856 1901 quod
3890 1829 3998 1883 ele-

751 1895 885 1996 ξλεοιῖ
929 1902 1149 1996 χᾲριτος
1186 1910 1283 1962 καὶ
1325 1912 1424 1980 τῆς
1462 1914 1624 1981 ἁγίας
1681 1916 1771 1970 τοῦ
1813 1895 1947 1973 Οεοῦ
2001 1895 2327 1996 Ἐκκῖησίας
2359 1900 2402 1956 Β

2359 1900 2402 1956 Β
2427 1929 2602 1973 ctrum
2636 1920 2870 1991 lacryma
2901 1918 3114 1987 virgulti
3145 1920 3239 1975 sit.
3266 1940 3284 1973 ι
3322 1922 3454 1987 Quae
3482 1895 3656 1978 verba
3682 1895 3802 1978 cum
3849 1921 3992 1992 lego,

750 1989 1129 2091 ἁέτελαρ-ἐντος,
1181 2000 1273 2053 καὶ
1317 2002 1423 2055 τῶν
1479 2007 1797 2080 ὁμοφρόνων
1844 2013 2056 2084 ἐκείνῳ.
2102 1989 2323 2091 οὐ’γὰρ

748 2075 891 2179 sine,
922 2084 1065 2179 Iipbc
1092 2090 1214 2154 τοὺς
1254 2094 1311 2147 ὲν
1346 2097 1409 2168 τῇ
1464 2075 1778 2172 Ἐκκλῆσίᾳ,
1828 2104 1982 2171 ἀλλὰ,
2009 2075 2153 2179 ἰῙρὸς
2197 2075 2322 2176 sebi;

746 2172 857 2226 ἀπὸ
903 2175 1002 2245 τῆς
1043 2180 1365 2254 Ἐκκλησίας
1404 2189 1533 2257 ἡμῖν
1577 2190 1693 2243 ἐστι
1740 2211 1823 2258 τις
1864 2172 2195 2265 λόγοςίΚαὶ
2236 2172 2322 2256 se}

752 2265 850 2361 μεν
875 2266 969 2361 ἰτμοῦ
1000 2271 1194 2361 εζιτεῖν,
1211 2275 1398 2345 Ἡμῖν,
1423 2280 1552 2344 τοὺς
1576 2281 1673 2354 τῆς
1688 2284 2013 2358 Ἐκκλησιας
2051 2291 2285 2361 ἐδήλωσε
2304 2311 2316 2324 ·

747 2355 835 2408 διὰ
870 2356 927 2409 δὲ
968 2359 1062 2413 τοῦ
1095 2363 1288 2429 εἰπεῖν,
1319 2368 1456 2433 Τοὺς
1496 2371 1606 2424 ἀπὸ
1649 2376 1749 2446 τῆς
1804 2355 2146 2451 Ἐέκλησίαᾴ
2195 2386 2320 2449 τοὺς

747 2448 949 2521 ταύτης
972 2453 1350 2524 ἀποπεσόντας
1372 2463 1667 2533 ἐσήμανεν.
1702 2485 1720 2518 ι
1738 2448 2132 2527 Attendendum
2161 2490 2319 2546 porro

747 2547 831 2592 ost
865 2544 1225 2613 auditoribus,
1261 2550 1502 2619 Patrem,
1544 2554 1635 2611 illo
1667 2560 1825 2615 modo
1854 2560 2102 2632 loquendi
2140 2544 2317 2637 usum,

744 2632 941 2690 Sermo
975 2638 1194 2705 quidam
1230 2645 1385 2699 nobis
1418 2655 1502 2701 est
1532 2648 1601 2704 ad
1651 2665 1746 2707 eos
1796 2654 1886 2720 qui
1938 2667 2063 2712 sunt
2113 2660 2181 2716 ab
2212 2632 2318 2718 Ec;

749 2726 940 2793 clesia,
969 2730 1037 2785 de
1065 2730 1299 2805 Origene
1332 2737 1621 2805 disserere,
1648 2758 1676 2796 a
1712 2745 1802 2800 Dei
1845 2750 2015 2819 gratia
2046 2763 2101 2807 et
2130 2764 2317 2810 sancta

743 2815 838 2910 Dei
894 2820 1129 2878 Ecclesia
1179 2829 1425 2899 expulso,
1475 2834 1701 2907 ejusque
1767 2815 2119 2910 sequacibus.
2191 2847 2312 2901 Non

744 2905 888 3000 enim
945 2910 1108 2977 dixit,
1155 2916 1237 2969 Ad
1285 2933 1380 2974 eos
1434 2924 1524 2991 qui
1576 2905 1703 2983 sunt
1752 2930 1803 2983 in
1849 2905 2137 2999 tEcclesia,
2181 2936 2314 3000 sed,

746 2997 939 3053 Sermo
976 3003 1196 3070 quidam
1228 3010 1384 3065 nobis
1412 3021 1493 3066 est
1522 3018 1589 3068 ad
1620 3031 1714 3071 eos
1746 3019 1835 3086 qui
1870 3029 1997 3073 sunt
2032 3022 2098 3076 ab
2125 2997 2315 3081 ’Eccle;

744 3090 846 3142 sia.
876 3092 941 3144 Et
972 3108 1066 3161 per
1094 3095 1225 3150 illud
1257 3100 1473 3166 quidem
1501 3105 1643 3173 quod
1672 3106 1823 3175 dicit,
1852 3107 2036 3175 Nobis,
2064 3114 2317 3171 Ecclesiae

2425 2011 2629 2081 pendeo
2668 2013 2873 2078 animi,
2922 2026 3019 2067 nec
3057 2013 3193 2068 bene
3240 2014 3476 2085 intelligo
3522 2030 3621 2070 cur
3668 2014 3991 2072 Ambrosius

2426 2116 2579 2154 suum
2616 2115 2920 2160 sermonem
2968 2102 3291 2158 clementem
3345 2105 3522 2173 potius
3570 2104 3772 2160 dixerit
3824 2120 3991 2175 quam

2426 2192 2821 2251 inclementem.
2868 2196 3007 2264 Quid
3057 2195 3203 2251 enim
3235 2208 3521 2251 commune
3561 2204 3646 2250 est
3694 2196 3997 2250 clemcn‘Zte

2422 2299 2543 2338 cum
2577 2285 2812 2341 electro?
2854 2289 2993 2356 Quid
3023 2289 3089 2343 ad
3131 2304 3245 2343 rem
3280 2289 3409 2342 facit
3452 2287 3719 2342 sermonis
3757 2298 3852 2343 aut
3882 2287 3995 2344 cle-

2424 2376 2620 2429 mentia
2650 2387 2736 2429 ant
2787 2377 3176 2431 inclementia?
3207 2375 3307 2430 Vix
3355 2391 3487 2448 ergo
3530 2376 3764 2432 dubitari
3816 2388 3996 2449 potest

2421 2466 2550 2533 quin
2601 2467 2890 2522 mendosus
2923 2468 2994 2523 sit
3028 2468 3114 2523 hic
3160 2467 3331 2524 locus.
3361 2468 3615 2525 Fortasse
3645 2479 3825 2527 autem
3855 2469 3993 2525 dim-

2421 2558 2523 2614 cile
2555 2573 2661 2615 non
2688 2560 2793 2616 erit
2819 2576 2942 2616 eum
2971 2561 3262 2617 emendare
3287 2577 3352 2616 ex
3382 2561 3588 2618 Gmcis
3616 2560 3824 2626 Basilii,
3851 2564 3995 2631 apud

2421 2666 2580 2721 quem
2627 2652 2702 2707 ita
2752 2653 2945 2722 legitur
2996 2657 3137 2708 hom.
3167 2655 3223 2719 5,
3262 2672 3409 2711 num.
3448 2656 3482 2711 8
3530 2676 3543 2711 :
3590 2656 3762 2722 Λόγος
3806 2654 3865 2707 δέ
3906 2655 3994 2720 τίς

2421 2744 2537 2796 ἐστι
2559 2744 2736 2798 καὶτὸ
2769 2746 3019 2817 ἔλεκτρον
3047 2747 3176 2798 ὀπὸν
3204 2741 3342 2800 εἶναι
3365 2748 3567 2818 φυτῶν,
3599 2767 3618 2800 ι
3648 2746 3851 2803 Ferunt
3882 2748 3996 2804 ele-

2426 2844 2600 2889 ctrum
2645 2851 2859 2904 quoque
2910 2850 3129 2891 succum
3186 2851 3315 2892 esse.
3356 2838 3728 2908 plantarum.»
3779 2840 3991 2897 Etenim

2418 2925 2463 2979 si
2500 2940 2874 2995 comparemus
2903 2926 3263 2983 Ambrosiana
3294 2943 3417 2985 cum
3447 2928 3761 2997 Basilianis,
3794 2935 3978 2989 statim

2418 3019 2903 3075 animadvertimus
2929 3020 3273 3076 Ambrosium
3316 3022 3494 3095 palam
3527 3023 3837 3095 interpretis
3871 3038 3993 3092 par-

2422 3118 2501 3164 tes
2543 3123 2845 3180 peragere:
2883 3110 3078 3165 deinde
3111 3109 3270 3165 facile
3297 3109 3351 3163 in
3387 3119 3623 3165 mentem
3654 3111 3802 3164 venit
3844 3110 3989 3163 bunc

746 3183 990 3240 homines
1022 3188 1195 3244 dixit:
1228 3206 1324 3262 per
1368 3194 1498 3251 illud
1548 3209 1754 3267 autem,
1798 3202 1899 3270 Qui
1931 3215 2057 3260 sum
2106 3206 2175 3262 ab
2212 3208 2314 3264 Ec-
2344 3239 2387 3295 Ω
2422 3201 2596 3257 locum
2642 3216 2710 3256 ex
2740 3201 2929 3257 Graeco
2981 3204 3053 3256 ita
3101 3202 3311 3255 restitui
3349 3215 3547 3270 posse:
3585 3199 3763 3265 «Quid
3806 3210 3989 3255 autem

745 3274 934 3340 clesia,
962 3277 1204 3343 deiectos
1255 3285 1323 3338 ab
1362 3285 1473 3353 ipsa
1527 3288 1826 3345 denotavit.
1856 3312 1874 3343 ι
1934 3294 2118 3349 Mirari
2170 3299 2318 3354 subit
2345 3274 2387 3295 υ
2422 3293 2515 3345 tibi
2545 3292 2801 3356 fderat".
2831 3292 3070 3360 ιιιίιιυθιιι
3099 3291 3308 3346 “ilicei
3338 3305 3461 3346 ⁸⁸⁸⁸
3488 3306 3817 3357 sermonm“-
3842 3295 3990 3363 (Ιιιοίί

743 3365 1107 3425 Justinianum
1154 3374 1529 3444 imperatorem
1569 3382 1732 3434 verba
1780 3383 1985 3449 Basilii,
2031 3402 2152 3441 cum
2191 3404 2315 3459 per-

743 3459 927 3527 spicua
963 3461 1101 3527 sint,
1152 3470 1203 3518 in
1240 3468 1569 3523 contrarium
1619 3486 1836 3527 sensum
1884 3476 2202 3534 detersisse.
2256 3480 2314 3535 Id

747 3553 1072 3610 crediderim
1123 3558 1414 3627 contigisse
1456 3576 1562 3615 non
1596 3562 1756 3617 aliam
1796 3568 1865 3619 ob
1910 3581 2162 3634 causam,
2209 3572 2312 3626 nisi

758 3644 902 3710 quod
956 3644 1301 3705 immodicum
1356 3650 1707 3709 maledicendi
1764 3657 1998 3712 studium
2051 3660 2314 3717 maximas

746 3734 1000 3790 tenebras
1048 3740 1213 3819 rebus
1260 3741 1578 3799 clarissimis
1626 3746 1898 3803 obducere
1950 3751 2139 3808 soleat.
2180 3752 2314 3808 Pro-

744 3824 909 3893 fecto,
940 3828 985 3882 si
1022 3829 1156 3884 nihil
1186 3832 1355 3895 aliud,
1385 3833 1500 3903 ipsa
1539 3848 1688 3891 certe
1722 3842 1986 3895 orationis
2017 3843 2186 3897 series
2214 3844 2316 3897 im-

744 3920 933 3986 pedire
973 3920 1235 3977 debuerat
1277 3926 1568 3993 quominus
1610 3929 1755 3983 hunc
1799 3930 1983 3987 Basilii
2032 3933 2205 3989 locum
2242 3936 2314 3989 ita

745 4023 1002 4077 perverse
1032 4010 1503 4082 interpretaretur.
1533 4014 1727 4074 Paucis
1755 4022 1866 4088 jam
1893 4024 2132 4091 aperiam
2172 4038 2315 4078 men-

748 4109 857 4154 tem
892 4100 1069 4157 Patris
1103 4106 1405 4173 gravissimi
1441 4116 1607 4177 atque
1654 4114 2012 4180 propositum.
2049 4112 2160 4170 Hoc
2211 4116 2314 4168 ita-

744 4207 851 4260 que
886 4194 1018 4249 dicit
1054 4194 1326 4252 Basilius:
1358 4198 1514 4255 Prius
1542 4216 1850 4258 sermonem
1884 4204 2217 4261 instituimus
2250 4209 2315 4262 de

743 4291 1092 4337 externorum
1139 4287 1445 4355 sententiis,
1494 4289 1559 4345 de
1594 4293 1934 4349 ethnicorum
1966 4298 2215 4361 somniis,
2250 4300 2315 4354 de

744 4370 1198 4441 pliilosOpborum
1255 4377 1384 4431 deos
1450 4378 1619 4434 falsos
1693 4382 1986 4436 colentium
2043 4384 2256 4452 placitis
2301 4408 2312 4440 :

745 4478 891 4517 nunc
932 4479 1061 4519 Vero
1095 4468 1249 4522 nobis
1288 4470 1566 4525 habendus
1596 4486 1780 4527 sermo
1805 4484 1888 4527 est
1932 4474 2190 4529 adversus
2222 4491 2318 4531 eos

2415 3384 2673 3437 electrum
2728 3381 2965 3454 lacryma
3016 3382 3230 3451 virgulti
3287 3381 3401 3438 sit?
3438 3401 3458 3435 ι
3521 3382 3591 3439 Ει
3649 3385 3815 3440 verba
3865 3400 3990 3455 quas

2415 3475 2664 3544 proxime
2698 3486 3022 3545 sequuntur,
3052 3476 3186 3531 vitio
3214 3490 3430 3546 quoque
3455 3491 3561 3530 non
3596 3489 3784 3531 carere
3812 3478 3991 3544 suspi-

2414 3577 2513 3619 cor
2542 3579 2557 3629 ;
2607 3561 2747 3629 quod
2777 3571 2836 3615 ut
2865 3561 3080 3616 facilius
3114 3563 3469 3633 intelligatur,
3510 3572 3676 3617 totam
3704 3564 3985 3631 periodum

2417 3652 2719 3706 exscribam
2756 3653 2848 3715 ita,
2878 3660 2935 3706 ut
2964 3653 3016 3705 in
3051 3653 3332 3722 impressis
3359 3654 3511 3707 libris
3540 3651 3767 3722 legitur:
3795 3668 3815 3703 ι
3844 3651 3988 3719 Quid

2417 3751 2633 3812 autem,
2672 3742 2869 3813 inquit.
2908 3743 3002 3798 tibi
3046 3743 3302 3809 referam,
3342 3744 3660 3800 clementem
3698 3742 3825 3799 licet
3863 3757 3989 3799 esse

2417 3848 2743 3899 sermonem,
2771 3836 2913 3903 quod
2936 3834 3196 3890 electrum
3228 3834 3465 3907 lacryma
3492 3834 3706 3907 virgulti
3733 3835 3826 3904 sit,
3849 3845 3905 3891 et
3929 3837 3985 3890 in

2420 3937 2579 3980 tantae
2606 3929 2847 3981 materias
2875 3926 3205 3983 soliditatem
3240 3927 3477 4001 lacryma
3507 3930 3814 3985 durescata
3848 3927 3984 3983 Nam

2416 4032 2523 4084 quo
2548 4018 2718 4085 magis
2743 4018 2891 4083 illud,
2925 4037 2945 4069 ι
2979 4028 3139 4073 tanta;
3168 4021 3428 4085 materize,
3453 4040 3472 4073 ι
3507 4023 3562 4075 in
3592 4022 3773 4075 animo
3799 4019 3981 4088 volvo,

2415 4121 2483 4158 eo
2517 4107 2691 4161 minus
2737 4109 2867 4160 mihi
2902 4108 3229 4175 persuadere
3271 4124 3489 4177 possum
3535 4111 3877 4165 Ambrosium
3907 4112 3987 4168 ita

2414 4196 2651 4252 locutum
2702 4196 2889 4253 fuisse.
2940 4198 3006 4252 Et
3056 4213 3207 4264 vero,
3248 4201 3352 4255 nisi
3397 4216 3484 4257 me
3530 4205 3707 4258 omnia
3754 4202 3984 4269 fallunt,

2418 4290 2607 4345 idonea
2652 4289 2795 4344 nulla
2822 4290 3090 4346 sententia
3120 4305 3187 4345 ex
3235 4290 3322 4345 bis
3353 4293 3575 4349 vocibus
3616 4294 3752 4351 eﬂlci
3785 4304 3981 4365 potest.

2418 4382 2599 4437 Placet
2634 4385 2866 4439 maxime
2918 4385 3073 4441 lectio
3118 4386 3370 4443 editionis
3418 4386 3693 4455 Romanae,
3736 4403 3858 4457 qum
3902 4389 3985 4443 sic

2420 4476 2598 4540 liabet,
2627 4495 2644 4527 ι
2663 4484 2717 4531 et
2744 4478 2796 4531 in
2826 4478 3048 4546 lapidea:
3082 4488 3287 4533 natura:
3312 4478 3635 4536 soliditatem
3660 4482 3937 4544 durescat,
3961 4498 3982 4533 ι

745 4555 836 4623 qui
870 4563 999 4610 sunt
1029 4556 1096 4611 ab
1126 4559 1392 4627 Ecclesia,
1422 4563 1526 4617 hoc.
1557 4575 1637 4617 est
1668 4565 1930 4620 adversus
1969 4566 2113 4635 ipsos
2148 4570 2318 4624 eccle—
2347 4572 2392 4627 D
2425 4580 2533 4623 tum
2577 4569 2718 4637 quod
2753 4584 2864 4623 rem
2909 4570 3109 4637 optime
3153 4572 3415 4641 explicet,
3467 4581 3578 4627 tum
3620 4571 3763 4641 quod
3810 4571 3988 4641 possit

741 4646 994 4701 siasticos
1042 4650 1353 4718 scriptores.
1400 4650 1511 4705 Nec
1543 4653 1886 4706 aberravcris
1930 4668 1959 4707 a
1997 4667 2178 4711 mente
2210 4658 2305 4711 Ba-

741 4735 870 4801 silii,
896 4738 941 4790 si
976 4739 1047 4792 ita
1080 4741 1430 4811 interpretere
1448 4764 1460 4798 :
1480 4741 1642 4797 Nobis
1658 4743 1820 4797 etiam
1840 4744 2114 4801 habendus
2132 4762 2311 4804 sermo

743 4835 828 4881 est
882 4828 1142 4883 adversus
1202 4832 1346 4900 ipsos
1392 4832 1730 4888 Christianos
1792 4836 2105 4904 scriptores.
2156 4836 2307 4903 Quod

743 4917 908 4988 igitur
952 4918 1083 4974 dicit
1109 4920 1468 4989 Justinianns,
1520 4925 1802 4996 Origenem
1836 4927 1905 4980 ab
1954 4929 2190 4984 Ecclesia
2221 4945 2309 4984 ex-

744 5008 959 5079 pulsum
999 5023 1053 5067 et
1082 5013 1312 5083 ejectum
1351 5032 1491 5081 esse,
1534 5028 1591 5071 et
1635 5019 1705 5073 ab
1741 5019 1976 5075 Ecclesia
2025 5022 2313 5085 excidisse,

745 5102 799 5157 id
830 5117 861 5158 e
893 5118 989 5157 sua
1025 5104 1184 5170 dixit,
1214 5122 1319 5161 non
1364 5122 1432 5161 ex
1468 5107 1650 5163 Basilii
1681 5113 1969 5165 sententia.
2000 5112 2144 5167 Nihil
2173 5114 2315 5169 aliud

2418 4660 2726 4714 conﬁrmari
2756 4674 2819 4714 ex
2856 4659 2945 4714 illo
2962 4659 3143 4715 Basilii
3163 4660 3267 4731 (ὁ),
3290 4664 3369 4726 εἰς
3396 4661 3540 4716 λίθου
3577 4662 3739 4733 φύσιν
3770 4662 3988 4734 ἀποπη-

2416 4750 2700 4820 γνύμενον,
2740 4771 2758 4801 ι
2789 4751 2841 4804 in
2873 4750 3063 4820 lapidis
3108 4762 3357 4807 naturam
3411 4764 3743 4810 concretum.
3767 4774 3787 4809 ι
3834 4754 3987 4823 Quo--

2414 4843 2559 4896 niam
2607 4852 2784 4898 tamen
2816 4844 3086 4913 scriptura
3125 4845 3241 4901 haec
3287 4847 3515 4903 nimium
3560 4848 3768 4904 recedit
3805 4862 3837 4903 ι
3866 4849 3988 4903 vul-

2413 4942 2557 5000 gata,
2598 4934 2839 5003 suspicor
2871 4933 2942 4988 ita
2984 4947 3053 4988 es
3095 4933 3299 4993 Graecis
3335 4936 3678 4994 emendatum
3715 4936 3885 4993 fuisse
3916 4936 3989 4992 ab

2413 5026 2617 5095 aliquo,
2643 5026 2735 5095 qui
2785 5026 2931 5080 hunc
2968 5025 3146 5081 locum
3201 5028 3253 5083 in
3300 5029 3495 5100 priscis
3526 5028 3856 5085 editiouibus
3898 5027 3984 5080 vi-

2416 5118 2611 5171 tiosum
2660 5132 2781 5173 esse
2838 5118 3083 5175 vidisset.
3133 5106 3317 5177 Satius
3352 5120 3518 5193 igitur
3556 5135 3680 5178 esse
3724 5120 3883 5184 duco,
3935 5119 3983 5174 si

750 5209 818 5248 ex
842 5192 1027 5249 Basilii
1056 5196 1237 5251 verbis
1260 5198 1515 5268 colligere
1539 5199 1684 5262 licet,
1712 5202 1815 5255 nisi
1841 5201 2126 5273 Origenem
2154 5204 2318 5261 fuisse
2418 5208 2592 5264 solum
2628 5220 2897 5265 mutemus
2946 5211 3089 5281 quod
3135 5222 3320 5282 aperte
3362 5192 3579 5269 videtur
3621 5226 3741 5269 esse
3791 5226 3984 5267 corru-

751 5284 1177 5343 ecclesiasticum
1236 5291 1580 5360 scriptorem.
1623 5290 1893 5362 Quidquid
1942 5296 2078 5350 ultra
2127 5296 2317 5365 adjici-
2415 5315 2584 5370 ptum.
2613 5300 2935 5356 Emendatio
2964 5303 3107 5358 enim
3153 5319 3261 5375 quo
3302 5305 3599 5377 simplicior
3643 5315 3750 5370 est,
3789 5318 3856 5360 eo
3885 5320 3984 5378 veg

746 5385 855 5439 tur,
894 5392 1057 5433 omne
1098 5378 1152 5432 id
1201 5379 1586 5450 glossematum
1631 5384 1753 5439 loco
1801 5388 2128 5454 ponendum.
2173 5389 2313 5460 Lege

749 5468 1009 5522 Basilium
1076 5472 1325 5528 oratione
1389 5476 1551 5531 tertia
1619 5479 1672 5532 in
1738 5478 2030 5546 Hauon,
2089 5498 2233 5537 num.
2278 5482 2311 5537 8

744 5568 800 5614 et
837 5559 891 5616 9.

1002 5655 1031 5727 ᾗ
1070 5654 1138 5709 V.
1171 5656 1245 5711 De
1272 5660 1581 5727 quibusdam
1614 5663 1876 5719 Ambrosii
1914 5666 2061 5720 locis.

817 5746 909 5800 26.
950 5746 1065 5802 Νοη
1098 5757 1227 5820 puto
1261 5767 1345 5808 me
1387 5767 1498 5807 rem
1535 5757 1791 5810 studiosis
1828 5758 2093 5829 ingratam
2126 5756 2310 5816 factu-

809 5856 887 5930 (a)
927 5859 1083 5917 Hom.
1111 5862 1144 5919 3
1178 5862 1229 5917 in
1266 5862 1542 5934 ﬁrmem,
1573 5883 1715 5923 Illilll.
1744 5868 1796 5923 9.

2421 5393 2535 5447 rior
2566 5392 2701 5447 solet
2746 5407 2867 5448 esse
2894 5402 2949 5448 et
2988 5394 3199 5450 melior.
3245 5395 3423 5463 Quare
3451 5394 3704 5451 libentius
3731 5393 3805 5448 ita
3834 5393 3983 5463 lege-

2418 5497 2551 5549 rem,
2580 5503 2601 5535 ι
2630 5493 2683 5538 et
2716 5484 2768 5538 in
2801 5492 3004 5540 tantam
3034 5488 3275 5543 materia
3303 5487 3627 5543 soliditatem
3659 5486 3930 5553 durescat,
3958 5506 3979 5540 ι

2420 5590 2539 5628 cum
2571 5576 2650 5630 sic
2680 5585 2958 5632 correctus
2987 5576 3137 5634 locus
3164 5589 3437 5649 utcunque
3468 5579 3597 5635 ferri
3626 5580 3815 5649 possit.
3839 5581 3981 5636 Prm-

2422 5676 2565 5721 terea
2600 5668 2712 5722 haec
2748 5679 2932 5722 nostra
2961 5669 3264 5725 emendatio
3294 5670 3421 5726 hinc
3447 5669 3756 5726 conﬁrmari
3783 5678 3980 5742 potest,

2418 5758 2562 5827 quod
2612 5758 2936 5814 Ambrosius
2987 5774 3092 5815 non
3143 5775 3357 5832 semper
3400 5762 3622 5820 verbum
3674 5777 3775 5834 pro
3815 5766 3980 5821 verbo

2478 5864 2553 5931 (rb)
2596 5864 2746 5922 Hom.
2779 5866 2832 5930 5,
2866 5882 3014 5922 num.
3040 5866 3090 5922 8.
