4212 6502
1338 442 1400 500 D.
1443 442 1587 500 IUL.
1627 440 1953 501 GABNERH
1989 438 2377 496 PRAZFATIO.

3210 450 3440 490 ειςκκιτ

213 574 417 637 reddat,
444 572 543 627 sed
579 568 807 627 liberius
850 569 1169 640 plerumque
1216 564 1558 633 interpretari
1593 564 1779 621 soleat.
1814 563 1858 619 A
1951 561 2040 618 26.
2071 557 2421 615 Ambrosiana
2456 555 2547 611 illa
2573 570 2605 612 e
2650 553 2743 608 lib.
2767 568 2819 608 iv
2847 555 2903 608 in
2926 551 3205 617 Ηηαειιι..
3235 566 3353 618 cap.
3386 553 3444 621 5,

216 670 285 725 Ea
314 669 379 721 de
403 678 463 718 re
496 661 589 717 alii
616 662 955 734 iudicabunt.

279 756 366 811 25.
410 753 554 808 Sunt
595 756 689 823 qui
741 749 1094 807 Ambrosiana
1146 748 1237 804 illa
1274 761 1304 801 e
1349 745 1443 800 lib.
1472 760 1529 800 ιιι
1577 748 1630 801 iu
1670 744 1780 800 He-

219 864 405 912 ισιιιι..
436 860 564 918 cap.
592 848 681 912 l0,
714 860 860 899 num.
887 843 953 899 67
982 861 997 899 :
1031 862 1051 896 ι
1077 843 1261 910 Itaque
1283 840 1325 894 si
1359 852 1552 908 magna
1581 839 1783 893 virtute

222 941 306 996 Dei
338 941 581 997 sterilem
630 937 897 993 bruchum
929 929 1068 991 terra
1112 933 1459 1004 generavit,»
1503 937 1635 996 etc.,
1681 942 1781 985 cu-

218 1022 411 1090 riosius
456 1030 688 1090 scrutari
720 1044 784 1087 ac
816 1026 1159 1101 interpretari
1192 1024 1477 1081 voluerunt
1506 1040 1521 1077 :
1549 1022 1691 1093 quod
1725 1019 1781 1076 in

217 1139 375 1182 causa
425 1127 527 1181 fuit
554 1164 569 1187 ,
611 1137 709 1177 cur
756 1122 809 1178 in
844 1133 1086 1176 errorem
1137 1117 1270 1187 lapsi
1304 1129 1425 1172 esse
1475 1114 1778 1169 videantur.

218 1216 485 1287 Legerunt
524 1212 667 1267 enim
696 1211 787 1268 lib.
821 1224 874 1265 tv
907 1206 1145 1276 ejusdem
1170 1208 1225 1262 in
1262 1206 1520 1262 Hezanm.
1548 1216 1672 1272 cap.
1706 1200 1730 1255 l
1764 1217 1779 1256 :

220 1328 240 1361 ι
269 1309 528 1364 Amerior
566 1306 799 1360 bruchus
823 1316 986 1372 quam
1013 1298 1112 1367 sol,
1140 1318 1159 1352 ι
1191 1299 1281 1355 ubi
1312 1295 1416 1366 legi
1438 1301 1777 1366 oportuerat,

220 1419 241 1453 ι
268 1398 510 1453 anterior
538 1399 701 1454 rubus
729 1409 888 1465 quam
920 1393 1022 1450 sol.
1047 1412 1067 1445 ι
1108 1390 1216 1447 Nec
1244 1390 1420 1455 aliter,
1458 1396 1611 1459 puto,
1659 1400 1785 1442 sen-

218 1491 333 1553 tiet,
362 1492 458 1561 qui
495 1497 656 1559 caput
690 1487 921 1557 primum
958 1483 1233 1541 Geneseos
1281 1481 1592 1551 perlegerit,
1626 1478 1783 1545 cujus

214 1597 277 1637 ex
316 1584 549 1638 lectione
581 1578 835 1649 colligere
884 1574 1101 1636 licebit,
1151 1581 1210 1625 ιιι
1262 1570 1464 1638 reliqua
1505 1570 1780 1636 animalia,

218 1674 283 1727 ita
316 1676 582 1729 brut-hum
611 1687 719 1727 non
752 1668 855 1722 nisi
885 1675 1006 1735 post
1028 1662 1304 1718 conditum
1330 1658 1496 1714 solem
1522 1658 1575 1711 in
1608 1658 1780 1711 lucem

216 1768 500 1836 prodiisse.
538 1764 615 1818 Ex
669 1775 775 1829 quo
811 1760 872 1811 lit
916 1765 974 1810 ιιι
1006 1755 1052 1810 si
1093 1750 1413 1807 Ambrosius
1465 1748 1782 1817 scripserit,

219 1878 235 1909 ι
268 1858 513 1910 anterior
548 1852 784 1905 bruchus
826 1862 988 1919 quam
1023 1844 1126 1912 sol,
1158 1862 1178 1897 ι
1211 1842 1384 1913 palam
1428 1841 1784 1897 convincatur

1886 668 2032 707 num.
2059 653 2147 720 l0,
2185 670 2203 702 ι
2232 648 2337 704 Sed
2367 648 2687 708 illuminatio
2714 644 2832 716 ejus
2874 643 3059 719 [ignis]
3101 643 3423 714 inexstingui

1882 741 2010 796 bilis
2035 750 2118 796 est
2143 741 2209 795 ad
2236 736 2664 808 perfunctiouem
2688 738 2947 793 bonorum
2965 776 2981 801 ,
3034 734 3249 791 exustio
3283 737 3444 789 vehe-

1882 843 2035 884 mens
2059 828 2125 883 ad
2166 827 2486 897 supplicium
2515 836 2884 894 peccatorum,
2924 841 2945 875 ι
3004 832 3261 881 revocant
3312 824 3443 876 mihi

1882 920 1936 975 in
1964 917 2280 975 memoriam
2306 925 2489 971 notam
2522 919 2810 985 quamdam
2853 913 3051 977 Daczei,
3074 930 3178 985 qua
3212 912 3443 971 similem

1880 1010 2151 1067 Ambrosii
2202 1007 2381 1064 locum
2440 1021 2470 1062 e
2505 1006 2599 1061 lib.
2660 1021 2719 1059 ιιι
2774 1008 3013 1075 ejusdem
3054 1006 3108 1057 in
3165 1006 3444 1068 "exuam,

1882 1116 2002 1171 cap.
2042 1101 2126 1163 l5.
2180 1108 2274 1156 aut
2325 1097 2655 1164 emendavit,
2692 1106 2786 1152 aut
2832 1108 2978 1153 certe
3031 1097 3308 1152 emendari
3341 1096 3443 1150 sibi

1884 1194 2030 1246 visus
2055 1200 2159 1246 est.
2214 1191 2505 1260 Postquam
2536 1188 2703 1258 igitur
2733 1188 2913 1242 retulit
2936 1190 3023 1242 vir
3057 1187 3249 1242 doctus
3286 1188 3444 1237 verba

1882 1282 2179 1347 Ambrosii,
2212 1281 2315 1338 hoc
2341 1283 2501 1337 modo
2530 1298 2546 1337 :
2579 1297 2601 1333 ι
2634 1278 2957 1348 Ρι-ωἱιιοίιιιιι
2983 1279 3147 1333 ramis
3176 1278 3294 1348 ejus
3331 1274 3446 1345 pal--

1884 1389 2093 1431 marum
2118 1374 2363 1444 quaedam
2409 1373 2554 1429 velut
2580 1372 2786 1428 semina
2840 1368 3217 1432 mascularum,
3253 1367 3447 1436 quibus

1884 1463 1959 1519 illi
1984 1463 2131 1519 velut
2176 1461 2393 1533 quidam
2448 1477 2643 1517 sensus
2705 1458 3079 1532 perfruitionis
3130 1456 3446 1520 infunditur,

1882 1567 1939 1613 et
1974 1554 2199 1626 expetiti
2228 1552 2552 1609 concubitus
2580 1553 2753 1621 gratia
2791 1558 3228 1622 reprxesentatur,
3266 1567 3285 1601 ι
3319 1562 3436 1604 eon-

1884 1646 2113 1704 lldenter
2166 1644 2361 1701 addit:
2400 1660 2419 1695 ι
2455 1641 2547 1697 Sic
2587 1641 2732 1697 enim
2782 1640 3177 1697 emendandum
3234 1652 3447 1703 censeo,

1882 1755 2004 1794 cum
2052 1738 2140 1795 hic
2184 1737 2376 1793 Graece
2426 1734 2655 1804 legatur,
2701 1733 2760 1785 ἐν
2806 1731 3153 1802 συναισθήσει
3192 1729 3292 1801 τῆς
3325 1729 3434 1782 ἀπο

1883 1829 2143 1894 λαὺσεως.
2168 1850 2188 1883 ι
2208 1830 2469 1884 Ducaeana
2500 1824 2614 1881 hac
2635 1822 2929 1880 deelaratio
2960 1822 3158 1877 dudum
3184 1823 3308 1877 mihi
3340 1820 3441 1891 pls-

214 1945 351 1999 falsi.
389 1942 496 1997 Sed
538 1942 615 2010 (ο)
648 1939 735 1994 cui
773 1914 1081 2007 persuaderi
1123 1934 1320 2003 poterit
1369 1942 1575 1987 tantum
1606 1930 1783 1984 virum
1818 1929 1862 1986 Β
1891 1924 2023 1989 cuit,
2055 1930 2112 1977 et
2140 1921 2293 2010 valde
2317 1923 2611 2010 etiamnum
2642 1919 2836 1988 placet.
2878 1915 3031 1972 Unde
3068 1916 3114 1973 si
3143 1914 3266 1987 quis
3324 1928 3447 1968 con-

215 2038 264 2088 in
294 2044 509 2087 tantum
538 2044 778 2086 errorem
807 2025 1099 2083 incidisse?
1125 2024 1265 2081 Puto
1304 2024 1468 2096 igitur
1494 2037 1616 2077 eum
1648 2022 1781 2076 scri-

211 2128 402 2196 psisse,
446 2144 466 2177 ι
498 2124 739 2179 anterior
772 2122 936 2176 rubus
980 2134 1141 2190 quam
1173 2118 1273 2173 sol.
1298 2135 1317 2168 ι
1368 2115 1555 2185 quue
1604 2116 1783 2170 minus

211 2221 400 2273 dubito
441 2218 572 2287 quin
606 2217 721 2269 haec
751 2214 1041 2281 scriptura,
1094 2229 1113 2262 ι
1145 2211 1332 2273 rubus,
1358 2226 1377 2259 ι
1412 2222 1549 2265 vera.
1588 2206 1659 2260 sit
1692 2219 1783 2273 ge.

211 2310 399 2371 nuina,
431 2304 573 2373 quod
611 2303 682 2357 ita
721 2311 777 2356 et
823 2302 875 2355 in
919 2298 1196 2354 codicibus
1238 2296 1419 2352 multis
1450 2306 1505 2352 et
1546 2296 1599 2350 in
1625 2295 1785 2349 editis

209 2402 464 2456 omnibus
491 2397 645 2452 libris
672 2395 931 2465 scriptum
956 2392 1316 2447 inveniamus.
1340 2390 1483 2445 Cave
1504 2388 1787 2443 existimes

210 2495 477 2548 bruchnm
528 2492 596 2546 ab
652 2489 936 2545 Ambrosio
984 2502 1081 2559 pro
1137 2486 1359 2541 arbusto
1407 2482 1578 2539 sterili
1632 2495 1780 2535 sum-

210 2598 356 2658 ptum
408 2598 534 2639 esse
582 2584 737 2637 ineo
783 2596 944 2651 quem
987 2580 1147 2635 citavi
1196 2578 1338 2633 loco.
1385 2574 1596 2629 Etenim
1648 2573 1784 2625 dixit

209 2676 536 2729 Ambrosius
577 2674 817 2727 sterilem
870 2673 1169 2735 bruchum,
1213 2684 1319 2723 non
1367 2665 1508 2736 quod
1549 2664 1784 2718 bruchus

212 2774 501 2824 arbustum
533 2765 719 2822 sterile
750 2766 843 2830 sit,
868 2766 962 2822 sed
988 2765 1130 2834 quod
1174 2759 1528 2819 corrodendis
1550 2756 1785 2811 arbustis

208 2854 552 2909 sterilitatem
598 2853 833 2909 inducat.
896 2850 1210 2918 Quanquam
1266 2854 1443 2900 autem
1478 2856 1599 2917 qua
1650 2841 1782 2905 dixi,

211 2946 347 3001 satis
379 2960 658 3015 superque
684 2959 779 3013 per
810 2955 867 2999 se
896 2949 1141 3013 pateant,
1186 2945 1413 3010 possunt
1462 2945 1640 2989 tamen
1676 2948 1780 2987 non

207 3051 403 3104 parum
452 3038 638 3091 verbis
671 3034 857 3088 Basilii
886 3031 1218 3088 confirmari.
1286 3030 1413 3082 Hmc
1442 3035 1621 3081 autem
1658 3032 1784 3079 sunt

210 3129 400 3183 bomil.
427 3128 501 3191 6,
539 3143 685 3180 ιιιιιιι.
724 3126 794 3181 3:
832 3126 899 3177 Ἦ
953 3124 1027 3193 γῆ
1064 3121 1389 3191 πεπλήρωτο
1415 3120 1525 3182 τοῖς
1564 3118 1783 3179 οἰκείοις

207 3220 536 3290 γεννήμασι,
562 3217 633 3271 τά
651 3234 711 3270 τε
737 3217 905 3288 μυρία
924 3215 1053 3286 γένη
1078 3213 1187 3267 τῶν
1213 3210 1451 3283 βοτανῶν
1485 3207 1786 3279 ὲκόλαστή-

1890 2011 2135 2068 tcnderet
2168 2008 2457 2080 legendum
2491 2022 2615 2062 esse
2653 2007 2795 2078 apud
2818 2007 3160 2061 Ambrosium
3189 2006 3243 2059 in
3298 2012 3448 2058 utro-

1888 2119 1994 2175 qne
2019 2118 2178 2175 quem
2209 2101 2500 2160 citavimus
2538 2098 2677 2166 loco,
2711 2116 2732 2151 ι
2762 2097 3065 2168 perfruitio,
3102 2114 3122 2148 ι
3156 2096 3246 2150 ubi
3279 2113 3295 2146 ι
3330 2108 3437 2164 per-

1888 2196 2054 2251 functi
2091 2215 2111 2248 ι
2148 2195 2348 2266 legitur
2377 2194 2432 2249 in
2467 2192 2651 2259 editis,
2689 2191 2760 2248 ab
2787 2190 2903 2261 ejus
2933 2189 3186 2259 opinione
3221 2200 3327 2243 non
3378 2184 3449 2238 ita

1893 2285 2117 2341 multum
2152 2286 2419 2339 abessem.
2450 2282 2519 2337 Et
2558 2294 2617 2339 ut
2647 2292 2856 2339 taceam
2884 2295 3029 2337 nunc
3078 2279 3145 2333 de
3194 2275 3449 2332 emenda-

1892 2379 2037 2434 tione
2095 2375 2295 2442 Ducmi,
2323 2374 2556 2430 dubitari
2594 2374 2679 2429 vix
2730 2388 2889 2444 posse
2946 2372 3183 2427 arbitror
3238 2368 3368 2440 quin
3400 2367 3448 2421 In

1889 2472 1995 2529 alio
2028 2468 2148 2526 loco
2198 2466 2303 2538 legi
2349 2473 2620 2536 oporteat,
2653 2482 2674 2517 ι
2710 2465 2777 2519 ad
2834 2463 3238 2533 perfruitionem
3280 2462 3446 2516 bone-

1890 2580 2033 2631 rum,
2074 2581 2094 2616 ι
2138 2576 2260 2617 cum
2310 2559 2452 2615 hunc
2517 2557 2789 2614 Ambrosii
2834 2555 3009 2611 locum
3040 2553 3108 2608 ad
3167 2551 3387 2607 verbum
3424 2564 3445 2605 ι

1890 2654 2088 2709 Basilio
2127 2666 2445 2709 conversum
2504 2665 2627 2707 esse
2666 2651 2841 2720 palam
2880 2648 2973 2704 sit.
3025 2643 3354 2700 Proferimus
3402 2642 3444 2697 ir

1892 2747 2124 2801 medium
2152 2746 2313 2800 verba
2329 2744 2509 2799 Basilii
2539 2757 2608 2797 ex
2637 2741 2879 2795 oratione
2905 2750 3056 2795 sexta
3087 2740 3142 2791 in
3168 2736 3446 2791 Ilexacm..

1891 2853 2039 2892 num.
2070 2837 2125 2902 3,
2152 2848 2345 2891 utcum
2372 2833 2743 2890 Ambrosianis
2758 2831 2969 2903 possint
3002 2824 3446 2897 compararunt|

1886 2930 1949 2984 τὸ
1987 2930 2085 3000 μὲν
2128 2929 2245 2999 φῶς
2277 2928 2357 2991 είς
2386 2926 2682 2981 ἀπόλαυσιν
2729 2926 2844 2989 τοῖς
2871 2922 3131 2987 δικαίοις,
3161 2920 3224 2974 τὸ
3254 2920 3312 2974 δὲ
3356 2919 3444 2989 11",-

1888 3022 2131 3086 καύσεως
2151 3019 2409 3093 ὀδυνηρὸν
2426 3020 2539 3080 τοῖς
2555 3015 2933 3087 κολαζομένοις
2948 3009 3431 3085 ἀποταχθήσεσθσι

1894 3132 1916 3166 ι
1946 3113 2012 3169 Et
2040 3112 2178 3175 fore.
2208 3122 2265 3167 ut
2292 3111 2385 3166 lux
2415 3109 2633 3180 quidem
2662 3108 2716 3163 in
2744 3106 3058 3161 fruitionem
3084 3102 3250 3172 iustis
3277 3141 3293 3167 ,
3321 3103 3425 3157 adu

1892 3203 2084 3259 stionis
2109 3217 2239 3257 vero
2286 3203 2557 3258 acerbitas
2583 3197 2870 3270 puniendis
2895 3195 3218 3251 destinetur.
3266 3210 3286 3246 ι
3346 3190 3427 3247 No

207 3284 392 3375 eam:
412 3313 513 3365 καὶ
562 3284 945 3373 παντοδααιεοῖςί
978 3284 1143 3362 εἴδεσι
1176 3304 1361 3378 φυτῶν
1392 3302 1780 3374 εὐθηνουμένη.
1810 3284 1853 3343 C

1810 3284 1853 3343 C
1887 3304 2051 3349 stram
2100 3293 2238 3347 hanc
2291 3291 2659 3362 conjecturam
2712 3287 2961 3343 nonnihil
3024 3286 3151 3341 hinc
3204 3284 3444 3361 adjuvari

208 3401 406 3464 Ἥλιος
433 3400 494 3453 δὲ
522 3398 677 3453 οὔπω
708 3395 799 3470 ἦν,
850 3398 947 3453 καὶ
977 3398 1197 3468 σελήνη.
1254 3414 1274 3447 ι
1334 3395 1501 3451 Terra
1552 3393 1784 3464 propriis

211 3492 553 3563 geiminibus
588 3502 705 3547 erat
754 3491 952 3547 referta
986 3506 1003 3545 :
1041 3486 1479 3559 quandoquidem
1525 3495 1581 3541 et
1633 3486 1786 3540 innu-

212 3600 365 3640 mera
422 3584 723 3655 protulerat
782 3582 1071 3637 herbarum
1128 3588 1434 3652 genera,et
1457 3576 1785 3634 omnimodis

211 3678 523 3747 plantarum
578 3676 860 3747 speciebus
927 3673 1279 3731 exuberabat.
1326 3672 1565 3728 Necdum
1606 3681 1782 3726 tamen

210 3778 328 3824 erat
350 3769 457 3835 sol,
497 3778 592 3821 aut
619 3767 765 3821 luna.
802 3784 820 3818 ι
847 3765 1057 3821 Etenim
1088 3765 1231 3833 quod
1270 3763 1506 3819 Basilius
1532 3764 1785 3817 universe

210 3862 348 3914 dixit
377 3861 446 3914 de
473 3858 780 3921 fruticibus,
813 3856 865 3912 id
897 3854 1398 3926 speciatimdixissc
1417 3852 1783 3916 Ambrosium,

210 3952 306 4006 lib.
366 3965 440 4011 tv.
501 3949 733 4015 num.l,
767 3949 834 4004 de
890 3948 1026 4003 rubo
1059 3948 1407 4016 perspicuum
1462 3953 1565 4001 est.
1615 3944 1679 4000 Et
1729 3944 1782 3999 in

208 4040 395 4095 verbis
451 4038 555 4093 illis
614 4051 733 4107 qua!
780 4036 1025 4107 proxime
1072 4045 1392 4107 sequuntur,
1454 4052 1474 4087 ι
1506 4035 1615 4090 ηοΙί
1654 4047 1784 4105 ergo

208 4131 380 4185 Deum
421 4132 671 4194 credere,
706 4129 793 4184 cui
828 4128 979 4184 vides
1042 4128 1134 4183 Dei
1190 4141 1413 4182 munera
1449 4140 1568 4181 esse
1599 4125 1786 4195 prada-

212 4232 287 4286 ta,
313 4238 335 4272 ι
370 4217 593 4285 aliquod
618 4231 831 4286 quoque
859 4217 1049 4271 vitium
1084 4217 1263 4272 inesse
1283 4216 1549 4284 suspicor.
1568 4214 1781 4270 Etenim

209 4311 338 4379 quid
394 4308 499 4364 sibi
548 4306 674 4362 velit
714 4306 863 4371 illud,
918 4324 937 4358 ι
986 4306 1093 4361 noli
1123 4320 1253 4375 ergo
1284 4305 1448 4360 Deum
1474 4306 1719 4373 credere,
1758 4324 1777 4356 ι

211 4416 315 4456 non
349 4400 488 4455 satis
514 4397 780 4467 intelligo.
810 4396 936 4452 Mihi
994 4406 1171 4451 autem
1220 4395 1513 4451 verisimile
1545 4394 1635 4459 fit.
1686 4410 1783 4465 pro

208 4491 296 4548 bis
322 4490 530 4554 verbis,
573 4507 594 4541 ι
629 4488 736 4546 noli
768 4504 898 4559 ergo
934 4487 1099 4542 Deum
1131 4487 1380 4550 credere,
1400 4503 1440 4540 τι
1485 4487 1587 4555 legi
1619 4501 1782 4556 opor-

212 4594 350 4649 tere,
400 4599 421 4635 ι
466 4578 571 4635 noli
603 4594 733 4650 ergo
769 4580 877 4636 Deo
918 4594 1025 4635 non
1050 4580 1273 4634 credere
1298 4577 1431 4650 (6|).
1462 4597 1482 4632 ι
1533 4577 1610 4633 lta
1636 4580 1779 4633 enim

208 4676 413 4743 optime
443 4671 622 4728 oratio
664 4672 975 4728 coberebit.
1009 4669 1123 4727 Hoc
1172 4671 1317 4725 enim
1350 4672 1562 4726 videtur
1601 4671 1781 4726 dicere

208 4762 532 4821 Ambrosius
567 4779 583 4818 :
611 4762 721 4818 Etsi
745 4762 825 4817 sol
856 4770 913 4817 et
960 4762 1079 4817 alia
1107 4761 1351 4834 quaedam
1399 4772 1662 4817 creatura:
1683 4778 1780 4833 pro

212 4856 314 4911 diis
373 4854 645 4918 colantur,
698 4867 933 4924 veroque
984 4855 1095 4909 Deo
1151 4852 1541 4924 praeferantur,
1608 4871 1629 4905 ι
1670 4854 1779 4908 noli

210 4956 497 5018 propterea
535 4945 648 5002 Deo
679 4960 788 5006 non
816 4946 1054 5001 credere.
1099 4963 1119 4997 ι
1175 4942 1346 5014 Hujus
1374 4944 1778 5014 interpretatio-

209 5042 293 5096 nis
317 5050 601 5096 auctorem
630 5039 805 5095 babeo
836 5035 1182 5093 Ambrosium
1219 5036 1415 5107 ipsum,
1452 5036 1541 5106 qui
1571 5034 1661 5091 lib.
1694 5050 1777 5100 ιιι,

210 5148 358 5187 num.
390 5130 485 5196 27,
538 5131 618 5186 sic
650 5129 932 5201 loquitur:
968 5145 990 5180 ι
1024 5125 1212 5183 Solent
1235 5127 1379 5183 enim
1419 5126 1660 5197 plerique
1698 5127 1778 5181 die

210 5240 370 5280 cere:
404 5224 518 5279 Nisi
548 5222 866 5279 clementior
891 5218 1021 5277 solis
1050 5218 1198 5275 calor
1241 5216 1551 5287 tepefecerit
1581 5225 1776 5285 terras,

211 5328 259 5369 et
292 5313 695 5387 quodammodo
722 5312 886 5367 radiis
904 5310 1021 5365 suis
1052 5306 1274 5373 foverit,
1308 5321 1413 5362 non
1443 5305 1640 5376 poterit
1660 5320 1781 5374 ger-

212 5407 419 5462 minare
446 5414 592 5461 terra
614 5421 632 5470 ;
654 5412 711 5459 et
745 5411 1027 5473 propterea
1062 5407 1255 5469 gentes
1311 5397 1551 5452 divinum
1608 5396 1779 5451 hono-

214 5514 323 5555 rem
350 5500 618 5567 deputant
650 5492 775 5559 soli,
814 5494 955 5564 quod
988 5493 1188 5546 virtute
1232 5488 1431 5546 caloris
1482 5488 1563 5543 sui
1618 5496 1780 5543 terra-

214 5605 326 5647 rum
355 5599 607 5663 penetret
629 5586 804 5651 sinus,
843 5603 862 5637 ι
902 5594 1007 5639 etc.

279 5709 353 5782 (ιι)
389 5710 567 5781 Leges
598 5715 783 5761 notam
810 5702 1064 5773 primam,
1095 5717 1148 5771 p.
1173 5700 1260 5755 63.

1885 3386 2277 3447 existimamus.
2325 3385 2467 3453 quod
2510 3384 2900 3438 admoneamur
2951 3378 3003 3433 in
3037 3377 3201 3443 notis,
3240 3374 3445 3432 codices

1891 3492 2021 3533 mss.
2058 3492 2165 3533 non
2192 3476 2295 3533 sibi
2330 3484 2606 3540 constare,
2635 3470 2960 3530 habentibus
2982 3470 3138 3539 aliis,
3181 3487 3200 3521 ι
3238 3468 3305 3523 ad
3330 3482 3428 3538 per

1884 3569 2167 3626 lectionem
2193 3569 2476 3635 bonorum,
2510 3584 2529 3620 ι
2584 3567 2729 3634 aliis,
2779 3583 2801 3617 ι
2837 3566 2905 3619 ad
2944 3562 3394 3634 perfunctionem.
3427 3577 3446 3611 ι

1885 3658 2350 3715 Verisimillimutn
2384 3660 2529 3713 enim
2567 3655 2959 3719 mihividetur,
3008 3654 3053 3709 si
3094 3652 3311 3707 codices
3339 3649 3442 3720 plu-

1886 3767 1974 3807 res
1996 3751 2426 3813 consulerentur,
2448 3748 2585 3814 fore,
2621 3757 2683 3802 ut
2713 3746 2955 3802 nonnulli
3001 3745 3321 3808 scripturam
3361 3756 3445 3797 ve-

1887 3858 1999 3897 ram
2030 3855 2448 3912 germanamque
2470 3840 2811 3905 exhiberent,
2869 3838 2973 3893 hoc
3009 3846 3116 3901 est,
3156 3852 3177 3887 ι
3224 3832 3442 3905 perfrui-

1886 3934 2110 4000 tionem,
2151 3953 2172 3987 ι
2230 3950 2338 3990 ιιοη
2395 3953 2414 3988 ι
2447 3932 2860 4006 perfectionem,
2896 3950 2916 3985 ι
2954 3944 3128 4001 neque
3171 3945 3192 3980 ι
3240 3926 3431 3997 perfun

1884 4027 2139 4081 ctionem.
2174 4044 2193 4079 ι

1951 4116 2043 4169 27.
2068 4114 2412 4171 Conveniunt
2468 4114 2612 4168 inter
2649 4127 2709 4168 se
2733 4121 2788 4168 et
2838 4110 2966 4167 editi
3002 4120 3056 4166 et
3077 4108 3292 4166 codices
3318 4121 3431 4164 mss

1884 4207 1938 4262 in
1967 4222 2031 4263 eo
2052 4208 2192 4269 loco.
2224 4207 2314 4261 ubi
2336 4205 2564 4261 Basilius
2588 4220 2889 4261 sermonem
2919 4205 3150 4261 instituit
3179 4204 3245 4258 de
3272 4203 3445 4256 vultu-

1884 4297 2053 4353 ribus.
2081 4296 2207 4369 Ejus
2236 4298 2349 4351 haec
2374 4307 2499 4352 sunt
2524 4297 2685 4353 verba
2720 4299 2966 4352 oratione
2998 4297 3032 4351 8
3058 4298 3114 4349 in
3169 4293 3445 4348 Henna”

1884 4405 2033 4444 num.
2058 4388 2092 4442 6
2121 4406 2135 4442 :
2182 4388 2360 4443 Πολλὰ
2417 4388 2525 4442 τῶν
2572 4389 2802 4461 ὀρνίθων
2834 4389 2965 4459 γένη
3001 4387 3155 4441 οὐδὲν
3182 4386 3319 4459 πρὸς
3353 4385 3447 4458 τὴν

1884 4482 2078 4555 κύησιν
2120 4480 2288 4535 δεῖται
2318 4483 2416 4554 τῆς
2451 4482 2561 4536 τῶν
2606 4482 2851 4553 ἀρρένων
2885 4481 3220 4552 ὲπιπλοκῆςο
3248 4480 3365 4534 ἀλλ’
3394 4482 3447 4533 ir.

1889 4574 1985 4644 μὲν
2031 4576 2141 4637 τοῖς
2196 4570 2374 4639 ἄλλοις
2414 4574 2583 4643 ἄγονα
2632 4575 2746 4627 ἐστι
2785 4572 2853 4626 τὰ
2891 4574 3195 4645 ὑπηνέμια·
3232 4572 3358 4634 τοὺς
3394 4570 3446 4624 δὲ

1887 4666 2063 4735 γύτὲας
2084 4669 2244 4737 φασὶν
2265 4666 2648 4730 ἀσυνδυάστως
2674 4665 2880 4719 τίκτειν
2915 4666 2991 4729 ὡς
3043 4664 3114 4717 τὰ
3144 4661 3334 4726 πολλὰ,
3358 4662 3445 4715 καὶ

1882 4757 2052 4812 ταῦτα
2084 4758 2561 4831 μακροϐιωτάτους
2588 4758 2773 4821 ὄνταςο
2806 4753 2889 4821 οἷς
2921 4773 2986 4825 γε
3033 4755 3224 4826 μέχρις
3258 4754 3446 4809 ἑκατὸν

1883 4848 2040 4913 ἑτῶν,
2068 4848 2146 4911 ὼς
2170 4848 2240 4901 τὰ
2276 4847 2463 4911 πολλὰ,
2503 4847 2940 4918 παρατείνεταιή
2967 4844 3099 4917 ζωή.
3157 4842 3328 4897 Τοῦτό
3360 4860 3443 4913 μοι

1882 4940 1971 5013 ἔχε
2001 4940 2595 5012 παρασεσημειωμένον
2643 4941 2708 4991 ἐκ
2746 4938 2845 5009 τῆς
2875 4938 3000 5006 περὶ
3048 4939 3175 5002 τοὺς
3229 4934 3442 5009 ὃρνιθας,

1885 5032 2145 5104 ἱστορίας.
2203 5032 2269 5086 ἶν’
2294 5032 2511 5086 ἐπειδάν
2557 5046 2687 5083 ποτε
2742 5030 2856 5104 ἴδῃς
2879 5030 3150 5099 γελῶντας
3199 5045 3351 5091 τινας
3388 5028 3441 5079 τί

1887 5126 2180 5196 μυστήριον
2210 5128 2243 5197 ή
2253 5124 2391 5197 μῶν,
2416 5124 2491 5186 ὡς
2517 5123 2772 5177 ἀδυνάτου
2796 5123 2947 5185 ὄντος
2969 5123 3062 5174 καὶ
3087 5120 3192 5186 ἐξω
3220 5120 3319 5191 τῆς
3350 5118 3433 5188 φύ-

1884 5234 2021 5282 σεως
2042 5218 2309 5290 παρθένον
2331 5220 2528 5282 τεκεῖν,
2558 5216 2658 5287 τῆς
2694 5214 2991 5285 παρθενίας
3022 5213 3195 5283 αὐτῆς
3249 5210 3433 5281 φυλατ-

1876 5310 2109 5382 τομένης
2146 5311 2434 5383 ἁχράντου,
2456 5309 2766 5382 ὲνθυμηθῇς
2785 5310 2866 5362 ὅτι
2895 5309 2924 5360 ὁ
2950 5306 3251 5377 εὐδοκήσας
3287 5306 3344 5358 ὲν
3373 5307 3439 5373 τῇ

1877 5402 2060 5475 μωρίᾳ
2086 5402 2182 5457 τοῦ
2215 5404 2565 5476 κηρύγματος
2588 5402 2757 5457 σῶσαι
2782 5403 2909 5463 τοὺς
2938 5397 3307 5463 πιστεύοντας,
3341 5413 3435 5467 μυ-

1875 5494 1999 5565 ρίας
2054 5496 2118 5547 ἐκ
2165 5496 2263 5566 τῆς
2313 5494 2525 5564 φύσεως
2551 5492 2804 5567 ἀφορμὰς
2838 5488 2975 5562 πρὸς
3004 5490 3101 5559 τὴν
3130 5487 3312 5541 πίστιν
3334 5486 3440 5539 τῶν

1874 5583 2191 5653 παραδόξων
2215 5583 2556 5639 κατεϐάλετο.
2598 5601 2619 5635 ι
2658 5581 2839 5637 Multis
2860 5580 3037 5633 avium
3061 5576 3346 5648 generibus
3378 5579 3439 5627 :ul

272 5825 381 5897 (6|)
413 5821 824 5897 Hallucinatnm
854 5830 934 5882 se,
972 5832 1094 5897 eum
1122 5816 1233 5897 haec
1274 5812 1557 5897 scriberet,
1589 5810 1784 5897 fatetur
1803 5810 1891 5897 "fl.
1940 5811 2236 5869 Garnerius
2263 5813 2317 5869 in
2347 5808 2670 5866 Prefatione
2715 5816 2844 5864 tom.
2882 5800 2925 5859 ll
2970 5799 3105 5876 [ill],
3142 5800 3172 5875 ι
3208 5816 3318 5868 xlv,
3353 5802 3435 5856 cui

204 5881 407 5955 titulum
470 5894 610 5951 fecit
658 5908 677 5946 :
725 5886 804 5943 De
851 5881 1042 5943 man.
1099 5886 1411 5956 quibusdam
1459 5883 1607 5950 mir,
1657 5893 1762 5937 etc.
1802 5881 1960 5938 Enn.
