4212 6494
728 447 830 489 αα

2084 421 2619 482 ΡΒΟΙᾸΞΟΟΜΕΝΑ.

723 554 1047 612 conceptum
1079 540 1215 596 nihil
1242 552 1377 608 opus
1414 546 1495 592 est
1546 539 1777 592 marium
1808 539 1995 609 copula
2033 555 2048 591 :
2094 544 2188 598 sed
2234 544 2285 595 in
2315 542 2361 598 A
2392 537 2779 590 ircarnationis
2824 533 3073 589 decorem
3116 530 3392 602 probaret,
3421 544 3473 589 et
3504 541 3769 590 astrueret
3808 538 3952 589 veri--

723 636 844 688 aliis
898 634 1185 701 generibus
1238 631 1379 683 edita
1412 631 1545 683 citra
1577 630 1777 685 coitum
1809 647 1940 695 ova,
2000 630 2285 689 infecunda

725 734 873 780 sunt.
899 725 1107 781 Ferunt
1143 732 1324 777 autem
1358 723 1477 777 sine
1506 724 1651 778 coitu
1684 731 1743 779 ut
1796 725 2086 795 plurimum
2129 741 2286 797 pare-

724 825 786 867 re
815 816 1077 873 vultures,
1102 807 1228 863 licet
1258 808 1493 862 maxime
1533 808 1803 875 longaevos
1831 823 1847 862 :
1876 809 2071 877 quippe
2094 812 2288 880 quibus

724 906 834 959 vita
870 904 933 957 ad
972 910 1190 956 centum
1219 914 1389 971 usque
1421 915 1589 954 annos
1630 899 1947 970 plerumque
2008 903 2288 971 protenda-

730 1005 835 1049 tur.
870 993 925 1048 ld
972 993 1131 1047 velim
1164 1002 1409 1047 notatum
1438 992 1847 1047 etobservatum
1884 1006 1951 1047 ex
1985 994 2170 1049 alitum
2206 994 2288 1047 hi-

725 1083 912 1149 storia,
941 1090 1000 1137 ut
1042 1082 1088 1136 si
1146 1082 1358 1150 quando
1406 1081 1690 1138 nonnullos
1722 1082 1919 1137 videris
1972 1085 2287 1155 mysterium

726 1184 969 1231 nostrum
995 1173 1242 1237 irridere,
1268 1174 1420 1243 quasi
1448 1172 1564 1229 ﬁeri
1593 1182 1847 1245 nequeat,
1883 1183 1937 1230 et
1967 1177 2122 1246 quasi
2158 1176 2228 1231 sit
2257 1189 2288 1229 a

704 1277 919 1327 natura
954 1262 1212 1331 alienum,
1238 1272 1297 1317 ut
1328 1263 1481 1333 virgo
1501 1305 1516 1331 ,
1547 1263 1854 1333 virginitate
1910 1266 2026 1334 ejus
2070 1266 2290 1320 inteme-

727 1361 846 1408 rata
871 1362 1241 1420 permanente,
1264 1356 1554 1423 pepererit,
1574 1353 1755 1406 veniat
1801 1356 1855 1407 in
1903 1362 2133 1409 mentem
2170 1355 2287 1419 tibi,

727 1443 916 1510 Deum,
945 1445 1028 1499 cui
1070 1458 1167 1513 per
1224 1443 1619 1516 praedicationis
1675 1443 1959 1498 stultitiam
2012 1446 2290 1500 credentes

726 1532 904 1588 salvos
942 1532 1125 1591 facere
1147 1536 1327 1597 libuit,
1353 1535 1633 1587 innumera
1664 1532 2047 1601 incitamenta,
2076 1536 2143 1591 ab
2177 1537 2290 1606 ipsa

728 1636 918 1680 natura
951 1628 1254 1694 desumpta,
1286 1626 1352 1679 ad
1386 1626 1542 1681 iidem
1589 1628 1751 1682 rebus
1804 1628 2083 1695 stupendis
2112 1625 2293 1682 conci-

728 1718 962 1770 liandam
1014 1716 1067 1770 in
1127 1726 1464 1772 antecessum
1529 1717 1890 1789 proposuisse.
1930 1736 1946 1769 ι
2011 1716 2135 1772 Haec
2173 1732 2292 1786 qua:

727 1807 968 1877 longiora
999 1808 1226 1863 fortasse
1252 1807 1594 1870 videbuntur,
1627 1823 1734 1861 non
1768 1807 1887 1863 ideo
1924 1808 2122 1872 retuli,
2149 1809 2291 1877 quod

2394 629 2597 682 tatem?
2633 647 2651 681 ι
2686 626 2854 681 Nemo
2889 641 2992 680 non
3020 624 3162 677 videt
3208 622 3551 681 Ambrosium
3606 627 3791 681 isthaec
3837 625 3953 681 fere

2392 720 2459 773 ad
2486 721 2707 775 verbum
2734 720 3069 773 convertisse
3110 732 3139 769 e
3164 713 3359 769 Basilio
3378 754 3393 779 ,
3421 717 3515 769 sed
3558 720 3627 773 ita
3660 729 3858 781 tamen,
3892 726 3953 772 ut

2391 828 2453 867 ea
2482 809 2879 881 quodammodo
2912 825 3008 863 sua
3040 808 3235 863 iecisse
3256 809 3515 868 videatur,
3551 821 3644 864 aut
3684 810 3949 873 ornando,

2393 911 2487 956 aut
2520 901 2846 972 ampliando.
2872 899 2958 963 Et,
2989 901 3131 969 quod
3165 901 3230 955 ad
3290 914 3401 955 rem
3445 898 3698 967 pertinet,
3748 899 3953 971 perspi-

2393 1008 2552 1048 cuum
2603 999 2688 1045 est
2732 1006 2796 1046 ex
2842 990 2950 1057 his,
3000 990 3343 1044 Ambrosium
3391 1005 3497 1046 non
3544 989 3700 1044 aliter
3758 992 3955 1062 legisse

2395 1092 2553 1152 atque
2576 1096 2717 1135 nunc
2740 1080 2974 1151 legitur:
3009 1078 3059 1133 id
3108 1082 3249 1150 quod
3302 1080 3594 1147 suspicioni
3646 1079 3953 1138 Combelisii

2394 1189 2502 1227 non
2562 1173 2740 1228 minus
2796 1173 3152 1237 adversatur,
3216 1186 3377 1240 quam
3424 1187 3615 1242 magna
3670 1170 3761 1224 illa
3791 1189 3955 1242 qnam

2397 1266 2551 1319 initio
2601 1265 2782 1319 testati
2832 1278 3017 1319 sumus
3068 1264 3327 1318 librorum
3369 1266 3545 1318 omnis
3577 1262 3789 1333 generis
3824 1280 3957 1320 con-

2395 1356 2594 1411 sensio.
2638 1356 2861 1411 Accedit
2886 1354 3049 1408 etiam
3090 1356 3234 1424 quod
3268 1363 3425 1410 vetus
3453 1358 3723 1421 interpres
3766 1354 3959 1411 Eusta-

2398 1447 2542 1502 thius
2582 1448 2676 1515 ita,
2714 1456 2771 1500 ut
2793 1445 3059 1513 hodieque
3098 1446 3318 1517 legitur,
3348 1446 3540 1514 legerit
3574 1454 3629 1500 et
3664 1446 3797 1516 ipse.
3827 1446 3959 1503 Vide

2397 1539 2784 1608 Appendicem.
2819 1536 2972 1602 Quod
3026 1536 3174 1592 addit
3208 1538 3581 1602 Combetisius,
3618 1555 3639 1588 σ
3708 1538 3957 1593 Subven-

2401 1638 2553 1683 tanea
2583 1628 2829 1689 fecunda,
2858 1631 2999 1696 quod
3038 1632 3355 1699 ascriptum,
3391 1644 3459 1684 ex
3506 1628 3747 1698 margine
3805 1631 3961 1684 obre—

2402 1722 2526 1789 psit,
2565 1739 2583 1772 ›
2618 1721 2669 1774 id
2715 1721 2908 1773 mirum
2939 1719 3109 1773 videri
3144 1728 3355 1790 potest,
3390 1735 3512 1775 cum
3558 1720 3674 1774 hac
3721 1728 3961 1789 pugnent

2401 1814 2544 1867 inter
2588 1826 2647 1865 se
2684 1826 2698 1864 :
2734 1812 2826 1864 sed
2883 1812 3165 1880 scripsisse
3213 1814 3389 1867 virum
3437 1812 3652 1867 doctum
3699 1810 3961 1874 arbitror,

729 1901 949 1956 allatam
978 1916 1006 1954 a
1036 1900 1237 1955 Basilio
1267 1901 1332 1954 de
1366 1899 1669 1954 vulturibus
1690 1899 1973 1954 historiam
2021 1901 2245 1969 probem
2280 1926 2290 1958 :
2328 1902 2370 1956 Β
2400 1925 2419 1957 ι
2452 1905 2814 1959 subventanea
2875 1904 3183 1969 infecunda,
3219 1924 3237 1957 ι
3290 1908 3360 1960 ob
3404 1906 3495 1960 illa
3544 1904 3751 1971 Basilii,
3792 1906 3965 1974 ἄγονα

729 1996 822 2047 sed
841 1994 967 2047 utin
1000 2001 1316 2047 transcursu
1351 1991 1573 2049 doceam
1605 1994 1751 2048 hunc
1779 1992 1957 2047 Basilii
1991 1993 2066 2063 (a)
2117 1994 2291 2050 locum

730 2098 921 2137 sanum
947 2098 1068 2138 esse
1094 2092 1148 2138 et
1178 2084 1573 2152 incorruptum.
1622 2083 1737 2136 Non
1783 2098 1999 2152 possum
2057 2085 2219 2155 igitur
2264 2101 2293 2139 a

727 2173 1055 2229 Combelisio
1114 2173 1274 2228 aliter
1331 2174 1597 2227 sentiente
1661 2188 1765 2226 non
1821 2173 2134 2229 dissentire.
2191 2176 2294 2231 Sed

731 2263 903 2332 ipsum
964 2264 1263 2318 audiamus.
1298 2264 1614 2329 «Laborat,
1669 2264 1878 2335 inquit,
1939 2278 2121 2337 aperte
2183 2280 2297 2322 tex-

731 2361 843 2417 tus,
901 2350 1207 2422 falsumque
1262 2352 1458 2423 ingerit
1515 2368 1731 2408 sensum
1768 2394 1784 2420 ,
1819 2370 1977 2424 quem
2028 2355 2296 2421 interpres

730 2446 1035 2517 expressit;
1087 2447 1242 2516 quasi
1293 2447 1374 2503 sic
1412 2449 1696 2516 concipere
1729 2451 1930 2515 absque
1967 2460 2115 2499 mare
2145 2460 2296 2499 com-

732 2554 897 2594 mune
947 2539 1019 2593 sit
1065 2538 1308 2609 pluribus
1341 2539 1520 2591 avinm
1553 2537 1861 2607 generibus.
1911 2536 1968 2591 ln
2004 2554 2110 2592 uno
2146 2536 2297 2593 Basi-

733 2628 838 2683 lius
864 2628 1165 2698 exemplum
1195 2628 1409 2696 posuit,
1440 2641 1539 2681 nec
1582 2627 1685 2681 alia
1704 2616 2052 2685 sollicitavit.
2086 2628 2177 2683 Sic
2206 2646 2297 2685 er-

734 2736 801 2792 go
826 2722 1074 2787 emendo,
1127 2720 1263 2792 γένη
1320 2714 1395 2774 ὧν
1451 2720 1509 2773 ἓν
1546 2720 1698 2789 οὐδὲ,
1751 2737 1971 2791 quorum
2020 2739 2180 2775 unum
2238 2740 2300 2778 ne

736 2814 965 2867 marium
1026 2813 1233 2883 quidem
1304 2814 1493 2881 capula
1576 2831 1704 2879 opus
1767 2815 1958 2881 habet,
2030 2817 2299 2869 vulturum

738 2907 946 2963 scilicet
982 2906 1166 2977 :quod
1218 2906 1392 2978 ipsum
1430 2906 1634 2960 incerta
1677 2903 1816 2958 fama
1852 2907 2037 2960 refert.
2083 2925 2102 2957 ι
2159 2906 2299 2959 Sub-

735 3009 990 3051 tentanea
1048 2998 1273 3067 fecunda
1306 3038 1324 3064 ,
1379 2998 1520 3068 quod
1572 2996 1887 3065 ascriptum,
1942 3010 2009 3051 ex
2052 2996 2297 3065 margine

737 3087 994 3157 obrepsit.
1039 3104 1060 3139 ι
1113 3090 1264 3142 lianc
1294 3099 1474 3143 autem
1523 3088 1837 3144 Combellsii
1874 3089 2301 3144 emendationem

744 3181 980 3236 arbitror
1032 3195 1219 3253 puram
1279 3189 1462 3249 putam
1521 3197 1645 3236 esse
1702 3182 2128 3243 corruptionem.
2191 3180 2301 3235 Etsi

742 3274 887 3328 enim
920 3272 1206 3329 aliirmavit
1241 3272 1471 3328 Basilius
1510 3272 1678 3326 multa
1707 3286 1827 3327 esse
1866 3274 2045 3325 avium
2082 3288 2302 3342 genera,

741 3378 863 3434 qua:
889 3366 1201 3433 concipiunt
1254 3366 1373 3419 sine
1420 3363 1739 3429 concubitu,
1788 3363 1961 3432 potuit
2011 3371 2188 3414 tamen
2242 3364 2308 3417 de

743 3456 874 3510 solis
924 3453 1231 3509 vulturibus
1286 3455 1613 3509 mentionem
1668 3455 1868 3520 facere,
1918 3452 2170 3508 videlicet
2215 3462 2309 3505 aut

743 3548 1027 3603 brevitatis
1056 3560 1242 3609 causa,
1274 3556 1367 3601 aut
1386 3556 1662 3601 oratorum
1708 3561 1880 3611 more,
1908 3546 2000 3615 qui
2049 3560 2138 3599 res
2167 3543 2309 3612 ejus-

748 3640 894 3694 modi
928 3653 1033 3696 non
1068 3649 1174 3694 tam
1209 3639 1500 3710 diligenter
1519 3651 1765 3702 narrare,
1798 3652 1958 3708 quam
1976 3652 2169 3692 ornare
2200 3647 2311 3691 stu-

748 3731 900 3784 dent.
937 3730 1044 3785 Sed
1090 3731 1230 3797 quod
1260 3730 1431 3799 magis
1488 3728 1774 3784 confirmat
1796 3728 1931 3782 nihil
1992 3728 2047 3783 in
2080 3727 2312 3797 vulgatis

747 3819 947 3888 corrigi
987 3819 1203 3882 debere,
1231 3818 1357 3871 illud
1389 3828 1492 3883 est,
1525 3819 1665 3886 quod
1703 3820 1776 3872 ita
1836 3819 2031 3888 legisse
2086 3817 2315 3873 Ambro-

759 3912 898 3965 sium
925 3917 1157 3964 constet.
1198 3907 1326 3976 Ejus
1373 3910 1487 3963 haec
1554 3918 1679 3961 sunt
1703 3923 1733 3961 e
1762 3908 1853 3961 lib.
1889 3910 2002 3962 vin
2032 3908 2312 3974 (leuem,

750 4015 869 4069 cap.
895 3999 965 4055 20
1008 4015 1023 4051 :
1060 4017 1079 4051 (
1112 3998 1264 4053 Nunc
1310 3999 1376 4054 de
1416 3997 1727 4067 integritate
1761 3996 2025 4059 dicamus,
2078 4009 2196 4063 qua:
2262 3996 2313 4048 in

751 4092 994 4163 pluribus
1046 4090 1261 4159 quidem
1308 4091 1495 4144 avibus
1534 4090 1602 4142 it:
1659 4102 1779 4143 esse
1832 4095 2193 4148 asseveratur,
2259 4095 2317 4139 ut

754 4182 924 4254 possit
976 4180 1139 4235 etiam
1198 4180 1253 4233 in
1302 4180 1606 4233 vulturibus
1657 4176 2005 4247 deprehendi.
2045 4176 2317 4247 Negantur

756 4276 903 4329 eiiim
970 4272 1212 4328 vultures
1264 4269 1542 4339 indulgere
1586 4271 1904 4336 concubitu,
1936 4279 1991 4324 et
2041 4267 2317 4338 coniugali

759 4368 991 4438 quodam
1037 4380 1140 4420 usu
1187 4362 1550 4433 nuptialisque
1606 4360 1811 4428 copulae
1867 4371 2014 4415 sorte
2077 4360 2316 4425 misceri,

759 4469 920 4528 atque
947 4460 1019 4512 ita
1053 4458 1170 4513 sine
1202 4457 1309 4511 ullo
1348 4454 1707 4510 masculorum
1761 4454 2045 4521 concipere
2090 4453 2318 4516 semine,

2398 1993 2690 2062 ὑπηνέμια.
2741 1992 2940 2048 Verum
2981 2009 3085 2048 non
3152 1993 3228 2047 ita
3275 1994 3432 2048 facile
3472 1997 3723 2049 excusari
3760 2005 3962 2066 potest,

2396 2100 2515 2140 cum
2562 2086 2677 2139 haec
2712 2085 2788 2138 ait
2831 2100 2862 2140 e
2916 2084 3158 2152 margine
3198 2083 3506 2151 irrepsisse.
3536 2082 3649 2137 Etsi
3676 2086 3820 2138 enim
3852 2085 3965 2143 Eu»-

2395 2177 2629 2232 statbius
2647 2177 2931 2245 insigniter
2955 2176 3315 2232 hallucinatus
3331 2177 3421 2243 sit,
3447 2178 3786 2246 pessimeque
3808 2176 3967 2231 Basi-

2396 2269 2527 2324 linm
2566 2271 2988 2341 interpretatus,
3037 2271 3155 2341 ejus
3183 2280 3360 2326 tamen
3400 2270 3563 2325 verba
3617 2269 3969 2338 apertissima

2396 2364 2687 2417 ostendunt
2744 2379 2848 2417 non
2878 2379 3035 2419 secus
3061 2379 3183 2418 eum
3212 2363 3406 2431 legisse
3438 2364 3490 2415 in
3523 2362 3635 2416 suis
3658 2360 3960 2425 codicibus,

2399 2462 2561 2520 atque
2607 2468 2747 2505 nunc
2799 2454 2851 2506 in
2908 2453 3112 2506 nostris
3161 2451 3408 2520 legimus.
3472 2452 3601 2519 Ejus
3639 2452 3752 2507 haec
3787 2460 3965 2506 sunt:

2404 2560 2422 2593 ι
2461 2543 2591 2596 Alizn
2634 2557 2765 2597 sane
2812 2557 3029 2608 earum,
3051 2557 3170 2611 quze
3216 2542 3378 2597 altius
3437 2543 3699 2607 volitant,
3751 2543 3971 2598 steriles

2398 2635 2618 2688 omnino
2650 2643 2795 2689 sunt.
2840 2652 2859 2685 ι
2924 2634 3001 2689 Ex
3028 2635 3225 2705 quibus
3263 2635 3588 2706 intelligitur
3616 2634 3969 2691 Eustathium

2403 2725 2455 2781 in
2503 2727 2614 2782 suis
2646 2728 2861 2798 quidem
2895 2727 3054 2783 libris
3102 2743 3286 2783 vocem
3322 2729 3601 2799 ὑπηνέμια
3641 2729 3918 2800 reperisse
3952 2743 3969 2780 :

2403 2816 2495 2871 sed
2552 2832 2671 2871 eam
2703 2817 2840 2871 male
2875 2818 3209 2880 reddidisse,
3238 2820 3394 2886 quasi
3430 2819 3683 2873 videlicet
3714 2834 3827 2873 rem
3868 2833 3974 2885 ope

2400 2918 2681 2961 ventorum
2714 2909 2819 2962 alte
2846 2908 3041 2961 elatam
3071 2908 3424 2976 significaret.
3455 2907 3584 2961 Plus
3603 2909 3737 2960 satis
3768 2908 3833 2960 de
3864 2908 3971 2960 liis.

2404 2997 2708 3051 Redeamus
2734 2999 2800 3051 ad
2842 2997 3215 3062 Ambrosium,
3266 2998 3421 3066 cujus
3448 2997 3502 3051 in
3545 2997 3725 3051 verbis
3771 2996 3976 3065 aliquid

2404 3088 2582 3142 inesse
2613 3089 2727 3141 vitii
2762 3091 3029 3155 suspicor.
3056 3087 3157 3143 Ubi
3196 3088 3341 3142 enim
3380 3088 3598 3159 legitur,
3628 3105 3647 3139 ι
3695 3087 3978 3157 indulgere.

2406 3177 2715 3241 concubitu,
2760 3198 2777 3229 ι
2812 3179 3094 3249 legendum
3147 3195 3367 3246 censeo,
3408 3198 3429 3232 ι
3484 3182 3729 3249 indigere
3775 3196 3979 3235 concu-

2406 3271 2544 3335 bitu,
2573 3288 2593 3322 ι
2624 3278 2743 3324 tum
2764 3271 2832 3325 ob
2862 3272 2991 3325 illud
3022 3271 3225 3338 Basilii,
3261 3272 3433 3325 δεῖται
3461 3273 3559 3343 τῆς
3581 3272 3690 3326 τῶν
3724 3274 3979 3344 ἁρῤένων

2408 3362 2727 3433 ἐπιπλοκῆς,
2767 3371 2876 3418 tum
2930 3364 3073 3433 quod
3104 3364 3218 3434 ipsa
3246 3365 3580 3419 constructio
3615 3365 3976 3432 grammatica

2408 3453 2487 3507 ita
2526 3456 2782 3524 postulet.
2812 3456 2981 3512 Recte
3006 3460 3147 3512 enim
3183 3458 3412 3522 dixeris,
3434 3478 3453 3508 ι
3506 3458 3745 3526 indigere
3768 3470 3974 3510 concu-

2408 3546 2520 3599 bitu
2552 3566 2565 3600 :
2595 3546 2873 3615 indulgere
2899 3550 3208 3615 concubitu,
3245 3568 3264 3601 ι
3298 3565 3405 3603 non
3444 3550 3572 3604 item
3596 3590 3612 3616 ,
3639 3562 3762 3602 cum
3793 3548 3979 3601 dicere

2409 3636 2638 3699 soleant,
2669 3655 2689 3687 ι
2727 3638 3036 3691 concubitui
3073 3638 3373 3702 indulgere.
3409 3656 3428 3689 ι

2480 3728 2569 3784 28.
2600 3725 2758 3783 Clara
2810 3736 2937 3783 sunt
2970 3727 3135 3783 verba
3161 3727 3342 3783 Basilii
3377 3737 3432 3783 et
3454 3742 3605 3791 sana,
3640 3740 3759 3795 qua:
3800 3726 3985 3797 legun-

2417 3828 2501 3873 tur
2548 3820 2600 3875 in
2636 3820 2881 3875 oratione
2906 3820 3014 3876 8in
3038 3819 3319 3884 unum,
3352 3835 3497 3873 num.
3539 3819 3571 3873 8
3605 3833 3619 3872 :
3667 3819 3861 3872 Ὀποῖα
3892 3820 3986 3873 καὶ

2414 3912 2542 3982 περὶ
2568 3910 2663 3964 τοῦ
2704 3911 2866 3966 Ἰνδοῦ
2884 3909 3162 3981 σκώληκος
3188 3912 3478 3983 ἱστορεῖται
3504 3914 3595 3964 τοῦ
3619 3910 3985 3982 κερασφόρον,

2414 4003 2473 4066 ὃς
2500 4006 2579 4066 εἰς
2601 4009 2827 4073 κάμπην
2850 4003 2919 4056 τὰ
2962 4003 3153 4074 πρῶτα
3187 3998 3538 4073 μεταϐαλών,
3578 4012 3683 4056 etc.
3752 4022 3770 4054 ι
3800 4002 3947 4069 Qua-

2416 4095 2487 4147 lia
2558 4096 2721 4149 etiam
2780 4095 2845 4147 de
2912 4094 3095 4147 Indico
3152 4109 3339 4149 verme
3404 4095 3688 4163 cornigero
3753 4111 3989 4149 narran-

2422 4194 2533 4249 tur,
2579 4185 2670 4253 qui
2732 4182 2963 4252 primum
3001 4183 3055 4235 in
3080 4198 3299 4236 erucam
3366 4194 3785 4249 transmutatus,
3824 4204 3844 4236 ι
3879 4196 3990 4239 etc.

2422 4277 2531 4332 Sed
2592 4274 2683 4330 hic
2740 4273 2890 4329 locus
2936 4272 3164 4328 mit-ilice
3192 4274 3327 4327 etin
3374 4273 3658 4328 Eustathio
3693 4287 3990 4342 corruptus

2419 4365 2717 4428 invenitur,
2764 4371 2819 4417 et
2850 4363 2905 4417 in
2957 4362 3246 4417 Ambrosio
3290 4361 3389 4431 (ὁ).
3438 4362 3584 4417 illius
3619 4364 3784 4417 verba
3814 4374 3943 4419 sunt
3976 4379 3991 4416 :

2427 4477 2445 4508 r
2482 4456 2622 4522 Quid
2678 4453 2877 4518 dicitis,
2904 4453 2996 4523 qui
3021 4451 3188 4507 Paulo
3222 4452 3466 4522 apostolo
3489 4454 3556 4509 de
3592 4457 3994 4510 resurrectione

758 4560 814 4606 οι
850 4551 967 4605 Sine
984 4548 1363 4618 οθηὶυηειίοηθ
1391 4562 1671 4619 generare.
1715 4555 1979 4615 mulsoue
2033 4559 2097 4597 ex
2148 4543 2227 4597 his
2267 4545 2317 4597 in
2348 4568 2395 4626 υ
2422 4565 2528 4603 non
2557 4546 2800 4607 creditis,
2830 4559 2953 4600 cum
2984 4544 3213 4599 videatis
3241 4552 3389 4598 certa
3426 4543 3493 4598 de
3527 4544 3700 4599 aereis
3740 4546 3993 4598 animano

764 4644 983 4698 multam
1005 4651 1213 4697 aetatem
1245 4643 1585 4710 lorigagvitate
1624 4640 1910 4709 procedere
1931 4678 1945 4702 ,
1979 4646 2031 4690 ut
2061 4652 2229 4705 usque
2250 4638 2317 4691 ad

763 4749 977 4795 centum
1021 4753 1190 4793 annos
1239 4736 1364 4790 vita:
1394 4751 1580 4791 eorum
1621 4735 1789 4790 series
1830 4731 2177 4801 producatur,
2222 4745 2321 4784 nec

766 4831 922 4885 facile
942 4843 1035 4884 eos
1064 4828 1270 4899 angusti
1304 4827 1402 4881 εξνί
1448 4828 1570 4880 linis
1603 4826 1852 4896 excipiat.
1884 4824 2020 4890 Quid
2052 4823 2204 4877 aiunt
2230 4823 2320 4891 qui

766 4923 940 4975 solent
972 4930 1155 4973 nostra
1186 4918 1408 4973 irridere
1437 4916 1716 4986 mysteria,
1766 4930 1888 4969 cum
1924 4913 2140 4968 audiunt
2179 4912 2323 4981 quod

770 5011 918 5079 virgo
943 5010 1241 5080 generavit,
1268 5018 1322 5063 et
1349 5006 1734 5068 impossibiletn
1761 5004 2019 5072 innupta,
2052 5001 2201 5069 cujus
2230 5018 2325 5071 pu-

771 5106 955 5155 dorem
985 5098 1125 5152 nulla
1152 5100 1253 5152 viri
1283 5097 1616 5152 consuetudo
1644 5102 1984 5155 temerasset.
2018 5092 2330 5148 existimant

772 5190 1026 5260 partum?
1049 5189 1385 5258 lmpossibile
1410 5196 1627 5260 putatur
1653 5186 1706 5240 in
1734 5188 1826 5240 Dei
1863 5194 2062 5252 matre,
2108 5186 2249 5255 quod
2279 5185 2331 5239 in

772 5284 1078 5338 vulturibus
1097 5283 1351 5351 possibile
1384 5298 1487 5337 non
1521 5278 1782 5350 negatur?
1802 5280 1934 5333 Avis
1965 5280 2084 5333 sine
2123 5293 2335 5333 mascu-

774 5376 827 5429 lo
865 5376 1027 5443 parit,
1054 5383 1107 5429 et
1135 5374 1312 5428 nullus
1339 5372 1574 5428 refellit:
1607 5380 1663 5425 et
1691 5371 1815 5435 quia
1856 5372 2181 5441 desponsata
2221 5370 2337 5425 viro

777 5467 944 5520 Maria
965 5467 1117 5537 virgo
1140 5466 1367 5536 peperit,
1391 5466 1579 5531 pudori
1600 5464 1935 5535 ejusfaciunt
1957 5464 2331 5532 quaestionem.

776 5558 965 5614 Nonne
994 5560 1323 5613 advertimus
1356 5559 1495 5627 quod
1549 5559 1803 5614 Dominus
1862 5572 1928 5612 ex
1986 5557 2100 5626 ipsa
2146 5567 2335 5610 natura

780 5647 1011 5718 plurima
1052 5647 1299 5716 exempla
1350 5658 1472 5702 ante
1528 5648 1809 5716 praemisit,
1841 5648 2035 5717 quibus
2079 5655 2337 5713 susceptae

854 5846 934 5921 (a)
959 5846 1090 5904 Bas.
1118 5866 1225 5905 rec.
1253 5865 1305 5920 p.
1340 5850 1424 5909 l8.

2426 4637 2567 4692 tibus
2596 4635 2822 4705 ﬁguram
2861 4634 3133 4704 propriam
3151 4640 3504 4701 commutare,
3539 4634 3680 4688 sicut
3715 4632 3992 4689 lndiacum

2425 4741 2687 4790 vermem,
2721 4725 2812 4793 qui
2849 4732 2935 4779 est
2961 4722 3229 4793 corniger,
3263 4722 3439 4792 primo
3469 4723 3521 4777 in
3546 4736 3757 4778 verucae
3790 4736 3851 4777 se
3872 4737 3995 4792 spe-

2426 4820 2563 4873 ciem
2598 4814 3092 4880 translormantem,
3138 4830 3158 4863 ι
3201 4822 3309 4867 etc.
3334 4830 3349 4880 ;
3378 4812 3536 4883 hujus
3569 4832 3581 4866 :
3625 4828 3644 4862 ι
3675 4810 3873 4866 Fertur
3904 4813 3996 4868 hic

2428 4908 2677 4976 corniger
2700 4905 2899 4961 vermis
2942 4902 3201 4975 (Indicus)
3233 4904 3475 4959 converti
3511 4901 3743 4972 primum
3767 4901 3821 4958 in
3855 4917 3996 4972 spe-

2430 5002 2565 5055 ciem
2604 4997 2794 5062 cauiis,
2828 5006 2991 5064 atque
3018 4995 3073 5049 in
3100 5008 3221 5049 eam
3252 4992 3447 5049 mutari
3494 5000 3763 5047 naturam.
3795 5011 3814 5045 ι
3841 4992 3995 5049 Men-

2428 5092 2555 5146 dutn
2579 5088 2723 5158 quod
2753 5087 2806 5141 in
2828 5086 3272 5155 interpretatione
3302 5084 3566 5140 Eustathii
3588 5084 3804 5155 legitur,
3832 5099 3996 5155 grave

2430 5182 2641 5253 quidem
2665 5190 2749 5235 est
2786 5198 2800 5234 :
2841 5179 2936 5234 sed
2967 5178 3097 5233 illud
3127 5178 3267 5249 quod
3299 5179 3351 5231 ln
3379 5177 3668 5232 Ambrosio
3699 5177 3992 5242 invenitur,

2434 5285 2579 5329 certe
2617 5272 2785 5326 multo
2821 5272 3040 5341 gravius
3071 5270 3355 5324 videbitur.
3386 5267 3625 5334 Quilibet
3648 5268 3815 5333 enim,
3846 5266 3891 5320 si
3924 5268 3996 5321 sit

2437 5368 2489 5423 in
2531 5363 2834 5434 huiusmodi
2872 5364 3031 5417 rebus
3064 5362 3219 5431 paulo
3249 5359 3615 5425 exercitatior,
3646 5358 3800 5413 facile
3831 5366 3986 5426 pote-

2443 5461 2511 5515 rit
2562 5457 2845 5513 Enstathio
2883 5456 3107 5519 mederi,
3147 5454 3429 5508 Ambrosio
3476 5451 3718 5512 fortassis
3748 5464 3854 5503 non
3890 5449 3996 5505 nisi

2442 5550 2768 5607 diliicillime.
2802 5549 2867 5603 Et
2898 5564 3026 5603 vero
3068 5546 3286 5601 czecutit
3337 5545 3428 5612 qui
3467 5558 3571 5597 non
3620 5541 3766 5595 videt
3809 5540 3996 5595 Eusta-

2445 5648 2684 5701 thianum
2737 5651 2973 5697 erratum
3033 5637 3319 5695 Eustathio
3364 5634 3465 5704 ipsi
3502 5633 3846 5688 tribuendum
3888 5645 3997 5687 non

2508 5844 2581 5918 (ὑ)
2611 5842 2862 5897 Ambros.
2886 5836 2939 5892 in
2975 5837 3137 5905 Ηα..
3173 5837 3265 5893 lib.
3296 5852 3350 5893 v.
3378 5848 3497 5906 cap.
3526 5832 3599 5888 25
