4212 6500
1336 464 1398 516 υ.
1445 462 1592 518 JUL.
1638 458 1966 516 GARNEBII
2007 458 2395 516 PREFATIO.

3339 469 3461 513 CXC!

208 591 337 640 esse,
361 587 458 632 seu
496 572 765 641 librariis,
801 575 891 645 qui
932 573 1404 647 aliud‘c‘bglt'mres
1439 594 1457 627 ι
1482 590 1733 631 verucam
1760 594 1780 627 ι
1812 583 1861 639 Α
1889 574 2160 642 scriptura
2188 573 2492 629 habendam
2536 586 2677 638 esse,
2716 587 2835 631 cum
2864 571 3111 628 alterutri
3143 582 3326 643 aperte
3379 573 3458 627 la-

210 686 299 740 prn
329 688 348 721 ι
369 683 537 723 eruca
562 688 581 721 ι
625 670 919 737 scripsere.
946 667 1145 723 Fateor
1178 668 1427 737 equidem
1458 668 1573 737 pari
1606 667 1777 722 facili-

213 772 362 817 tatee
386 776 447 816 re
482 762 867 830 expediturum
895 774 1038 827 sese,
1077 760 1171 829 qui
1195 761 1482 816 lectionem
1525 761 1784 815 editionis

211 855 463 910 Romana:
494 853 800 908 admiserit.
822 852 1034 906 Etenim
1067 867 1191 907 cum
1230 853 1279 906 in
1306 853 1407 906 hac
1447 854 1683 907 editione
1710 852 1785 907 le-

212 958 361 1017 μίαν
386 964 401 1000 :
430 964 451 998 ι
476 946 532 999 in
569 944 806 1015 speciem
839 958 1037 1008 erucae,
1066 961 1085 993 ι
1115 942 1225 1013 jam
1250 945 1505 1000 nihilerit
1529 945 1782 1014 amplius,

210 1040 348 1110 quod
371 1040 550 1109 possit
581 1040 877 1109 quidquam
915 1044 1185 1096 lacessere
1220 1038 1442 1105 negotii,
1476 1052 1595 1090 cum
1624 1036 1785 1092 lectio

211 1134 402 1188 istliac
436 1142 491 1188 et
526 1134 604 1188 rei
639 1135 845 1204 optime
868 1133 1176 1197 conveniat,
1213 1139 1266 1185 et
1302 1130 1427 1184 illud
1468 1129 1671 1195 Basilii,
1705 1130 1785 1193 εἰς

210 1226 459 1298 κάμπην.
494 1228 765 1297 exprimat
793 1234 1067 1282 accurate.
1104 1223 1209 1279 Sed
1249 1232 1507 1278 constans
1537 1222 1621 1277 ille
1649 1222 1784 1276 alia-

209 1333 326 1372 rum
367 1319 667 1373 editionum
701 1328 754 1372 et
788 1319 1031 1372 omnium
1084 1315 1334 1371 codicum
1382 1330 1541 1368 manu
1585 1328 1783 1368 exara-

212 1420 387 1464 torum
431 1410 484 1464 in
519 1410 730 1478 vulgata
782 1408 1014 1463 lectione
1061 1408 1258 1461 tuenda
1300 1420 1596 1461 consensus
1622 1416 1783 1457 acce-

210 1501 339 1555 dere
380 1515 467 1554 me
492 1500 619 1554 huic
653 1500 891 1569 Opinioni
922 1514 1026 1554 non
1084 1501 1238 1556 sinit.
1267 1499 1584 1566 Quanquam
1640 1498 1781 1551 enim

211 1593 312 1647 hoc
346 1604 638 1646 commune
664 1592 850 1643 vitium
892 1600 972 1645 est
1010 1591 1267 1655 librariis,
1316 1604 1500 1643 vocem
1539 1604 1633 1658 pro
1657 1584 1781 1653 alia,

213 1699 332 1737 cum
378 1697 541 1736 voces
576 1683 717 1735 inter
757 1696 815 1735 se
849 1682 1052 1735 similes
1083 1688 1233 1745 sunt,
1265 1696 1535 1750 apponere
1564 1697 1578 1733 :
1617 1680 1666 1733 id
1702 1690 1781 1732 ta-

215 1790 356 1837 men,
392 1773 439 1826 si
474 1774 580 1827 sint
612 1773 768 1829 valde
796 1774 1087 1828 dissimiles
1138 1788 1320 1835 voces,
1350 1773 1530 1827 facere
1560 1786 1664 1826 non
1694 1784 1782 1824 so-

210 1864 339 1918 lent.
397 1863 500 1918 Vix
537 1879 773 1933 unquam
833 1866 994 1934 igitur
1042 1865 1172 1919 mihi
1218 1864 1546 1933 persuadere
1590 1870 1781 1930 potero

1885 674 2048 720 veant
2074 664 2338 720 lectiones
2370 664 2507 727 aliae,
2530 682 2549 715 ι
2585 672 2705 733 post
2716 663 2894 733 pridie
2926 681 2945 715 ι
2972 674 3027 718 et
3067 681 3087 716 ι
3108 664 3397 732 postridui.
3434 683 3455 718 ι

1885 753 2040 809 Nunc
2067 770 2196 825 ergo
2225 756 2536 820 videndum,
2568 762 2687 808 utra
2717 752 2989 821 scriptura
3011 754 3082 808 sit
3103 762 3159 808 et
3196 755 3378 809 Verior
3405 763 3463 810 et

1889 846 2318 902 convenientior.
2349 846 2507 900 Certe
2528 844 2574 900 si
2604 858 2706 914 qua
2738 852 3018 898 exstarent
3045 846 3311 915 exempla,
3340 847 3461 916 qui-

1883 937 1986 993 bus
2024 937 2198 991 evinci
2232 944 2413 1008 posset
2452 949 2643 989 vocem
2680 953 2698 985 ‹
2743 934 3025 1004 postridie,
3056 953 3074 987 ι
3108 937 3458 1005 quemadmo-

1886 1029 2010 1082 dum
2048 1046 2066 1079 ι
2105 1043 2284 1091 mane,
2317 1045 2337 1078 ι
2373 1025 2666 1094 aliquando
2710 1026 2942 1081 nominis
2969 1026 3146 1081 locum
3192 1028 3457 1093 obtinere,

1885 1133 1946 1174 ea
1976 1119 2104 1172 mihi
2138 1118 2298 1172 lectio
2333 1117 2470 1172 satis
2505 1117 2851 1186 probaretur,
2902 1126 3012 1171 tum
3037 1118 3181 1186 quod
3209 1119 3458 1187 impressi

1882 1226 2070 1265 omnes
2110 1209 2233 1263 libri
2275 1220 2329 1262 et
2382 1210 2597 1264 codices
2625 1210 2830 1277 aliquot
2876 1223 3007 1263 mss.
3043 1209 3191 1262 illam
3236 1211 3460 1265 totidem

1884 1299 2107 1369 syllabis
2160 1308 2431 1361 tueantur,
2480 1309 2593 1353 tum
2641 1299 2783 1367 quod
2814 1299 3081 1368 scriptura
3110 1300 3225 1366 illa,
3265 1318 3285 1351 ι
3339 1309 3465 1369 post

1882 1391 2079 1457 pridie,
2122 1408 2139 1440 ι
2196 1389 2323 1443 licet
2368 1389 2504 1444 falsa
2537 1392 2918 1460 mendosaque,
2954 1391 3198 1445 eamdem
3230 1406 3333 1447 non
3363 1407 3462 1461 pa-

1882 1498 2001 1536 rum
2036 1482 2341 1537 conﬁrmet.
2376 1482 2481 1537 Sed
2508 1497 2653 1549 cum,
2688 1482 2789 1537 nisi
2826 1482 2983 1537 valde
3007 1482 3182 1548 fallor,
3212 1484 3457 1555 exempla

1883 1572 2144 1641 ejusmodi
2170 1573 2770 1643 frustraquzererentur,
2794 1574 2968 1643 placet
2994 1576 3167 1644 magis
3196 1576 3463 1645 scriptura

1883 1666 2007 1729 alia,
2045 1684 2063 1717 ε
2108 1667 2490 1733 postriduum:
2535 1686 2553 1718 ι
2598 1682 2717 1736 quae
2758 1678 3115 1737 prmterquam
3176 1672 3318 1738 quod
3361 1671 3465 1727 ﬁde

1883 1764 2119 1824 quatuor
2150 1756 2398 1811 codicum
2442 1759 2653 1824 nititur,
2689 1758 2801 1827 ipsa
2830 1773 3048 1827 quoque
3075 1761 3319 1815 nonnihil
3348 1778 3463 1818 mo-

1884 1847 2053 1901 menti
2087 1856 2245 1916 atque
2282 1847 2496 1903 roboris
2547 1864 2611 1903 ex
2648 1849 2907 1906 mendoso
2937 1851 3048 1916 illo,
3094 1871 3114 1903 ‹
3144 1854 3406 1922 posuidui
3437 1874 3456 1907 ι

212 1956 501 2026 scripsisse
534 1957 904 2018 Ambrosium,
939 1974 957 2006 (
997 1957 1048 2009 in
1098 1960 1333 2024 speciem
1360 1968 1556 2018 erucae,
1600 1972 1618 2004 ›
1658 1969 1779 2007 cum

1887 1940 2141 2009 acquirit.
2175 1940 2367 1996 Latine
2406 1951 2587 1995 autem
2637 1942 2746 1996 dici
2784 1960 2805 1994 ι
2858 1945 3220 2013 postriduum,
3256 1964 3276 1998 ι
3314 1956 3465 2017 patet

211 2050 254 2104 si
285 2049 360 2103 ita
402 2059 570 2112 esset,
605 2064 876 2116 nunquam
910 2048 1149 2101 librariis
1179 2047 1418 2101 venisset
1449 2046 1501 2099 in
1548 2056 1781 2099 mentem

211 2156 400 2196 vocem
438 2159 457 2192 ι
495 2140 665 2193 caulis
700 2158 719 2191 ι
750 2140 1112 2206 comminisci,
1160 2141 1231 2195 ob
1278 2155 1529 2208 magnam
1581 2139 1791 2193 scilicet

209 2235 401 2288 harum
431 2247 648 2298 vocum,
681 2249 700 2282 ι
737 2244 918 2286 eruca:
954 2251 972 2284 ι
1003 2242 1058 2287 et
1091 2250 1110 2283 ι
1153 2232 1345 2294 caulis,
1389 2250 1406 2283 ι
1440 2232 1580 2286 inter
1598 2246 1655 2285 se
1685 2232 1787 2286 dis-

208 2324 640 2380 similitudinem.
696 2323 775 2379 Ex
829 2340 938 2394 quo
990 2325 1124 2379 satis
1182 2324 1501 2393 intelligitur
1552 2325 1786 2378 editores

208 2414 482 2470 Romanos
502 2414 660 2482 hujus
683 2416 932 2470 lectionis
955 2426 1207 2470 auctores
1222 2431 1341 2471 esse
1362 2426 1415 2469 et
1439 2416 1783 2479 architectos;

207 2508 297 2577 qui
344 2522 473 2561 cum
510 2507 756 2561 viderent
808 2507 1075 2575 vulgatam
1126 2506 1441 2571 lectionem,
1479 2523 1498 2557 ι
1533 2504 1724 2570 caulis,
1760 2523 1780 2557 ι

208 2599 427 2655 tolerari
450 2615 555 2653 non
595 2613 777 2668 posse,
803 2599 946 2653 hunc
975 2597 1247 2653 Ambrosii
1280 2597 1455 2652 locum
1486 2612 1548 2652 ex
1577 2596 1784 2653 Graecis

213 2690 399 2744 Basilii
453 2691 745 2743 emendare
778 2705 882 2743 non
922 2689 1260 2744 dubitarunt.
1290 2688 1477 2759 Neque
1514 2704 1643 2745 vero
1686 2704 1787 2744 nos

213 2777 385 2846 magis
411 2774 639 2845 adjuvat
662 2775 972 2843 conjectura
1000 2776 1220 2841 Latinii,
1257 2777 1346 2845 qui
1379 2777 1659 2849 legendum
1694 2794 1789 2831 su-

214 2869 478 2935 spicatur,
523 2887 543 2919 ι
599 2872 653 2921 in
694 2867 925 2935 speciem
980 2882 1200 2935 campie.
1233 2885 1252 2918 ι
1293 2866 1426 2921 Nam
1478 2883 1641 2923 voces
1678 2869 1786 2937 hac,

214 2979 232 3010 ι
267 2958 440 3011 caulis
478 2974 499 3007 ι
552 2964 607 3010 et
644 2973 663 3007 ι
717 2971 942 3026 campie,
976 2975 995 3009 ι
1031 2958 1199 3024 magis
1251 2972 1464 3028 quoque
1515 2959 1657 3012 inter
1718 2974 1778 3015 se

210 3052 496 3115 dissident,
521 3062 687 3117 quam
714 3060 773 3103 ut
798 3066 985 3105 omnes
1013 3050 1190 3105 omnis
1219 3052 1401 3106 aetatis
1430 3052 1783 3122 omniumque

213 3145 493 3212 regionum
516 3141 721 3196 librarii
753 3144 903 3212 quasi
924 3158 987 3198 ex
1016 3152 1297 3211 eompacto
1341 3159 1443 3213 pro
1478 3162 1498 3196 ι
1531 3160 1733 3214 campie
1758 3164 1779 3199 ι

210 3230 530 3296 scripserint
570 3246 589 3280 ι
626 3230 834 3296 caulis;
882 3249 900 3281 ι
953 3231 1114 3297 idque
1160 3245 1225 3284 co
1271 3232 1462 3300 magis,
1508 3237 1650 3301 quod
1680 3249 1779 3288 vox

216 3343 234 3376 ι
255 3325 425 3379 caulis
443 3345 463 3378 ι
492 3326 883 3395 ineptissimam
908 3327 1230 3379 sententiam
1247 3324 1498 3380 ediceret.
1525 3324 1640 3381 Jam
1659 3341 1779 3380 cum

211 3434 388 3487 neque
409 3432 598 3473 vocem
617 3430 825 3471 «eruca:
853 3436 872 3467 ›
892 3431 1064 3485 neque
1085 3432 1270 3472 vocem
1296 3435 1315 3469 ι
1340 3433 1542 3489 campaa
1577 3439 1595 3471 ›
1617 3419 1778 3488 recipi

208 3511 402 3565 merito
420 3524 581 3578 posse
598 3506 1099 3574 ostenderimus,vel
1116 3509 1262 3564 inviti
1281 3508 1544 3565 fateamur
1562 3527 1782 3567 necesse

208 3608 289 3654 est
313 3613 587 3653 summum
619 3596 793 3649 virum
830 3597 1173 3653 Ambrosium
1222 3601 1419 3669 aliquid
1455 3602 1542 3655 hic
1587 3604 1781 3657 huma-

206 3692 263 3745 ni
309 3705 528 3759 passum
567 3702 707 3753 esse,
738 3698 792 3743 et
828 3690 946 3743 ideo
977 3706 1249 3757 peccasse,
1288 3702 1377 3745 aut
1407 3694 1545 3761 quod
1581 3708 1637 3746 re
1666 3696 1777 3763 ipsa

204 3780 259 3835 in
314 3780 498 3848 aliquo
542 3779 796 3833 mendoso
844 3778 1027 3833 codice
1086 3782 1346 3849 repererit
1391 3783 1472 3845 εἰς
1505 3782 1781 3854 κράμϐην,

212 3890 232 3924 ι
269 3873 320 3925 in
360 3872 532 3925 caulis
586 3870 840 3939 speciem,
871 3889 890 3922 ι
927 3886 1023 3940 pro
1063 3873 1141 3936 εἰς
1175 3873 1423 3944 κάμπην,
1460 3892 1477 3925 t
1514 3874 1566 3927 in
1608 3888 1782 3928 eruca:

206 3963 473 4032 speciem;
498 3980 516 4013 ι
538 3972 632 4016 aut
664 3964 824 4033 quod,
842 3961 886 4016 si
917 3963 1084 4018 codex
1118 3963 1309 4017 mendo
1329 3964 1570 4029 carebat,
1604 3964 1781 4017 nomi-

210 4057 294 4112 nis
323 4056 676 4115 similitudine
708 4057 982 4125 deceptus,
1039 4071 1136 4125 pro
1185 4056 1412 4126 κάμπην
1462 4056 1562 4113 sibi
1609 4056 1782 4129 legere

207 4148 355 4202 visus
398 4148 472 4200 sit
510 4148 785 4217 κράμϐην.

281 4238 372 4293 29.
408 4238 635 4304 Quando
670 4249 847 4291 autem
878 4240 1043 4294 semel
1099 4239 1440 4292 Ambrosium
1488 4239 1539 4294 in
1594 4256 1784 4294 manus

206 4331 560 4400 sumpsimus,
605 4345 711 4383 non
768 4339 875 4383 tam
936 4331 1043 4385 cito
1088 4330 1153 4383 ab
1185 4344 1249 4382 eo
1304 4331 1637 4385 avellamur:
1690 4332 1783 4386 sed

207 4436 575 4492 proponamus
627 4419 799 4476 locum
831 4421 1115 4489 quemdam
1156 4435 1186 4474 e
1216 4418 1577 4488 libro-{quinto
1600 4423 1654 4475 in
1684 4420 1786 4474 lle-

207 4530 406 4577 εαεπι..
430 4526 551 4579 cap.
576 4512 669 4574 25,
690 4509 953 4566 diﬂicilem
976 4511 1281 4573 admodum,
1297 4519 1349 4563 et
1378 4511 1449 4563 ita
1467 4512 1779 4575 obscurum,

208 4613 266 4657 ut
286 4602 498 4671 (Εόίρο
528 4602 706 4671 aliquo
740 4606 803 4657 ad
838 4613 1071 4657 mentem
1099 4602 1369 4656 Ambrosii
1394 4604 1781 4672 assequendam
1812 4632 1860 4690 Β

206 4708 343 4765 Opus
397 4705 522 4744 esse
564 4692 830 4747 videatur.
882 4691 1156 4747 Ambrosii
1212 4693 1378 4762 igitur
1442 4692 1555 4745 haec
1607 4703 1776 4748 sunt:

214 4806 233 4839 ι
276 4785 441 4840 Certe
473 4781 618 4836 illius
647 4782 806 4834 tridui
828 4772 1078 4837 nostrum
1120 4783 1224 4837 hoc
1262 4782 1525 4852 postridie
1554 4782 1780 4840 laborio-

208 4880 323 4934 sius
355 4886 465 4932 est.
507 4894 528 4928 ι
572 4873 689 4930 Jam
721 4872 824 4927 duo
863 4874 1030 4942 quaeri
1075 4885 1321 4943 possunt,
1364 4876 1633 4945 quomodo
1678 4877 1777 4945 legi

209 4978 479 5039 Oporteat,
510 4977 569 5022 et
600 4968 723 5037 quis
745 4967 933 5022 horum
966 4968 1254 5022 verborum
1286 4983 1477 5024 sensus
1504 4969 1591 5023 sit.
1618 4969 1777 5035 Qua:-

208 5063 314 5115 stio
342 5061 521 5130 prima
559 5059 760 5128 pendet
799 5059 1027 5114 multum
1059 5073 1128 5112 ex
1170 5059 1508 5114 variantibus
1541 5059 1779 5115 lectioni-

209 5148 328 5215 bus,
358 5164 496 5221 quas
527 5149 753 5217 proinde
787 5150 993 5204 referre
1031 5162 1209 5219 opera:
1239 5150 1469 5215 pretium
1504 5158 1608 5204 est.
1644 5149 1780 5203 Dilli-

208 5242 381 5299 cultas
409 5245 512 5299 sita
540 5252 623 5299 est
664 5251 772 5298 tota
816 5245 869 5299 in
903 5260 1033 5307 voce
1072 5263 1090 5297 ι
1120 5244 1402 5316 postridie,
1435 5268 1454 5301 ι
1488 5261 1604 5316 qua:
1626 5249 1778 5303 aliter

208 5335 259 5389 in
290 5337 416 5391 aliis
442 5336 720 5391 codicibus
744 5335 960 5404 legitur.
998 5335 1193 5393 Vocem
1224 5356 1242 5389 ι
1273 5340 1532 5408 postridie
1565 5357 1582 5390 ι
1627 5342 1780 5394 ειιιὶο

208 5425 331 5481 biant
356 5443 549 5483 omnes
603 5427 725 5482 libri
768 5429 897 5483 editi
949 5445 1071 5484 cum
1127 5430 1329 5499 aliquot
1376 5432 1671 5486 codicibus.
1710 5435 1779 5486 At

208 5517 389 5581 Carm,
410 5519 600 5582 C0rh.,
622 5519 723 5572 Th.
751 5535 813 5573 ac
840 5519 975 5587 Reg.
998 5522 1198 5572 habent
1228 5540 1247 5573 (
1270 5529 1387 5589 post
1412 5510 1635 5589 pridie.)
1659 5524 1773 5592 Big.

207 5620 255 5659 et
275 5607 427 5661 Gem.
465 5627 483 5658 ι
531 5608 854 5674 μοδιτίἀυί,ι
886 5608 1096 5672 Germ.,
1133 5609 1285 5661 Colb.
1322 5626 1441 5661 cum
1472 5610 1609 5663 Vict.
1643 5613 1775 5666 duo-

209 5696 301 5748 bus
335 5717 352 5745 ¢
391 5698 756 5763 postriduum.
813 5716 831 5747 ι
875 5697 948 5747 Ex
1010 5698 1206 5762 quibus
1251 5699 1386 5750 elIici
1446 5699 1678 5761 videtur,
1724 5702 1769 5752 si

206 5794 441 5836 veterum
498 5784 760 5835 librorum
816 5784 1077 5836 habeatur
1132 5785 1289 5848 ratio,
1335 5800 1519 5836 vocum
1552 5788 1764 5849 harum,

212 5888 228 5920 ι
269 5873 526 5939 postridie
562 5891 582 5923 ι
614 5880 668 5924 et
711 5888 730 5921 ι
767 5873 1121 5939 postriduum,
1166 5890 1183 5920 ι
1221 5872 1440 5928 alteram
1498 5889 1592 5939 pro
1635 5889 1756 5927 vera

1896 2046 1965 2086 ex
1990 2030 2254 2087 Plautinis
2281 2032 2388 2087 illis
2420 2033 2472 2086 in
2510 2025 2724 2087 Milite:
2768 2052 2786 2083 ι
2822 2032 3111 2090 Postriduo
3145 2046 3301 2093 natus
3343 2053 3461 2092 sum

1891 2137 1991 2193 ego
2017 2122 2233 2188 mulier,
2256 2138 2416 2193 quam
2444 2121 2655 2191 Jupiter
2684 2137 2750 2177 ex
2774 2126 2887 2194 Ope
2914 2133 3072 2180 natus
3095 2136 3197 2181 est.
3238 2146 3259 2180 ι
3295 2127 3463 2185 Nemo

1886 2216 2030 2270 enim
2072 2216 2306 2286 ignorat,
2341 2216 2443 2271 nisi
2474 2216 2545 2269 sit
2582 2232 2761 2270 rerum
2788 2219 3262 2287 grammaticaruni
3286 2222 3463 2277 omni-

1888 2322 1957 2360 no
1998 2310 2169 2372 rudis,
2221 2308 2484 2362 vocabula
2528 2306 2639 2373 illa,
2676 2324 2695 2359 ι
2733 2318 2945 2378 sponte,
3002 2310 3163 2376 forte,
3216 2323 3459 2384 repente,

1886 2399 2235 2467 postriduo,»
2293 2410 2347 2453 et
2396 2400 2500 2452 alia
2555 2401 2606 2453 id
2640 2414 2830 2470 genus,
2880 2416 3000 2471 qua:
3041 2418 3139 2472 pro
3194 2406 3464 2462 adverbiis

1886 2504 2025 2545 sumi
2061 2488 2256 2555 solent,
2289 2490 2505 2560 proprie
2543 2500 2718 2544 tamen
2768 2492 3020 2547 adverbia
3046 2510 3152 2547 non
3195 2509 3336 2559 esse,
3368 2496 3461 2550 sed

1886 2584 2136 2649 nomina,
2165 2598 2399 2651 quorum
2433 2581 2547 2637 fere
2571 2592 2759 2639 sextus
2784 2599 2943 2640 casus
2961 2585 3108 2641 solus
3146 2595 3457 2656 usurpatur.

1884 2671 2071 2742 Itaque
2119 2672 2401 2743 legendum
2449 2688 2570 2727 esse
2618 2674 2855 2730 arbitror
2920 2676 2975 2729 in
3030 2691 3094 2731 eo
3146 2692 3305 2745 quem
3352 2678 3460 2732 dixi

1885 2764 2161 2819 Ambrosii
2212 2764 2352 2831 loco,
2389 2782 2408 2816 ι
2447 2766 2805 2835 postriduum.
2856 2786 2875 2819 ι
2908 2765 3024 2822 Jam
3076 2769 3218 2839 quod
3269 2770 3463 2824 attinet

1887 2856 1955 2909 ad
2005 2855 2228 2909 alteram
2263 2856 2637 2927 quaestionem,
2675 2858 2803 2926 quid
2857 2860 3074 2913 tandem
3133 2860 3241 2915 sibi
3295 2860 3463 2915 velint

1886 2947 1977 3003 illa
2005 2948 2311 3003 Ambrosii:
2354 2967 2372 2999 ‹
2408 2949 2571 3004 Certe
2602 2948 2745 3003 illius
2782 2950 2945 3004 tridui
2978 2961 3221 3005 nostrum
3242 2954 3343 3007 hec
3371 2968 3464 3021 po-

1886 3038 2150 3093 striduum
2180 3040 2506 3095 laboriosius
2531 3050 2636 3108 est,
2673 3060 2691 3092 ι
2736 3040 2915 3095 lateor
2946 3041 3000 3096 id
3027 3043 3159 3097 mihi
3194 3042 3342 3098 dictu
3376 3045 3456 3098 vi-

1886 3131 2001 3186 deri
2047 3130 2380 3200 perdiﬂicile.
2436 3132 2699 3202 Experiar
2747 3143 2945 3187 tamen.
2982 3132 3038 3187 ln
3063 3136 3250 3203 primis
3280 3146 3459 3190 autem

1886 3222 2027 3275 scire
2056 3222 2207 3290 juvat
2248 3224 2346 3275 has
2376 3224 2431 3275 in
2466 3222 2722 3277 Hexaem.
2755 3224 3029 3280 orationes
3058 3226 3126 3279 ab
3173 3226 3462 3283 Ambrosio

1884 3313 1951 3366 ad
1982 3311 2237 3381 pupulum
2278 3312 2483 3369 ultimis
2510 3327 2605 3369 sex
2640 3314 3079 3387 Quadragesima:
3120 3317 3310 3375 diebus
3363 3322 3461 3374 ha-

1884 3403 2024 3459 bitas
2061 3420 2200 3473 esse,
2224 3406 2325 3461 hoc
2352 3415 2454 3469 est,
2486 3407 2599 3477 ipsa
2640 3407 2972 3463 hebdomade
3003 3409 3203 3476 majore
3230 3427 3259 3464 a
3315 3410 3455 3467 feria

1883 3498 2121 3550 secunda
2149 3499 2215 3550 ad
2269 3497 2566 3551 Sabbatum
2612 3514 2804 3567 usque.
2837 3499 2946 3553 Nec
2977 3514 3301 3569 quemquam
3331 3513 3461 3569 puto

1882 3602 1946 3643 ea
1982 3588 2049 3643 de
2101 3603 2160 3644 re
2200 3588 2595 3658 dubitaturum,
2640 3591 2730 3660 qui
2792 3592 3110 3661 praeclaram
3154 3593 3299 3648 illam
3341 3610 3461 3665 quae

1890 3684 2041 3753 operi
2074 3682 2433 3739 Ambrosiano
2470 3686 2765 3755 praetigitur
2794 3687 3213 3742 admonitionem
3244 3687 3459 3757 legerit,

1885 3776 1937 3828 iu
1973 3792 2073 3843 qua
2122 3786 2181 3831 ut
2214 3778 2316 3831 alia
2374 3779 2665 3847 permulta,
2704 3778 2777 3833 ita
2830 3778 2931 3834 hoc
2968 3794 3178 3850 quoque
3221 3782 3378 3837 docte
3406 3792 3462 3838 et

1883 3868 2029 3922 clare
2071 3878 2354 3923 tractatur.
2392 3870 2460 3923 Et
2490 3870 2690 3939 alioqui
2720 3874 2783 3925 de
2818 3873 2916 3925 hac
2949 3874 3206 3942 temporis
3229 3884 3352 3929 nota
3371 3892 3459 3931 sa-

1886 3958 1953 4011 tis
1973 3959 2224 4013 convenit
2264 3969 2407 4014 inter
2429 3960 2695 4015 eruditos.
2722 3958 2894 4015 Velim
2937 3962 3159 4033 insuper
3190 3968 3458 4021 memine-

1882 4048 2054 4105 rimus
2082 4051 2280 4106 dixisse
2308 4052 2557 4107 Plautum
2589 4072 2607 4105 ι
2656 4055 2955 4125 postriduo,
3006 4075 3024 4108 ι
3058 4073 3157 4128 pro
3190 4076 3209 4111 ι
3240 4068 3459 4129 postero

1882 4140 2001 4207 die;
2042 4160 2060 4194 ι
2105 4143 2175 4197 ob
2228 4144 2388 4212 idque
2432 4145 2568 4200 nihil
2615 4147 2829 4212 obesse,
2890 4149 3019 4215 quin
3064 4151 3253 4206 eodem
3295 4168 3458 4207 sensu

1882 4250 2015 4290 voce
2045 4254 2063 4286 ι
2100 4237 2435 4304 postriduum
2476 4256 2495 4289 ι
2536 4253 2665 4293 usus
2713 4239 2786 4293 sit
2817 4239 3155 4298 Ambrosius.
3189 4242 3327 4299 llinc
3362 4258 3459 4298 au-

1886 4337 1992 4380 tem
2044 4329 2297 4394 colligere
2356 4329 2483 4383 licet
2533 4330 2647 4383 haec
2692 4330 2967 4387 Ambrosii
3022 4334 3206 4400 verba,
3254 4353 3275 4387 ι
3306 4346 3458 4392 certe

1884 4418 2028 4473 illius
2088 4419 2252 4471 tridui
2306 4432 2549 4475 noStrum
2605 4422 2708 4476 hoc
2755 4425 3093 4492 postriduum
3136 4425 3457 4482 laboriosius

1884 4521 1979 4572 est,
2018 4528 2035 4561 ι
2090 4510 2272 4565 reduci
2316 4527 2474 4580 posse
2502 4512 2569 4566 ad
2597 4513 2734 4569 hanc
2769 4514 3023 4580 formam,
3064 4535 3082 4567 ι
3128 4527 3276 4572 certe
3304 4518 3457 4575 illius

1888 4601 2051 4655 tridui
2088 4612 2271 4657 noster
2318 4604 2404 4659 hic
2455 4616 2704 4674 posterus
2754 4607 2871 4661 dies
2924 4606 3244 4662 laboriosior
3293 4619 3396 4664 est.
3428 4628 3452 4663 s

1889 4692 1999 4745 lloc
2038 4691 2200 4761 igitur
2232 4694 2373 4749 dicet
2404 4697 2591 4752 doctor
2626 4698 2872 4767 egregius
2907 4714 2921 4749 :
2958 4696 3076 4751 Jam
3109 4702 3455 4768 pervenimus

1886 4783 1951 4836 ad
1978 4792 2083 4837 tres
2115 4783 2330 4841 ultimos
2354 4788 2789 4858 Quadragesimie
2813 4789 2945 4855 dies,
2973 4794 3066 4862 qui
3100 4793 3322 4864 reliquis
3350 4796 3454 4850 bu-

1880 4876 1970 4946 jus
1997 4880 2137 4932 sacri
2169 4879 2358 4949 jejunii
2393 4882 2583 4936 diebus
2615 4882 2996 4939 laboriosiores
3020 4886 3184 4941 multo
3217 4898 3341 4943 sunt
3369 4900 3451 4945 at-

1884 4982 1987 5035 que
2020 4969 2367 5027 dilliciliores.
2402 4972 2586 5027 Tridui
2609 4973 2751 5028 illius
2777 4976 2915 5028 diem
2949 4977 3181 5044 primam
3207 4979 3452 5035 celebra-

1884 5057 2074 5115 bamus
2113 5063 2248 5116 heri.
2277 5062 2624 5118 Celebramus
2647 5064 2805 5119 hodie
2827 5066 2967 5120 diem
2997 5068 3309 5134 secundam,
3330 5085 3451 5125 cras

1888 5148 2209 5204 celebraturi
2254 5150 2496 5216 tertiam,
2543 5154 2649 5207 hoc
2690 5163 2791 5221 est,
2823 5155 2962 5209 diem
3003 5155 3220 5212 Sabbati
3252 5162 3450 5215 sancti.

1887 5238 2079 5295 Totum
2109 5242 2233 5295 illud
2268 5243 2505 5296 triduum
2546 5244 2815 5300 laboriose
2842 5246 3059 5314 quidem
3110 5250 3445 5306 traducitur:

1883 5336 1978 5387 sed
2015 5343 2192 5388 tamen
2238 5334 2384 5388 illius
2424 5345 2670 5404 posterus
2701 5338 2817 5393 dies
2845 5338 3016 5395 labori
3050 5341 3241 5408 majori
3276 5344 3447 5399 obno-

1884 5425 2005 5479 xius
2040 5435 2141 5479 est.
2188 5425 2256 5480 Et
2306 5442 2435 5482 vero
2472 5430 2685 5484 tametsi
2731 5442 2941 5487 constat
2990 5432 3286 5489 Sabbatum
3323 5451 3447 5491 san-

1882 5528 2026 5570 ctum
2082 5519 2283 5587 ubique
2328 5529 2594 5573 terrarum
2639 5524 2776 5591 apud
2833 5524 3169 5579 Christianos
3224 5542 3345 5581 cum
3376 5530 3444 5581 ob

1880 5619 2068 5660 camera
2103 5609 2258 5674 hujus
2294 5611 2397 5662 diei
2428 5612 2624 5673 oﬂicia,
2661 5622 2768 5663 tum
2800 5615 3031 5668 maxime
3048 5618 3114 5668 ob
3146 5618 3440 5687 baptisma-

1878 5695 1946 5745 tis
1980 5698 2327 5749 cmremonias
2355 5698 2676 5751 laboriosum
2723 5699 2890 5755 fuisse
2935 5721 2946 5753 :
2994 5705 3203 5757 videtur
3260 5717 3434 5759 tamen

1876 5782 2058 5833 nescio
2088 5785 2354 5847 quomodo
2397 5784 2562 5837 fuisse
2596 5786 2915 5841 laboriosius
2964 5788 3265 5842 Mediolani.
3321 5794 3426 5842 lte-

1870 5870 1974 5923 lert
2011 5870 2152 5924 enim
2200 5872 2475 5941 Paulinus,
2524 5876 2663 5943 quod
2697 5893 2921 5944 magnus
2968 5880 3056 5932 ille
3110 5882 3418 5935 Ariibwsius
