4212 6504
1316 435 1377 491 D.
1418 432 1559 489 JUL.
1600 432 1925 489 GARNEBII
1964 431 2352 488 PIUEFATIO.

3270 446 3434 491 σιειιι

194 547 259 601 sit
283 555 334 602 et
354 554 573 618 gratum
598 562 950 619 cognoscere,
980 550 1107 618 quid
1131 549 1269 606 alius
1300 552 1536 620 scriptor
1559 553 1626 607 ab
1654 551 1757 607 alio
1785 559 1831 615 Α
1859 549 2019 605 veluti
2050 550 2102 604 in
2149 547 2421 604 communi
2452 547 2761 601 animarum
2796 547 3155 603 curandarum
3187 547 3424 615 ollicina,

196 638 512 708 sumpserit,
544 654 763 709 quoque
801 642 961 694 modo
987 640 1128 695 alius
1160 640 1323 696 alium
1373 653 1467 696 aut
1500 643 1760 712 interpre-

196 739 353 794 tatus,
383 740 478 784 aut
498 741 650 786 certe
673 732 912 786 imitatus
936 735 1025 797 sit,
1053 732 1232 787 omnia
1257 747 1375 800 quae
1400 742 1759 788 occurrerunt

195 821 464 875 Ambrosii
508 819 626 876 loca
664 822 753 876 hic
795 822 1069 877 ascribere
1108 836 1213 877 non
1252 823 1475 894 pigebit.
1509 824 1661 891 Quod
1700 835 1760 880 ut

196 911 366 978 magis
408 910 770 981 intelligatur,
822 912 1093 968 Ambrosii
1140 913 1373 981 primum
1421 915 1520 985 (α).
1568 915 1761 970 deinde

197 1000 379 1057 Basilii
439 1004 605 1057 verba
666 1004 966 1072 subjiciam.
1040 1021 1060 1056 r
1124 1005 1340 1061 Etenim
1402 1006 1527 1062 licet
1583 1008 1761 1064 omnis

197 1094 482 1165 Scriptura
514 1095 695 1150 divina
730 1096 820 1151 Dei
850 1098 1079 1166 gratiam
1109 1099 1301 1167 spiret,
1335 1110 1514 1155 etc....
1552 1098 1609 1153 ln
1642 1100 1763 1155 aliis

194 1187 357 1257 igitur
387 1187 602 1256 singula
635 1189 916 1242 advertere
942 1186 1090 1243 licet.
1119 1188 1357 1245 Historia
1389 1189 1631 1255 instruit,
1672 1191 1759 1245 lex

194 1282 373 1346 docet,
407 1280 690 1349 prepltetia
729 1282 1035 1347 annuntiat,
1063 1282 1331 1351 correptio
1358 1282 1611 1351 castigat,
1648 1298 1763 1337 mo-

192 1372 380 1427 ralitas
410 1372 603 1427 suadet
647 1388 663 1425 :
712 1372 767 1426 in
812 1372 951 1429 libro
985 1373 1320 1429 Psalmorum
1372 1373 1649 1444 profectus
1679 1388 1761 1431 est

193 1465 465 1527 omnium,
494 1472 551 1517 et
570 1463 833 1519 medicina
856 1466 1097 1533 quaedam
1122 1464 1313 1519 salutis
1344 1465 1613 1521 humanas.
1640 1468 1763 1535 Qui-

194 1571 408 1626 cunque
435 1554 651 1625 legerit,
677 1556 839 1611 habet
860 1572 966 1626 quo
996 1560 1227 1626 pr0prize
1248 1560 1468 1615 vulnera
1497 1559 1763 1629 passionis

194 1646 415 1717 speciali
449 1646 621 1716 possit
659 1661 851 1702 curare
882 1649 1140 1703 remedio.
1186 1651 1507 1720 Quicunque
1536 1664 1762 1704 cernere

193 1738 447 1802 voluerit,
476 1746 729 1807 tanquam
762 1737 814 1791 in
839 1741 1110 1793 communi
1138 1742 1435 1796 animarum
1461 1742 1758 1813 gymnasio,

191 1838 245 1883 et
273 1838 513 1898 quodam
546 1830 722 1884 stadio
750 1828 1009 1885 virtutum
1038 1831 1255 1885 diversa
1283 1848 1483 1902 genera
1514 1831 1761 1886 certami-

1863 658 1961 699 nos
1997 655 2189 697 omnes
2234 649 2497 711 quotquot
2536 656 2724 695 sumus
2770 640 3019 696 homines
3064 642 3133 695 ad
3184 651 3430 695 nostrum

1861 738 2109 791 morbum
2140 736 2441 789 sanandum
2485 732 2748 787 medelam
2788 732 3020 803 seligere
3064 733 3430 801 possimus....

1861 827 2019 882 Aliud
2053 826 2219 897 igitur
2254 825 2528 895 prepheta:
2556 826 2768 889 docent,
2805 824 2949 877 aliud
2978 824 3257 888 historici,
3286 825 3433 880 aliud

1862 918 1967 981 lex,
2005 916 2145 971 aliud
2184 917 2394 987 species
2418 916 2533 985 ejus
2566 930 2686 985 quae
2728 915 2782 969 in
2814 914 3120 971 Proverbiis
3155 916 3433 971 invenitur

1862 1008 2278 1065 exhortationis.
2322 1008 2391 1062 At
2431 1008 2690 1078 quidquid
2726 1008 2777 1061 in
2807 1007 3019 1063 caeteris
3050 1006 3179 1061 utile
3207 1018 3311 1069 est,
3344 1006 3433 1061 hic

1862 1115 2000 1155 unus
2033 1099 2373 1155 Psalmorum
2408 1099 2546 1154 liber
2572 1097 3041 1167 complectitur....
3091 1098 3429 1155 Psalmorum

1861 1194 2080 1249 oracula
2109 1203 2165 1249 et
2202 1193 2346 1247 domi
2377 1190 2745 1255 modulantur,
2789 1200 2844 1245 et
2879 1191 2930 1245 in
2980 1192 3154 1245 forum
3191 1191 3430 1246 circum-

1864 1286 2135 1341 ferunt....
2172 1284 2421 1339 Psalmus
2456 1283 2735 1340 consociat
2762 1283 3109 1349 dissidentes,
3153 1282 3298 1337 inter
3330 1282 3433 1336 ini-

1862 1376 2031 1430 micos
2063 1376 2290 1445 gratiam
2334 1376 2628 1444 componit.
2670 1374 2801 1443 Quis
2847 1376 2992 1429 enim
3045 1375 3219 1429 adhuc
3271 1388 3431 1437 eum,

1861 1482 2091 1537 quocum
2125 1481 2283 1520 unam
2320 1468 2386 1521 ad
2426 1468 2590 1521 Deum
2620 1483 2804 1523 vocem
2832 1468 3032 1533 emisit,
3077 1468 3196 1523 loco
3230 1466 3432 1521 inimici

1862 1560 2063 1613 habere
2096 1558 2371 1628 possit?...
2399 1557 2649 1613 Psalmus
2675 1558 3057 1629 incipientibus
3085 1559 3294 1613 initium
3326 1566 3431 1621 est,

1864 1649 2251 1704 incrementum
2314 1648 2759 1718 proﬁcientibus,
2810 1646 3067 1717 perlectis
3122 1648 3424 1702 ﬁrmamen-

1864 1747 2065 1792 tnm....
2102 1738 2350 1793 Psalmus
2383 1740 2693 1809 angelorum
2724 1754 2858 1807 opus
2884 1748 2989 1801 est,
3030 1736 3267 1793 caelestis
3299 1754 3431 1793 con-

1861 1829 2123 1894 versatio,
2158 1830 2442 1899 spirituale
2483 1832 2800 1901 thymiama.
2850 1828 2895 1885 Ο
2931 1830 3145 1899 sapiens
3189 1830 3429 1900 magistri

193 1936 316 1974 num
348 1922 629 1993 reperiens
656 1931 951 1992 praeparata
973 1963 988 1987 ,
1020 1923 1068 1975 id
1106 1923 1207 1975 sibi
1238 1924 1424 1993 eligat,
1457 1924 1539 1977 cui
1574 1938 1632 1977 se
1677 1924 1761 1976 in-
1793 1902 1835 1957 Β
1866 1924 2167 1989 inventum,
2197 1923 2288 1993 qui
2326 1932 2498 1977 artem
2532 1937 2639 1992 qua
2671 1921 2835 1975 simul
2874 1936 3211 1986 caueremus,
3244 1931 3298 1975 et
3332 1922 3435 1975 uti-

192 2010 384 2081 telligit
416 2012 778 2081 aptiorem....
806 2012 955 2065 Domi
980 2010 1222 2067 Psalmus
1259 2013 1493 2078 canitur,
1521 2012 1650 2067 foris
1678 2029 1763 2069 re-

188 2114 465 2160 censetur.
515 2105 763 2160 Psalmus
813 2103 1140 2160 dissidentes
1191 2106 1434 2176 copulat,
1483 2106 1761 2162 discordes

189 2198 383 2261 sociat,
418 2194 653 2252 oll‘ensos
683 2196 1021 2251 reconciliat.
1054 2196 1188 2265 Quis
1224 2200 1369 2253 enim
1402 2213 1504 2253 non
1533 2200 1763 2254 remittit

188 2288 259 2351 ei,
288 2301 417 2342 cum
448 2300 556 2354 quo
586 2300 748 2339 unam
784 2285 851 2340 ad
884 2287 1049 2341 Deum
1086 2303 1268 2343 vocem
1293 2289 1572 2343 emiserit?
1608 2289 1759 2343 Psal-

190 2392 405 2432 mus....
443 2376 719 2435 institutio
768 2378 1165 2448 incipientium,
1215 2380 1577 2450 proiectorum
1627 2395 1759 2435 con-

189 2468 444 2537 ﬁrmatio,
487 2469 801 2540 angelorum
846 2471 1226 2537 ministerium,
1262 2471 1451 2526 militia
1498 2472 1753 2535 caelestis,

186 2562 365 2617 hostia
401 2562 757 2632 spiritalis....
792 2562 981 2617 Certat
1017 2563 1070 2616 in
1112 2561 1327 2618 Psalmo
1360 2564 1605 2619 doctrina
1636 2580 1757 2619 cunt

186 2655 358 2725 gratia
396 2655 583 2710 simul.
627 2654 891 2711 Cantatur
934 2654 1001 2709 ad
1047 2654 1489 2723 delectationem,
1532 2658 1759 2712 discitur

184 2748 250 2801 ad
276 2747 666 2802 eruditionem.
700 2745 835 2800 Nam
863 2746 1179 2802 violentiora
1214 2758 1475 2818 przecepta
1510 2764 1613 2803 non
1644 2764 1761 2818 per-

188 2847 414 2895 manent
449 2859 462 2894 :
498 2840 639 2908 quod
666 2850 845 2895 autem
882 2855 1003 2895 cum
1033 2844 1301 2897 suavitate
1336 2844 1675 2912 perceperis,
1705 2843 1759 2897 id

186 2930 429 2985 infusum
470 2930 637 2986 semel
674 2932 987 3000 praecordiis
1041 2948 1143 2986 non
1195 2933 1477 2988 consuevit
1522 2934 1757 2989 elabi....

183 3027 446 3078 Aiunt....
478 3040 671 3079 causas
701 3038 914 3094 quoque
948 3025 1374 3081 modulaminum
1435 3038 1489 3083 et
1514 3031 1757 3099 qumdam

185 3117 423 3172 claustra
456 3115 826 3184 rhythmorum
868 3115 920 3169 in
951 3116 1230 3186 superiore
1255 3129 1406 3188 parte
1449 3134 1568 3173 esse
1610 3120 1757 3174 Psal-

1863 2014 1933 2067 lia
1966 2015 2336 2080 disceremus,
2389 2011 2760 2083 excogitavit!
2804 2011 2943 2065 unde
2987 2022 3043 2066 et
3086 2011 3257 2081 magis
3300 2027 3433 2082 qno-

1863 2105 2146 2159 dammodo
2184 2102 2380 2157 animis
2428 2110 2696 2171 praecepta
2734 2100 3139 2168 imprimuntur.
3189 2099 3289 2153 Vix
3349 2108 3432 2152 et-

1863 2195 2003 2250 enim
2036 2194 2231 2248 dnrare
2257 2192 2392 2248 solet
2415 2192 2557 2261 quod
2584 2192 2785 2246 invitus
2807 2190 3063 2246 didiceris
3105 2208 3117 2243 :
3160 2191 3301 2259 quod
3336 2204 3433 2241 au-

1864 2298 1967 2341 tem
1999 2284 2235 2355 jucunde
2270 2284 2616 2353 suaviterque
2647 2292 2926 2351 acceptum
2955 2293 3061 2347 est,
3103 2280 3347 2337 tenacius
3379 2282 3431 2334 in

1862 2380 2056 2435 animis
2091 2377 2293 2432 nostris
2325 2377 2613 2432 insitlct....
2654 2372 2975 2428 Psalterium
3030 2389 3158 2427 vero
3196 2388 3225 2426 a
3274 2383 3427 2441 parte

1862 2471 2125 2541 superiori
2168 2470 2316 2523 ducit
2362 2468 2641 2523 concinnae
2680 2482 2790 2522 sua:
2830 2464 3214 2520 modulationis
3262 2465 3429 2532 origi-

1860 2579 2072 2617 nem....
2114 2563 2379 2616 Caeterum
2416 2560 2629 2615 initium
2681 2560 3021 2615 Psalmorum
3055 2558 3352 2612 videamus.
3404 2575 3425 2608 ι

1858 2655 1994 2721 Quin
2022 2666 2077 2709 et
2099 2654 2430 2724 Augustinus
2455 2653 2587 2723 ipse,
2615 2663 2673 2707 ut
2704 2661 2889 2707 monet
2915 2652 3160 2716 Ducazus,
3189 2652 3241 2705 in
3274 2666 3428 2705 enar-

1863 2747 2068 2800 ratione
2111 2746 2167 2799 itt
2216 2744 2352 2815 psal.
2410 2760 2519 2810 LVI,
2579 2758 2702 2798 cum
2743 2743 2855 2797 btec
2905 2742 3065 2795 verba
3118 2741 3429 2810 prophetica

1862 2838 2249 2905 interpretatur
2314 2855 2325 2890 :
2379 2835 2647 2906 Exsurge,
2710 2833 3013 2903 psalterium
3066 2842 3115 2887 et
3154 2832 3357 2886 cithara
3384 2831 3430 2897 ⁷,

1863 2927 2119 2983 nonnulla
2162 2943 2193 2983 e
2219 2928 2422 2983 Graecis
2452 2926 2637 2981 Basilii
2674 2935 2947 2981 mutuatus
2987 2935 3089 2980 est.
3141 2925 3432 2995 Utriusque

1860 3022 2020 3077 verba
2048 3028 2233 3075 nostro
2260 3035 2408 3074 more
2438 3019 2757 3083 referemus,
2779 3032 3009 3088 quorum
3038 3033 3103 3071 ex
3138 3017 3429 3071 collatione

1858 3127 2187 3182 cognoscere
2217 3112 2436 3179 licebit,
2464 3112 2820 3183 Augustinum
2857 3112 3216 3183 interpretem
3261 3109 3432 3165 fuisse

186 3212 401 3265 terii....
446 3206 553 3262 Sed
596 3204 710 3274 jam
754 3206 952 3263 Psalmi
990 3210 1145 3265 istius
1178 3212 1269 3279 qui
1320 3213 1629 3292 propositus
1675 3222 1758 3267 est
1785 3251 1827 3309 ε
1862 3205 2032 3273 magis
2069 3218 2230 3275 quam
2272 3204 2601 3259 imitatorem
2644 3204 2852 3259 Basilii.
2896 3203 3225 3274 Augustinus
3268 3202 3431 3271 igitur

185 3303 365 3367 nobis,
419 3300 793 3369 ingrediamur
848 3303 1091 3356 exordia.
1156 3320 1175 3354 ι
1236 3300 1311 3371 (ι)
1351 3303 1507 3356 Πᾶσα
1568 3302 1757 3375 Γραφὴ
1787 3294 1827 3309 ν
1860 3300 1939 3354 sic
1978 3298 2257 3366 loquitur:
2293 3314 2311 3347 ι
2350 3295 2670 3351 Psalterium
2703 3306 2788 3351 est
2816 3310 3104 3367 organum,
3132 3294 3275 3366 quod
3319 3295 3433 3364 qui-

183 3394 545 3457 θεόπνευστος
589 3393 683 3446 καὶ
719 3392 1025 3463 ὠρὲλιμος,
1069 3391 1159 3446 διὰ
1189 3390 1345 3448 τοῦτο
1380 3397 1760 3467 συγγραφεϊσα

185 3486 334 3558 παρὰ
366 3485 465 3539 τοῦ
500 3485 836 3556 Πνεύματος,
878 3484 975 3549 ἵν’,
1008 3485 1194 3557 ὥσπερ
1228 3486 1287 3539 ὲν
1321 3486 1483 3558 κοινῷ
1523 3488 1630 3541 τῶν
1659 3488 1761 3559 ψυι

186 3580 294 3650 χῶν
328 3577 574 3649 ἰατρείῳ,
616 3576 813 3638 πάντες
846 3576 1119 3650 ἄνθρωποι
1160 3577 1222 3630 τὸ
1267 3578 1401 3648 ἴαμα
1432 3577 1522 3630 τοῦ
1558 3580 1758 3633 οἰκείου

185 3668 395 3731 πάθους
425 3666 659 3727 ἕκαστος
694 3664 1114 3735 ὲκλεγώμεοα...
1160 3666 1329 3720 Ἀλλα
1364 3668 1463 3738 μὲν
1498 3664 1589 3722 οὖν
1621 3685 1757 3740 προ-

186 3761 351 3828 φῆται
394 3756 733 3819 παιδεύουσι,
766 3757 860 3809 καὶ
902 3756 1035 3811 ἄλλα
1072 3759 1351 3829 ἱστορικοὶ,
1392 3760 1486 3814 καὶ
1527 3762 1555 3815 ό
1597 3762 1759 3833 νόμος

185 3850 371 3921 ἕτερα,
409 3850 505 3902 καὶ
548 3848 683 3903 ἄλλα
710 3849 771 3902 τὸ
796 3843 933 3913 εἶδος
976 3850 1075 3921 τῆς
1101 3852 1471 3924 παροιμιακῆς
1500 3854 1761 3924 παραινέ-

187 3952 343 4000 σεως.
393 3936 459 3989 Ἦ
490 3934 547 3989 δὲ
575 3935 683 3991 τῶν
711 3936 953 4007 Ψαλμῶν
985 3937 1165 4007 βίϐλος
1192 3939 1253 3992 τὸ
1284 3940 1349 3993 ὲκ
1372 3940 1589 3995 πάντων
1614 3940 1759 4011 ὠφέο

186 4030 341 4101 λιμον
370 4030 805 4100 περιείληφε.....
836 4028 917 4083 Τὰ
941 4032 1047 4084 τῶν
1076 4030 1316 4101 Ψαλμῶν
1340 4032 1492 4101 λόγια
1515 4035 1608 4088 καὶ
1636 4033 1757 4086 κατ’

186 4119 331 4175 οἷκον
365 4120 685 4191 μελῳδοῦσι,
715 4121 811 4174 καὶ
840 4122 933 4174 ἐπὶ
961 4122 1061 4192 τῆς
1081 4124 1285 4194 ἀγορᾶς
1310 4126 1754 4195 περιφέρουσα...

185 4213 506 4283 Ψαλμδς....
542 4211 735 4272 ἓνωσις
774 4211 1097 4278 διεστώτων,
1127 4213 1518 4286 ὲχθραινόντων
1546 4216 1759 4270 διαλλα-

187 4305 427 4374 κτήριον.
446 4302 543 4365 Τίς
568 4300 677 4371 γὰρ
702 4300 779 4353 ἔτι
803 4302 993 4375 ἐχθρον
1010 4304 1257 4375 ἡγεῖσθαι
1283 4304 1525 4370 δύναται,
1557 4306 1673 4377 μεθ’
1698 4301 1757 4362 οὗ

190 4396 314 4463 μίαν
344 4394 528 4462 ἀφῆκε
558 4392 694 4463 πρὸς
722 4389 852 4443 Θεὸν
876 4394 973 4464 τὴν
1002 4396 1336 4467 φωνήν
1369 4397 1758 4469 Εἰσαγομένοις

188 4486 560 4557 στοιχείωσις,
609 4484 1021 4556 προκοπτόντων
1068 4485 1331 4558 αὔξησις,
1371 4488 1756 4560 τελειουμένων

1862 3392 1983 3445 dem
2020 3390 2271 3445 manibus
2312 3388 2488 3444 fertur
2520 3390 2895 3459 percutientis,
2942 3399 2997 3444 et
3044 3388 3279 3445 chordas
3322 3388 3433 3443 dis-

1860 3490 2035 3536 tentas
2079 3480 2275 3547 habet;
2319 3480 2415 3535 sed
2466 3480 2612 3534 illum
2644 3479 2818 3535 locum
2872 3482 3013 3535 unde
3061 3497 3251 3536 sonum
3288 3482 3430 3534 acci-

1859 3573 2008 3637 piunt
2051 3572 2300 3633 chordas,
2330 3571 2459 3625 illud
2486 3585 2783 3626 concavum
2818 3572 3020 3641 lignum
3052 3572 3193 3640 quod
3228 3574 3427 3642 pendet

1857 3674 1911 3719 et
1966 3673 2166 3717 tactum
2225 3673 2475 3729 resonat,
2516 3663 2643 3734 quia
2683 3663 2921 3733 concipit
2962 3676 3180 3729 aerem,
3223 3663 3428 3731 psalte-

1860 3757 1999 3812 rium
2032 3756 2085 3811 ltt
2118 3756 2402 3827 superiore
2443 3765 2594 3825 parte
2630 3756 2807 3811 habet.
2839 3755 3061 3809 Cithara
3096 3763 3275 3809 autem
3325 3756 3427 3810 ltoc

1858 3863 2027 3919 genus
2051 3848 2178 3920 ligni
2208 3862 2507 3904 concavum
2539 3858 2595 3903 et
2622 3860 2884 3901 resonans
2906 3845 2960 3899 in
2992 3844 3248 3901 inferiore
3275 3856 3427 3916 parte

1857 3942 2042 3997 habet.
2075 3939 2262 4011 Itaque
2305 3940 2358 3995 in
2401 3938 2657 4011 psalterio
2705 3937 2922 3993 chorda:
2966 3952 3158 3993 sonum
3198 3939 3428 4005 desuper

1858 4031 2128 4100 accipiunt
2166 4047 2180 4085 :
2226 4031 2279 4085 in
2308 4030 2517 4084 cithara
2546 4039 2727 4083 autem
2756 4028 2972 4083 chorda:
2998 4043 3189 4083 sonum
3233 4043 3299 4082 ex
3354 4028 3427 4080 itt-

1857 4121 2057 4176 l'eriore
2080 4130 2233 4191 parte
2276 4121 2565 4192 accipiunt.
2606 4140 2625 4174 ι
2658 4120 2841 4176 Basilii
2880 4132 3058 4176 autent
3094 4121 3257 4176 verba
3312 4121 3425 4175 Ita-c

1857 4220 1982 4267 Sunt
2006 4226 2036 4266 e
2061 4211 2326 4280 prommio
2350 4211 2408 4265 in
2433 4211 2569 4279 psal.
2609 4225 2624 4266 l
2653 4229 2666 4265 :
2695 4210 2878 4263 Πάντα
2906 4209 3096 4281 ῶσπερ
3122 4211 3179 4263 ὲν
3207 4210 3426 4281 μεγάλῳ

1856 4302 1962 4356 τινὶ
2000 4302 2095 4355 καὶ
2132 4302 2297 4373 κοινῷ
2338 4302 2568 4373 ταμείῳ,
2601 4303 2668 4371 τῇ
2710 4299 2878 4371 βίϐλῳ
2918 4300 3027 4355 τῶν
3053 4301 3296 4373 Ψαλμῶν
3338 4319 3426 4354 τε-

1857 4394 2236 4467 θησαύρισται,
2266 4395 2369 4466 ἣν,
2397 4392 2607 4448 πολλῶν
2644 4392 2813 4448 ὄντων
2843 4395 3088 4465 ὀργάνων
3126 4394 3423 4465 μουσικῶν,

1857 4485 1991 4558 πρὸς
2016 4487 2073 4540 τὺ
2113 4487 2401 4556 λεγόμενον
2442 4484 2741 4558 ψαλτήριον
2776 4488 3017 4558 ἥρμοσεν
3052 4489 3082 4541 ὁ
3115 4489 3420 4558 προφήτης,

188 4579 584 4647 στήριγμα.....
619 4574 842 4646 ιΡαλμὸς
870 4574 932 4627 τὸ
958 4574 1069 4628 τῶν
1094 4576 1337 4646 ἀγγέλων
1364 4576 1541 4649 ἔργον,
1571 4580 1632 4633 τὸ
1658 4580 1751 4633 οὐ·
1783 4608 1828 4664 D
1854 4579 1953 4651 τὴν
2014 4580 2237 4644 ἄνωθεν,
2288 4578 2411 4650 ἐμοὶ
2468 4578 2663 4645 δοκεῖν,
2719 4579 3018 4651 ὲνηχοῦσαν
3069 4580 3217 4650 αὐτῷ
3262 4581 3423 4651 χάριν

189 4665 367 4735 ράνιον
401 4666 703 4737 πολίτευμα
723 4708 736 4731 ,
772 4666 833 4719 τὸ
861 4668 1225 4735 πνευματικὸν
1254 4668 1521 4739 θυμίαμα.
1556 4670 1620 4721 Ὢ
1648 4671 1750 4741 τῆς

186 4757 354 4827 σοφῆς
381 4757 629 4821 ἐπινοίας
656 4758 750 4812 τοῦ
782 4758 1117 4824 διδασκάλου,
1144 4760 1280 4831 ὁμοῦ
1324 4778 1381 4815 τε
1420 4760 1567 4832 ᾄδειν
1602 4763 1749 4832 ἡμᾶς

184 4852 248 4905 τά
279 4849 532 4919 λυσιτελῆ
569 4851 855 4919 μανθάνειν
884 4852 1273 4923 μηχανωμένου
1292 4874 1305 4886 ο
1337 4854 1456 4907 ὅθεν
1492 4854 1587 4906 καὶ
1618 4855 1749 4923 μᾶλ-

185 4945 272 4997 λόν
297 4959 415 5001 πως
439 4940 760 4997 ἐντυποῦται
780 4948 897 5005 ταῖς
917 4944 1112 5013 ψυχαῖς
1134 4943 1201 4997 τὰ
1219 4943 1537 5015 διδάγματα.
1568 4944 1749 4999 Βίαιον

188 5036 281 5103 μὲν
310 5036 420 5106 γάρ
456 5032 689 5104 μάθημα
713 5036 772 5087 οὗ
805 5037 1012 5105 πέφυκε
1044 5036 1397 5105 παραμένειν,
1424 5036 1491 5089 τὰ
1520 5035 1575 5087 δὲ
1610 5038 1749 5106 μετὰ

182 5126 425 5195 τέρψεως
467 5124 561 5179 καὶ
597 5125 814 5194 χάριτος
862 5126 1180 5196 εἰσδυόμενα
1220 5123 1586 5196 μονιμώτερόν
1633 5144 1748 5191 πως

183 5220 296 5277 ταῖς
327 5217 528 5288 ψυχαῖς
560 5219 591 5288 ἡ
602 5213 717 5287 μῶν
746 5216 1062 5280 ὲνιζάνει....
1094 5214 1165 5268 Τὸ
1190 5215 1478 5287 ψαλτήριον
1508 5216 1564 5268 δὲ
1590 5217 1747 5271 τοῦτο

184 5306 285 5361 τῶν
306 5310 625 5377 ἁρμονικῶν
650 5307 866 5380 ῥυθμῶν
890 5308 1094 5362 ἄνωθεν
1125 5307 1234 5379 ἔχει
1256 5307 1354 5370 τὰς
1382 5308 1743 5379 mpm”...

188 5399 407 5471 ἰδωμεν
436 5400 493 5453 δὲ
533 5402 721 5454 λοιπὸν
754 5400 847 5453 καὶ
874 5398 970 5470 τὴν
998 5401 1172 5471 ἀρχὴν
1197 5398 1304 5453 τῶν
1342 5399 1601 5471 Ψαλμῶν.
1639 5402 1747 5457 lloc

185 5501 261 5545 est
310 5512 323 5547 :
376 5509 397 5545 ι
454 5492 649 5546 Omnis
709 5491 985 5561 Scriptura
1033 5503 1117 5547 est
1173 5490 1427 5545 divinitus
1486 5492 1743 5563 inspirata

185 5592 339 5651 atque
387 5580 567 5644 utilis,
599 5582 719 5636 ideo
754 5596 783 5636 a
823 5582 1026 5651 Spiritu
1072 5591 1263 5639 sancto
1304 5582 1632 5651 conscripta,
1686 5594 1745 5640 ut

245 5720 265 5751 '
289 5720 429 5773 Psal.
456 5732 573 5780 ινι,
606 5717 651 5770 9.

242 5854 311 5914 (α)
340 5852 599 5905 Ambros.
634 5849 686 5901 in
724 5850 872 5915 praef.
899 5852 951 5901 iu
982 5849 1111 5913 psal.
1152 5864 1188 5901 ι.

1856 4672 2007 4744 παρὰ
2066 4670 2157 4724 τοῦ
2208 4669 2523 4742 Πνεύματος
2581 4670 3014 4740 ἐνδεικνύμενος,
3078 4670 3207 4725 διότι
3265 4669 3419 4724 τοῦτο

1860 4766 2015 4836 μόνον
2054 4763 2160 4817 τῶν
2211 4764 2483 4836 μουσικῶν
2504 4763 2747 4834 ὀργάνων
2784 4762 2882 4835 τὴν
2912 4763 3087 4817 αἰτίαν
3112 4762 3221 4817 τῶν
3258 4762 3421 4836 φθόγ-

1855 4873 1965 4923 γων
1995 4858 2058 4909 ἐκ
2082 4856 2187 4910 τῶν
2218 4856 2419 4911 ἄνωθεν
2452 4854 2585 4924 ἔχει.
2618 4856 2697 4927 Τῇ
2730 4855 2930 4927 κιθάρᾳ
2972 4855 3069 4925 μὲν
3095 4854 3202 4925 γὰρ
3231 4855 3324 4908 καὶ
3352 4856 3417 4924 τῇ

1855 4946 1992 5020 λύρα
2021 4948 2262 5003 κάτωθεν
2303 4950 2331 5001 ό
2377 4946 2574 5016 χαλκδς
2618 4949 2817 5019 ὑπηχεῖ
2868 4948 3003 5019 πρὸς
3036 4946 3094 4999 τὺ
3124 4947 3416 5019 πλῆκτρον·

1854 5040 1913 5092 τδ
1942 5040 2233 5110 ψαλτήριον
2256 5038 2311 5091 δὲ
2347 5037 2505 5092 τοῦτο
2550 5038 2655 5093 τῶν
2707 5038 3013 5112 ἁρμονικῶν
3038 5039 3257 5113 ῥυθμῶν
3280 5040 3419 5095 ἄνω-

1855 5130 1944 5184 θεν
1993 5131 2104 5199 ἔχει
2133 5129 2229 5193 τὰς
2262 5128 2531 5200 ἀφορμάς.
2586 5149 2602 5180 ι
2648 5130 2835 5183 Omnia
2867 5129 2921 5184 in
2970 5128 3301 5185 Psalmorum
3350 5131 3415 5184 li-

1853 5224 1949 5278 bro
2004 5223 2148 5278 velut
2202 5224 2255 5279 in
2310 5239 2499 5295 magno
2529 5224 2760 5295 quodam
2802 5234 2859 5279 et
2905 5221 3178 5279 communi
3226 5237 3403 5293 prom-

1851 5315 2063 5384 ptuario
2086 5317 2467 5372 reconduntur.
2500 5315 2669 5381 Quem
2693 5316 2911 5378 librum.
2947 5316 3159 5371 tametsi
3198 5315 3411 5371 diversa

1851 5415 1975 5460 sunt
2007 5405 2362 5461 instrumenta
2391 5408 2591 5461 musica
2613 5450 2627 5475 ,
2656 5410 2720 5463 ad
2752 5408 3090 5477 psalterium,
3125 5408 3265 5479 quod
3315 5420 3415 5461 voc

1849 5507 2013 5560 cant,
2055 5497 2319 5567 l’mplteta
2360 5501 2584 5567 aptavit.
2620 5501 2826 5570 Quippe
2852 5502 3079 5573 gratiam
3104 5540 3120 5567 ,
3172 5509 3231 5554 ut
3276 5499 3411 5555 mihi

1848 5588 2084 5656 videtur,
2114 5590 2167 5645 in
2207 5605 2272 5645 eo
2312 5590 2541 5661 desuper
2584 5606 2613 5645 a
2663 5602 2849 5648 sancto
2900 5590 3103 5663 Spiritu
3150 5601 3412 5648 resonare

1917 5859 1987 5915 ιο)
2018 5834 2175 5900 Busil.
2213 5849 2261 5901 itt
2292 5848 2439 5916 [νηΐ.
2467 5850 2518 5901 in
2547 5853 2663 5917 paul
2712 5865 2753 5902 t.
