4212 6490
756 438 908 482 CXCIV

2076 413 2581 472 PROLEGOMENA
2592 453 2605 467 .

756 537 989 597 ostendit
1009 576 1024 602 ,
1047 542 1335 607 propterea
1358 535 1500 607 quod
1540 534 1646 590 hoc
1677 532 1851 589 solum
1882 546 1948 587 ex
1980 532 2203 588 musicis
2234 532 2320 586 in-
2350 537 2395 593 Α
2424 531 2544 584 dem
2598 542 2732 597 opus
2776 536 2859 584 est
2911 528 3136 597 aquale,
3180 526 3371 581 horum
3413 535 3470 581 et
3490 534 3700 579 merces
3721 520 3933 577 eadem.
3969 537 3988 569 ι

755 628 1073 687 strumentis
1097 628 1227 683 editi
1255 627 1371 683 soni
1404 640 1627 681 causam
1668 625 1735 679 ab
1762 625 1953 679 altiore
1987 623 2105 678 loco
2138 624 2320 677 habet.

755 722 889 776 Nam
921 720 1144 775 cithara
1177 735 1241 775 ac
1290 720 1421 789 lyrae
1472 734 1546 773 as
1590 717 1831 774 inferiori
1880 726 2032 787 parte
2079 716 2321 771 sonitum

755 812 870 867 edit
918 810 984 865 ad
1030 809 1691 880 plectrumzpsalterium
1740 824 1868 864 vero
1900 824 1930 863 a
1976 818 2130 878 parte
2162 822 2326 878 supe-

756 903 890 958 riori
967 901 1115 958 ducit
1178 916 1289 957 sua
1351 903 1633 958 concinna
1708 899 2095 956 modulationis
2159 899 2328 968 origi-

756 1007 903 1047 nem.

828 1062 1069 1142 Vidimus
1088 1085 1429 1141 Ambrosium
1456 1082 1923 1154 Augustinnmque
1960 1082 2064 1137 duo
2096 1082 2183 1136 illa
2217 1096 2331 1135 ma-

763 1192 867 1249 gna
901 1176 1152 1231 Ecclesia
1173 1176 1375 1230 lumina
1407 1174 1650 1231 nonnihil
1673 1189 1703 1229 e
1735 1172 1920 1228 Basilii
1946 1173 2097 1229 libris
2124 1173 2177 1226 in
2204 1187 2330 1226 suos

764 1268 1155 1323 transtulisse:
1211 1280 1354 1321 nunc
1402 1264 1711 1321 notabimus
1766 1265 2058 1321 Eusebium
2092 1274 2148 1319 et
2174 1263 2327 1319 Basi-

756 1360 885 1414 lium
916 1360 1061 1414 idem
1086 1358 1287 1422 dicere,
1334 1372 1465 1413 casu
1511 1373 1581 1412 an
1623 1372 1799 1419 secus,
1856 1357 2060 1414 nescio.
2109 1356 2328 1411 Eusebii

756 1450 923 1518 igitur
950 1449 1109 1503 verba
1129 1449 1242 1503 hac
1273 1454 1398 1502 sunt
1421 1462 1451 1502 e
1478 1447 1738 1517 prommio
1763 1448 1817 1500 in
1837 1444 2076 1500 Psalmos
2096 1462 2114 1499 :
2138 1445 2329 1499 Νάόλα

753 1541 812 1594 δὲ
842 1541 970 1611 παρ’
1008 1538 1278 1610 Ἑϐραίοις
1302 1538 1517 1607 λέγεται
1543 1538 1605 1590 τὸ
1644 1537 1961 1609 ψαλτήριον,
1996 1538 2023 1589 ὃ
2064 1536 2123 1590 δὲ
2170 1536 2328 1607 μόνον

752 1629 860 1686 τῶν
897 1630 1168 1701 μουσικῶν
1187 1629 1433 1701 ὀργάνων
1467 1628 1782 1698 ὀρθότατον,
1809 1629 1905 1680 καὶ
1935 1626 2009 1697 μὴ
2040 1626 2329 1698 συνεργού-

757 1740 920 1794 μενον
945 1724 1024 1786 είς
1049 1718 1181 1793 ἦχον
1221 1723 1286 1773 ὲκ
1333 1720 1440 1773 τῶν
1471 1720 1768 1773 κατωτάτω
1802 1718 1983 1790 μερῶν
2002 1759 2017 1783 ,
2048 1718 2162 1772 ἀλλ’
2192 1718 2331 1773 ἄνω-

755 1815 845 1868 θεν
865 1813 1008 1885 ἔχειν
1037 1813 1129 1866 τὸν
1157 1810 1469 1883 ὑπηχοῦντα
1511 1810 1731 1881 χαλκόν.
1790 1810 1857 1864 Et
1911 1808 2182 1880 aliquanto
2212 1821 2329 1878 post

754 1882 986 1978 pag.n7,
1016 1905 1193 1961 πάντα
1236 1904 1423 1973 ὥσπερ
1454 1905 1510 1956 ἐν
1538 1902 1757 1974 μεγάλῳ
1784 1902 1889 1955 τινί
1925 1903 2020 1955 καὶ
2042 1902 2204 1973 κοινῷ
2230 1920 2326 1956 τα·
2360 1882 2401 1936 Β

758 2000 896 2071 μείῳ
950 2000 1018 2071 τῇ
1054 1997 1242 2069 ,βίϐλῳ
1274 1996 1383 2051 τῶν
1443 1994 1686 2063 ιΙ²”α).μῶν
1732 1992 2173 2065 τεθησαύρισται,
2218 2003 2323 2049 etc.

762 2111 780 2143 t
810 2090 980 2146 Nabla
1020 2092 1159 2161 apud
1204 2089 1461 2144 Hebraos
1512 2095 1739 2141 vocatur
1778 2086 2095 2155 psalterium
2125 2124 2139 2149 ,
2185 2086 2328 2154 quod

755 2200 822 2239 ex
850 2182 1069 2238 musicis
1097 2180 1473 2235 instrumentis
1496 2178 1668 2233 solum
1702 2178 2063 2231 rectissimum
2094 2185 2205 2241 est;
2238 2190 2331 2230 ne-

756 2290 861 2345 que
892 2274 960 2329 ab
992 2273 1190 2328 intimis
1221 2272 1471 2343 partibus
1494 2270 1560 2326 ad
1589 2269 1781 2325 sonum
1810 2270 2124 2334 adhibetur,
2158 2268 2251 2322 sed
2297 2282 2327 2321 a

758 2366 1012 2437 supernis
1068 2363 1285 2421 sonanti
1330 2377 1458 2421 are,
1488 2361 1779 2416 instruitur
1809 2398 1824 2413 .
1856 2397 1872 2412 .
1906 2360 1962 2412 In
1996 2358 2329 2413 Psalmorum

756 2459 896 2515 libro
934 2459 1116 2514 omnia
1160 2472 1257 2513 ceu
1295 2456 1348 2510 in
1392 2468 1590 2522 magno
1621 2468 1683 2507 ac
1712 2451 1924 2522 publico
1954 2452 2211 2521 penuario
2243 2467 2331 2507 re-

756 2552 973 2608 condita
989 2559 1165 2607 sunt.»
1184 2550 1369 2604 Potuit
1397 2562 1528 2614 ergo
1566 2547 1680 2602 fieri
1708 2556 1764 2601 ut
1788 2543 2021 2601 Basilius
2047 2554 2118 2600 ob
2144 2544 2329 2601 oculos

757 2642 1009 2697 habuerit
1036 2636 1323 2695 Eusebium
1348 2654 1504 2708 quem
1548 2638 1853 2693 imitaretur
1878 2655 1893 2692 ι
1930 2638 2022 2693 sed
2050 2638 2095 2692 si
2126 2638 2199 2692 ita
2223 2646 2327 2702 est,

765 2746 996 2802 magnus
1029 2730 1118 2785 ille
1150 2728 1402 2791 Basilius,
1431 2737 1491 2782 ut
1517 2727 1757 2798 peritum
1778 2735 2050 2782 oratorem
2081 2727 2328 2792 decebat,

761 2823 873 2874 vim
911 2822 1126 2891 quidem
1158 2836 1220 2873 ac
1266 2819 1478 2887 pondus
1521 2816 1838 2871 Eusebiana
1881 2816 2163 2871 sententia
2191 2818 2330 2871 reli-

763 2912 902 2977 nuit,
943 2920 998 2965 at
1023 2926 1143 2967 eam
1190 2909 1325 2964 mira
1354 2910 1585 2979 quadam
1613 2909 1823 2964 dicendi
1856 2916 1971 2963 arte
2002 2908 2129 2963 fecit
2154 2923 2324 2963 suam.

828 3006 918 3061 3t.
936 3004 1127 3075 Liquet
1155 3019 1222 3059 ex
1242 3001 1785 3065 dictis,Atnbrosium
1809 3001 2063 3057 nonnulla
2091 3017 2121 3057 e
2148 3000 2330 3057 Basilii

694 3118 697 3119 ν
762 3097 1028 3169 prooemio
1054 3096 1155 3152 sibi
1175 3096 1487 3165 sumpsisse.
1518 3094 1671 3149 Nunc
1686 3095 1965 3150 ostendam
1993 3096 2236 3149 eumdem
2264 3103 2328 3148 ex

760 3192 950 3247 eodem
987 3188 1138 3245 fonte
1188 3189 1242 3244 in
1283 3191 1401 3259 ipsa
1451 3186 1642 3259 psalmi
1682 3188 2029 3243 enarratione
2083 3186 2329 3241 nonnihil
2356 3221 2400 3280 ε

760 3294 977 3350 quoque
1010 3288 1314 3335 mutuatum
1347 3292 1487 3335 esse.
1542 3278 1672 3344 Sed,
1705 3278 2086 3333 ne-lectoribus
2116 3278 2330 3331 tadium

761 3374 993 3441 pariam,
1032 3386 1094 3425 ea
1125 3371 1242 3425 loca
1274 3370 1386 3424 sola
1416 3372 1468 3423 in
1497 3370 1729 3423 medium
1757 3370 2048 3438 proferam,
2082 3382 2201 3435 qua
2226 3382 2331 3419 non

763 3470 873 3513 tam
910 3457 1155 3513 imitatus
1188 3472 1309 3513 esse
1332 3497 1349 3523 ,
1401 3472 1564 3527 quam
1615 3457 1683 3511 ad
1718 3456 1941 3511 verbum
2002 3457 2334 3525 expressisse

760 3551 1035 3623 putandus
1066 3559 1169 3606 est.
1201 3550 1477 3605 Ambrosii
1528 3550 1691 3618 igitur
1726 3548 1891 3605 verba
1928 3557 2055 3603 sunt
2079 3562 2146 3603 ex
2169 3562 2329 3602 enar-

764 3642 972 3697 ratione
996 3643 1052 3693 in
1074 3641 1207 3705 psat.
1238 3656 1279 3701 ι,
1330 3656 1482 3693 num.
1529 3642 1595 3694 ιι
1629 3659 1642 3694 :
1680 3658 1698 3690 t
1731 3639 2149 3695 Consideremus
2193 3655 2335 3695 nunc

762 3748 869 3804 qua
899 3732 1130 3796 ratione,
1161 3729 1357 3786 Beatus
1381 3731 1482 3797 uir,
1512 3730 1729 3783 dixerit.
1776 3728 2025 3795 Nunquid
2048 3745 2077 3781 a
2108 3744 2333 3784 consor-

764 3825 843 3877 tio
866 3822 1217 3878 beatitudinis
1251 3820 1489 3877 exclusit
1543 3820 1834 3881 mulieres,
1868 3818 1994 3887 quia
2032 3819 2208 3871 virum
2245 3833 2334 3872 so-

766 3915 879 3969 lum
938 3914 1159 3970 beatum
1216 3913 1601 3985 nuncupavit?
1643 3911 1839 3967 Absit!
1899 3908 2125 3965 Accedit
2180 3908 2331 3973 illud,

764 4012 1023 4081 quoniam
1056 4023 1286 4077 quorum
1347 4016 1539 4061 natura
1575 4006 1784 4068 eadem,
1851 4018 2036 4058 eorum
2066 4003 2337 4074 operatio-

766 4117 859 4157 nes
889 4102 1071 4171 utique
1104 4115 1211 4156 non
1260 4109 1486 4169 possunt
1534 4114 1656 4153 esse
1682 4098 1969 4163 discreta;
2025 4104 2080 4150 et
2105 4110 2333 4164 quorum

764 4206 902 4261 opus
929 4190 1153 4260 aquale,
1174 4204 1360 4245 eorum
1390 4189 1577 4259 utique
1618 4187 1843 4256 aqualis
1878 4196 1933 4242 et
1980 4199 2206 4240 merces.
2233 4225 2246 4238 .
2276 4223 2291 4238 .
2318 4225 2333 4241 .

768 4283 924 4339 Paria
959 4283 1120 4352 igitur
1154 4282 1331 4336 studia
1355 4282 1641 4344 virtutum,
1678 4281 1801 4349 quia
1846 4294 1942 4349 par
1976 4276 2335 4350 prarogativa

765 4388 848 4430 est
878 4384 1159 4429 creatura.
1182 4392 1200 4425 ι
1232 4370 1415 4427 Basilii
1446 4386 1575 4425 vero
1606 4371 1721 4425 hac
1747 4380 1874 4425 sunt
1896 4370 2078 4425 itidem
2097 4385 2164 4424 ex
2180 4384 2337 4425 enar-

768 4462 1057 4517 rationein
1109 4460 1244 4530 psal.
1288 4474 1348 4514 t:
1391 4458 1491 4512 Διὰ
1522 4458 1596 4523 τί,
1640 4461 1831 4530 φησὶν,
1874 4460 1902 4512 6
1930 4460 2215 4530 προφήτης
2243 4460 2335 4513 τὸν

2425 620 2578 687 Quod
2614 619 2660 673 si
2689 619 2956 690 quispiam
3000 619 3100 673 hac
3127 618 3366 673 locorum
3388 620 3735 674 contentione
3760 621 4001 676 delecta-

2426 722 2514 766 tur
2554 709 2737 783 (quam
2774 711 3097 781 voluptatem
3154 724 3333 780 neque
3362 709 3533 780 frugis
3569 721 3868 780 expertem,
3902 729 4000 767 ne-

2425 820 2531 873 que
2568 802 2887 859 illiberalem
2930 804 3209 871 arbitror),
3256 804 3435 859 fontes
3465 803 3610 873 ipsos
3640 805 3816 871 adeat,
3872 820 4001 860 sua-

2426 896 2545 951 deo.
2574 894 2744 965 Spero
2770 896 3027 951 studiosis
3048 911 3155 949 non
3192 892 3541 961 iniucundum
3572 894 3709 963 fore,
3740 903 3783 949 si
3810 912 4001 952 rursus

2425 990 2528 1044 hoc
2553 988 2673 1043 loco
2703 990 2769 1042 de
2793 987 2972 1042 Basilii
3002 988 3267 1057 prommio
3304 988 3357 1041 in
3396 986 3640 1042 Psatmos
3662 987 3872 1053 loquar.
3891 989 4002 1042 No.

2429 1088 2538 1133 tum
2572 1090 2675 1143 est,
2712 1094 2831 1149 qua
2875 1081 3015 1148 apud
3050 1078 3318 1134 Basiliam
3350 1077 3536 1133 Grace
3581 1078 3852 1148 leguntur,
3894 1078 4001 1147 legi

2428 1172 2613 1229 Latine
2644 1173 2785 1243 apud
2821 1172 3197 1237 Augustinum.
3235 1170 3413 1237 Qnari
3445 1186 3572 1241 ergo
3596 1180 3773 1240 potest
3811 1180 3995 1225 utrum

2427 1262 2757 1332 Augustinus
2781 1262 2892 1331 ipse
2913 1260 3097 1316 Graca
3115 1260 3297 1317 Basilii
3325 1262 3676 1327 converterit,
3727 1276 3794 1315 an
3818 1260 4003 1317 Ruﬁni

2430 1353 2804 1421 interpretatio
2842 1353 3021 1419 inepte
3046 1366 3076 1405 a
3110 1350 3344 1406 librariis
3408 1360 3533 1406 ante
3556 1351 3839 1419 Augustini
3863 1366 4003 1419 opus

2430 1445 2606 1500 locata
2647 1446 2736 1499 sit.
2789 1445 3163 1514 SuSpicionem
3202 1444 3435 1514 augebit,
3470 1445 3615 1515 quod
3644 1445 3998 1515 Augustinus,

2427 1551 2548 1590 cum
2580 1535 2844 1606 psalmum
2891 1536 3397 1606 quinquagesimum
3437 1547 3646 1592 sextum
3676 1537 4003 1607 interpreta-

2429 1636 2603 1693 retur,
2658 1627 2901 1682 nonnihil
2930 1642 2998 1683 ex
3028 1628 3131 1683 hoc
3164 1627 3345 1682 Basilii
3371 1629 3636 1698 prommio
3667 1630 4002 1699 expressisse

2428 1720 2575 1774 credi
2621 1719 2817 1773 merito
2847 1719 3037 1787 possit.
3096 1718 3162 1773 Et
3209 1731 3339 1771 vero
3371 1720 3463 1786 qui
3499 1729 3789 1788 utrumque
3820 1719 3999 1774 locum

2430 1810 2615 1866 Basilii
2641 1820 2697 1866 et
2722 1810 3008 1881 Augustini
3042 1810 3185 1865 inter
3211 1823 3269 1864 se
3294 1813 3688 1879 comparaverit
3711 1810 3813 1884 (a),
3841 1811 4002 1866 facile

2432 1904 2821 1958 intellecturum
2861 1912 2991 1972 puto
3018 1902 3211 1957 Latina
3261 1916 3292 1958 e
3321 1900 3523 1957 Gracis
3554 1915 3811 1957 conversa
3853 1918 4001 1967 esse,

2431 1997 2521 2049 sed
2546 1996 2702 2065 paulo
2726 1996 2966 2062 liberius,
2995 1997 3098 2052 hoc
3125 2004 3232 2061 est,
3276 1996 3621 2064 antiquorum
3646 2008 3817 2048 more.
3858 1993 4003 2063 Ergo

2430 2086 2475 2139 si
2513 2087 2845 2154 Augustinus
2875 2087 3076 2157 aliquid
3106 2102 3137 2142 e
3164 2085 3348 2142 Basilii
3371 2086 3633 2157 procemio
3664 2085 3719 2139 in
3754 2083 4003 2138 Psalmos

2431 2178 2531 2232 sibi
2561 2177 2807 2247 sumpsit,
2843 2192 2948 2231 non
2973 2178 3045 2233 ita
3078 2178 3271 2232 mirum
3309 2170 3475 2234 videri
3507 2178 3685 2241 debet,
3716 2176 3762 2232 si
3791 2176 4006 2231 dicatur

2430 2274 2530 2327 hoc
2556 2272 2696 2326 idem
2722 2281 2776 2326 et
2813 2270 3001 2325 Latine
3050 2272 3368 2336 reddidisse,
3402 2282 3457 2327 et
3480 2282 3605 2327 ante
3636 2285 3789 2326 suam
3833 2270 4007 2339 ipsius

2430 2364 2929 2432 interpretationem
2982 2362 3454 2418 collocasse-Sed
3505 2364 3781 2432 provisum
3827 2373 3911 2418 est
3970 2378 4002 2415 a

2430 2455 2690 2521 librariis,
2724 2470 2791 2510 ne
2823 2454 2943 2523 quis
2970 2454 3216 2523 specioso
3260 2453 3366 2509 hoc
3391 2463 3709 2523 argumento
3749 2455 3802 2509 in
3840 2470 3998 2510 erro.

2431 2561 2543 2601 rem
2576 2547 2944 2603 induceretur.
3000 2545 3134 2600 Nam
3170 2539 3467 2601 etiamnum
3493 2546 3546 2599 in
3574 2547 3852 2601 veteribus
3880 2549 4009 2616 qui-

2431 2639 2657 2694 busdam
2714 2639 2869 2693 libris
2924 2647 3140 2693 exstant
3182 2638 3388 2693 Latina
3426 2640 3674 2707 quadam
3710 2638 3891 2693 Ruﬁni
3926 2640 4010 2693 in-

2434 2728 2873 2797 terpretationes,
2916 2729 3056 2782 inter
3096 2742 3231 2796 quas
3258 2740 3313 2781 et
3363 2728 3415 2781 id
3467 2728 3650 2782 Basilii
3683 2730 4008 2797 prooemium

2433 2821 2703 2875 invenitur
2734 2839 2746 2873 :
2786 2834 2905 2888 qua
2926 2820 3105 2874 omnia
3143 2820 3193 2873 in
3230 2820 3468 2874 secundo
3496 2830 3641 2872 tomo
3670 2820 3879 2873 edenda
3904 2835 4006 2873 cu-

2433 2912 2689 2977 rabimus,
2741 2926 2863 2967 cum
2892 2912 2962 2968 ob
2998 2911 3312 2979 interpretis
3370 2909 3551 2964 Butlni
3600 2909 4005 2978 antiquitatem,

2434 3016 2544 3059 tum
2564 3006 2800 3059 maxime
2821 3006 2891 3061 ob
2920 3005 3160 3060 auctoris
3186 3004 3370 3059 Basilii
3398 3003 3739 3073 dignitatem.

2500 3096 2589 3150 52.
2608 3095 2830 3150 Difﬁcile
2860 3096 3002 3150 dictu
3029 3104 3330 3165 estquanta
3355 3095 3425 3150 sit
3452 3094 3755 3149 adhibenda
3781 3092 4009 3164 diligen-

2435 3189 2505 3243 tia
2532 3189 2604 3252 ei,
2635 3189 2726 3259 qui
2759 3188 2871 3243 vult
2898 3199 3049 3244 certo
3081 3198 3304 3259 tutoqne
3350 3189 3479 3261 περὶ
3509 3187 3718 3252 νοθείας
3751 3198 3845 3243 aut
3874 3205 4008 3259 γνηο

2435 3281 2679 3352 σιότητος
2706 3283 2886 3349 operis
2911 3282 3139 3349 alicujus
3189 3283 3451 3351 judicium
3491 3282 3654 3338 ferre.
3696 3282 3892 3337 Mirum
3924 3293 4010 3338 est

2431 3373 2597 3435 enim,
2628 3387 2749 3425 enm
2788 3388 2973 3426 verum
3010 3382 3063 3425 et
3095 3372 3289 3426 falsum
3319 3374 3461 3427 inter
3486 3389 3544 3428 se
3584 3375 3900 3444 longissime
3927 3378 4011 3429 di-

2432 3477 2585 3517 versa
2617 3464 2744 3529 sint,
2778 3465 2975 3532 sapius
3005 3472 3183 3517 tamen
3216 3464 3443 3519 alterum
3475 3464 3698 3518 alterius
3727 3466 3797 3516 ita
3831 3465 4012 3520 simile

2432 3572 2573 3621 esse,
2608 3567 2664 3611 ut
2689 3557 2740 3611 in
2775 3557 2839 3611 iis
2875 3556 3269 3618 discernendis,
3339 3556 3441 3610 nisi
3503 3555 3658 3609 valde
3689 3570 4009 3622 caveamus,

2432 3664 2677 3705 errorem
2706 3650 2883 3704 vitare
2917 3648 3008 3703 vix
3052 3649 3337 3718 possimus.
3380 3648 3545 3717 Cujus
3575 3648 3651 3702 rei
3698 3647 3832 3702 libet
3885 3664 4012 3717 pro-

2433 3740 2575 3796 ferre
2608 3741 2913 3810 exemplum
2951 3756 3138 3809 unum,
3172 3756 3235 3795 ex
3276 3757 3385 3811 quo
3418 3741 3484 3795 de
3524 3741 3710 3796 multis
3738 3741 4011 3797 similibus

2436 3831 2593 3886 facile
2623 3832 2692 3886 sit
2724 3831 3092 3900 conjecturam
3154 3833 3350 3887 facere.
3404 3832 3593 3888 Exstat
3644 3836 3785 3887 inter
3822 3832 4011 3889 Basilii

2436 3935 2599 3991 opera
2652 3924 2923 3977 enarratio
2962 3924 3207 3990 quadam
3264 3924 3318 3978 in
3351 3926 3619 3993 psalmum
3672 3926 4010 3982 tricesimum

2436 4012 2749 4081 septimum,
2788 4012 2855 4067 de
2901 4026 3011 4081 qua
3047 4026 3153 4066 non
3181 4026 3286 4066 una
3322 4023 3408 4068 est
3438 4015 3677 4069 omnium
3712 4020 4009 4081 sententia,

2434 4105 2554 4160 aliis
2584 4104 2727 4160 aliud
2782 4105 3161 4163 sentientibus.
3203 4104 3562 4162 Combefisius
3591 4106 3665 4162 ita
3693 4109 3759 4163 de
3794 4124 3857 4164 ea
3914 4112 4013 4164 du-

2436 4198 2589 4263 bitat,
2643 4208 2702 4251 ut
2738 4207 2916 4251 tamen
2952 4199 3086 4251 nolit
3110 4198 3404 4268 quidquam
3457 4200 3833 4267 pronuntiare,
3865 4214 4012 4253 rem-

2437 4303 2541 4356 que
2574 4288 2788 4342 lectoris
2827 4290 3032 4357 judicio
3076 4291 3377 4361 permittat.
3423 4291 3759 4361 Argumenta
3808 4292 4013 4358 quibus

2437 4378 2698 4432 adductus
2726 4378 3081 4436 Combefisius
3103 4398 3222 4435 eam
3271 4384 3668 4437 enarrationem
3700 4393 4009 4449 suspectam

2441 4471 2648 4536 habuit,
2680 4471 2794 4527 hac
2819 4484 2977 4537 sunt,
3028 4488 3144 4527 eam
3188 4474 3375 4528 deesse
3418 4474 3471 4525 in
3504 4472 3773 4540 aliquibus
3800 4475 4009 4530 codici-

765 4552 934 4622 ἄνδρα
980 4553 1137 4623 μόνον
1172 4552 1529 4623 ἐκλεξάμενος
1590 4550 1881 4623 μακαρίζει
1909 4570 1924 4618 ;
1964 4548 2108 4624 ⁷Αρα
2137 4552 2209 4623 μὴ
2244 4552 2334 4605 τοῦ
2368 4564 2376 4619 ]

2440 4560 2563 4621 bus,
2601 4560 2767 4617 videri
2822 4570 3079 4630 pratcrea
3120 4562 3331 4615 caeteris
3371 4560 3783 4629 languidiorem,
3834 4579 3901 4621 ac
3955 4567 4008 4619 in

768 4642 1115 4715 μακαρισμοῦ
1154 4642 1252 4707 τὰς
1295 4645 1557 4711 γυναῖκας
1596 4643 1919 4709 ἀπέκλεισε;
1971 4644 2061 4715 Μὴ
2111 4644 2329 4711 γένοιτο.

762 4736 878 4790 Μία
922 4734 1031 4803 γὰρ
1080 4734 1246 4804 ἀρετὴ
1304 4734 1496 4804 ἀνδρὸς
1526 4734 1620 4788 καὶ
1653 4736 1927 4805 γυναικὸς,
1970 4735 2156 4807 ἐπειδὴ
2188 4738 2279 4790 καὶ
2302 4740 2335 4808 ὴ

765 4828 943 4891 κτίσις
1004 4827 1335 4898 ἀμφοτέροις
1391 4826 1667 4898 ὁμότιμοςσ
1703 4828 1842 4883 ὥστε
1887 4830 1980 4883 καὶ
2024 4831 2053 4883 6
2099 4830 2337 4900 μισθὸςὸ

766 4919 928 4983 αὐτὸς
954 4919 1283 4991 ἀμφοτέροις
1302 4956 1317 4973 .
1348 4957 1364 4973 .
1394 4958 1408 4973 .
1445 4959 1459 4974 .
1485 4914 1587 4971 Ὧν
1627 4918 1685 4971 δὲ
1714 4922 1747 4989 ὴ
1778 4920 1938 4989 φύσις
1982 4921 2098 4991 μία,
2132 4920 2334 4974 τούτων

768 5012 861 5066 καὶ
885 5010 1152 5080 ἐνέργειαι
1180 5011 1236 5065 αἱ
1266 5011 1445 5066 αὑταί’
1492 5005 1567 5067 ὧν
1592 5010 1649 5064 δὲ
1670 5011 1729 5064 τὸ
1759 5012 1917 5083 ἔργον
1966 5013 2101 5078 ἴσον,
2130 5012 2333 5067 τούτων

768 5100 863 5154 καὶ
907 5101 936 5152 6
966 5101 1155 5172 μισθὸς
1205 5104 1236 5156 6
1263 5103 1442 5167 αὐτός.
1484 5122 1503 5157 t
1539 5102 1653 5159 Cur
1679 5104 1966 5173 propheta,
2012 5104 2205 5173 inquit,
2238 5104 2335 5157 ho-

767 5192 971 5248 minem
1019 5193 1189 5249 solum
1244 5194 1427 5266 eligit,
1481 5211 1545 5251 ac
1585 5196 1845 5263 pradicat
1902 5195 2162 5249 beatum?
2202 5195 2337 5250 Num

769 5284 1027 5341 mulieres
1057 5298 1087 5339 a
1117 5287 1453 5343 beatitudine
1482 5286 1715 5343 exclusit
1740 5288 1763 5341 ?
1810 5286 1970 5343 Absit
2000 5287 2013 5340 t
2052 5286 2339 5343 Enimvero

768 5376 872 5431 viri
928 5386 983 5432 et
1020 5376 1261 5433 mulieris
1327 5394 1433 5435 una
1490 5388 1575 5435 est
1631 5379 1852 5436 virtus:
1905 5379 2335 5448 quandoquidem

771 5466 1056 5539 utriusque
1083 5468 1287 5525 creatio
1314 5469 1516 5526 honore
1540 5484 1637 5540 par
1664 5480 1778 5536 est,
1805 5485 1867 5526 ac
1890 5468 2114 5541 proinde
2138 5470 2336 5525 utrius-

770 5574 881 5629 que
912 5573 1125 5630 quoque
1156 5574 1369 5617 merces
1394 5570 1478 5618 est
1504 5561 1747 5619 eadem"
1781 5604 1799 5623 .
1833 5603 1848 5619 .
1872 5562 2115 5630 Quorum
2151 5570 2332 5617 autem

771 5660 965 5709 natura
1003 5667 1131 5721 una,
1157 5654 1348 5711 horum
1371 5664 1425 5711 et
1449 5659 1689 5715 actiones
1718 5656 1916 5715 eadem
1943 5672 1959 5711 :
1992 5670 2220 5727 quorum
2251 5654 2339 5713 iti-

846 5847 922 5917 (⁸)
951 5848 1093 5921 Lege
1118 5867 1268 5911 num.
1301 5851 1391 5912 30.

2444 4650 2558 4718 ipsa
2584 4650 2699 4705 fieri
2748 4650 3077 4706 mentionem
3137 4650 3327 4718 psalmi
3383 4652 3543 4717 sexti,
3581 4654 3755 4725 cujus,
3812 4656 4008 4726 inquit,

2443 4741 2751 4810 explanatio
2775 4754 3036 4810 nusquam
3068 4743 3206 4810 apud
3234 4740 3486 4799 Basiliutn
3526 4755 3822 4813 comparet.
3851 4747 4011 4801 Certe

2444 4834 2618 4902 primo
2648 4840 2870 4903 aspectu
2893 4833 3104 4887 videtur
3136 4832 3311 4888 inesse
3342 4835 3422 4890 vis
3450 4838 3682 4889 maxima
3712 4836 3764 4890 in
3802 4838 3887 4892 his
3916 4851 4003 4889 ar-

2442 4927 2709 4998 gumentis
2737 4922 3039 4981 Combetisii
3071 4944 3085 4979 :
3135 4929 3227 4982 sed
3270 4937 3448 4981 tamen
3485 4942 3547 4981 ea
3577 4927 3864 4984 confutare
3902 4945 4007 4983 non

2440 5020 2512 5073 ita
2543 5018 2769 5073 multum
2792 5016 3005 5072 ditlicile
3044 5018 3224 5073 fuerit.
3259 5017 3415 5082 Nam,
3465 5019 3669 5088 inquiet
3700 5021 3841 5090 quis,
3890 5035 4009 5076 cer-

2444 5121 2556 5165 tum
2590 5120 2669 5166 est
2706 5108 3006 5165 orationem
3058 5111 3109 5165 in
3154 5112 3420 5180 psalmum
3465 5113 3799 5168 tricesimum
3850 5116 4009 5184 septi-

2448 5217 2589 5256 mum
2624 5202 2678 5255 in
2709 5215 2835 5254 vere
2867 5199 3156 5256 Basilianis
3206 5205 3563 5269 reponendam
3600 5216 3741 5258 esse.
3780 5200 3911 5258 Nam
3945 5220 4007 5258 ea

2446 5288 2499 5341 ia
2530 5305 2586 5345 re
2630 5288 2853 5359 produci
2886 5306 2990 5345 non
3024 5300 3200 5360 potest
3249 5294 3401 5350 testis
3444 5293 3757 5362 locupletior
3781 5335 3798 5360 ,
3844 5310 4007 5365 quam

2443 5380 2781 5445 Ambrosius,
2830 5397 2991 5451 quem
3039 5393 3238 5438 norunt
3262 5398 3451 5441 omnes
3495 5383 3677 5439 Basilii
3714 5395 3808 5438 aut
3840 5386 4009 5439 inter-

2442 5480 2647 5542 pretem
2684 5470 2850 5529 fuisse
2883 5489 2987 5528 non
3016 5488 3160 5541 raro,
3183 5484 3274 5529 aut
3320 5486 3469 5532 certe
3496 5475 3612 5547 ejus
3636 5476 4006 5531 fidelissimum

2443 5562 2829 5620 amulatorcm.
2870 5564 3011 5635 Ergo
3036 5565 3081 5619 si
3111 5567 3428 5624 Ambrosius
3457 5568 3594 5624 hanc
3613 5570 3918 5625 orationem
3956 5571 4005 5621 in

2447 5670 2546 5713 suo
2574 5657 2758 5715 codice
2789 5657 2999 5727 habuit,
3025 5673 3091 5716 ex
3116 5675 3285 5732 eaque
3318 5662 3573 5719 nonnulla
3608 5671 3700 5717 aut
3720 5660 4006 5726 convertit,
