4212 6486
1294 410 1356 459 D.
1395 411 1539 461 θυι..
1575 410 1902 463 ΟΑΙὶΝΕΙΗΙ
1942 412 2330 466 ΡῐζεῙΞΡᾹΤΙΟ.

3320 428 3457 471 αχεν

200 524 288 569 ant
309 516 558 573 imitatus
578 526 689 580 est,
712 518 847 571 nihil
872 519 1141 585 supererit
1167 518 1337 585 dubii,
1362 522 1487 588 quin
1516 537 1614 589 pro
1638 524 1785 577 Basi-
1814 530 1860 584 Α
1891 540 2002 577 rem
2022 525 2270 591 appellet,
2302 541 2405 578 non
2430 525 2569 594 quod
2618 540 2801 578 revera
2828 525 2914 579 lex
2957 526 3033 578 ira
3066 534 3119 578 et
3137 524 3316 577 furore
3342 547 3463 577 t'm-

202 606 337 661 liano
356 608 466 661 fetu
484 608 805 674 accipienda
823 608 910 661 sit.
934 608 1063 663 Rem
1088 616 1266 659 autem
1286 610 1356 661 ita
1376 623 1519 671 esse,
1538 611 1579 662 si
1597 612 1789 665 utrius-

201 715 301 767 que
328 699 492 752 verba
532 696 719 753 Basilii
751 710 804 753 ct
839 697 1111 753 Ambrosii
1149 699 1291 753 inter
1327 714 1387 755 sc
1417 700 1784 766 conferantur,

200 789 378 859 negari
399 802 508 841 non
533 798 727 856 potest.
747 789 1016 845 Ambrosii
1039 790 1181 844 enim
1202 791 1315 846 hare
1334 800 1538 847 suntex
1562 809 1786 849 enarra-

201 884 341 933 tione
365 879 418 931 iu
444 879 589 935 hunc
606 882 671 936 de
699 898 805 951 quo
822 884 997 951 agitur
1023 881 1311 951 psalmum,
1340 898 1488 937 num.
1514 884 1577 937 l9
1600 886 1736 939 et20
1767 905 1779 940 :

206 991 222 1021 ι
253 971 367 1024 Non
398 972 546 1027 enim
570 976 707 1029 Deus
731 973 967 1044 passioni
991 984 1158 1041 patet,
1178 986 1236 1029 ut
1265 977 1549 1041 irascatur,
1572 992 1691 1033 cum
1714 981 1785 1035 sit

201 1066 569 1133 impassibilis.
600 1106 615 1120 .
638 1106 652 1120 .
684 1104 699 1120 .
728 1064 965 1133 Denique
993 1082 1119 1122 usus
1152 1068 1334 1131 habet,
1368 1077 1425 1120 ut
1451 1070 1693 1127 dicamus
1717 1074 1782 1127 de

198 1172 473 1227 quoquam
501 1162 707 1228 punito,
732 1158 855 1226 quia
888 1158 1020 1212 iram
1053 1160 1243 1214 incidit
1278 1160 1451 1228 legum
1482 1178 1495 1213 :
1522 1178 1626 1218 non
1653 1166 1777 1234 quia

197 1248 371 1319 legum
428 1253 588 1314 iram,
630 1251 722 1302 sed
775 1251 899 1319 quia
952 1250 1127 1321 legum
1183 1254 1526 1308 severitatem
1568 1256 1775 1311 incidit.

200 1342 289 1397 Sic
312 1355 367 1398 et
410 1341 541 1394 alibi
571 1341 637 1395 de
663 1342 843 1396 decem
882 1341 1053 1413 plagis
1082 1342 1458 1414 Egyptiorum
1487 1346 1596 1399 ait:
1631 1347 1776 1401 Misit

198 1435 250 1486 in
276 1450 363 1486 eos
390 1433 530 1484 iram
568 1448 659 1499 per
686 1431 896 1500 angelos
951 1436 1115 1487 malos
1163 1433 1205 1490 ⁸.
1240 1472 1254 1487 .
1292 1472 1307 1488 .
1340 1474 1354 1487 .
1390 1452 1409 1486 t
1453 1433 1553 1500 Qui
1594 1438 1776 1491 sanari

196 1527 330 1588 vult,
358 1525 512 1594 argui
567 1540 673 1579 non
712 1524 1031 1581 reformidat
1061 1547 1075 1582 :
1131 1528 1225 1581 sed
1265 1542 1369 1581 non
1403 1526 1686 1597 vultargui
1722 1528 1775 1583 in

200 1620 404 1677 furore,
465 1615 558 1671 sed
589 1616 640 1670 in
676 1617 843 1672 verbo
881 1618 996 1672 Dei.
1027 1656 1041 1672 .
1071 1656 1086 1670 .
1116 1656 1130 1671 .
1192 1615 1307 1671 Non
1338 1616 1451 1671 vult
1484 1617 1684 1673 erudiri
1723 1618 1773 1671 in

200 1710 299 1772 ira,
328 1712 425 1765 sed
453 1710 504 1763 iu
538 1712 813 1775 doctrina;
851 1721 907 1766 ut
938 1711 981 1766 si
1020 1711 1285 1766 medicum
1325 1725 1503 1780 roges,
1530 1724 1596 1764 ne
1628 1721 1775 1767 secet

197 1803 392 1857 vulnus
443 1813 615 1862 tuum,
644 1803 736 1855 sed
772 1802 1217 1857 medicamentum
1255 1812 1508 1869 apponat.
1546 1842 1558 1855 .
1598 1844 1611 1859 .
1645 1843 1659 1857 .
1708 1802 1774 1857 Et

199 1894 441 1948 addidit:
481 1892 744 1956 Quoniam
806 1894 1011 1961 sagitta.-
1076 1904 1181 1946 tua:
1244 1894 1423 1961 infixa:
1474 1905 1592 1949 sunt
1624 1899 1772 1949 mihi.

198 1986 399 2041 Eadem
439 1985 650 2040 videtur
688 1986 889 2049 dicere,
924 2001 1043 2056 qure
1094 1995 1315 2041 sanctus
1366 1984 1503 2052 Job;
1554 1990 1646 2043 sed
1696 1990 1779 2042 di-

198 2091 353 2130 versa
390 2084 537 2130 sunt.
573 2076 704 2131 Nam
738 2087 792 2131 et
822 2076 910 2133 ille
970 2078 1049 2131 ait
1081 2096 1094 2132 :
1139 2076 1360 2148 Sagitta
1387 2079 1525 2132 enim
1560 2078 1777 2135 Domini

196 2169 253 2221 in
287 2184 510 2238 corpore
532 2185 643 2224 meo
682 2179 823 2237 sunt,
878 2186 1101 2241 quorum
1133 2170 1284 2238 [uror
1304 2169 1429 2224 bibit
1468 2173 1779 2242 sanguinem

200 2280 371 2317 meum
398 2263 438 2317 ’.
478 2302 493 2316 .
524 2303 538 2318 .
574 2301 588 2317 .
626 2261 719 2318 Ille
762 2263 827 2317 de
868 2263 1086 2316 vulnere
1130 2263 1211 2316 sui
1240 2265 1485 2332 corporis
1512 2266 1776 2331 queritur,

199 2355 287 2408 hic
327 2355 577 2425 deplorat
600 2356 793 2409 anima:
828 2368 939 2407 sua:
966 2354 1216 2409 vulnera.
1246 2392 1261 2408 .
1293 2394 1306 2407 .
1337 2392 1352 2409 .
1406 2353 1500 2408 ille
1528 2356 1658 2409 dicit
1694 2371 1779 2409 sa-

199 2448 359 2514 gittas
421 2446 635 2501 Domini
684 2446 734 2499 in
782 2460 878 2499 suo
917 2459 1037 2501 esse
1087 2460 1335 2517 corpore,
1392 2446 1496 2502 iste
1540 2447 1782 2519 deplorat

200 2537 418 2589 infixas.
456 2554 475 2586 ι
514 2535 601 2589 Illa
636 2550 763 2590 vero
794 2535 1041 2605 leguntur
1087 2538 1226 2606 apud
1259 2535 1517 2591 Basiliam
1548 2536 1601 2591 in
1637 2554 1781 2593 eum-

196 2626 313 2679 dem
345 2624 614 2695 psalmum
648 2644 660 2679 :
698 2625 883 2692 Λέγων
904 2625 980 2677 δέ’
1017 2626 1211 2693 Κύριε,
1239 2624 1323 2694 μὴ
1355 2624 1435 2690 τῷ
1472 2625 1634 2694 θυμῷ
1666 2644 1781 2680 σου

193 2715 453 2785 ἐλέγξῃς
471 2731 569 2784 με,
604 2715 663 2767 οὑ
704 2714 794 2767 τὸν
844 2715 1064 2785 ἔλεγχον
1109 2718 1476 2784 παραιτεῖται,
1522 2716 1657 2768 ἀλλὰ
1693 2717 1782 2768 τὸν

200 2808 333 2876 μετὰ
365 2806 563 2877 Θυμοῦ.
591 2807 698 2860 Καὶ
720 2809 779 2860 τό
802 2818 816 2833 ⁸
837 2808 1001 2875 Μηδὲ
1030 2806 1103 2876 τῇ
1131 2805 1277 2877 ὀργῇ
1306 2823 1422 2861 σου
1453 2805 1784 2874 παιδεύσῃς

191 2917 283 2967 με,
312 2901 374 2952 οὖ
404 2900 599 2969 φεύγει
626 2901 686 2953 τὸ
712 2900 1090 2970 παιδευθῆναι,
1108 2900 1230 2971 δίχα
1256 2900 1312 2952 δὲ
1350 2899 1519 2970 ὀργῆς
1544 2899 1641 2969 τῆς
1667 2916 1785 2951 παι-

196 2991 355 3053 δείας
376 2996 563 3060 τυχεῖν
597 2992 755 3055 ἀξιοῖ,
795 2992 869 3055 ὡς
908 2996 955 3046 εἰ
980 2994 1073 3046 καὶ
1112 2992 1279 3063 ἰατρῷ
1315 3010 1399 3055 τις
1429 3030 1443 3045 .
1477 3030 1491 3047 .
1524 3033 1539 3048 .
1568 3031 1581 3046 .
1613 2992 1779 3061 λέγοι·

196 3082 286 3153 Μὴ
311 3082 400 3134 διὰ
431 3080 605 3152 πυρός
634 3098 702 3151 με
735 3081 1097 3153 Θεραπεύσῃς,
1150 3082 1283 3152 μηδὲ
1322 3080 1409 3134 διὰ
1442 3082 1656 3152 σιδήρου
1688 3082 1784 3135 καὶ

197 3174 403 3244 τομῶν,
434 3172 526 3226 διὰ
558 3172 614 3225 δὲ
640 3172 816 3243 ἠπίων
838 3174 930 3226 καὶ¹
952 3171 1266 3244 πραοτέρων
1300 3171 1628 3242 φαρμάκων.
1665 3210 1679 3224 .
1716 3213 1730 3227 .
1765 3210 1780 3225 .

199 3266 407 3329 Παντὸς
454 3266 564 3336 γὰρ
609 3265 813 3329 πάθους
838 3264 1115 3335 ἀλλότριον
1146 3264 1208 3317 τὸ
1238 3264 1378 3317 Θεῖον
1411 3304 1423 3317 .
1455 3303 1467 3317 .
1500 3303 1514 3316 .
1547 3304 1563 3319 .

198 3373 277 3418 τις
310 3359 405 3409 καὶ
427 3358 529 3419 τὰς
559 3360 623 3410 ὲκ
652 3358 745 3411 τοῦ
772 3357 1041 3428 νόμου-τῷ
1065 3358 1373 3428 ἀνδροφόνῳ
1397 3356 1782 3427 ὲπηρτημένας

199 3448 449 3512 κολάσεις
484 3449 651 3519 ὀργὴν
672 3451 766 3502 καὶ
804 3450 973 3520 θυμὸν
1015 3450 1293 3520 ὀνομάζοι,
1320 3451 1419 3501 οὐκ
1451 3449 1663 3518 ἀληθῶς
1690 3448 1782 3501 τοῦ

199 3541 363 3611 νόμου
394 3541 737 3611 Θυμουμένου
777 3543 868 3595 καὶ
893 3542 1267 3613 ὀργιζομένου,
1328 3540 1422 3594 τοῦ
1465 3541 1521 3594 δὲ
1560 3538 1785 3603 κολαζοο

204 3634 366 3703 μένου
394 3634 565 3704 ὀργὴν
581 3632 675 3686 τοῦ
699 3634 862 3703 νόμου
890 3632 987 3704 τὴν
1007 3633 1275 3702 τιμωρίαν
1301 3632 1678 3702 ὑπειληφότος.
1700 3672 1714 3685 .
1738 3669 1750 3682 .
1767 3670 1781 3684 .

200 3724 355 3780 Οὕτω
404 3725 537 3795 γοῦν
568 3726 781 3798 εἴρηται
810 3728 867 3779 ὲν
898 3725 974 3797 τῷ
1000 3727 1125 3797 περὶ
1156 3726 1252 3797 τῆς
1289 3724 1633 3796 δεκαπλήγου
1686 3724 1785 3793 τῆς

202 3820 321 3872 κατ’
350 3820 666 3887 Αἰγυπτίων
690 3819 1021 3890 ἐπαχθείσης
1042 3819 1183 3887 λόγῳ
1203 3818 1282 3870 τό·
1302 3816 1673 3871 Ἀπέστειλε-ν
1692 3816 1782 3869 ἐπ’

201 3908 425 3973 αὐτοὺς
456 3909 643 3977 ὀργὴν
671 3908 767 3960 καὶ
798 3908 1004 3976 θυμὸν,
1030 3904 1386 3971 ἀποστολὴν
1413 3903 1486 3956 δι’
1519 3901 1787 3972 ἀγγέλων

202 3996 500 4065 πονηρῶν.
521 4034 536 4049 .
559 4036 572 4049 .
596 4038 609 4051 .
630 3996 719 4048 Διὸ
742 3995 913 4064 ἔλεγε,
938 3994 1089 4062 Βέ.1η
1109 3994 1217 4063 γὰρ
1243 3992 1464 4060 Κυρίου
1488 3992 1557 4045 ἐν
1577 3990 1655 4056 τῷ
1680 3988 1788 4043 σώ-

198 4089 339 4155 ματί
362 4104 483 4156 μου
510 4086 701 4149 ἐστιν,
721 4079 807 4139 ὧν
835 4089 867 4140 ό
887 4086 1073 4155 θυμὸς
1101 4083 1301 4137 αὐτῶν
1323 4084 1551 4137 ἐκπίνει
1573 4100 1691 4150 μου
1719 4080 1785 4133 τὸ

201 4173 364 4247 οἶμα.
420 4179 482 4229 'U
513 4177 571 4230 δὲ
604 4176 764 4230 Δαόὶδ
793 4175 853 4229 οὐ
904 4176 965 4229 τὸ
1012 4174 1170 4245 σῶμα
1204 4173 1430 4243 πληγεὶς
1470 4170 1669 4241 ὁμοίως
1708 4168 1787 4240 τῷ

216 4268 372 4335 Ἰὼϐ,
424 4270 593 4339 αὐτὴν
646 4269 701 4322 δὲ
754 4271 850 4340 τὴν
894 4268 1070 4339 ψυχὴν
1106 4267 1327 4338 καιρίαν
1379 4265 1608 4337 τρωθεὶς
1634 4304 1647 4327 ο
1689 4264 1785 4334 οὐκ

204 4361 404 4431 ὁμοίως
424 4360 636 4430 τῷῚὼὸ
664 4360 884 4427 φάσκει,
908 4360 1065 4427 ,ϐέλη
1092 4360 1201 4428 γὰρ
1228 4360 1449 4427 Κυρίου
1478 4360 1547 4412 ἐν
1579 4358 1657 4423 τῷ
1673 4359 1787 4411 σώ-

199 4455 342 4522 ματί
368 4470 489 4521 μου
514 4452 691 4504 εἰσιν·
709 4450 823 4503 ἀλλ’
848 4453 974 4504 Ὀτι
999 4453 1070 4505 τὰ
1088 4452 1248 4521 βέλη
1266 4468 1381 4506 σου
1403 4451 1787 4521 ὲνεπὰγησάν

199 4563 318 4614 μοι,
346 4544 444 4596 καὶ
470 4542 869 4610 ἐπεστήριξας
899 4543 991 4596 ἐπ’
1024 4542 1129 4611 ἐμὲ
1157 4543 1272 4611 τὴν
1300 4542 1467 4611 χεῖρά
1496 4556 1633 4596 σου.
1669 4542 1781 4597 Hoc

204 4646 325 4691 est:
370 4655 388 4687 ι
434 4634 569 4688 Cum
610 4648 739 4687 vero
787 4635 884 4697 ait,
940 4634 1194 4697 Domine,
1244 4650 1305 4686 ne
1365 4635 1421 4687 in
1468 4634 1645 4702 furore
1688 4642 1777 4685 tuo

204 4744 395 4795 arguas
424 4728 588 4791 me”,
624 4740 729 4779 non
764 4725 1063 4795 quamlibet
1101 4726 1572 4794 reprehensionem
1605 4725 1780 4778 detre-

204 4830 333 4884 ctat,
359 4820 455 4874 sed
500 4834 644 4884 eam,
682 4834 801 4889 qua;
855 4834 974 4873 cum
1010 4818 1191 4871 furore
1239 4817 1523 4886 conjuncta
1563 4816 1654 4870 sit.
1714 4815 1777 4869 Et

203 4927 324 4966 cum
355 4909 511 4974 dicit,
551 4909 730 4979 Neque
756 4910 809 4962 in
861 4910 941 4962 ira
991 4918 1081 4962 tua
1110 4908 1362 4975 corripias
1391 4923 1469 4960 me
1510 4906 1575 4969 “,
1605 4921 1779 4960 corre-

202 5004 441 5073 ptiouem
460 5014 795 5070 nequaquam
820 4997 973 5068 fugit,
998 5000 1089 5053 sed
1110 5007 1259 5067 rogat
1284 5007 1340 5052 ut
1358 4998 1492 5052 citra
1513 4997 1645 5051 iram
1665 5012 1780 5051 cor-

205 5094 466 5162 ripiatur;
502 5106 567 5145 ac
610 5092 653 5146 si
716 5091 835 5159 quis
880 5092 1085 5145 medico
1136 5106 1233 5159 per
1290 5090 1650 5153 adustionem,
1685 5105 1779 5157 per

203 5186 427 5248 ferrum,
464 5198 562 5252 per
610 5182 804 5237 acerba
841 5181 1075 5235 remedia
1108 5179 1349 5237 levamen
1382 5182 1448 5235 ad
1472 5183 1775 5250 quempiam

202 5278 446 5332 morbum
486 5275 785 5330 curandum
825 5274 1068 5328 offerenti
1094 5273 1235 5327 dicat
1262 5290 1276 5327 :
1312 5272 1389 5328 Ne
1417 5275 1544 5327 mihi
1576 5273 1773 5343 ignem,

201 5382 266 5423 ne
294 5368 528 5433 ferrum,
563 5382 630 5421 ne
658 5367 925 5420 sectiones
947 5365 1015 5419 ad
1050 5364 1311 5418 medelam
1345 5366 1656 5425 admoveas,
1676 5362 1770 5418 sed

202 5461 368 5515 dulcia
391 5460 717 5525 mitior-aque
750 5458 1002 5510 remedia.
1030 5495 1044 5511 .
1077 5488 1093 5508 .
1130 5496 1141 5509 .
1194 5453 1327 5509 Nam
1358 5456 1424 5509 ab
1458 5454 1603 5509 omni
1648 5469 1760 5523 per-

201 5555 502 5609 turbatione
529 5553 767 5605 alienum
812 5564 1009 5604 numen
1050 5558 1154 5605 est.
1183 5588 1197 5603 .
1226 5588 1239 5601 .
1268 5585 1283 5601 .
1320 5552 1395 5601 Ac
1424 5548 1467 5602 si
1496 5547 1617 5616 quis
1649 5560 1769 5615 pte-

198 5660 289 5700 nas
323 5662 446 5717 qua:
467 5662 532 5702 ex
566 5646 684 5715 lege
715 5642 1023 5713 impendent
1047 5641 1347 5705 homicida,
1380 5640 1514 5694 iram
1537 5653 1599 5693 ac
1621 5638 1768 5693 furo-

264 5762 284 5793 '
309 5764 444 5817 Psal.
480 5776 697 5827 uxvu,
732 5759 820 5815 ιθ.
896 5760 917 5791 ⁹
940 5757 1039 5817 Joh
1078 5775 1150 5825 vi,
1178 5758 1229 5814 4.
1309 5758 1352 5791 ¹⁹
1384 5756 1521 5815 Psal.
1562 5754 1807 5824 xxvnﬂ.

195 5846 392 5896 xum.
420 5834 475 5889 5.

1900 612 2079 681 ripiat,
2142 613 2237 664 sed
2301 617 2443 679 quod
2515 613 2602 682 qui
2663 616 2925 680 punitur,
2964 613 3099 681 legis
3146 611 3465 680 supplicium

1896 706 2031 759 iram
2055 720 2175 758 esse
2205 713 2373 773 putet.
2412 744 2427 758 .
2463 746 2476 759 .
2509 747 2524 759 .
2578 705 2677 760 Ubi
2709 705 2892 759 itidem
2928 720 3107 759 sermo
3130 705 3358 757 habetur
3403 705 3469 756 de

1894 798 2079 851 decem
2105 794 2279 864 plagis
2302 804 2493 849 contra
2521 796 2804 865 Egyptios
2834 794 3110 859 immissis,
3150 792 3352 846 dictum
3386 800 3471 845 est

1893 886 2183 941 similiter:
2226 886 2369 938 Misit
2402 885 2457 938 in
2502 901 2587 938 eos
2636 888 2769 938 iram
2804 895 2851 939 et
2899 882 3151 951 furorem,
3179 881 3469 936 immissio-

1892 995 2003 1032 nem
2023 998 2114 1048 per
2132 978 2345 1049 angelos
2371 979 2535 1030 malos
2559 977 2691 1033 "....
2718 978 3060 1047 Quapropter
3088 975 3299 1029 dicebat
3327 972 3462 1026 Job:

1890 1069 2113 1140 Sagittae
2142 1074 2278 1128 enim
2311 1070 2518 1125 Domini
2556 1071 2610 1122 in
2637 1086 2848 1135 corpore
2882 1086 2993 1123 meo
3042 1076 3203 1131 sunt,
3243 1082 3468 1136 quarum

1887 1163 1967 1214 ira
1983 1179 2154 1216 meum
2169 1166 2323 1219 ebibit
2347 1163 2656 1231 sanguinem
2678 1160 2745 1213 ".
2765 1160 2929 1213 David
2948 1170 3126 1214 autem
3146 1172 3250 1212 non
3270 1158 3321 1211 in
3348 1174 3468 1212 cor-

1886 1270 2015 1325 pore
2051 1255 2196 1309 velut
2219 1257 2319 1311 Job
2339 1254 2645 1327 perculsus,
2671 1254 2764 1307 sed
2800 1252 2851 1307 in
2886 1252 2997 1320 ipsa
3042 1252 3221 1307 anima
3250 1250 3469 1303 vulnere

1885 1348 2067 1404 lethali
2098 1347 2401 1414 confossus,
2438 1363 2542 1402 non
2586 1346 2663 1398 ait
2715 1345 3167 1415 quemadmodum
3205 1341 3326 1407 Job,
3365 1340 3471 1395 Sa-

1883 1441 2025 1508 gith
2077 1440 2213 1494 enim
2246 1437 2450 1492 Domini
2496 1440 2549 1492 in
2583 1451 2801 1505 corpore
2846 1450 2959 1487 meo
3004 1441 3145 1499 sunt,
3179 1433 3297 1495 sed,
3325 1430 3470 1496 Quo-

1884 1531 2024 1583 niam
2070 1532 2277 1600 sagitta:
2308 1538 2411 1583 tua:
2463 1530 2641 1597 infixa:
2688 1525 3006 1591 sunhmihi,
3052 1534 3097 1577 et
3140 1519 3467 1591 conﬁrmasti

1886 1638 2042 1689 super
2067 1640 2147 1677 me
2176 1639 2390 1676 manum
2426 1632 2571 1675 tuam
2600 1622 2661 1674 ’⁸.

1953 1712 2047 1768 liis
2074 1712 2345 1783 perlectis,
2381 1726 2409 1764 a
2450 1724 2577 1781 quo,
2625 1724 2828 1777 quasso,
2874 1707 3037 1761 stabit
3066 1706 3257 1768 lector,
3289 1716 3450 1771 quam

1881 1806 2208 1862 sententiam
2244 1806 2619 1874 amplectetur,
2658 1798 3057 1861 Combefisiine,
3085 1798 3223 1849 hanc
3259 1792 3465 1850 oratio-

1808 1901 1852 1955 B
1878 1915 1999 1953 nem
2025 1916 2122 1968 pro
2146 1908 2391 1969 suspecta
2417 1894 2687 1956 habentis,
2724 1908 2791 1945 an
2827 1890 2965 1961 eius,
3000 1889 3090 1959 qui
3127 1903 3244 1941 eam
3274 1887 3461 1941 Basilii

1878 2002 2001 2041 esse
2026 1987 2360 2042 confidenter
2404 1983 2731 2042 allirmabit?
2766 1981 2925 2037 Certe
2960 1980 3176 2050 quidem
3230 1991 3327 2044 ego
3361 1992 3466 2031 non

1879 2079 2068 2133 dubito
2116 2078 2245 2147 quin
2292 2079 2528 2146 prudens
2557 2077 2728 2129 lector
2763 2084 2923 2143 atque
2945 2072 3208 2135 eruditus,
3236 2070 3457 2123 deserto

1879 2168 2222 2232 Combefisio,
2249 2167 2409 2221 alteri
2442 2164 2681 2220 accedat.
2724 2163 2857 2216 Nam
2896 2173 3210 2233 argumenta
3256 2175 3373 2229 qua:
3399 2174 3466 2213 ex

1882 2259 1982 2311 hac
2005 2258 2243 2312 locorum
2270 2255 2562 2311 collatione
2591 2253 2697 2324 peti
2725 2261 2973 2321 possunt,
3014 2250 3348 2305 validissima
3384 2250 3465 2301 vi-

1881 2349 2075 2403 dentur
2128 2363 2247 2403 esse
2278 2357 2440 2417 atque
2485 2345 2842 2416 gravissima;
2902 2358 3023 2412 quae
3082 2356 3211 2397 vero
3260 2338 3468 2411 profert

1880 2441 2255 2505 Combefisius,
2303 2441 2483 2495 minus
2523 2446 2649 2493 sunt
2680 2438 2867 2492 idonea
2906 2437 2971 2490 ad
3001 2434 3462 2505 persuadendum.

1883 2534 2120 2598 Etenim,
2155 2534 2199 2587 si
2227 2536 2529 2588 orationem
2563 2527 2873 2600 quampiam
2904 2526 3143 2595 spuriam
3169 2536 3287 2577 esse
3305 2531 3469 2590 atque

1881 2630 2236 2683 adulteriuam
2264 2643 2329 2681 ex
2368 2641 2432 2681 eo
2459 2625 2635 2695 colligi
2670 2630 2866 2692 potest,
2907 2619 3051 2688 quod
3098 2618 3150 2671 in
3192 2616 3468 2684 aliquibus

1884 2734 1993 2773 mss
2038 2718 2200 2783 desit,
2230 2727 2406 2770 actum
2434 2725 2517 2770 est
2540 2717 2605 2768 de
2630 2712 2874 2783 plurimis
2905 2720 3217 2767 sanctorum
3242 2705 3467 2759 Patrum

1882 2809 2174 2879 opusculis,
2211 2823 2332 2878 quae
2370 2807 2619 2876 quamvis
2663 2804 2891 2875 genuina
2932 2811 2985 2856 et
3020 2814 3173 2864 vera,
3200 2806 3379 2851 tamen
3413 2795 3467 2848 iu

1882 2902 2152 2973 aliquibus
2187 2902 2455 2955 duntaxat
2494 2896 2773 2952 codicibus
2814 2901 3049 2957 exstant,
3088 2892 3139 2944 in
3177 2889 3298 2942 aliis
3336 2901 3467 2940 vero

1883 2995 2281 3050 desiderantur.
2330 2989 2482 3057 Quod
2527 2988 2675 3043 addit
2711 2987 2793 3041 vir
2823 2985 3013 3039 doctus
3048 2982 3113 3036 ad
3140 2978 3469 3035 confirman-

1884 3088 2002 3140 dam
2054 3102 2205 3141 suam
2256 3084 2588 3155 opinionem,
2649 3099 2667 3133 ι
2724 3078 2919 3151 stylum
2975 3072 3134 3142 hujus
3199 3070 3467 3126 orationis

1886 3178 2271 3247 languidiorem
2312 3191 2450 3242 esse,
2509 3194 2527 3227 ›
2581 3174 2656 3237 id,
2686 3182 2837 3237 puto,
2894 3167 3164 3222 neminem
3209 3161 3465 3224 movebit,

1622 3262 1710 3325 Ὦς
1738 3262 1791 3315 ετ
1816 3256 1859 3318 C
1890 3285 2011 3325 eum
2036 3270 2103 3325 de
2128 3267 2253 3339 styli
2279 3276 2372 3321 aut
2404 3264 2752 3321 similitudine
2778 3270 2873 3316 aut
2905 3259 3171 3313 varietate
3206 3256 3279 3311 ita
3327 3254 3469 3308 inter

1885 3376 1943 3417 se
1974 3360 2275 3415 dissideant
2308 3366 2576 3422 auctores,
2606 3364 2665 3409 ut
2688 3352 2831 3423 quod
2873 3350 3013 3405 alter
3043 3345 3305 3402 dissimile
3344 3358 3469 3413 pro-

1886 3448 2119 3511 nuntiat,
2166 3446 2218 3500 id
2249 3445 2425 3499 simile
2462 3458 2585 3499 esse
2640 3442 2781 3496 alter
2831 3440 3057 3511 judicet.
3109 3435 3292 3505 Neque
3337 3447 3469 3488 sane

1886 3537 2053 3593 multo
2086 3538 2301 3609 gravius
2329 3547 2412 3593 est
2433 3534 2572 3606 quod
2596 3534 2861 3604 sequitur,
2898 3549 2917 3582 ι
2947 3531 2999 3585 in
3036 3529 3138 3584 hac
3164 3525 3469 3585 enarratio-

1885 3644 1954 3684 ne
2006 3621 2332 3685 mentionem
2383 3629 2497 3684 fieri
2555 3628 2693 3683 sexti
2744 3622 2960 3695 psalmi,
3000 3640 3020 3673 ι
3070 3634 3232 3689 quem
3285 3626 3467 3670 tamen

1885 3730 2099 3776 constat
2136 3722 2188 3775 in
2218 3720 2396 3775 Basilii
2428 3719 2681 3788 operibus
2714 3733 2821 3771 non
2860 3712 3113 3769 inveniri.
3152 3709 3293 3777 Quot
3322 3706 3464 3761 enim

1885 3822 2127 3866 veterum
2157 3819 2504 3865 monumenta
2532 3808 2709 3864 omnis
2735 3804 2951 3877 generis
2977 3818 3169 3874 magno
3205 3800 3281 3857 rei
3321 3800 3466 3853 litte-

1886 3906 2045 3959 rarire
2092 3905 2287 3958 damno
2338 3912 2637 3971 temporum
2671 3900 2865 3971 injuria
2906 3898 3135 3968 periisse
3183 3890 3465 3950 dolemus?

1887 3996 1984 4053 His
2004 3997 2069 4053 de
2103 3997 2281 4053 causis
2309 3996 2424 4066 ejus
2446 3997 2535 4066 qui
2565 4010 2684 4050 eam
2716 3994 3018 4048 orationem
3059 3988 3319 4050 defendit,
3348 3984 3465 4055 opi-

1888 4090 1977 4145 nio
2019 4089 2187 4144 videri
2225 4090 2420 4159 poterit
2465 4087 2865 4143 Combefisiana
2909 4085 3068 4153 longe
3110 4078 3461 4151 probabilior,

1887 4179 2160 4249 multoque
2189 4178 2410 4248 pr0pior
2437 4192 2587 4233 vero.
2617 4176 2813 4230 Notum
2844 4180 2927 4229 est
2946 4173 3089 4229 enim
3116 4170 3462 4231 Ambrosium

1886 4284 2208 4339 quacunque
2240 4269 2526 4324 occasione
2556 4270 2677 4323 data
2698 4266 2880 4321 Basilii
2908 4264 3149 4334 vestigiis
3172 4262 3459 4325 inhaerere,

1887 4377 1955 4416 ex
1987 4374 2159 4431 eoque
2198 4360 2364 4413 multa
2394 4359 2627 4414 mutuari
2662 4359 2875 4414 solitum
2906 4372 3047 4412 esse.
3088 4356 3262 4422 Quam
3295 4351 3462 4407 multa

1888 4462 2065 4507 autem
2118 4467 2185 4506 ex
2243 4453 2343 4507 hac
2392 4451 2444 4505 in
2491 4452 2751 4521 psalmum
2799 4450 3131 4504 tricesimum
3173 4446 3461 4514 septimum

1888 4544 2232 4599 enarratione
2258 4544 2565 4615 sumpserit,
2599 4543 2874 4613 aliquanto
2908 4550 3033 4595 ante
3057 4548 3334 4593 ostensum
3353 4545 3459 4592 est.

1882 4637 1991 4693 Cur
2052 4636 2215 4704 igitur
2258 4636 2371 4690 haec
2415 4634 2585 4689 oratio
2612 4633 2809 4687 Basilio
2861 4647 2963 4685 non
3001 4632 3352 4695 tribueretur,
3392 4645 3460 4685 ex

1882 4743 1987 4799 qua
2017 4727 2362 4782 Ambrosium
2392 4726 2614 4797 perinde
2644 4732 2702 4779 ut
2730 4738 2799 4778 ex
2829 4722 3053 4792 reliquis
3082 4722 3260 4776 Basilii
3281 4721 3461 4791 operi-

1882 4821 1982 4873 bus
2014 4818 2178 4873 multa
2211 4818 2547 4887 excerpsisse
2569 4815 2819 4870 constat?
2841 4812 3024 4883 Neque
3053 4829 3154 4866 non
3186 4828 3304 4867 eam
3334 4828 3459 4867 sen-

1882 4911 2103 4966 tentiam
2126 4911 2362 4981 adjuvat,
2387 4910 2528 4978 quod
2551 4907 2871 4962 Ambrosius
2888 4920 2919 4961 e
2942 4904 3119 4958 Basilii
3145 4905 3197 4958 in
3222 4904 3457 4973 primum

1881 5002 2143 5071 psalmum
2168 5001 2390 5071 prologo
2417 5002 2469 5055 in
2498 5014 2648 5053 suam
2681 5012 2786 5051 non
2824 5010 2992 5065 pauca
3033 4994 3329 5049 transtulit.
3378 4992 3456 5047 Ex

1878 5108 1985 5162 quo
2018 5095 2096 5157 tit,
2137 5102 2197 5147 ut
2230 5092 2351 5160 jure
2392 5091 2537 5146 credi
2581 5090 2749 5158 possit
2780 5088 3031 5144 nonnulla
3074 5102 3143 5141 ex
3183 5086 3283 5139 hoc
3316 5098 3455 5153 quo-

1877 5198 1982 5253 que
2008 5185 2061 5238 in
2091 5184 2357 5253 psalmum
2394 5182 2725 5237 tricesimum
2746 5182 3031 5249 septimum
3064 5176 3456 5233 commentario

1878 5277 2195 5344 sumpsisse.
2226 5274 2344 5329 Jam
2374 5274 2500 5345 quid
2528 5274 2755 5329 sentiam
2799 5274 2934 5341 ipse,
2967 5269 3152 5341 paucis
3190 5267 3449 5335 aperiam.

1878 5364 2395 5433 Beprehendendum
2426 5364 2804 5420 Comhetisium
2831 5374 2980 5433 puto,
3012 5376 3120 5416 non
3162 5358 3305 5429 quod
3332 5372 3452 5413 eam

1878 5458 2177 5512 orationem
2206 5459 2259 5511 in
2292 5458 2557 5527 suspectis
2582 5456 2858 5519 habuerit,
2886 5454 2981 5509 sed
3013 5452 3154 5523 quod
3188 5450 3318 5506 nihil
3351 5465 3451 5504 au-

1878 5562 1971 5602 sus
2000 5549 2073 5603 sit
2100 5550 2468 5617 pronuntiare.
2495 5549 2633 5615 Quin
2667 5548 2811 5602 enim
2842 5548 2984 5599 inter
3006 5558 3163 5613 opera
3194 5543 3322 5597 falsa
3352 5556 3455 5595 nu-

1881 5645 2136 5698 meranda
2168 5644 2257 5709 sit,
2288 5643 2507 5697 dubium
2546 5656 2651 5695 non
2682 5648 2783 5705 est,
2806 5654 2950 5704 eum,
2974 5646 3031 5692 ut
3062 5650 3207 5691 num.
3231 5633 3301 5689 56
3326 5646 3452 5703 pro-

1889 5749 1929 5789 “
1960 5756 2087 5813 ibid.
2168 5758 2207 5790 ¹¹
2238 5755 2611 5820 Psal..t.xxvtt,
2643 5754 2747 5810 £9:
2795 5754 2854 5785 ἰ’
2877 5752 2975 5812 Job
3001 5768 3075 5814 vi,
3102 5750 3157 5805 4.
3235 5742 3452 5804 “Pal.
