4212 6510
1324 424 1385 478 D.
1427 422 1571 480 JUL.
1610 421 1939 478 GARNERII
1978 421 2367 478 PREFATIO.

3267 445 3444 486 εςονιι

204 555 421 612 cumque
462 540 538 595 ab
583 538 704 611 ipsa
738 554 901 594 carne
942 539 1425 609 transmigraverit,
1473 550 1598 594 tunc
1651 553 1774 607 pro—
1802 544 1850 600 Α

1802 544 1850 600 Α
1876 537 2045 609 αὐτὴν
2080 538 2572 610 φιλοπονήσαντας,
2604 540 2879 613 ἔγκαρπον
2930 541 3215 597 ἀποδοῦναι
3253 546 3329 615 τῷ
3363 546 3450 601 δι’

207 636 327 704 priis
362 634 416 687 in
459 633 686 688 sedibus
733 633 1033 703 quiescere.
1083 631 1159 686 Ac
1200 632 1416 685 beatum
1465 630 1593 685 dicit
1626 646 1772 698 eum,

210 727 289 797 qni
349 739 475 778 cum
542 724 682 791 apud
739 722 1067 791 alienigenas
1133 721 1478 784 habitaverit,
1549 723 1776 777 terrenis

210 816 353 883 quasi
422 814 661 884 propriis
726 814 827 868 sibi
896 815 1057 867 rebus
1120 828 1223 865 non
1290 814 1534 869 addictus
1592 813 1773 869 fuerit.

212 907 639 961 Tabernaculurn
707 915 887 960 autem
952 905 1043 960 Dei
1107 914 1194 959 est
1258 920 1407 969 caro,
1469 906 1661 960 animae
1710 906 1778 961 ab

214 1000 325 1069 ipso
382 999 451 1055 ad
518 999 873 1055 habitandum
930 1012 1209 1053 concessa.
1276 997 1411 1065 Quis
1478 999 1656 1068 itaque
1712 1014 1777 1055 ea

212 1101 267 1144 ut
302 1090 478 1145 aliena
529 1106 679 1155 usus,
734 1089 1044 1161 frugiferam
1095 1092 1338 1145 eamdem
1393 1090 1635 1160 largitori
1695 1106 1780 1145 re-

212 1181 416 1244 sti.nct,
472 1191 534 1235 ut
583 1182 677 1236 ﬁat
711 1181 1112 1237 tabernaculum
1161 1182 1290 1246 Dei,
1354 1183 1443 1250 qui
1491 1184 1542 1236 in
1575 1183 1779 1238 sanctis

213 1272 453 1327 habitat?
513 1272 714 1329 Deinde
763 1290 893 1329 vero
944 1275 1010 1329 ad
1060 1276 1435 1345 praestantiora
1488 1276 1775 1345 procedit:

212 1363 313 1417 Aut
366 1365 486 1433 quis
525 1365 805 1431 requiescet
841 1365 894 1418 in
949 1376 1120 1420 monte
1166 1382 1349 1420 sancto
1391 1378 1480 1421 tuo
1520 1368 1601 1421 "i
1662 1366 1778 1422 Non

212 1457 261 1511 in
292 1456 541 1511 terrestri
574 1455 729 1520 Sion,
767 1466 826 1509 ut
856 1454 1023 1511 Judaei
1075 1456 1424 1520 arbitrantur,
1469 1459 1563 1513 sed
1616 1459 1667 1513 in
1716 1473 1780 1514 ea

210 1550 273 1603 de
330 1563 437 1617 qua
492 1546 689 1601 Paulus
739 1547 818 1601 ait
868 1565 881 1601 :
927 1546 1230 1602 Accessistis
1285 1548 1353 1602 ad
1399 1558 1623 1604 montem
1684 1548 1782 1603 Dei

209 1640 441 1698 sitientis.
484 1640 782 1694 Jerusalem
820 1640 1075 1694 calestem
1098 1641 1159 1694 ".
1202 1640 1457 1711 Quisquis
1491 1643 1654 1712 igitur
1691 1659 1784 1697 ea-

1876 628 2089 681 δωκότι.
2133 627 2257 682 Ἐὰν
2282 629 2340 682 δὲ
2430 630 2566 685 Θεοῦ
2589 630 2713 696 ἀξία
2738 636 2772 705 ἡ
2804 633 2960 707 σὰρξ,
2992 636 3200 703 γίνεται
3235 638 3313 712 τῷ
3335 640 3448 694 ὄντι

1878 719 2014 772 Θεοῦ
2044 721 2327 792 σκήνωμα,
2359 722 2501 776 κατὰ
2541 724 2640 796 τὴν
2667 724 2936 798 ἐνοίκησιν
2983 728 3148 782 αὑτοῦ
3193 733 3273 794 εις
3322 734 3449 796 τοὺς

1880 812 2185 879 ἀγίους....
2209 808 2325 866 εἶτα
2369 816 2618 887 προκοπὴ
2663 816 2758 869 καὶ
2802 819 3022 887 πρόοδος
3063 822 3095 891 ἡ
3142 822 3235 877 ἐπὶ
3274 825 3335 876 τδ
3363 841 3449 879 τε-

1879 903 2165 974 λειότερον.
2206 904 2314 957 Kal
2364 906 2457 972 τις
2520 909 2973 977 κατασκηνώσει
3014 914 3084 967 ἐν
3128 913 3246 981 ὄρει
3304 918 3452 986 ἁγίῳ

1879 1011 2035 1059 σου;
2079 995 2328 1060 Ἰουδαῖος
2360 998 2457 1067 μὲν
2486 1000 2515 1050 ὁ
2543 1000 2727 1070 γήϊνος
2747 1002 2872 1055 ὅταν
2904 1003 3026 1075 ὄρος
3058 1006 3282 1080 ἀκούσῃ,
3313 1009 3451 1080 πρὸς

1878 1086 1976 1159 τὴν
2002 1086 2151 1139 -Σιὼν
2184 1088 2506 1160 ἀποτρέχει.
2524 1128 2539 1144 .
2563 1132 2576 1144 .
2593 1131 2606 1144 .
2644 1094 2769 1165 ὄρος
2800 1096 2973 1149 ἐκεῖνο
3019 1098 3118 1169 τὴν
3143 1102 3451 1173 ὑπερθυρά-

1880 1194 1992 1230 νιον
2029 1177 2212 1249 χώραν
2230 1218 2245 1243 ,
2270 1180 2369 1252 τὴν
2395 1186 2673 1255 ’περιφανῆ
2720 1187 2813 1240 καὶ
2858 1186 3114 1261 λαμπράν
3134 1207 3147 1222 ’
3173 1195 3299 1265 περὶ
3334 1186 3396 1246 οὖ
3424 1197 3452 1249 ὁ

1892 1268 2213 1334 ’Λπόστολος
2252 1269 2418 1339 λέγει,
2456 1273 2546 1327 ὅτι
2589 1279 3079 1346 Προσεληλύθατε
3120 1282 3270 1336 Σιὼν
3308 1286 3453 1355 ὄρει,

1882 1360 1979 1413 καί
2008 1363 2182 1416 πόλει
2210 1363 2356 1418 Θεοῦ
2384 1363 2596 1433 ζῶντος
2614 1409 2629 1433 ,
2676 1369 3062 1441 Ἰερουσαλὴμ
3095 1373 3223 1427 ἑποτ
3247 1378 3453 1442 κανίφ,

1882 1452 1939 1504 ὲν
2029 1454 2334 1526 πανήγυρις
2357 1456 2624 1527 ἀγγέλων,
2650 1462 2745 1514 καὶ
2782 1462 3073 1533 Ἐκκλησία
3098 1470 3455 1537 πρωτοτόκων

1881 1542 2392 1615 ἀπογεγραμμένων
2412 1549 2468 1600 ἐν
2490 1548 2757 1620 οὐρανοῖς.
2796 1551 2962 1607 Ἐπάν
2988 1550 3081 1608 οὖν
3109 1572 3191 1619 τις
3213 1558 3455 1633 παρέλθῃ

1883 1632 1981 1704 τὴν
2016 1635 2193 1706 σάρκα
2221 1636 2424 1709 ταύτην
2444 1640 2831 1711 ἀπροσπαϐὧς,
2858 1644 2933 1706 ώς
2963 1645 3247 1719 ἀλλοτρίαν
3270 1632 3457 1722 παροιέ

210 1729 324 1785 dein
358 1747 527 1785 carne
553 1733 709 1800 quasi
756 1732 808 1784 in
851 1741 1164 1787 transcursu
1194 1748 1322 1787 usus
1347 1771 1363 1798 ,
1397 1733 1512 1801 ejus
1542 1734 1783 1789 membra

1884 1724 2015 1790 κῶν,
2046 1727 2141 1780 καὶ
2166 1727 2263 1798 οὐχ
2289 1728 2363 1792 ώς
2396 1730 2529 1794 ἰδίας
2565 1732 2951 1805 ἐξηρτημένος,
2978 1732 3131 1804 οὗτος
3155 1739 3242 1794 διὰ
3278 1742 3341 1796 τὸ
3369 1760 3454 1795 νε⁸

210 1838 371 1891 super
403 1832 605 1876 terram
657 1822 1086 1889 mortificaverit,
1138 1834 1427 1893 postquam
1474 1824 1782 1880 sanctifica-
1814 1884 1853 1906 ἢ

1814 1884 1853 1906 ἢ
1884 1816 2095 1888 κρῶσαι
2120 1818 2285 1873 αὑτοῦ
2307 1820 2374 1873 τά
2394 1822 2533 1893 μέλη
2563 1823 2633 1877 τὰ
2659 1826 2752 1878 ἐπὶ
2778 1828 2876 1897 τῆς
2900 1827 3004 1899 γῆς
3021 1870 3036 1893 ,
3064 1830 3156 1885 τὸν
3190 1833 3456 1906 άγιασμδν

212 1914 411 1967 tionem
458 1913 602 1966 illam
652 1917 1141 1980 consummaverit,
1180 1914 1448 1969 habitabit
1494 1915 1549 1969 in
1594 1924 1779 1970 sancta
1812 1908 1853 1939 ”

1812 1908 1853 1939 ”
1884 1908 2233 1979 κατορθώσας
2252 1951 2266 1975 ,
2290 1912 2438 1979 ἄξιός
2483 1916 2598 1968 ἔστι
2632 1918 2734 1988 τῆς
2765 1920 2822 1972 ὲν
2862 1920 2942 1991 τῷ
2970 1921 3110 1994 ἁγίῳ
3142 1924 3255 1995 ὄρει
3288 1943 3455 1979 κατα-

210 2004 294 2057 illa
341 2004 587 2069 civitate,
643 2004 798 2076 cujus
847 2004 1117 2061 desiderio
1148 2014 1327 2062 motus
1348 2006 1515 2061 David
1564 2007 1779 2063 aiebat:

1885 1998 2241 2069 σκηνώσεως·
2285 1998 2353 2075 ἦς
2398 2003 2677 2077 ἐπιθυμῶν
2725 2011 2754 2062 ὁ
2786 2010 3088 2084 Ψαλμῳδδς
3129 2013 3341 2085 ἔλεγεν,
3375 2018 3457 2072 ὄτι

211 2093 468 2149 Transibo
496 2097 552 2149 in
590 2096 759 2149 locum
793 2096 1116 2151 tabernaculi
1152 2097 1482 2152 admirabilis
1520 2114 1681 2169 usque
1713 2102 1782 2153 ad

1882 2094 2271 2166 Δάελεύσσμαι
2301 2096 2371 2149 ἐν
2397 2098 2555 2164 τόπῳ
2576 2100 2817 2172 σκηνῆς
2848 2107 3198 2177 θαυμαστῆς
3220 2126 3234 2141 ο
3257 2112 3351 2165 καὶ
3374 2113 3455 2177 τὸ,

207 2187 420 2239 domum
449 2185 617 2250 Dei",
649 2198 724 2252 et,
758 2186 930 2252 Quom
959 2187 1150 2241 dilecta
1177 2186 1521 2242 tabernaculo
1545 2199 1657 2253 tua,
1678 2188 1786 2245 Do-

1896 2187 1989 2253 Ὡς
2013 2188 2288 2258 ἀγαπητὰ
2311 2190 2385 2243 τὰ
2409 2190 2769 2263 σκηνώματὰ
2789 2209 2923 2260 σου,
2949 2197 3126 2267 Κύριε
3142 2200 3261 2255 ἰνῶν
3277 2201 3459 2257 δυνά-

1812 1884 1853 1939 Β

210 2279 350 2333 mine
374 2280 631 2333 virtutum
651 2281 721 2331 ".
746 2278 877 2334 Illud
904 2288 1109 2345 autem,
1128 2276 1279 2343 Quis.
1301 2277 1486 2335 talium
1508 2279 1783 2336 hominum

210 2368 495 2425 raritatem
555 2369 897 2435 subindicat,
942 2368 1240 2439 cujusmodi
1280 2380 1366 2427 est
1412 2372 1543 2427 illud
1594 2391 1607 2428 :
1656 2372 1785 2438 Quis

207 2462 346 2515 nos-it
367 2478 579 2516 sensum
601 2463 865 2517 Domini"
887 2463 900 2516 ι
933 2472 987 2517 et
1004 2462 1155 2529 illud,
1180 2463 1310 2530 Quis
1342 2466 1675 2519 onnuntiabit
1695 2483 1785 2519 tio-

207 2550 284 2604 bis
318 2550 497 2605 locum
525 2562 777 2607 cateruam
791 2553 876 2607 "2
906 2563 1066 2623 atque
1087 2554 1217 2609 illud
1248 2571 1264 2609 :
1296 2552 1430 2620 Quis
1458 2564 1535 2610 est
1560 2556 1786 2625 prudens

206 2658 267 2694 oc
310 2641 491 2712 ﬁdelis
526 2644 923 2699 meonomus"?
974 2644 1226 2715 Nunquid
1273 2655 1559 2716 postquam
1618 2649 1784 2703 Deum

210 2728 589 2801 interrogavit,
614 2734 1019 2802 responsionem
1055 2734 1323 2790 obtinuit?
1354 2774 1371 2794 .
1405 2773 1423 2791 .
1451 2777 1464 2789 .
1495 2736 1611 2793 Non
1644 2741 1787 2795 enim

209 2820 373 2876 unica
409 2835 501 2877 res
520 2833 670 2892 gesta
698 2833 978 2879 strenuum
1006 2826 1279 2881 hominem
1310 2829 1375 2882 ad
1404 2828 1789 2897 perfectionem

209 2913 395 2982 ducit;
442 2914 540 2970 sed
590 2930 688 2986 per
720 2924 888 2971 totam
916 2918 1084 2973 vitam
1130 2920 1350 2977 virtutis
1380 2922 1636 2991 operibus
1669 2925 1791 2981 insi-

207 3004 484 3060 stendum.
529 3024 550 3059 ι
590 3005 879 3065 Videamus
928 3026 1074 3065 nunc
1107 3013 1376 3081 quomodo
1414 3014 1790 3083 pseudo-Basi-

210 3094 312 3150 iius
331 3093 531 3167 frigida
549 3098 782 3167 quadam
810 3101 1111 3168 periphrasi
1140 3116 1259 3155 mox
1278 3102 1579 3159 Eusebiana
1600 3108 1791 3176 ampli-

1878 2294 2039 2346 μεων
2056 2318 2069 2331 .
2092 2318 2106 2331 .
2129 2320 2143 2333 .
2160 2319 2175 2333 .
2206 2280 2439 2345 Σπάνιος
2466 2281 2524 2334 δὲ
2555 2283 2649 2336 καὶ
2679 2285 2709 2335 ὄ
2726 2287 3001 2358 παροικῶν
3030 2290 3087 2344 ὲν
3114 2288 3193 2361 τῷ
3221 2291 3455 2365 σώματι,

1885 2372 1979 2423 καὶ
2022 2374 2052 2426 ό
2081 2374 2437 2445 κατασκηνῶν
2468 2376 2528 2427 ἐν
2562 2376 2643 2446 τῷ
2671 2377 2807 2448 ὄρει.
2829 2380 2928 2434 Διὰ
2954 2380 3113 2436 τοῦτο
3142 2382 3217 2448 ὡς
3236 2385 3458 2458 ἀπορῶν

1885 2464 1915 2516 ὁ
1945 2463 2103 2533 λόγος
2132 2464 2297 2537 φησί’
2336 2467 2431 2533 Τίς
2465 2469 2854 2537 παροικήσει;
2886 2474 3003 2537 καὶ,
3034 2476 3128 2541 Τίς
3155 2493 3460 2547 κατασκη-

1886 2554 2103 2620 νώσει;
2128 2554 2205 2619 ώς
2231 2555 2313 2621 τὸ,
2354 2557 2449 2624 Τις
2478 2557 2632 2629 ἔγνω
2656 2560 2809 2615 νοῦν
2833 2564 3096 2632 Kvplov;
3129 2567 3222 2621 καὶ
3244 2569 3324 2634 τὸ,
3363 2572 3460 2638 Τίς

1886 2645 2209 2716 ἀναγγελεῖ
2226 2647 2370 2717 ὑμῖν
2388 2648 2478 2703 ὅτι
2504 2650 2623 2720 πῦρ
2650 2654 2874 2708 καίεται
2894 2671 2913 2719 ;
2937 2657 3030 2710 καὶ
3049 2657 3129 2725 τὸ,
3160 2661 3255 2727 Τίς
3278 2662 3461 2733 ἁνατη

1888 2736 2053 2805 τελεῖ
2086 2736 2228 2807 ὑμῖν
2257 2737 2365 2792 τὸν
2400 2740 2586 2795 τόπον
2619 2742 2725 2797 τὸν
2774 2746 3055 2813 utebar-tor;
3098 2750 3193 2805 xui.
3247 2751 3330 2821 τδ,
3364 2755 3460 2821 Τις

1888 2824 2003 2894 ἄρα
2037 2828 2071 2879 ό
2105 2827 2322 2893 πιστὸς
2365 2829 2464 2884 καί
2515 2832 2800 2903 φρόνιμος
2846 2838 3194 2909 οἱκονόμος;
3227 2842 3379 2914 Τάχα
3402 2844 3460 2899 δὲ

2012 2918 2426 2991 ἑρωτηματικόν
2451 2924 2565 2978 ἐστι
2596 2927 2677 2994 τὸ,
2710 2929 2825 2994 Τις,
2860 2929 2934 2993 ώς
2965 2932 3250 3004 ἀπόκρισιν
3272 2936 3461 3008 ἐπιζη-

1888 3006 2108 3072 τοῦντος
2136 3050 2149 3063 .
2170 3048 2185 3064 .
2207 3050 2222 3065 .
2242 3050 2256 3066 .
2305 3012 2381 3066 οὐ
2412 3014 2523 3086 γὰρ
2567 3017 2664 3086 μία
2704 3019 2903 3090 πρᾶξις
2934 3021 3130 3078 τελειοῖ
3164 3026 3256 3081 τὸν
3300 3006 3461 3084 σπου-

1888 3099 2056 3163 δαῖον,
2086 3102 2223 3155 ἀλλά
2253 3106 2415 3158 παντὶ
2444 3108 2686 3177 προσῆκε
2729 3110 2809 3181 τῷ
2849 3112 2948 3183 βίῳ
2978 3115 3076 3179 τὰς
3103 3120 3223 3171 κατ’
3261 3120 3461 3193 ἀρετὰς

212 3185 360 3254 licet,
388 3203 516 3243 mox
560 3188 748 3244 eadem
784 3191 849 3245 ad
897 3192 1120 3247 verbum
1168 3196 1458 3264 exprimat.
1506 3194 1674 3267 igitur
1714 3199 1793 3253 sic
1818 3223 1863 3279 ο

1818 3223 1863 3279 c
1892 3192 2163 3262 ἐνεργείας
2187 3200 2737 3270 συμπαρατείνεσθαι.
2764 3220 2784 3255 ι
2810 3204 3112 3277 Scriptura,
3135 3225 3256 3264 cum
3287 3185 3460 3268 virum

211 3276 451 3347 loquitur
479 3296 494 3332 :
544 3281 648 3335 Τὸν
681 3281 883 3336 τέλειον
916 3284 1046 3354 ἡμῖν
1084 3287 1113 3337 ὁ
1139 3285 1295 3353 λόγος
1324 3287 1637 3360 ὑπογράψαι
1678 3289 1798 3360 βου-

211 3367 459 3442 λόμενος,
482 3371 580 3443 τὴν
598 3372 707 3425 τῶν
732 3375 1093 3445 μακαρισμῶν
1116 3377 1493 3447 ἐπιτυγχάνειν
1517 3380 1796 3450 μέλλοντα,

212 3461 363 3524 τάξει
397 3463 509 3515 τινὶ
532 3462 625 3515 καὶ
654 3462 756 3534 ὁδῷ
778 3464 884 3517 τῶν
906 3467 1034 3537 περὶ
1061 3468 1224 3520 αὑτὸν
1247 3468 1633 3542 Θεωρουμένων
1666 3491 1800 3546 χρη-

216 3552 472 3623 σάμενος,
513 3553 619 3606 ἀπὸ
659 3554 769 3608 τῶν
807 3558 1385 3629 προσεχεστέρωνς-καὶ
1433 3562 1663 3631 πρώτων
1699 3566 1799 3637 τὴν

214 3644 391 3717 ἀρχὴν
428 3644 723 3715 πεποίηται
753 3662 770 3678 ο
806 3649 1014 3716 Κύριε,
1063 3650 1157 3717 τίς
1207 3650 1561 3722 παροικήσει
1610 3655 1680 3708 ἐν
1719 3655 1799 3722 τῷ

215 3736 569 3805 σκηνώματι
595 3749 750 3801 σου;
802 3739 867 3791 Ἥ
901 3741 1163 3811 παροικία
1207 3744 1324 3797 ἐστὶ
1354 3744 1595 3819 διαγωγὴ
1626 3748 1796 3818 πρόσ-

217 3842 427 3897 καιρος,
476 3828 576 3898 οὐχ
624 3829 914 3902 ίδρυμένην
959 3831 1133 3905 ζωὴν,
1168 3834 1302 3887 ἀλλὰ
1344 3837 1674 3909 παροδικὴν,
1709 3839 1797 3891 ἐπ’

216 3917 397 3971 ἑλπίδι
434 3917 535 3988 τῆς
572 3918 665 3971 ἐπὶ
689 3920 757 3973 τὰ
794 3920 1076 3994 κρείττονα
1110 3924 1521 3993 μεταστάσεως,
1567 3927 1797 3997 ὑποφαί-

216 4025 436 4064 νουσα..
461 4008 585 4063 .Διὺ
622 4011 719 4065 καὶ
746 4014 773 4065 ὁ
804 4014 963 4067 Δαυῒδ
995 4016 1124 4086 περὶ
1165 4016 1357 4070 ἑαυτοῦ
1387 4035 1518 4089 φησι
1538 4034 1551 4047 ·
1586 4018 1797 4089 Πάροι⁵

216 4117 323 4166 κος
358 4100 476 4169 ἐγώ
501 4103 617 4171 ειμι
656 4104 816 4171 παρὰ
849 4105 949 4158 σοὶ
990 4107 1087 4160 καὶ
1124 4109 1529 4178 παρεπίδημος
1554 4150 1568 4171 ,
1608 4112 1798 4178 καθὼς

216 4188 445 4256 πάντες
492 4193 545 4245 οι
590 4192 839 4262 πατέρες
888 4211 1029 4263 μου.
1066 4195 1331 4267 Πάροικος
1377 4197 1485 4267 γὰρ
1529 4198 1795 4269 Ἀϐραὰμ,

216 4281 338 4335 οὐδὶ
374 4281 525 4352 βῆμα
548 4282 705 4343 ποδὸς
741 4284 875 4349 ιδίας
903 4286 1005 4356 γῆς
1046 4286 1412 4357 κεκτημένος,
1450 4287 1565 4340 ἀλλ’
1588 4289 1677 4341 ὅτε
1704 4280 1799 4342 τα-

216 4372 324 4443 φῆς
383 4371 536 4443 αὑτῷ
587 4372 827 4443 ἐδέησεν,
886 4375 1148 4445 ἀργυρίου
1206 4379 1544 4448 κτησάμενος
1594 4379 1797 4451 ταύτην

220 4462 501 4533 volvatur
541 4464 846 4530 δεικνύντος
870 4466 963 4520 τοῦ
997 4467 1177 4536 λόγου,
1209 4470 1287 4521 ὃτι
1312 4470 1486 4533 ζῶντα
1514 4472 1611 4541 μὲν
1641 4474 1699 4524 ἐν
1727 4474 1793 4542 τῇ

1902 3282 2196 3351 perfectum
2223 3288 2381 3342 nobis
2406 3290 2714 3347 describere
2745 3294 2890 3361 vult,
2915 3312 3036 3353 enm
3067 3301 3344 3369 videlicet,
3368 3306 3461 3375 qui

1900 3375 2125 3446 adeptus
2162 3377 2235 3432 sit
2273 3377 2659 3439 beatitudinem
2681 3424 2698 3449 ,
2743 3388 2935 3445 ordine
2972 3392 3205 3469 quodam
3247 3395 3348 3452 bac
3376 3398 3461 3452 via

1901 3466 1953 3521 in
1979 3467 2066 3533 iis,
2115 3483 2236 3540 qua
2283 3472 2427 3527 circa
2475 3473 2646 3544 ipsum
2678 3466 3270 3553 consideranturausa,
3298 3489 3366 3545 ab
3395 3489 3462 3546 iis

1899 3575 2020 3630 qua:
2045 3563 2218 3633 magis
2244 3564 2402 3619 obvia
2432 3576 2556 3621 sunt
2586 3578 2641 3623 et
2667 3571 2837 3636 prima
2858 3612 2874 3638 ,
2899 3574 3108 3631 initium
3138 3579 3308 3635 duxit.
3349 3581 3463 3636 Do-

1900 3652 2057 3718 mine,
2081 3655 2195 3721 quis
2215 3656 2635 3723 peregrinabilur
2659 3661 2713 3714 in
2744 3665 3077 3719 tabernaculo
3100 3678 3187 3722 tuo
3204 3668 3250 3700 "
3265 3670 3289 3724 τ
3304 3670 3462 3728 Pere-

1898 3744 2131 3814 grinatio
2157 3754 2241 3802 est
2260 3751 2617 3805 commoratio
2649 3757 2993 3826 temporaria,
3014 3774 3133 3829 quae
3165 3765 3325 3819 vitam
3356 3782 3461 3822 non

1898 3836 2168 3903 stabilem,
2228 3841 2324 3893 sed
2374 3843 2744 3900 transitoriam
2787 3849 2857 3902 ob
2907 3863 3053 3917 spem
3117 3855 3183 3907 ad
3239 3857 3462 3915 meliora

1898 3927 2199 3998 emigrandi
2232 3927 2549 3986 indicat.....
2583 3932 2706 3990 Ideo
2734 3944 2789 3992 et
2823 3937 2991 3995 David
3022 3940 3088 3997 de
3117 3958 3176 3999 se
3208 3944 3323 4015 ipso
3349 3948 3459 4004 ait:

1902 4018 2084 4072 lncolo
2115 4036 2207 4087 ego
2240 4036 2354 4074 sum
2405 4025 2543 4085 apud
2573 4034 2621 4079 te
2655 4035 2703 4081 et
2728 4032 3025 4100 peregrinus
3045 4072 3060 4096 .
3112 4036 3245 4090 sicut
3284 4054 3462 4095 omnes

1898 4117 2071 4176 patres
2116 4111 2302 4169 mei".
2349 4112 2526 4167 incola
2569 4117 2712 4171 enim
2759 4117 2861 4172 fuit
2909 4122 3215 4189 Abraham,
3263 4128 3354 4196 qui
3392 4144 3461 4184 ne

1899 4215 2111 4267 passum
2156 4204 2372 4272 quidem
2412 4208 2563 4274 pedis
2608 4218 2763 4265 terra:
2799 4216 3025 4285 propria:
3052 4222 3330 4288 possedit;
3366 4226 3461 4278 sed

1899 4288 1987 4341 tibi
2018 4303 2154 4357 opus
2176 4291 2225 4345 ei
2256 4294 2505 4364 sepulcro
2526 4296 2645 4363 fuit,
2675 4300 2726 4353 id
2749 4314 2970 4373 argento
2997 4316 3264 4364 mercatus
3297 4310 3462 4369 fuisse

1899 4379 2298 4445 perhibetur“.
2350 4383 2602 4442 Ostendit
2648 4390 2856 4447 scilicet
2893 4394 3167 4465 Scriptura
3201 4400 3255 4455 in
3298 4417 3462 4461 carne

1898 4470 2188 4535 viventem,
2216 4475 2445 4529 incolam
2490 4492 2611 4533 esse
2661 4492 2942 4549 oportere,
2978 4487 3294 4557 migrantem
3330 4507 3461 4551 vero

219 4555 387 4626 σαρκὶ
406 4556 667 4627 πάροικον
691 4553 830 4613 εἶναι
858 4562 1157 4633 προσήκει),
1187 4561 1575 4631 μεταϐαίνοντα
1602 4565 1659 4616 δὲ
1689 4566 1795 4617 ἀπὸ
1827 4557 1871 4612 D

1827 4557 1871 4612 D
1898 4576 1966 4615 ex
1992 4562 2093 4617 hac
2113 4564 2242 4627 vita,
2283 4567 2337 4620 in
2365 4567 2495 4624 locis
2518 4574 2756 4641 prapriis
2780 4553 3140 4644 requiescere.
3168 4580 3459 4653 Propterea

214 4641 318 4709 τῆς
343 4639 495 4713 ζωῆς
532 4643 736 4715 ταύτης
783 4649 893 4709 τοῖς
942 4647 1162 4712 οἰκείοις
1196 4650 1645 4706 ὲναναπαύεσθαι.
1693 4653 1791 4706 Διά

214 4732 374 4786 τοῦτο
395 4736 455 4786 ὲν
480 4734 579 4805 μὲν
600 4738 665 4806 τῇ
690 4736 799 4807 ζωῇ
828 4737 1000 4810 ταύτῃ
1021 4743 1273 4809 παροικεῖ
1292 4743 1401 4804 τοῖς
1422 4741 1789 4811 ἀλλοφύλλοις,

216 4824 274 4877 ιν
311 4824 372 4877 δὲ
400 4828 468 4895 τῇ
493 4828 639 4896 ταφῇ
660 4826 860 4879 οίκείαν
888 4826 1063 4897 ἑαυτῷ
1094 4830 1193 4901 τὴν
1223 4828 1511 4901 δεξομένην
1544 4832 1705 4885 αὑτοῦ
1732 4834 1793 4887 τὸ

218 4916 377 4989 σῶμα
414 4917 518 4985 γῆν
567 4918 1076 4988 ἐπραγματεύσατο.
1130 4920 1413 4991 Μακάριον
1456 4920 1511 4974 δὲ
1553 4922 1630 4991 τῷ
1657 4924 1790 4987 ὄντι,

217 5006 293 5076 μὴ
343 5005 422 5068 ώς
472 5006 692 5068 οίκείοις
742 5007 1167 5077 προστετηκέναι
1210 5012 1319 5082 τοῖς
1363 5010 1421 5061 ἐν
1452 5012 1518 5080 τῇ
1548 5013 1616 5081 γῇ

215 5094 441 5156 σπάνιος
468 5093 525 5147 δὲ
556 5094 841 5160 ὸτοιοῦτος
861 5136 877 5159 ,
924 5099 951 5149 ό
984 5098 1057 5168 μὴ
1090 5098 1165 5163 ὡς
1190 5099 1337 5161 ἰδίοις
1378 5101 1659 5171 προσέχων
1681 5104 1792 5166 τοῖς

210 5187 483 5258 παροῦσιν
506 5226 521 5240 .
540 5225 556 5239 .
578 5226 594 5240 .
615 5225 631 5241 .
677 5186 776 5253 Τίς
802 5184 917 5245 οὖν
942 5189 1297 5257 παροικήσει
1325 5192 1394 5244 ἐν
1435 5191 1515 5256 τῷ
1544 5194 1793 5261 σκηνώ-

206 5279 351 5349 ματι
378 5291 532 5343 σου;
563 5278 835 5349 Σκηνωμα
872 5279 967 5333 τοῦ
997 5280 1129 5333 Θεοῦ
1160 5283 1192 5351 ἡ
1232 5283 1360 5351 παρ’
1390 5282 1551 5335 αὑτοῦ
1579 5282 1795 5355 δεδομέο

210 5387 274 5440 νη
302 5368 443 5443 σάρξ
472 5371 540 5440 τῇ
570 5369 664 5422 τοῦ
695 5369 982 5441 ἀνθρώπου
1018 5371 1163 5443 ψυχῇ
1193 5374 1271 5435 είς
1298 5372 1566 5443 ἐνοίκησιν
1592 5374 1791 5447 ὀνομά-

211 5460 363 5524 ζεται
388 5502 403 5515 .
431 5502 446 5515 .
468 5503 482 5517 .
507 5503 522 5517 .
556 5462 698 5516 οὕτω
746 5464 839 5517 καὶ
876 5465 1007 5536 ημῖν
1065 5464 1205 5517 κατὰ
1264 5463 1583 5536 συγγραφὴν
1624 5467 1657 5535 ἡ
1695 5468 1791 5535 τῆς

214 5554 414 5626 σαρκὸς
470 5553 759 5625 ἐπιμέλεια
799 5555 1192 5627 παραδέδοται,
1228 5556 1368 5610 ὥστε
1409 5557 1792 5627 προσηκόντως

280 5757 323 5789 ¹⁷
350 5756 494 5813 Psal.
529 5773 641 5815 xw.
672 5758 725 5811 ί.
802 5758 845 5789 ¹⁶
869 5758 1030 5813 Hebr.
1062 5777 1157 5823 xu.
1186 5763 1275 5817 22.

208 5822 256 5859 ⁸⁸
282 5824 417 5883 Luc.
460 5843 565 5889 xu,
601 5827 690 5881 42.
766 5827 812 5859 ⁸⁵
838 5828 979 5883 Psal.
1014 5848 1119 5893 stv,
1152 5836 1203 5885 .i.

528 5922 799 5981 Ριιτιιοι..
833 5924 946 5983 Gn.
980 5926 1088 5986 XX
1107 5928 1120 5983 i
1136 5928 1213 5992 Χ.

1356 5763 1397 5795 ¹⁹
1418 5764 1554 5817 Psal.
1586 5781 1691 5827 ru,
1716 5768 1767 5820 5.
1845 5769 1890 5799 "
1911 5768 2049 5824 Psal.
2079 5786 2303 5833 LXXXIII,
2331 5773 2383 5824 2.

1281 5835 1325 5865 "
1352 5835 1488 5888 Psal.
1529 5852 1759 5904 axxvut,
1792 5840 1873 5893 15.

1897 4653 1951 4707 in
1992 4652 2094 4708 hac
2139 4656 2244 4709 vita
2283 4657 2456 4714 incola
2496 4671 2581 4715 est
2623 4677 2746 4717 cum
2788 4665 3103 4737 alienigenis
3149 4691 3163 4726 :
3197 4673 3249 4728 in
3274 4652 3461 4747 sepul-

1899 4753 2020 4798 tura
2069 4760 2198 4801 vero
2232 4751 2500 4818 pr0priam
2536 4762 2732 4808 terram
2780 4771 2980 4827 corpus
3020 4775 3174 4816 suum
3209 4778 3464 4835 exceptu-

1899 4852 2014 4892 ram
2042 4838 2142 4892 sibi
2179 4840 2296 4908 ipse
2339 4845 2693 4913 comparavit.
2722 4845 2890 4903 Porro
2916 4849 3129 4905 beatum
3162 4853 3319 4922 plane
3350 4857 3465 4913 fne-

1899 4927 2003 4991 rit,
2030 4928 2193 4982 rebus
2223 4931 2453 4985 terrenis
2482 4946 2585 4987 non
2618 4944 2677 4986 ut
2706 4937 2941 5005 propriis
2968 4938 3239 4997 addictum
3270 4960 3460 5003 esse...

1897 5015 2075 5072 Rarus
2107 5028 2286 5074 autem
2326 5021 2371 5076 is
2403 5032 2504 5086 est,
2553 5025 2642 5092 qui
2687 5031 3037 5095 prmscntibus
3092 5049 3197 5086 non
3246 5047 3302 5090 nt
3335 5054 3463 5104 prn-

1898 5108 2032 5178 priis
2058 5110 2385 5169 studeat...“
2416 5113 2547 5177 Quis
2573 5115 2735 5185 igitur
2765 5124 3176 5189 peregrinabitur
3201 5127 3256 5179 in
3287 5131 3460 5183 taber-

1900 5202 2088 5255 naculo
2120 5213 2206 5256 tuo
2225 5204 2252 5256 .’
2274 5204 2700 5261 Tabernaculum
2733 5209 2847 5276 Dei,
2875 5226 3003 5267 caro
3032 5214 3261 5279 dicitur,
3296 5234 3458 5287 quam

1903 5290 2016 5359 ipse
2059 5294 2251 5349 anima:
2307 5296 2539 5350 hominis
2585 5301 2730 5353 dedit
2779 5317 2875 5370 pro
2926 5303 3341 5363 habitatione....
3389 5311 3461 5363 ita

1900 5391 1958 5434 et
1993 5382 2145 5439 nobis
2179 5400 2246 5438 ex
2294 5388 2595 5456 syngrapha
2646 5392 2929 5446 commissa
2979 5402 3059 5448 est
3094 5397 3275 5452 carnis
3308 5414 3458 5465 cura,

1902 5481 1959 5525 ut
1992 5487 2109 5527 eam
2142 5475 2395 5529 decenter
2442 5479 2781 5546 excolentcs,
2841 5484 3080 5552 largitori
3130 5487 3460 5545 frnctiferam

1901 5565 2214 5619 reddamus.
2248 5566 2396 5632 Quod
2430 5570 2471 5623 si
2510 5570 2615 5624 Deo
2641 5574 2797 5642 digna
2834 5586 2917 5628 est
2955 5590 3111 5639 caro,
3149 5593 3329 5635 revera
3364 5581 3461 5637 Dei

2461 5776 2500 5804 “
2532 5774 2686 5829 lCor.
2716 5795 2774 5841 tt,
2807 5780 2886 5833 i0.
2962 5784 3006 5814 "
3035 5784 3135 5840 lsa.
3160 5799 3350 5848 xxxttl,
3373 5784 3458 5841 14.

1952 5843 1994 5871 ’⁸
2024 5840 2157 5894 Gen.
2192 5856 2345 5905 unt,
2378 5842 2459 5895 l6.

3131 5964 3185 6005 m
