4212 6528
756 451 948 492 CXCVIII

2102 442 2628 499 PROLECOMENA.

751 553 1150 609 tabernaculum
1179 553 1423 619 edicitur,
1454 557 1517 608 ad
1541 573 1670 611 eum
1708 565 1946 620 modum,
1971 576 2076 628 quo
2103 562 2308 615 habitat
2336 570 2380 624 Α
2411 564 2730 629 falsitatem;
2761 565 3020 620 addemus
3047 577 3223 622 tamen
3252 577 3306 621 et
3332 568 3458 632 alia,
3484 568 3679 639 quibus
3707 569 3809 623 hoc
3840 569 3983 623 idem

750 646 802 698 in
828 646 1140 698 sanctis.....
1162 644 1364 699 Deinde
1386 646 1656 713 profectus
1678 648 1893 715 quidam
1917 648 1972 701 fit
1990 660 2043 702 et
2066 666 2313 721 progres-

749 736 829 788 sio
854 736 917 787 ad
941 736 1191 803 quiddam
1212 735 1520 802 perfectius.
1544 736 1610 789 Et
1631 738 1747 807 quis
1774 740 2047 805 requiescet
2068 741 2123 792 in
2145 754 2312 794 monte

750 836 930 879 sancto
956 836 1041 878 tuo
1060 827 1143 878 "'1
1170 824 1382 881 Judmus
1410 829 1621 896 quidem
1647 840 1899 883 terrester
1929 848 2047 884 cum
2079 842 2309 885 montem

745 919 915 981 audit,
953 919 1017 970 ad
1065 918 1192 971 Sion
1244 923 1586 973 recurrit.....
1636 921 1785 975 Mons
1824 923 1910 975 ille
1945 925 2118 976 locqu
2151 925 2311 977 coale-

746 1011 1278 1082 steni,.5plenditlum
1312 1022 1365 1065 et
1395 1014 1740 1079 conspicuum
1790 1014 2051 1082 signiﬁcat
2075 1055 2090 1078 ,
2121 1016 2185 1068 de
2206 1031 2310 1084 quo

743 1101 1029 1167 Apostolus
1063 1102 1137 1155 ait
1166 1119 1179 1155 :
1214 1104 1519 1157 Accessistis
1556 1105 1623 1156 ad
1652 1103 1777 1159 Sion
1812 1118 2057 1166 montem,
2102 1118 2149 1160 et
2181 1109 2307 1160 civi—

744 1202 899 1245 tatem
929 1192 1022 1245 Dei
1048 1194 1284 1258 viventis,
1311 1192 1605 1247 Jerusalem
1631 1194 1930 1248 cmiestem“
1960 1213 1969 1242 :
2012 1196 2063 1249 in
2100 1213 2201 1266 qua
2229 1205 2311 1250 est

743 1285 1027 1340 celebritas
1080 1287 1427 1354 angelorum,
1491 1286 1724 1341 Ecclesia
1777 1290 2157 1356 primitivorum
2217 1292 2306 1361 qui

744 1378 1028 1443 conscripti
1048 1389 1167 1431 sunt
1207 1380 1258 1430 iu
1282 1381 1420 1433 caelis
1443 1380 1510 1434 ”.
1542 1380 1830 1451 Postquam
1861 1384 2021 1452 igitur
2042 1384 2304 1453 quispiam

742 1468 843 1521 bac
884 1483 1047 1522 carne
1076 1470 1230 1538 quasi
1272 1470 1323 1523 in
1357 1480 1663 1526 transcursu
1697 1475 1832 1528 citra
1881 1474 2128 1528 affectum
2179 1491 2306 1529 usus

740 1569 846 1621 est,
874 1574 991 1611 eam
1023 1569 1080 1612 ut
1110 1560 1337 1613 alienam
1371 1562 1628 1629 incolens,
1657 1580 1754 1619 nec
1782 1566 1827 1618 ei
1869 1574 1922 1617 ut
1948 1568 2179 1635 propria:
2204 1568 2301 1620 de-

738 1650 903 1712 ditus,
935 1651 976 1703 is
1027 1662 1306 1720 propterea
1359 1654 1500 1721 quod
1551 1669 1646 1709 sua
1699 1654 1958 1718 membra,
2010 1671 2128 1722 quae
2180 1666 2306 1709 sunt

738 1757 899 1810 supra
931 1752 1153 1805 terram,
1204 1744 1570 1809 mortificavit,
1618 1746 1967 1814 exercuitque
2013 1748 2305 1800 sanctimo-

736 1834 906 1896 niam,
932 1835 1126 1902 dignus
1164 1846 1247 1888 est
1282 1838 1373 1904 qui
1418 1838 1467 1890 in
1518 1848 1696 1892 monte
1734 1848 1920 1892 sancto
1979 1840 2301 1905 requiescat,

2416 658 2583 726 magis
2616 657 2943 712 ostendatur.
2972 659 3138 725 Quale
3169 669 3251 713 est
3280 661 3423 726 quod
3466 669 3653 714 auctor
3682 661 3753 715 ita
3793 663 3984 715 scribit

2414 764 2562 803 num.
2624 750 2646 802 1
2692 766 2704 802 :
2767 750 2891 801 Ἐὰν
2927 750 2981 803 δὲ
3084 750 3221 803 Θεοῦ
3250 751 3375 817 ἀξία
3406 750 3611 823 [sugg],
3657 753 3867 820 γίνεται
3906 753 3986 822 τῷ

2412 838 2521 890 ὄντι
2550 839 2681 892 Θεοῦ
2734 842 2991 909 σκήνωμα
3015 881 3029 903 ,
3083 841 3222 893 κατὰ
3258 844 3355 913 τὴν
3386 842 3654 915 ἐνοίκησιν
3692 842 3855 896 αὑτοῦ
3885 861 3984 913 την

2413 932 2490 991 εἰς
2532 932 2655 993 τοὺς
2686 931 2893 998 ἁγίους.
2938 932 3067 983 Nam
3100 933 3280 984 mirari
3316 934 3459 986 subit
3504 936 3849 1003 scriptorem,
3890 937 3980 998 qui

2411 1021 2738 1076 Eusebianus
2769 1038 2889 1077 esse
2918 1026 3189 1090 studeret,
3229 1026 3549 1078 sententiain
3605 1035 3784 1079 tamen
3818 1026 3985 1079 Euse-

2411 1114 2621 1166 biauam
2659 1116 2885 1169 barbaro
2928 1115 3177 1183 loquendi
3205 1130 3401 1185 genere
3434 1118 3780 1183 expressisse.
3818 1116 3983 1168 Dixe-

2410 1216 2492 1256 rat
2524 1204 2851 1259 Eusebianus
2877 1208 3100 1270 usitate,
3132 1208 3205 1271 ὠς
3232 1207 3295 1261 ἂν
3332 1207 3550 1277 γένηται
3581 1224 3675 1261 και
3717 1208 3982 1278 σκήνωμα

2408 1295 2500 1348 τοῦ
2534 1296 2666 1349 Θεοῦ
2696 1301 2805 1361 τοῖς
2828 1299 3002 1366 ἁγίοις
3038 1300 3388 1363 ἐνοικοῦντος,
3425 1318 3441 1349 ι
3476 1300 3542 1354 Ut
3574 1300 3666 1352 fiat
3696 1310 3748 1352 et
3773 1300 3865 1353 Dei
3898 1311 3980 1351 ta-

2407 1388 2781 1450 bernaculum,
2837 1390 2889 1441 in
2920 1392 3125 1444 sanctis
3166 1391 3456 1444 habitantis
3494 1408 3507 1442 :
3553 1410 3570 1441 ι
3614 1390 3703 1443 ille
3734 1405 3864 1443 vero
3901 1392 3983 1443 in-

2408 1480 2621 1543 usitate,
2650 1481 2790 1533 κατὰ
2810 1481 2909 1551 τὴν
2932 1482 3202 1551 ἐνοίκησιν
3222 1480 3385 1534 αὑτοῦ
3407 1480 3506 1553 τὴν
3530 1482 3608 1543 εἰς
3628 1481 3750 1543 τοὺς
3770 1478 3981 1547 ἁγίους.

2406 1573 2470 1625 ad
2500 1572 2742 1635 verbum,
2792 1592 2810 1623 ‹
2841 1576 3135 1626 secumlum
3185 1573 3569 1626 habitationem
3620 1572 3787 1638 ipsius
3812 1610 3828 1633 ,
3862 1585 3983 1640 qua:

2405 1674 2487 1717 cst
2513 1665 2566 1717 in
2592 1674 2827 1717 sanctus.
2864 1682 2880 1714 ι
2918 1664 3055 1729 Quid
3097 1674 3180 1717 est
3213 1665 3345 1726 hoc,
3380 1663 3479 1717 nisi
3512 1660 3897 1733 βαρϐαρίζειν,
3929 1674 3982 1715 et

2408 1756 2459 1809 iu
2490 1755 2693 1811 Graecis
2722 1755 3025 1809 balbutire?
3057 1755 3304 1821 Ejusdem
3347 1756 3557 1824 generis
3590 1764 3674 1807 est
3714 1764 3767 1806 et
3803 1755 3931 1807 illud
3962 1771 3976 1805 :

2411 1851 2573 1920 Ὄρος
2620 1850 2793 1900 ὲκεῖνο
2832 1847 2929 1917 τὴν
2970 1847 3288 1917 ἐπουράνιον
3334 1846 3516 1918 χώραν
3562 1846 3660 1917 τὴν
3704 1847 3980 1918 περιφανῆ

738 1927 892 1995 cujus
925 1927 1126 1995 requiei
1168 1928 1393 1995 cupidus
1438 1927 1723 1981 Psalmista
1760 1928 1968 1983 dicebat
2002 1945 2016 1979 :
2051 1928 2304 1982 Transibo
2340 1906 2381 1960 Β

2340 1906 2381 1960 Β
2407 1906 2497 1992 καί
2529 1906 2804 2010 λαμπρὰν,
2836 1906 2963 2009 πέρ).
2994 1936 3061 2011 ἦς
3169 1906 3488 2003 Ἀπόσζοὶίος
3513 1906 3692 2006 λέγοι,
3732 1906 3881 1992 θέα-ε
3912 1906 3979 1990 ad

735 2021 790 2073 in
819 2021 988 2072 locum
1013 2019 1333 2072 tabernaculi
1361 2021 1683 2073 admirabilis
1702 2020 1779 2073 ‘°:
1806 2030 1877 2083 et,
1918 2020 2089 2085 Quam
2117 2021 2304 2074 dilecta

734 2112 1070 2165 tabernacula
1115 2120 1227 2177 tua,
1266 2111 1483 2164 Domine
1523 2112 1769 2164 virtutum
1790 2112 1869 2164 “l
1910 2113 2083 2166 [tarus
2122 2122 2302 2166 autem

733 2216 816 2259 est
850 2214 903 2259 et
933 2206 1023 2275 qui
1054 2205 1104 2259 in
1137 2220 1363 2273 corpore
1397 2216 1647 2275 tanquam
1681 2205 1853 2259 incola
1882 2206 2106 2270 habitat,
2134 2214 2188 2258 et
2211 2205 2301 2273 qui

734 2298 787 2351 in
826 2310 1009 2351 monte
1040 2297 1353 2365 requiescit.
1388 2296 1678 2365 Propterea
1710 2296 1990 2367 Scriptura
2010 2338 2024 2361 ,
2058 2306 2117 2351 ut
2145 2297 2302 2351 dubi-

736 2402 876 2457 tans,
905 2391 978 2442 ait
1022 2409 1034 2444 :
1079 2389 1209 2455 Quis
1242 2389 1695 2458 peregrinabitur?
1732 2399 1786 2443 et
1813 2390 1945 2455 Quis
1983 2389 2303 2460 requiescet?

729 2482 1193 2550 Quemadmodum
1235 2481 1361 2535 illud
1412 2498 1425 2533 :
1478 2481 1607 2547 Quis
1651 2482 1886 2552 cognovit
1928 2492 2147 2535 mentem
2194 2480 2301 2534 Do-

730 2572 962 2626 mini"?
1013 2572 1141 2627 Item
1202 2572 1377 2626 illud:
1421 2571 1549 2639 Quis
1591 2572 1923 2627 annuntiabit
1969 2573 2110 2626 vobis
2160 2573 2300 2643 quod

729 2664 865 2734 ignis
887 2664 1131 2718 ardet”?
1157 2673 1210 2718 et
1244 2664 1371 2718 illud
1397 2683 1410 2718 :
1442 2664 1575 2729 Quis
1606 2664 1942 2718 annuntiabit
1962 2664 2106 2718 vobis
2128 2665 2299 2717 locum

730 2756 1182 2819 aternum”?et,
1224 2754 1383 2821 Quis,
1419 2765 1606 2824 putas,
1654 2756 1823 2825 ﬁdelis
1860 2767 1933 2810 est
1969 2768 2017 2810 et
2070 2759 2298 2825 prudens

729 2842 1059 2913 dispensator
1074 2843 1121 2876 ³⁸
1143 2844 1165 2896 ?
1191 2842 1444 2899 Fortasse
1472 2855 1649 2899 autem
1680 2855 1734 2899 et
1753 2845 1905 2909 illud,
1946 2844 2097 2911 Quis,
2132 2847 2299 2900 inter-

730 2932 971 3003 rogative
1037 2931 1231 2986 dicitur
1282 2932 1434 3002 quasi
1493 2933 1800 3002 exquireret
1863 2948 2293 3004 responsum.....

728 3023 847 3080 Non
881 3026 1025 3081 enim
1054 3024 1195 3078 satio
1225 3039 1325 3077 una
1356 3024 1529 3078 virum
1555 3024 1777 3093 probum
1804 3023 1983 3089 eﬂlcit,
2013 3026 2104 3079 sed
2133 3039 2295 3094 opera

728 3116 947 3172 virtutis
999 3114 1211 3169 extendi
1258 3122 1470 3184 oportet
1514 3116 1582 3169 ad
1633 3118 1796 3170 vitam
1840 3131 2079 3172 onmem.
2118 3136 2137 3169 ι
2173 3115 2298 3171 11ωο

728 3211 829 3265 etsi
861 3208 1121 3278 longiora,
1162 3206 1471 3262 exscribere
1512 3207 1683 3261 visum
1711 3216 1815 3273 est,
1846 3223 1952 3278 quo
1991 3209 2131 3261 furta
2175 3223 2296 3277 qua:

727 3303 960 3372 scriptor
1005 3307 1187 3355 noster
1226 3299 1381 3369 longa
1419 3299 1701 3353 verborum
1749 3300 2069 3354 circuitione
2113 3300 2295 3354 occul-

729 3405 843 3447 tare
898 3392 1163 3456 voluerat,
1238 3390 1446 3446 facilius
1502 3391 1807 3461 clariusque
1871 3392 2291 3447 inuotescerent.

724 3483 844 3540 Jam
892 3484 1049 3538 velim
1100 3494 1442 3554 comparetur
1488 3484 1660 3565 prima
1702 3484 1815 3537 haec
1851 3484 2027 3538 oratio
2064 3485 2114 3537 in
2149 3483 2293 3553 psal-

730 3590 873 3630 mum
907 3576 1171 3631 decimum
1218 3585 1470 3641 quartum
1520 3590 1643 3629 cum
1687 3577 1919 3630 secunda
1958 3577 2202 3631 oratione
2242 3578 2293 3629 in

727 3668 994 3737 psalmum
1035 3667 1304 3721 eumdem.
1348 3666 1420 3720 Ea
1450 3676 1534 3722 est
1559 3666 1820 3721 orationis
1852 3669 2102 3722 secundae
2133 3669 2292 3721 uber-

729 3770 832 3824 tas,
861 3760 1113 3821 varietas,
1155 3758 1328 3827 capia,
1371 3774 1532 3827 quam
1569 3758 1877 3827 paucissimi
1910 3768 2153 3813 oratores
2188 3775 2292 3812 non

729 3852 852 3906 dico
878 3866 1154 3920 superare,
1205 3852 1297 3906 sed
1349 3852 1543 3905 imitari
1586 3852 1814 3920 possint.
1853 3851 2164 3906 Vcrsiculus
2213 3850 2293 3903 vel

729 3945 919 3999 unicus
944 3943 1329 4013 amplissimam
1370 3943 1724 3997 concionaadi
1776 3944 2053 3997 materiam
2097 3943 2293 3996 Basilio

730 4035 1181 4092 subministravit.
1221 4035 1333 4091 Hoc
1389 4036 1527 4090 idem
1575 4038 1920 4089 observatum
1979 4034 2100 4089 volo
2146 4045 2201 4088 et
2239 4036 2290 4087 in

729 4128 1072 4184 enarratione
1130 4127 1181 4181 in
1244 4127 1475 4197 primum
1526 4125 1814 4196 psalmum,
1872 4128 1923 4181 iu
1971 4142 2075 4196 qua
2121 4126 2291 4195 prima

730 4220 920 4293 psalmi
949 4219 1111 4275 verba
1137 4220 1208 4274 ita
1237 4228 1391 4275 ornat
1433 4219 1832 4288 ampliticatque
1867 4218 2124 4282 Basilius,
2162 4226 2221 4271 ut
2248 4217 2292 4271 si

731 4310 1060 4381 explicasset
1084 4309 1253 4379 plura,
1277 4309 1551 4364 concionis
1573 4308 1747 4377 justos
1773 4309 1971 4362 limites
1998 4307 2292 4377 transgredi

725 4412 946 4459 coactus
985 4410 1145 4458 esset.
1182 4400 1386 4456 Possim
1435 4409 1490 4457 et
1515 4400 1680 4454 multa
1713 4399 1815 4453 alia
1865 4398 2107 4467 exempla
2144 4398 2293 4452 miri-

720 4496 841 4552 ﬁca:
868 4495 1010 4551 illius
1052 4494 1347 4555 ubertatis.
1388 4507 1550 4563 quam
1588 4493 1637 4547 ei
1676 4498 1864 4546 natura
1900 4490 1964 4544 ad
2006 4488 2289 4545 dicendum

2407 2016 2657 2093 verbum,
2698 2049 2716 2080 ε
2757 2045 2910 2084 mons
2938 2031 3025 2084 ille
3054 2032 3226 2084 locum
3275 2031 3580 2096 ccelestem,
3614 2030 3978 2099 splendidum.

2407 2123 2471 2177 de
2498 2136 2603 2191 quo
2640 2122 2925 2190 Apostolus
2951 2125 3060 2188 ait,
3096 2142 3114 2174 ι
3148 2135 3252 2179 etc.
3285 2123 3543 2192 Scriptori
3583 2123 3802 2185 excidit,
3835 2124 3979 2192 quod

2406 2214 2469 2266 ad
2501 2212 2878 2266 absolvendam
2920 2213 3197 2281 perindum
3226 2214 3422 2268 addere
3446 2214 3723 2269 debuerat.
3754 2211 3864 2266 Nec
3889 2213 3981 2263 ab-

2403 2303 2576 2358 simile
2620 2303 2747 2357 illud
2784 2319 2800 2357 :
2841 2304 2987 2356 Ἑκεῖ
3016 2306 3162 2374 ἡμᾶς
3212 2304 3304 2357 καὶ
3330 2305 3363 2373 ἠ
3418 2302 3553 2373 πρὸς
3596 2304 3721 2365 τοὺς
3751 2301 3980 2371 πλησίον

2401 2395 2478 2465 τῷ
2498 2393 2641 2465 λόγῳ
2661 2396 2874 2465 ἐκείνης
2903 2397 3001 2465 τῆς
3034 2398 3091 2448 ὲν
3115 2394 3191 2465 τῷ
3212 2393 3815 2465 ὀρεικατασκηνώσεως
3833 2432 3850 2458 ,
3881 2394 3981 2446 καὶ

2400 2486 2433 2555 ή
2464 2485 2527 2536 ὲκ
2554 2483 2648 2536 τοῦ
2682 2486 2915 2555 μαμωνᾶ
2950 2485 3049 2555 τῆς
3086 2484 3295 2549 ἀδικίας
3342 2485 3598 2554 γινομένη
3639 2483 3788 2552 φιλία
3818 2498 3981 2536 κατα-

2402 2577 2609 2645 σκηνοῖ,
2660 2593 2678 2627 s
2736 2573 2848 2630 Illic
2908 2576 3063 2630 nobis
3107 2588 3161 2631 et
3203 2574 3432 2645 proximi
3475 2589 3642 2637 amor,
3688 2573 3779 2640 qui
3809 2587 3975 2627 causa

2400 2669 2542 2723 illius
2599 2668 2803 2736 requiei
2871 2668 2923 2722 in
2993 2678 3176 2721 monte
3253 2665 3491 2719 fruendae
3558 2665 3863 2731 exhibetur,
3922 2676 3981 2719 et

2399 2774 2553 2814 amor
2602 2760 2693 2828 qui
2750 2774 2813 2813 ex
2849 2773 3151 2811 mammona
3206 2757 3504 2827 iniquitatis
3562 2756 3821 2819 nascitur,
3877 2754 3981 2808 ha-

2398 2851 2711 2905 bitationem
2772 2852 2990 2919 prabet.
3030 2869 3049 2901 ι
3077 2849 3235 2903 Certe
3272 2864 3379 2917 quo
3427 2849 3595 2918 magis
3627 2849 3739 2902 haec
3792 2846 3975 2901 consi-

2398 2944 2549 3010 dero,
2588 2955 2651 2994 eo
2721 2942 2890 3009 magis
2934 2941 3061 2993 mihi
3103 2940 3421 3009 persuadeo,
3463 2939 3719 2991 Basilium
3768 2937 3979 2991 rectius

2398 3038 2453 3086 et
2485 3030 2787 3084 locuturum
2814 3028 2999 3093 fuisse,
3018 3038 3071 3083 et
3091 3030 3467 3099 cogitaturum.
3505 3026 3640 3081 Nam
3679 3028 3980 3095 illa,x¢s¢-

2400 3125 2588 3193 σκηνοί
2614 3123 2781 3192 ἡμᾶς.
2826 3136 2922 3189 pro
2968 3136 3031 3175 eo
3077 3122 3217 3193 quod
3250 3132 3355 3186 est,
3408 3120 3619 3175 «faciet
3668 3130 3725 3173 ut
3763 3120 3978 3175 habite-

2398 3227 2538 3275 mus,
2568 3230 2586 3262 ι
2640 3212 2877 3265 invenire
2912 3226 3014 3265 non
3054 3222 3136 3266 est
3180 3227 3351 3281 neque
3384 3211 3521 3280 apud
3562 3210 3839 3274 Basiliam,
3875 3223 3978 3263 ne-

2395 3314 2500 3369 que
2528 3299 2759 3353 fortasse
2784 3300 2922 3367 apud
2965 3299 3099 3353 alios
3131 3300 3354 3353 idoneos
3398 3298 3708 3366 scriptores.
3744 3298 3979 3352 Senten-

2396 3391 2525 3444 tiam
2558 3391 2845 3443 verborum
2882 3388 2992 3457 jam
3030 3390 3072 3443 si
3106 3391 3491 3459 expendamus,
3516 3405 3577 3443 ea
3602 3405 3706 3443 non
3730 3399 3857 3459 puto
3888 3403 3979 3443 rc-

2393 3483 2555 3553 periri
2602 3483 2892 3550 quidquam
2937 3497 3094 3548 posse
3146 3491 3237 3535 aut
3289 3483 3519 3551 ineptius
3563 3482 3661 3552 (a),
3702 3489 3796 3535 aut
3827 3482 3974 3550 quod

2394 3592 2424 3630 a
2450 3590 2581 3629 sana
2607 3585 2786 3628 mente
2809 3575 2978 3644 magis
3004 3576 3311 3629 abhorreat.
3334 3573 3466 3627 Nam
3489 3574 3537 3628 si
3562 3574 3789 3642 proximi
3815 3588 3975 3627 amor

2392 3667 2605 3721 deducit
2630 3681 2726 3720 nos
2756 3667 2822 3720 ad
2849 3670 3121 3721 caelestem
3148 3672 3464 3734 beatamque
3499 3666 3760 3734 requiem,
3817 3678 3975 3718 artior

2392 3761 2483 3830 qui
2507 3776 2572 3812 ex
2607 3773 2908 3812 mammona
2943 3758 3244 3828 iniquitatis
3287 3759 3547 3823 nascitur,
3592 3759 3659 3811 ab
3686 3771 3749 3811 ea
3778 3757 3971 3825 utique

2394 3868 2490 3906 nos
2518 3852 2756 3907 abducit.
2798 3852 2947 3918 Quod
2978 3853 3030 3904 in
3079 3853 3185 3906 tine
3231 3853 3488 3907 orationis
3522 3851 3734 3921 legitur,
3768 3849 3837 3903 Τὸ
3866 3849 3973 3918 ἀρ-

2392 3945 2599 4013 γύριον
2618 3942 2805 3997 αὑτοῦ
2838 3946 2948 3996 οὐκ
2977 3942 3201 3997 ἔδωκεν
3229 3943 3329 3998 ἐπὶ
3356 3944 3526 4009 τόκῳ,
3563 3943 3665 4007 Qui
3691 3942 3972 4011 pecuniam

2391 4052 2541 4088 suam
2570 4051 2671 4087 non
2709 4034 2850 4086 dedit
2886 4035 2954 4086 ad
2994 4050 3209 4087 usurum
3234 4034 3300 4098 ⁸⁸,
3336 4046 3427 4086 aut
3458 4034 3684 4104 (variant
3726 4031 3869 4083 enim
3901 4029 3971 4083 li-

2395 4128 2517 4194 bri).
2550 4125 2631 4190 Τῷ
2658 4125 2924 4179 αἰτοῦντί
2958 4141 3030 4178 σε
3059 4124 3185 4191 δὸς,
3228 4125 3326 4178 καὶ
3375 4125 3491 4179 ἀπὸ
3532 4123 3636 4177 τοῦ
3684 4121 3972 4186 θέλοντος

2392 4214 2789 4270 δανείσασθαι
2828 4214 2914 4284 μὴ
2964 4214 3376 4283 ἀποστραφῇς.
3434 4214 3535 4279 Qui
3573 4213 3694 4280 petit
3730 4229 3763 4265 a
3793 4222 3862 4274 te,
3899 4214 3973 4264 de

2393 4309 2474 4372 ei;
2509 4318 2555 4360 et
2582 4307 2768 4359 volenti
2804 4309 3034 4359 mutuari
3069 4324 3101 4359 a
3129 4318 3198 4372 te,
3225 4322 3286 4361 ne
3316 4304 3566 4359 averteris
3592 4304 3738 4373 ",jid
3769 4301 3853 4356 vel
3880 4316 3972 4355 so-

2395 4396 2503 4451 lum
2533 4395 2814 4451 concionis
2840 4395 2996 4463 hujus
3020 4395 3305 4449 falsitatem
3335 4394 3554 4463 detegit.
3583 4392 3807 4465 Etenim.
3826 4392 3870 4445 si
3900 4392 3973 4446 le-

2393 4489 2555 4559 geris,
2588 4486 2648 4539 τδ
2680 4487 2942 4560 ἀργύριον
2976 4486 3166 4554 αὑτοῦ,
3202 4497 3331 4555 etc.,
3360 4485 3589 4540 Basilius
3616 4485 3729 4553 ipse
3766 4483 3971 4537 oratio.

726 4586 917 4658 largita
948 4596 1100 4651 erat,
1128 4586 1214 4640 hic
1261 4597 1558 4655 congerere
1598 4599 1611 4636 :
1651 4581 1741 4638 sed
1785 4596 1906 4637 cum
1950 4582 2123 4637 doctis
2168 4590 2289 4634 nota
2324 4594 2368 4649 ι)
2400 4583 2481 4637 nis
2510 4582 2759 4637 secundat:
2783 4582 2938 4636 initio
2970 4580 3127 4635 docet
3150 4596 3209 4636 se
3238 4582 3380 4634 hunc
3407 4577 3606 4634 Psalmi
3638 4574 3968 4629 versiculum

730 4677 864 4743 sint,
889 4694 951 4733 ea
980 4676 1181 4732 referre
1218 4692 1438 4734 necesse
1465 4692 1568 4731 non
1599 4685 1701 4730 est.
1726 4675 1826 4742 Qui
1863 4674 2025 4745 igitur
2054 4674 2170 4727 fieri
2199 4687 2293 4740 po-

731 4769 854 4833 tuit,
883 4780 940 4823 ut
963 4785 1205 4823 summus
1239 4779 1423 4824 orator
1449 4767 1676 4823 Basilius
1698 4764 1816 4822 suae
1843 4768 2009 4838 ipsius
2032 4764 2295 4821 facundia:

726 4861 876 4929 quasi
901 4859 1117 4926 oblitus,
1153 4877 1258 4915 non
1293 4860 1589 4916 sententias
1616 4858 1788 4913 solum
1808 4902 1823 4925 ,
1850 4858 1943 4912 sed
1974 4860 2089 4928 ipsa
2128 4857 2291 4911 etiam

726 4954 893 5008 verba
932 4953 998 5007 ab
1027 4952 1260 5009 Eusebio
1289 4961 1563 5007 mutuatus
1590 4951 1691 5006 sit?
1715 4949 1783 5006 Et
1810 4950 1955 5020 quod
1982 4949 2150 5021 magis
2186 4948 2290 5002 mi-

727 5046 937 5109 rabere,
983 5045 1036 5099 id
1088 5043 1303 5100 fecisset
1331 5044 1560 5099 Basilius
1588 5059 1692 5097 non
1734 5058 1856 5098 cum
1902 5057 2065 5097 unum
2099 5040 2291 5111 psalmi

728 5134 955 5202 alicujus
989 5134 1311 5189 versiculum
1344 5135 1445 5189 sibi
1481 5134 1852 5203 explicandum
1902 5132 2290 5201 proposuisset,

727 5225 821 5280 sed
849 5226 1043 5279 multos
1080 5242 1095 5279 :
1130 5227 1272 5295 quod
1314 5237 1369 5281 et
1410 5225 1755 5294 indigentiam
1790 5239 2057 5278 summam
2084 5224 2133 5277 iu
2162 5223 2295 5276 scri-

728 5328 883 5384 ptore
920 5317 1113 5385 arguit,
1153 5332 1250 5371 nec
1282 5315 1387 5370 ullo
1419 5318 1576 5369 modo
1606 5330 1726 5369 cum
1755 5314 2021 5369 Basiliana
2050 5313 2294 5367 facundia

730 5416 907 5475 potest
933 5408 1226 5464 conciliari.
1272 5410 1409 5463 Etsi
1459 5417 1637 5461 autem
1670 5406 1912 5461 sufﬁcere
1961 5406 2291 5460 arbitramur

728 5512 847 5566 quite
894 5500 1151 5567 diximus,
1204 5502 1269 5555 ad
1312 5500 1785 5555 demonstrandum
1837 5500 1995 5568 hujus
2028 5500 2288 5554 oratiOuis

1380 5678 1425 5709 ³⁸
1458 5677 1618 5730 Hebr.
1656 5694 1753 5740 xu,
1779 5677 1870 5732 22.
1948 5679 1990 5708 ’⁸
2021 5678 2147 5732 ibid.
2176 5678 2267 5732 23.

806 5681 851 5713 ’τ
878 5678 1041 5734 Psal..
1094 5695 1203 5741 xiv,
1232 5679 1303 5749 lt.
1380 5678 1425 5709 ³⁸
1458 5678 1618 5730 Hebr.
1656 5694 1753 5740 xu,
1779 5678 1870 5732 22.
1948 5679 1990 5708 ’⁸
2021 5679 2077 5729 ib‘

808 5753 904 5806 lsa.
934 5765 1125 5809 xxxm.
1170 5750 1257 5802 14.
1335 5749 1379 5779 ³⁸
1417 5748 1544 5802 ibid.
1621 5748 1666 5778 ³⁸
1701 5748 1828 5801 Luc.
1864 5764 1955 5809 xu,
1988 5748 2077 5801 49..

732 5753 776 5784 ³³
808 5753 904 5806 lsa.
934 5765 1125 5816 xxxm,
1170 5750 1257 5802 14.

2346 5678 2389 5710 ³⁸
2424 5679 2565 5734 Psal.
2599 5696 2706 5744 xu,
2738 5682 2788 5735 5.

2156 5750 2199 5778 ⁸⁸
2230 5747 2368 5802 Psal.
2404 5766 2515 5813 xlv,
2555 5752 2607 5804 5.

2403 4674 2454 4728 in
2482 4674 2742 4728 concione
2770 4672 2953 4742 priore
2980 4672 3050 4727 ob
3081 4673 3341 4738 temporis
3368 4669 3646 4740 angustias
3674 4667 3966 4723 omisisse:

2399 4767 2445 4821 si
2470 4781 2596 4821 vero
2618 4766 2832 4836 legeris,
2858 4763 2934 4835 τῷ
2955 4762 3193 4819 αἰτοῦντί
3212 4779 3294 4828 σε,
3320 4772 3450 4827 etc.,
3484 4763 3585 4816 huc
3607 4768 3823 4815 constat
3843 4773 3968 4814 cum

2398 4858 2824 4929 praecedentibus
2875 4857 3023 4911 nullo
3081 4857 3239 4910 modo
3308 4856 3602 4911 cohaerere.
3670 4850 3968 4920 Postquam

2396 4950 2540 5003 enim
2568 4945 2780 5002 dixerat
2822 4948 2985 5003 multa
3028 4950 3258 5017 scriptor
3289 4947 3341 5001 in
3377 4946 3520 5000 hunc
3558 4958 3774 4999 versum
3812 4962 3827 4999 :
3863 4941 3969 5007 Qui

2386 5040 2538 5109 jurat
2571 5041 2809 5107 proximo
2850 5056 2965 5103 suo,
3008 5047 3057 5094 et
3094 5056 3197 5093 non
3236 5038 3425 5107 decipit
3441 5037 3507 5100 ³⁸,
3553 5033 3680 5105 quid
3706 5033 3969 5088 attinebat

2393 5131 2574 5185 subito
2605 5141 2659 5184 et
2706 5141 2905 5199 praeter
2931 5132 3168 5187 omnium
3202 5131 3657 5201 exspectationem
3697 5128 3784 5182 illa
3830 5125 3968 5179 Mat-

2397 5226 2540 5287 thzei,
2570 5224 2806 5279 αἰτοῦντί
2829 5242 2909 5290 σε,
2941 5235 3074 5291 etc.,
3104 5225 3415 5295 explicare?
3439 5223 3702 5277 Praeterea
3748 5218 3793 5273 si
3818 5219 3968 5273 Basi-

2396 5318 2467 5372 lio
2492 5332 2588 5385 per
2613 5325 2820 5386 tempus
2864 5332 2968 5371 non
3013 5316 3162 5371 licuit
3191 5317 3351 5371 verba
3402 5314 3617 5368 Davidis
3652 5310 3964 5381 explanare,

2398 5409 2669 5479 quomodo
2689 5410 2737 5463 ei
2767 5408 2997 5465 facultas
3042 5408 3141 5462 fuit
3168 5406 3404 5462 Mattbaei
3436 5406 3598 5461 verba
3625 5400 3967 5473 exponendi?

2400 5502 2652 5557 Arbitror
2692 5500 3027 5557 Parisienses
3076 5500 3440 5571 typographos
3486 5498 3602 5553 haec
3626 5494 3963 5552 incommoda

2868 5683 2908 5714 "
2948 5681 3086 5735 Psal.
3115 5693 3341 5738 LXXItII.
3372 5680 3422 5731 ‘2.
3501 5680 3545 5708 "
3577 5677 3595 5730 1
3625 5676 3750 5730 Cor.
3788 5689 3850 5740 tt,
3876 5669 3967 5732 ιτς.

2686 5754 2725 5782 ’τ
2758 5752 2946 5806 Matth.
2984 5768 3034 5813 v,
3065 5752 3155 5805 42.
3234 5752 3277 5782 ⁸⁸
3300 5751 3436 5802 Psal.
3467 5762 3575 5812 xw,
3608 5746 3661 5799 4.

801 5868 875 5942 (a)
902 5868 1022 5923 llaec
1069 5866 1375 5923 retractavit
1426 5866 1483 5923 D.
1518 5864 1810 5922 Garnerius
1869 5866 1922 5921 in
1975 5865 2291 5923 Prmfatione
2322 5870 2447 5923 tomi
2476 5868 2517 5924 ll
2545 5867 2681 5941 [Ill],
2718 5869 2745 5940 §
2780 5868 2919 5925 XIV.
2962 5870 3121 5926 Eutr.
