4212 6484
1335 429 1394 481 D.
1436 427 1578 479 JUL.
1620 428 1942 479 CARNERH
1980 430 2365 481 ΡΒᾸΕΡΑἹΊΟ.

3252 451 3404 490 CXCII

197 548 557 613 pcrsensisse;
584 545 655 595 ob
684 545 843 611 idque
868 561 971 599 non
1001 544 1255 605 edidisse,
1279 542 1513 595 αἰτοῦντί
1538 557 1761 605 es,etc.,
1796 550 1839 600 Α
1869 558 1970 608 qua
1997 543 2191 609 alioqui
2226 544 2475 597 dictionis
2512 544 2787 600 Basilianzc
2821 547 3065 613 remigia,
3106 557 3161 598 ut
3187 550 3239 599 in
3272 554 3416 614 ejus-

194 635 299 696 sed,
341 635 401 687 τὸ
452 630 721 703 ἀργύριον
762 633 949 694 αὑτοῦ,
1006 639 1112 682 etc.
1152 626 1255 682 Sed
1304 630 1668 696 imprudentes
1712 631 1764 679 in

194 728 361 793 majus
387 724 791 777 incommodum
826 723 1151 776 inciderunt.
1199 718 1360 781 Nam,
1406 720 1765 783 praetermissa

192 818 357 871 fuisse
383 814 434 865 in
466 814 637 883 prima
668 816 912 870 oratione
935 812 1091 867 verba
1124 813 1231 876 illa,
1251 812 1310 863 τὸ
1333 810 1613 881 ἀργύριον,
1634 824 1763 873 etc.,

192 916 374 962 monet
409 905 859 979 lccnpletissimus
899 906 1053 959 testis
1100 905 1345 958 Basilius.
1394 902 1573 956 Basilii
1607 904 1767 973 igitur

189 1014 296 1054 non
332 1008 419 1057 est
463 1004 578 1057 haec
608 997 804 1062 oratio,
835 999 925 1052 sed
972 998 1193 1050 alterius
1226 995 1479 1062 cujusvis,
1508 993 1598 1063 qui
1625 996 1764 1064 quod

189 1092 506 1146 concionem
554 1090 697 1143 illius
746 1104 1005 1156 nusquam
1050 1102 1361 1155 comparere
1396 1087 1616 1149 videret,
1664 1087 1764 1140 hoc

188 1186 451 1240 damnum
484 1198 583 1237 suo
622 1181 789 1251 ipsius
829 1181 1011 1235 labore
1054 1188 1108 1232 et
1144 1194 1306 1247 opera
1355 1188 1629 1247 utcunque
1676 1196 1761 1233 re-

189 1280 398 1331 sarcire
427 1274 617 1327 voluit.

259 1372 349 1425 54.
389 1369 532 1420 Duas
573 1367 828 1422 habemus
867 1365 916 1418 in
962 1365 1226 1435 psalmum
1260 1364 1572 1417 vicesimum
1606 1374 1754 1419 octa-

188 1478 315 1516 vum
352 1460 649 1521 orationes,
685 1473 906 1527 quarum
940 1458 1158 1526 quidem
1189 1456 1461 1527 posterior
1486 1454 1607 1524 jure
1634 1456 1759 1522 reji-

189 1554 331 1605 ritur
377 1553 446 1604 ab
476 1551 758 1613 omnibus;
792 1550 959 1603 altera
996 1566 1143 1614 vero,
1177 1549 1389 1603 nemine
1412 1550 1760 1609 reclamante,

188 1644 390 1697 Basilio
422 1645 694 1699 tribuitur.
720 1643 857 1698 Sunt
906 1652 1080 1693 tamen
1132 1658 1249 1708 qum
1288 1643 1587 1694 molestiam
1616 1655 1756 1706 quo-

188 1752 295 1805 que
329 1738 627 1791 exhibeant
654 1736 705 1789 in
742 1737 914 1803 prima
949 1734 1033 1785 illa
1063 1733 1330 1792 oratione,
1368 1734 1412 1783 si
1448 1746 1551 1784 non
1581 1730 1756 1794 alteri,

190 1829 321 1883 mihi
358 1838 507 1882 certe
538 1828 846 1881 maximam.
882 1823 1013 1877 Nam
1058 1823 1186 1875 illud
1218 1822 1370 1890 quasi
1405 1831 1609 1875 certum
1649 1822 1758 1875 cri-

192 1922 323 1974 lices
352 1918 678 1985 principium
717 1917 1011 1980 posuimus,
1042 1914 1295 1968 Basilium
1324 1931 1444 1969 cum
1487 1931 1592 1970 non
1628 1915 1761 1969 luis-

189 2028 269 2073 se,
302 2012 395 2078 qui
444 2010 644 2078 scripta
685 2009 898 2063 Eusebii
947 2011 1011 2062 ad
1054 2009 1273 2063 verbum
1327 2009 1661 2077 compilaret.
1698 2009 1761 2059 Et

190 2114 371 2157 tamen
405 2102 456 2155 in
491 2102 592 2155 hac
613 2102 853 2154 oratione
885 2112 1179 2155 occurrunt
1214 2100 1490 2162 nonnulla,
1526 2114 1645 2169 qua
1678 2108 1761 2152 to-

192 2194 355 2249 tidem
382 2192 612 2265 syllabis
648 2192 699 2247 in
734 2193 964 2249 Eusebio
991 2195 1258 2263 leguntur.
1287 2190 1527 2245 Primum
1559 2193 1761 2247 exscri-

189 2288 313 2339 bam
352 2301 476 2356 qua:
510 2284 850 2353 reperiuntur
884 2288 1019 2353 apud
1050 2286 1331 2346 Basilium,
1380 2283 1596 2348 deinde,
1642 2299 1761 2351 qua

190 2378 243 2429 in
276 2378 530 2431 Eusebio.
580 2376 671 2430 Sic
722 2376 883 2443 igitur
910 2376 1137 2442 legimus
1180 2377 1233 2427 in
1282 2376 1464 2429 Basilii
1517 2376 1763 2428 oratione

191 2482 336 2519 num.
363 2466 398 2520 4
440 2487 454 2521 :
494 2469 625 2519 Ὀτε
673 2465 889 2536 αἰθρίας
922 2464 1087 2535 οὔσης
1116 2466 1209 2520 ἐπὶ
1243 2466 1343 2537 τὴν
1387 2465 1631 2537 κορυφὴν
1669 2465 1762 2517 τοῦ

189 2560 493 2631 Καρμήλου
520 2558 719 2630 ἢκουσε
751 2559 933 2629 φωνῆς
967 2558 1171 2613 ὑδάτων
1196 2557 1406 2613 πολλῶν
1437 2600 1449 2612 .
1469 2598 1483 2611 .
1508 2600 1521 2614 .
1567 2558 1625 2611 '0
1654 2559 1764 2628 γὰρ

190 2652 372 2706 πάντα
400 2651 599 2723 ἰσχύων
632 2652 689 2704 ὲν
709 2650 784 2722 τῷ
807 2650 1189 2722 ὲνδυναμοῦντι
1217 2650 1379 2705 αὑτὸν
1406 2649 1647 2722 Χριστῷ,
1676 2644 1762 2703 οὗ·

188 2762 281 2807 τος
313 2744 504 2797 ἀκούει
528 2746 636 2796 τῶν
671 2743 896 2796 ἐντολῶν
919 2743 1013 2796 τοῦ
1040 2745 1268 2814 Κυρίου,
1300 2744 1393 2795 καὶ
1421 2744 1581 2795 ποιεῖ.
1608 2742 1761 2813 Φωνὴ

188 2832 284 2889 οὖν
309 2835 537 2905 Κυρίου,
564 2836 663 2887 οὐκ
696 2837 751 2889 ὲν
774 2839 840 2905 τῇ
864 2835 1078 2886 ἀσθενεῖ
1104 2836 1197 2887 καὶ
1223 2834 1555 2904 ὲκλελυμὲνῃ
1593 2835 1760 2903 ψυχῇ,

189 2928 311 2985 ἀλλ’
333 2932 396 2983 ὲν
428 2933 495 3000 τῇ
538 2931 769 2993 εὐτόνως
811 2928 905 2981 καὶ
940 2927 1174 2999 ἰσχυρῶς
1212 2926 1655 2999 κατεργαζομένη
1702 2927 1764 2980 τὸ

190 3024 419 3092 ἀγαθόν.
444 3042 464 3075 r
492 3024 738 3090 Quando,
758 3031 1053 3090 occupante
1074 3019 1305 3074 Carmeli
1332 3019 1585 3073 verticem
1604 3018 1761 3082 sudo,

192 3131 459 3185 aquarum
490 3115 776 3169 multarum
818 3128 1004 3168 vocem
1039 3111 1244 3164 audivit
1271 3150 1319 3166 ..
1343 3149 1358 3165 .
1388 3150 1403 3165 .
1430 3148 1448 3165 .
1480 3110 1579 3177 Qui
1618 3111 1760 3164 enim

192 3208 378 3262 omnia
418 3216 595 3277 potest
641 3206 693 3259 in
723 3220 787 3259 eo
820 3205 910 3274 qui
948 3204 1119 3274 ipsum
1156 3203 1493 3265 corroborat,
1519 3201 1758 3266 Christo,
1789 3228 1831 3285 α

194 3299 245 3352 is
276 3298 426 3351 audit
471 3297 679 3352 Domini
720 3297 989 3363 mandata,
1023 3305 1075 3351 et
1113 3296 1261 3351 facit.
1305 3294 1416 3350 Vox
1458 3296 1618 3365 igitur
1663 3297 1765 3349 Do—

194 3388 328 3441 mini
364 3404 469 3441 non
525 3388 580 3441 in
612 3389 769 3441 debili
801 3397 854 3441 et
905 3388 1162 3442 dissoluta
1216 3388 1416 3449 anima,
1472 3388 1563 3440 sed
1597 3387 1649 3440 in
1680 3402 1765 3449 ea,

192 3494 315 3547 qua:
362 3486 582 3531 strenue
628 3492 693 3530 ac
720 3478 944 3530 viriliter
978 3477 1176 3529 bonum
1231 3475 1461 3543 perlicit.
1489 3493 1506 3523 ι
1566 3475 1765 3527 Eadem

194 3570 353 3637 plane
383 3570 682 3637 reperimus
728 3569 779 3621 in
814 3566 1063 3621 Eusebio.
1105 3566 1232 3633 Ejus
1275 3566 1453 3634 itaque
1487 3566 1599 3619 haec
1643 3573 1770 3619 sunt

194 3662 355 3717 verba
384 3678 399 3715 :
432 3662 554 3715 Ὅτι
578 3659 788 3733 αἰθρίας
812 3659 977 3730 οὖσης
1009 3658 1101 3713 ἐπὶ
1120 3659 1220 3728 τὴν
1244 3657 1487 3729 κορυφὴν
1509 3657 1601 3709 τοῦ
1625 3657 1769 3727 Καρ-

198 3754 392 3825 μήλου,
430 3755 625 3824 ἡκουεν
648 3756 828 3824 φωνὴν
862 3753 1068 3806 ὑδάτων
1095 3750 1303 3803 πολλῶν
1334 3790 1347 3803 .
1368 3790 1381 3804 .
1401 3791 1415 3806 .
1442 3753 1470 3803 ὁ
1493 3750 1600 3821 γὰρ
1628 3749 1763 3803 πάν-

192 3864 262 3897 τα
295 3846 497 3914 ἰσχύων
522 3846 579 3898 ἰν
614 3845 692 3913 τῷ
727 3844 1109 3913 ὲνδυναμοῧντι
1142 3842 1303 3895 αὐτὸν
1325 3842 1563 3912 Χριστῷ,
1611 3836 1766 3902 οὗτος

195 3938 381 3991 ἀκούει
417 3938 526 3990 τῶν
566 3934 791 3989 ἐντολῶν
824 3934 1050 4006 Κυρίου,
1098 3936 1192 3988 καὶ
1242 3936 1411 4002 ποιεί,
1447 3933 1632 4002 Φωνὴν
1673 3928 1765 3984 οὖν

194 4030 401 4101 Κυρίου
435 4029 538 4082 οὒκ
579 4030 637 4082 ὲν
664 4032 732 4099 τῇ
764 4027 979 4081 ἀσθενεῖ
1016 4026 1109 4080 καὶ
1151 4026 1418 4098 λελυμένῃ
1448 4024 1613 4095 ψυχῇ,
1651 4023 1765 4077 ἀλλ’

196 4124 253 4175 tv
304 4125 373 4193 τῇ
421 4121 624 4192 εὐτόνῳ
669 4118 902 4192 ἰσχυρῶς
942 4116 1389 4191 κατεργαζομένῃ
1434 4117 1494 4169 ἰδ
1541 4114 1761 4184 ἀγαθόν.

202 4212 383 4279 oQuia
436 4229 558 4267 cum
606 4216 660 4268 in
692 4214 892 4268 vertice
925 4212 1155 4267 Carmeli
1208 4228 1303 4265 aer
1334 4225 1561 4265 serenus
1596 4218 1761 4273 esset,

196 4304 455 4357 audiebat
502 4317 688 4358 vocem
721 4319 977 4370 aquarum
1017 4301 1374 4364 multarum,"
1402 4339 1446 4355 ..
1468 4340 1483 4356 .
1516 4300 1647 4354 Nam
1674 4302 1764 4368 qui

196 4394 378 4449 omnia
409 4403 587 4463 potest
614 4395 667 4448 in
690 4393 927 4457 Christo,
957 4393 1049 4463 qui
1077 4408 1137 4448 se
1162 4396 1429 4447 conlortat
1448 4394 1515 4456 “,
1552 4394 1597 4447 is
1631 4409 1767 4462 prte-

196 4496 351 4556 cepta
388 4485 600 4541 Domini
627 4486 799 4550 audit,
826 4496 962 4541 etea
994 4487 1327 4556 exsequitur.
1365 4487 1474 4540 Vox
1499 4502 1629 4556 ergo
1666 4487 1766 4541 Do-

1870 636 2008 685 modi
2056 638 2236 697 rebus,
2284 638 2412 689 satis
2465 637 2745 703 perspicua
2778 647 3017 693 exstant.
3054 638 3204 693 Hanc
3259 642 3419 708 igitur

1866 723 2161 775 orationem
2194 737 2224 775 e
2265 737 2490 775 numero
2528 722 2916 778 Basilianarum
2964 736 3284 793 expunctam
3329 743 3426 779 no-

1869 814 1979 869 lim.
2017 812 2121 867 Sed
2165 828 2285 866 cum
2323 812 2377 866 in
2401 813 2585 867 eadem
2636 814 2903 868 sententia
2948 831 3161 883 semper
3212 830 3426 883 perma—

1867 922 2048 968 neam,
2086 903 2379 958 verisimile
2426 918 2531 957 non
2571 905 2760 965 videri,
2795 910 2998 958 tantum
3040 922 3103 959 ac
3150 906 3313 959 talem
3352 907 3432 957 vi-

1869 1012 1984 1050 rum
2011 993 2263 1051 Basilium
2298 1010 2362 1048 ex
2394 993 2625 1048 Eusebio
2670 996 2968 1064 fragmenta
3007 997 3134 1048 satis
3165 998 3318 1066 longa
3361 997 3429 1050 ad

1867 1089 2087 1142 verbum
2125 1087 2441 1157 sumpsisSe,
2491 1083 2728 1139 arbitror
2769 1084 2959 1141 fecisse
2994 1086 3243 1140 librarios
3283 1106 3430 1143 more

1865 1192 1983 1239 Suo,
2031 1188 2085 1232 ut
2120 1181 2407 1248 aliquando
2456 1180 2694 1234 diversas
2734 1178 3065 1235 diversorum
3104 1180 3427 1250 scriptor-nm

1865 1270 2335 1339 interpretationes
2366 1273 2502 1325 inter
2528 1286 2584 1325 se
2608 1272 2933 1342 conjungere
2966 1289 3069 1326 non
3092 1286 3427 1331 vererentur.

1866 1365 1999 1418 Puto
2040 1362 2201 1433 igitur
2230 1363 2378 1425 illud,
2416 1363 2539 1416 ’Ότι
2585 1363 2801 1435 αἰθρίας
2828 1364 2992 1434 οὕσης
3028 1366 3120 1418 ἐπὶ
3145 1369 3239 1439 τὴν
3269 1385 3433 1439 κορυ.

1863 1455 1967 1524 φὴν
1992 1454 2087 1507 τοῦ
2136 1454 2458 1527 Καρμήλου,
2504 1458 2700 1527 ἤκουεν
2749 1456 2931 1526 φωνὴν
2964 1457 3169 1513 ὑδάτων
3200 1458 3429 1528 coxam,

1864 1562 1894 1598 c
1920 1546 2117 1601 Basilio
2156 1550 2206 1601 in
2248 1547 2536 1604 Eusebium
2580 1567 2608 1603 a
2652 1550 2885 1605 librariis
2928 1553 3240 1607 translatum
3286 1573 3427 1612 esse.

1867 1638 2100 1703 Etenim,
2140 1640 2182 1691 si
2214 1641 2472 1694 Eusebius
2503 1642 2615 1709 ipse
2642 1643 2712 1695 ita
2744 1647 3068 1712 scripsisset,
3100 1647 3430 1703 mentiOnem

1864 1724 2080 1783 fecisset
2139 1727 2256 1796 ejus
2314 1730 2403 1798 qui
2457 1731 2568 1784 haec
2615 1731 2915 1794 audiverat,
2969 1735 3095 1789 Elim
3145 1736 3429 1803 videlicet;

1863 1821 2003 1888 quod
2032 1836 2153 1875 cum
2180 1837 2285 1877 non
2312 1820 2525 1885 fecerit,
2579 1838 2683 1875 non
2735 1823 2848 1891 ipse
2885 1826 3152 1892 putandus
3202 1839 3285 1881 est
3318 1831 3433 1883 haec

1863 1909 2170 1977 scripsisse,
2213 1913 2307 1965 sed
2348 1912 2576 1967 librarii.
2621 1912 2685 1966 Et
2725 1915 2789 1967 de
2828 1913 2931 1967 illis
2964 1916 3167 1977 verbis,
3209 1916 3269 1969 Ὀ
3319 1918 3429 1988 γὰρ

1863 1998 2038 2051 πάντα
2069 2003 2285 2070 ἰσχύων,
2314 2014 2444 2069 etc.,
2483 2006 2621 2059 idem
2647 2019 2859 2075 quoque
2888 2008 3083 2061 sentio.
3129 2007 3234 2063 Sed
3276 2020 3432 2065 ante-

1862 2105 2022 2159 quam
2078 2108 2250 2146 meam
2283 2107 2513 2151 mentem
2556 2098 2815 2165 aperiam,
2850 2115 3068 2155 monere
3107 2102 3280 2172 juvat,
3329 2105 3429 2162 ali-

1861 2200 1997 2252 quos
2027 2185 2351 2261 psalmorum
2378 2191 2669 2245 versiculos
2701 2204 2793 2246 aut
2816 2191 2883 2246 ab
2905 2191 3134 2249 Eusebio
3168 2198 3428 2266 explana-

1862 2284 1945 2329 tos
1978 2289 2080 2329 non
2128 2273 2313 2346 fuisse,
2343 2287 2438 2330 aut
2472 2282 2648 2347 potius
2703 2298 2890 2338 eorum
2930 2284 3364 2356 explanationem
3397 2306 3428 2343 a

1864 2366 2254 2433 negligentibus
2306 2370 2635 2439 quibusdam
2680 2372 2913 2433 librariis
2955 2376 3123 2435 fuisse
3146 2380 3425 2437 omissam.

1862 2454 2021 2511 Certe
2049 2459 2261 2525 quidem
2297 2472 2355 2515 ιιι
2392 2464 2445 2517 in
2479 2463 2601 2520 aliis
2630 2467 2951 2536 quibusdam
2981 2454 3228 2538 psalmis,
3265 2480 3342 2529 ita
3373 2477 3427 2527 in

1864 2546 1963 2601 hoc
1998 2547 2491 2617 interpretationem
2523 2559 2879 2624 quorumdam
2903 2561 3289 2619 versiculorum
3326 2565 3425 2620 de-

1861 2654 1981 2695 esse
2006 2651 2237 2697 constat.
2276 2643 2405 2711 Ejus
2434 2651 2650 2715 generis
2681 2662 2762 2706 est
2806 2652 2956 2718 illud,
3005 2674 3023 2706 r
3054 2654 3312 2713 Dominus
3341 2660 3426 2716 di-

1863 2733 2061 2789 luvium
2097 2737 2395 2793 inhabitare
2436 2739 2584 2805 facit,
2617 2752 2672 2795 et
2703 2746 2908 2799 sedebit
2953 2747 3211 2803 Dominus
3244 2766 3337 2806 rex
3371 2754 3427 2805 in

1862 2838 2121 2883 aeternum
2145 2831 2209 2885 υ.
2243 2852 2261 2884 ι
2292 2834 2553 2904 Suspicor
2578 2835 2740 2905 igitur
2783 2836 3032 2893 librarios
3070 2840 3302 2909 aliquos,
3335 2845 3429 2911 qui

1862 2919 2105 2974 viderent
2141 2922 2329 2975 horum
2362 2926 2667 2993 verborum,
2719 2947 2736 2979 r
2763 2928 2876 2983 Vox
2918 2931 3127 2986 Domini
3171 2934 3223 2988 in
3263 2935 3429 2989 virtu-

1863 3019 1915 3064 te
1942 3010 2008 3075 “,
2040 3030 2059 3064 ι
2110 3013 2519 3079 explicationem
2560 3019 2610 3071 in
2654 3019 2881 3076 Eusebio
2923 3039 3026 3078 nou
3062 3026 3292 3094 amplius
3329 3042 3430 3082 ex-

1864 3116 2031 3169 stare,
2078 3120 2108 3159 e
2148 3106 2325 3160 Basilii
2376 3110 2620 3164 oratione
2662 3113 2991 3179 supplevisse
3051 3118 3159 3179 illa,
3221 3120 3278 3173 '0
3319 3120 3431 3194 γὰρ

1862 3198 2038 3251 πάντα
2078 3200 2275 3271 ἰσχύων
2318 3202 2376 3255 ὲν
2398 3202 2475 3273 τῷ
2506 3204 2907 3275 ἐνδυναμοῦντί,
2944 3199 3069 3273 etc.,
3112 3229 3129 3261 ε
3154 3210 3254 3276 Qui
3285 3215 3429 3269 enim

1868 3290 2045 3342 omnia
2089 3300 2260 3359 potest
2291 3293 2341 3346 in
2372 3308 2436 3347 eo
2469 3295 2597 3362 qui,
2625 3314 2643 3345 ι
2695 3306 2800 3350 etc.
2848 3295 2968 3351 Jam
3025 3300 3092 3352 ad
3136 3304 3427 3358 secundam

1865 3381 2166 3433 orationem
2212 3384 2265 3434 in
2299 3384 2546 3438 eumdem
2570 3387 2830 3454 psalmum
2855 3394 2995 3456 quod
3032 3390 3241 3455 attinet,
3269 3394 3333 3447 de
3364 3408 3424 3448 er.

1869 3471 2012 3523 nulla
2051 3481 2156 3536 est,
2191 3474 2331 3540 quod
2361 3476 2549 3539 sciam,
2591 3479 2963 3532 controversia
3003 3482 3142 3537 inter
3166 3485 3429 3543 eruditos.

1866 3560 2000 3616 Nam
2030 3579 2138 3619 uno
2167 3566 2406 3620 omnium
2428 3582 2688 3623 consensu
2722 3570 2772 3623 in
2801 3574 3003 3641 spuriis
3030 3577 3270 3643 ponitur,
3300 3596 3430 3634 nec-

1866 3654 1989 3708 dum
2020 3656 2184 3712 ullum
2210 3658 2290 3713 sui
2320 3669 2605 3728 patronum
2630 3670 2784 3716 nacta
2819 3673 2922 3717 est.
2950 3665 3017 3719 Et
3048 3681 3175 3720 vero
3201 3670 3318 3738 ejus
3343 3688 3433 3724 νο-

1867 3746 1985 3801 θεία
2016 3750 2087 3802 ita
2140 3753 2429 3818 conSpicua
2474 3765 2576 3818 est,
2609 3766 2667 3808 ut
2698 3772 2878 3821 nemo,
2923 3759 3023 3813 nisi
3065 3760 3223 3828 plane
3252 3762 3430 3819 obesa:

1868 3839 2033 3903 naris,
2074 3854 2178 3892 non
2206 3842 2384 3894 statim
2423 3859 2541 3897 eam
2574 3849 2882 3917 perspiciat.
2918 3848 3037 3903 Jam
3078 3850 3275 3908 litteris
3304 3869 3432 3923 pro-

1868 3931 2033 3985 ditum
2066 3942 2150 3987 est
2191 3935 2330 3988 hanc
2370 3937 2674 3993 orationem
2722 3941 2779 3993 in
2814 3942 2998 3997 multis
3028 3945 3305 4000 codicibus
3335 3947 3431 4001 de-

1866 4025 2090 4079 siderari
2127 4044 2140 4078 :
2173 4029 2221 4079 in
2266 4027 2378 4095 ipsa
2411 4025 2581 4099 repeti
2614 4032 2822 4099 eadem,
2862 4050 2983 4103 qua:
3015 4036 3068 4090 in
3104 4037 3283 4106 priore
3316 4037 3435 4093 fue-

1868 4126 1991 4170 rant
2012 4118 2279 4185 explicata
2312 4138 2329 4174 :
2358 4134 2476 4177 eam
2504 4123 2736 4193 denique
2779 4140 2808 4179 a
2851 4126 3138 4184 Basilianis
3167 4116 3433 4199 elegantia

1868 4206 2091 4260 multum
2120 4207 2346 4275 distare,
2389 4220 2444 4266 et
2470 4213 2649 4281 ecpia.
2699 4213 2943 4272 Hominis
2989 4218 3217 4288 alicujus
3246 4221 3339 4291 qui
3369 4235 3430 4275 se

1866 4311 2138 4364 exercere,
2171 4314 2335 4369 seque
2378 4303 2445 4357 ad
2484 4302 2665 4358 Basilii
2708 4305 3067 4365 imitationem
3111 4326 3434 4381 comparare

1868 4388 2140 4455 voluisset,
2170 4406 2305 4462 opus
2336 4408 2455 4448 esse
2496 4394 2578 4449 vel
2624 4410 2769 4451 caeco
2820 4409 3064 4468 apparet.
3110 4399 3238 4458 Hac
3268 4404 3434 4476 igitur

1868 4478 2069 4536 dixisse
2093 4484 2223 4539 satis
2247 4483 2583 4551 habebimus,
2608 4489 2699 4559 qui
2723 4489 2773 4542 in
2797 4490 2959 4545 rebus
2982 4494 3279 4562 perspicuis
3305 4506 3435 4551 tem-

199 4579 325 4634 mini
360 4593 467 4633 non
520 4579 573 4633 in
606 4579 768 4633 debili
826 4593 889 4632 ac
915 4579 1089 4634 soluta
1121 4576 1321 4645 anima,
1343 4580 1435 4633 sed
1466 4581 1516 4633 in
1546 4579 1763 4635 robusta
1797 4595 1839 4649 ι»
1870 4586 1997 4639 pore
2023 4574 2347 4631 abutendum
2370 4588 2426 4632 et
2452 4579 2786 4647 argumentis
2809 4596 2916 4636 non
2941 4594 3209 4651 putemus.

196 4686 316 4740 qua:
344 4670 560 4727 naviter
599 4672 795 4726 bonum
835 4681 1107 4739 operatur.
1135 4690 1154 4723 ι
1188 4670 1316 4726 Haec
1355 4689 1477 4727 cum
1507 4672 1759 4743 legerem,

198 4774 363 4829 prope
389 4760 590 4814 factum
614 4770 719 4824 est,
755 4770 814 4815 ut
840 4761 979 4816 hanc
1002 4762 1301 4816 orationem
1342 4777 1373 4816 e
1418 4778 1639 4817 numero
1661 4762 1762 4816 Ba-

196 4852 513 4907 silianarum
554 4853 865 4918 deleverim,
905 4854 1007 4908 hoc
1046 4856 1344 4922 praesertim
1396 4856 1553 4909 nixus
1600 4871 1763 4924 argu-

198 4956 405 5006 mento,
431 4943 575 5014 quod
608 4945 661 4999 in
693 4946 758 4999 iis
780 4947 1141 5010 orationibus,
1179 4962 1299 5015 qua!
1332 4956 1481 5000 certo
1510 4962 1761 5015 magnum

199 5034 343 5090 illum
369 5034 631 5089 Basiliam
671 5034 871 5088 habent
898 5045 1201 5099 auctorem,
1236 5035 1368 5088 nihil
1401 5034 1506 5089 tale
1542 5050 1760 5104 repere-

199 5142 333 5179 ram.
374 5127 545 5181 Erant
577 5136 633 5181 et
680 5126 805 5188 alia,
833 5127 1027 5195 quibus
1071 5142 1175 5180 non
1219 5127 1428 5182 modice
1470 5128 1766 5196 augebatur

198 5219 459 5287 suspicio.
489 5218 565 5272 Ea
592 5218 736 5273 enim
771 5233 889 5287 qua
911 5218 1168 5271 dicuntur
1196 5218 1262 5273 de
1302 5219 1460 5274 bonis
1489 5220 1763 5288 operiLus,

205 5326 321 5377 qua
352 5309 469 5364 ﬁeri
504 5310 702 5364 debent
724 5324 905 5364 coram
930 5307 1258 5371 hominibus.
1286 5310 1458 5379 deque
1483 5311 1763 5378 primitiis,

201 5415 317 5467 qua
341 5400 531 5454 danda
560 5409 686 5453 sunt
720 5415 785 5453 ex
820 5399 1045 5468 justitia:
1075 5396 1356 5464 fructibus,
1397 5408 1451 5452 et
1480 5402 1545 5454 de
1569 5402 1765 5454 adora-

203 5491 363 5553 tione,
403 5505 567 5561 quam
627 5489 742 5543 ﬁeri
800 5499 1009 5558 Oportet
1060 5491 1201 5543 intra
1249 5490 1552 5555 ecclesiam,
1595 5492 1762 5547 videri

202 5593 441 5648 poterant
472 5598 537 5636 ex
577 5580 811 5635 Eusebio
838 5588 1047 5649 sumpta
1075 5579 1261 5635 fuisse.
1292 5586 1566 5645 Attamen,
1598 5598 1655 5636 re
1681 5585 1764 5637 di—

202 5672 444 5743 ligentius
467 5675 839 5737 considerata,
869 5674 1056 5727 tnelins
1075 5674 1308 5741 judicavi
1336 5674 1401 5728 de
1421 5674 1685 5739 oratione,
1712 5674 1764 5728 in

264 5860 305 5897 ⁸⁸
336 5862 476 5921 Psal.
514 5875 709 5925 xavtrt,
736 5859 788 5912 5.
866 5859 906 5889 ³⁸
945 5857 1171 5927 Philipp.
1205 5873 1277 5923 tv,
1313 5859 1392 5911 l3.

1471 5860 1511 5888 “
1548 5857 1687 5914 Psal.
1722 5874 1910 5925 xxvm,
1948 5861 2030 5914 l0.

1940 4665 2027 4719 35.
2055 4664 2256 4721 Prarter
2280 4683 2427 4738 spem
2458 4671 2753 4734 acciderat,
2786 4683 2842 4728 ut
2872 4674 2924 4728 in
2964 4675 3135 4744 prima
3165 4677 3346 4733 Basilii
3376 4680 3430 4733 in

1870 4758 2132 4827 psalmum
2168 4760 2479 4815 vicesimum
2514 4773 2762 4818 octavum
2800 4766 3050 4819 oratione
3085 4779 3433 4825 occurrerent

1872 4848 2145 4910 nonnulla,
2182 4864 2298 4917 qua:
2327 4851 2546 4907 totidem
2576 4853 2757 4909 verbis
2796 4853 2849 4908 in
2880 4853 3115 4909 Eusebio
3150 4858 3430 4925 reperiun-

1872 4949 1976 4993 tur.
2012 4938 2117 4993 Sed
2151 4938 2344 5008 legenti
2376 4941 2504 4997 mihi
2551 4943 2792 5010 ejusdem
2830 4944 2883 4998 in
2922 4944 3186 5015 psalmum
3221 4948 3432 5004 tricesi-

1872 5046 2014 5083 mum
2042 5033 2335 5087 secundum
2379 5036 2800 5098 enarrationem,
2829 5035 3027 5105 aliquid
3071 5039 3245 5110 magis
3275 5041 3395 5095 inex
3417 5070 3430 5082 -

1870 5131 2167 5190 spectatum
2211 5125 2455 5193 contigit.
2498 5123 2630 5178 Nam
2661 5140 2780 5179 cum
2810 5140 2977 5194 pauca
3015 5140 3196 5184 essent
3240 5130 3295 5184 in
3339 5146 3434 5187 ex-

1871 5213 2175 5281 planatione
2204 5214 2394 5282 psalmi
2441 5216 2683 5271 vicesimi
2727 5221 2924 5285 octavi,
2953 5231 3057 5274 tam
3096 5221 3263 5275 multa
3310 5237 3434 5278 sunt

1873 5305 1925 5358 in
1955 5320 2017 5359 ea
2049 5320 2166 5373 qua
2188 5316 2363 5360 exstat
2394 5309 2445 5361 in
2466 5311 2724 5377 psalmum
2758 5312 3091 5367 tricesimum
3113 5318 3429 5380 secundum,

1872 5406 1927 5449 ut
1956 5400 2024 5451 ab
2065 5398 2130 5451 iis
2165 5399 2533 5453 exscribendis
2587 5400 2698 5456 fere
2730 5402 3031 5457 deterrear.
3063 5404 3198 5473 Quia
3251 5416 3431 5461 tamen

1870 5486 2086 5542 Eusebii
2142 5490 2195 5543 in
2229 5489 2458 5559 psalmos
2484 5491 2913 5547 Commentarius
2952 5496 3124 5548 rarior
3150 5506 3251 5561 est,
3294 5497 3437 5551 illius

1873 5579 2035 5632 verba
2059 5580 2364 5648 subjiciam,
2404 5598 2523 5653 qua:
2554 5600 2678 5638 cum
2712 5584 2893 5640 Basilii
2925 5588 3167 5641 oratione
3189 5603 3288 5642 suo
3317 5587 3436 5643 loco

1874 5671 2082 5727 edenda
2111 5689 2139 5726 a
2168 5675 2394 5729 curiosis
2433 5687 2683 5745 poterunt
2726 5682 3045 5747 comparari.
3079 5681 3296 5737 Eusebii
3330 5680 3433 5752 lgi-

2108 5862 2151 5894 ³³
2187 5861 2341 5922 ibid..
2374 5862 2431 5915 ι.
