4212 6508
734 444 797 483 cc
2097 429 2626 485 PRilLEGOMENA.

737 560 822 603 tur
838 550 995 605 verba
1024 558 1147 603 sunt
1182 550 1290 601 lucc
1327 564 1339 600 :
1384 548 1465 612 Τῴ
1488 550 1643 615 λόγῳ
1674 551 1776 602 τοῦ
1801 554 2018 618 ΚπῬίου
2049 555 2100 605 οι
2135 556 2305 620 οὐρα-
2337 558 2379 613 Α

1129 558 1147 603 ι
1182 550 1290 601 litec
1327 564 1339 600 :
1384 548 1465 612 Τῴ
1488 550 1643 615 λόγῳ
1674 551 1776 602 τοῦ
1801 554 2018 618 ΚτῬίου
2049 555 2100 605 οι
2135 556 2305 620 οὐρα·
2337 558 2379 613 Α
2406 569 2476 625 τῃ
2508 554 2783 612 συστάσει,

736 642 827 694 vol
850 639 1318 708 ἐστερεώθησαν,
1344 638 1439 691 καί
1470 637 1546 702 τῷ
1569 641 1856 708 πνεύματι
1879 640 1983 694 τοῦ
2010 643 2302 711 στόματος

736 731 922 787 αὐτοῦ
952 732 1119 787 πᾶσα
1152 732 1188 797 ἡ
1212 732 1461 800 δύναμις
1488 732 1703 786 αὐτῶν.
1745 732 1835 802 Τῷ
1868 730 1959 787 οὖν
1988 734 2162 805 Πατρὶ
2202 734 2304 787 πᾶ-

739 844 806 881 σα
838 828 1110 897 ὴδύναμις
1152 828 1185 897 ἡ
1218 827 1604 897 ὑπερουράνιος
1639 828 1939 898 ἑστερεὼθη
1967 844 1979 856 '
2012 832 2303 888 τουτέστιν,

735 922 796 973 τὸ
826 920 1038 972 εὔτονον
1073 921 1166 971 καὶ
1208 918 1420 985 βέϐαιον
1450 919 1542 970 καὶ
1582 919 1775 985 παγιον
1818 922 1874 973 ἐν
1900 920 2174 990 ἁγιασμῷ,
2215 920 2306 971 καὶ

739 1013 884 1081 πάσῃ
952 1012 1234 1083 πρεπούσῃ
1280 1012 1397 1072 ταῖς
1449 1012 1618 1080 ίεραῖς
1664 1010 1953 1083 δυνάμεσιν
2000 1012 2189 1085 ἀρετῇ,
2244 1013 2306 1063 ἐκ

735 1104 833 1173 τῆς
872 1103 964 1156 τοῦ
989 1102 1301 1171 Πνεύματος
1325 1102 1643 1171 ἐπικουρίας
1686 1103 1913 1173 ἔχουσιν.
1954 1102 2168 1159 Ἐνϐάδε
2212 1103 2307 1173 μὲν

738 1193 828 1250 οὖν
863 1197 1073 1264 πνεῦμα
1101 1193 1365 1263 στόματος
1396 1192 1558 1245 αὑτοῦ
1601 1196 2033 1262 ἀναγέγραπται.
2070 1197 2307 1264 Εὑρὴσο-

742 1308 836 1360 μεν
859 1290 913 1342 δὲ
940 1286 1169 1355 ἀλλαχοῦ
1201 1285 1293 1338 καὶ
1319 1285 1476 1351 λόγον
1506 1288 1767 1355 στόματος
1798 1286 1962 1338 αὑτοῦ
1986 1286 2269 1357 εἰρημένον
2291 1302 2301 1313 ·

736 1386 821 1436 ἵνα
844 1380 1006 1450 νοηθῇ
1032 1383 1059 1432 ὁ
1089 1379 1277 1451 Σωτὴρ
1312 1381 1403 1432 καὶ
1435 1380 1492 1431 τὸ
1519 1382 1671 1446 Ξιγιον
1695 1378 1859 1431 αὑτοῦ
1893 1380 2135 1450 Πνεῦμα.
2175 1381 2305 1447 Ἀμ-

736 1476 939 1544 φότερα
970 1473 1025 1525 δὲ
1054 1474 1387 1543 συνήργησεν
1414 1476 1468 1523 ἐν
1503 1474 1565 1541 τῇ
1593 1472 1765 1525 κτίσει
1789 1473 1896 1525 τῶν
1926 1470 2167 1543 οὐρανῶν
2211 1473 2306 1523 καὶ

734 1567 839 1620 τῶν
874 1570 930 1620 ἐν
956 1568 1138 1629 αὐτοῖς
1178 1568 1476 1636 δυνάμεων.
1508 1566 1604 1621 Διὰ
1630 1568 1787 1621 τοῦτο
1814 1569 2025 1638 εἴρηται
2043 1582 2058 1598 ⁶
2099 1565 2181 1631 Τῷ
2206 1568 2308 1621 λό-

734 1679 815 1727 γῳ
869 1661 1086 1726 Κυρίου
1146 1662 1199 1712 ol
1256 1660 1497 1727 οὐρανοὶ
1547 1660 2017 1727 ἐστερεώθησαν,
2072 1660 2165 1712 καὶ
2228 1659 2307 1724 τῷ

741 1753 1029 1819 πνεύματι
1078 1751 1183 1805 τοῦ
1224 1753 1521 1820 στόματος
1562 1751 1745 1803 αὑτοῦ
1788 1749 1957 1805 πᾶσα
1990 1754 2027 1818 ἡ
2058 1750 2307 1819 δύναμις

732 1843 947 1899 αὐτῶν.
978 1846 1144 1898 Οὐδὲν
1170 1846 1277 1915 γὰρ
1298 1846 1577 1911 ἁγιάζεται
1606 1845 1693 1911 (εί)
1717 1843 1791 1914 μὴ
1814 1846 1877 1913 τῇ
1915 1845 2182 1914 παρουσίᾳ
2210 1843 2304 1895 τοῦ

2820 552 3012 621 καὶτῷ
3040 552 3202 604 οἱονεὶ
3232 556 3509 622 φυράματι
3539 553 3635 622 τῆς
3664 550 3853 614 οὖσίας
3878 558 3975 607 αὐ-

2406 646 2532 707 τῶν,
2567 642 3103 713 συγκαταϐληθεῖσαν
3142 644 3297 714 ἔσχον
3329 644 3426 713 τὴν
3462 646 3740 716 ἁγιότητα.
3767 642 3859 695 Διὸ
3880 648 3975 698 καὶ

2406 738 2787 807 δυσμετάθετοί
2817 739 2921 789 εἱσι
2958 736 3090 807 πρὸς
3126 738 3340 801 κακίαν,
3372 736 3551 797 εὐθὺς,
3584 737 3768 791 οἱοινεὶ
3822 734 3971 805 βαφῇ

2406 846 2530 890 τινι,
2554 828 2634 899 τῷ
2671 827 2927 897 ἁγιασμῷ
2957 827 3355 897 στομωοὲντες,
3412 828 3504 879 καὶ
3541 825 3602 877 τὸ
3644 830 3867 902 μόνιμον
3894 829 3975 888 είς

2412 920 2608 991 ἀρετὴν
2670 924 2735 991 τῇ
2780 920 2955 990 δωρεᾷ
3006 917 3100 971 τοῦ
3160 918 3315 985 ἁγίου
3374 917 3686 989 Πνεύματος
3736 922 3971 991 ἔχοντες.

2417 1030 2433 1062 t
2478 1010 2591 1064 Non
2614 1012 2755 1064 enim
2790 1011 3021 1064 infantes
3054 1011 3218 1064 creati
3244 1019 3367 1061 sunt
3398 1010 3592 1081 angeli,
3622 1008 3815 1063 deinde
3843 1025 3975 1081 pau-

2411 1102 2555 1155 latim
2588 1101 2848 1154 exercitio
2884 1099 3102 1168 perfecti
3134 1139 3149 1163 ,
3186 1099 3264 1152 sic
3308 1098 3481 1153 effecti
3523 1098 3809 1166 suntdigni
3833 1139 3849 1163 ,
3878 1100 3973 1168 qui

2412 1194 2671 1263 Spiritum
2708 1193 3009 1260 reciperent
3037 1212 3048 1245 :
3082 1191 3173 1246 sed
3206 1194 3256 1244 in
3287 1190 3457 1259 prima
3480 1192 3887 1254 constitutione,
3920 1200 3977 1246 et

2409 1288 2558 1355 quasi
2590 1303 2688 1340 una
2746 1300 2866 1338 cum
2923 1285 3236 1337 substantia:
3291 1296 3400 1335 sua
3450 1283 3675 1337 mistura
3738 1280 3973 1337 infusam

2413 1377 2647 1430 habuere
2706 1374 3069 1429 sanctitatem.
3122 1374 3456 1442 Quapropter
3510 1372 3672 1428 etiam
3722 1386 3864 1443 a‘gre
3905 1374 3975 1425 ad

2411 1467 2670 1518 malitiam
2710 1472 3023 1517 convertere
3058 1474 3115 1514 se
3156 1472 3397 1529 possunt,
3455 1460 3651 1529 quippe
3684 1465 3774 1531 qui
3829 1461 3976 1516 illico

2410 1555 2762 1610 sanctimonia
2823 1553 2988 1607 veluti
3043 1554 3273 1607 tinctura
3339 1554 3569 1622 quadam
3637 1555 3975 1609 corroborati

2408 1649 2536 1711 sint,
2590 1647 3001 1713 firmitatemque
3055 1645 3107 1699 in
3149 1646 3346 1699 virtute
3397 1657 3558 1715 atque
3614 1650 3975 1701 constantiam

2410 1740 2551 1793 dono
2575 1738 2810 1809 Spiritus
2854 1737 3025 1791 sancti
3064 1736 3386 1805 acceperint.
3430 1753 3449 1786 ι
3487 1735 3620 1787 Nam
3654 1735 3698 1787 si
3728 1749 3791 1790 ex
3829 1736 3976 1789 nulla

2416 1833 2517 1885 alia
2549 1847 2629 1894 re,
2678 1840 2822 1884 certe
2853 1844 2917 1882 ex
2968 1844 3101 1884 voce
3135 1826 3251 1883 εἶτα
3291 1829 3445 1899 plane
3496 1836 3765 1882 constaret
3794 1832 3978 1884 omnia

735 1936 1069 2006 Πνεύματος.
1121 1936 1385 2003 Ἀγγέλων
1418 1935 1548 2002 γοῦν
1586 1937 1674 1987 τὸν
1696 1937 1792 2006 μὲν
1822 1938 1901 1998 είς
1924 1938 1984 1990 τὸ
2009 1933 2146 1989 εἶναι
2176 1938 2313 2009 πάρ-
2346 1944 2385 1998 Β

2346 1944 2385 1998 Β
2415 1924 2529 1977 Ικεε
2558 1922 2625 1975 ab
2654 1922 2837 1974 eadem
2871 1935 3029 1973 manu
3059 1919 3294 1990 profecta
3325 1920 3518 1988 fuisse,
3548 1935 3717 1990 eaque
3750 1920 3977 1990 conjun-

736 2030 854 2082 οδον
894 2032 921 2082 ὁ
953 2028 1282 2099 δημιουργὸς
1326 2028 1497 2095 Λόγος
1536 2030 1564 2081 ὁ
1597 2029 1822 2099 ποιητὴς
1854 2029 1961 2081 τῶν
1995 2028 2129 2081 ὅλων
2171 2048 2307 2102 παρ·

734 2122 908 2191 εἰχετο
931 2138 943 2150 ο
988 2121 1077 2173 τὸν
1130 2120 1398 2189 ἁγιασμδν
1423 2120 1477 2172 δὲ
1510 2122 1691 2182 αὐτοῖς
1716 2120 1777 2171 τὸ
1812 2118 2031 2187 Πνεῦμα
2070 2121 2130 2173 τὸ
2156 2122 2307 2188 ἆγιον

735 2206 1063 2283 συνέφερενο
1116 2213 1177 2264 οὺ
1231 2212 1339 2281 γὰρ
1398 2212 1577 2280 νήπιοι
1624 2208 1934 2274 κτισθέντες
1984 2213 2031 2263 οἱ
2061 2212 2303 2281 ἄγγελοι.

740 2324 757 2354 ι
804 2302 970 2358 Verbo
997 2304 1213 2356 Domini
1255 2302 1369 2354 caeli
1418 2300 1618 2369 ﬁrmati
1664 2312 1818 2365 sunt,
1876 2313 1927 2357 et
1968 2304 2160 2371 spiritu
2201 2306 2305 2358 oris

734 2397 847 2464 ejus
874 2394 1042 2446 omnis
1068 2393 1231 2445 virtus
1260 2408 1442 2444 eorum
1473 2392 1619 2445 “-“.
1668 2392 1712 2445 Δ
1745 2390 1905 2446 Patre
1939 2394 2100 2459 igitur
2131 2393 2307 2447 omnis

736 2486 909 2538 virtus
950 2483 1187 2539 caelestis
1223 2481 1431 2535 ﬁrmata
1462 2490 1563 2543 est.
1614 2482 1667 2535 id
1694 2490 1797 2545 est,
1835 2482 2079 2545 firmitas,
2127 2482 2307 2536 solidi-

738 2587 841 2639 tas,
875 2576 1248 2643 stabiliuque
1290 2574 1340 2627 in
1389 2572 1818 2628 sanctificatione
1862 2587 1924 2625 ac
1956 2572 2101 2627 omni
2135 2575 2307 2628 sacris

735 2667 1096 2736 potestatibus
1142 2665 1481 2720 convenienti
1513 2666 1714 2719 virtute
1745 2680 1813 2721 ex
1842 2664 2076 2735 Spiritus
2103 2666 2304 2721 auxilio

734 2761 860 2814 data
894 2769 996 2815 est.
1040 2757 1136 2813 Hic
1166 2772 1327 2829 porro
1373 2758 1597 2828 spiritus
1622 2758 1733 2813 oris
1761 2759 1878 2827 ejus
1911 2758 2169 2826 scriptum
2203 2769 2304 2812 est.

734 2851 874 2905 Alibi
918 2866 1131 2920 quoque
1167 2853 1402 2918 reperire
1428 2860 1512 2905 est
1544 2850 1773 2904 Verbum
1815 2851 1927 2903 oris
1956 2850 2092 2917 ejus,
2140 2859 2195 2901 ut
2226 2850 2308 2904 his

738 2942 1067 3013 intelligatur
1090 2941 1336 2997 Salvator
1360 2949 1411 2994 et
1447 2949 1665 2995 sanctus
1706 2938 1823 3006 ejus
1859 2937 2115 3007 Spiritus.
2153 2938 2309 2993 Uter-

734 3049 842 3104 que
870 3048 1031 3104 porro
1068 3032 1121 3086 in
1153 3032 1424 3086 creatione
1462 3030 1721 3087 caelorum
1761 3040 1816 3085 et
1852 3040 2176 3101 potestatum
2219 3046 2310 3086 eo.

737 3139 855 3178 rum
903 3132 1224 3193 cooperatus
1270 3132 1372 3177 est.
1426 3122 1549 3177 Ideo
1596 3122 1798 3177 dictum
1845 3131 1971 3177 est:
2009 3121 2176 3177 Verbo
2206 3122 2312 3175 Do—

736 3216 863 3271 mini
899 3214 1013 3267 caeli
1069 3214 1266 3281 ﬁrmati
1296 3223 1456 3277 sunt,
1499 3222 1548 3267 et
1600 3214 1787 3280 spiritu
1829 3214 1935 3267 oris
1983 3214 2096 3283 ejus
2141 3214 2310 3266 omnis

2408 2012 2577 2084 genda
2607 2026 2746 2065 esse.
2785 2009 2850 2062 Et
2876 2010 3121 2077 quidem,
3150 2010 3193 2062 si
3238 2008 3653 2081 coniungantur,
3687 2025 3844 2067 nemo
3869 2025 3979 2065 non

2406 2106 2551 2159 videt
2596 2104 2710 2173 ipsa
2754 2102 2978 2157 mirifice
3022 2103 3161 2156 inter
3204 2115 3262 2156 se
3305 2103 3597 2159 cohaerere.
3635 2104 3766 2171 Quis
3797 2114 3979 2157 autem

2407 2195 2562 2250 facile
2585 2195 2877 2250 crediderit
2901 2197 3172 2251 hominem
3196 2192 3693 2262 eloquentissimum
3719 2195 3978 2249 Basilium

2409 2296 2517 2341 tam
2569 2286 2735 2341 multa
2766 2290 2832 2342 ad
2863 2288 3082 2341 verbum
3114 2287 3182 2341 ab
3230 2286 3457 2341 Eusebio
3501 2287 3839 2355 sumpsisse?
3877 2285 3981 2342 Cui

2408 2379 2697 2435 verisimile
2726 2379 2815 2435 flet
2839 2392 3104 2432 summum
3150 2377 3291 2432 hunc
3322 2377 3495 2431 virum
3528 2375 3827 2432 Eusebiana
3865 2391 3983 2432 me-

2410 2471 2634 2523 moriter
2668 2471 2953 2530 didicisse,
3017 2484 3137 2522 cum
3188 2469 3263 2531 ei,
3297 2476 3480 2537 utpote
3518 2468 3572 2522 in
3620 2478 3736 2525 arte
3768 2469 3980 2523 dicendi

2405 2560 2861 2615 exercitatissimo
2886 2598 2901 2623 ,
2956 2560 3113 2631 longe
3149 2558 3359 2615 facilius
3398 2558 3587 2617 fuisset
3625 2575 3691 2615 ex
3742 2572 3982 2629 tempore

2410 2652 2751 2709 familiariter
2803 2654 3019 2718 dicere,
3068 2668 3231 2723 quam
3283 2654 3454 2709 aliena
3501 2655 3813 2709 memoriter
3854 2666 3984 2719 pro-

2413 2746 2703 2801 nuntiare?
2730 2747 2860 2812 Quis
2893 2748 3059 2811 enim,
3091 2761 3292 2816 quaso,
3321 2762 3382 2801 ea
3418 2761 3537 2813 qua:
3568 2746 3705 2813 apud
3732 2753 3983 2797 auctores

2412 2838 2697 2891 mediocris
2743 2839 2903 2891 sortis
2934 2838 3153 2908 legerit,
3198 2836 3506 2889 memoriter
3548 2835 3737 2900 discet,
3766 2835 3811 2888 si
3843 2834 3979 2903 ipse.

2408 2943 2528 2982 cum
2563 2928 2633 2980 sit
2671 2928 3061 2982 disertissimus
3086 2966 3103 2992 ,
3138 2928 3306 2996 possit
3342 2942 3408 2981 ex
3437 2938 3679 2995 tempore
3711 2928 3936 2982 meliora
3963 2968 3979 2989 .

2410 3018 2775 3089 elegantiora,
2824 3021 3179 3089 uberioraque
3236 3020 3301 3075 de
3354 3034 3453 3075 suo
3492 3019 3779 3091 proferre?
3820 3021 3976 3087 Quod

2412 3122 2560 3168 certe
2584 3126 2742 3168 nemo
2780 3122 3058 3167 oratorum
3105 3127 3341 3182 unquam
3379 3112 3538 3175 fecit,
3570 3127 3667 3167 nec
3701 3113 3896 3176 faciet,
3929 3113 3984 3167 id

2416 3216 2691 3259 oratorum
2743 3206 3005 3273 optimum
3054 3205 3306 3260 Basilium
3342 3204 3531 3259 fecisse
3560 3205 3682 3272 quis
3723 3204 3825 3257 sibi
3855 3218 3985 3273 per-

738 3309 901 3362 uirtus
939 3321 1136 3362 eorum.
1191 3303 1328 3358 Nihil
1376 3304 1517 3357 enim
1575 3304 1691 3358 sine
1728 3303 1962 3371 Spiritus
2025 3304 2304 3372 praesentia
2335 3286 2376 3341 (ἶ

2335 3286 2376 3341 C
2412 3296 2696 3350 suadebit?
2729 3296 2870 3348 Sane
2912 3295 3213 3348 Eusebiana
3241 3295 3349 3359 illa,
3387 3294 3583 3361 πάγιον
3608 3294 3666 3345 ἑν
3691 3294 3981 3367 ἁγιασμῷ.

739 3398 1136 3454 sanctiﬁcatur.
1181 3393 1400 3463 Angelis
1436 3393 1596 3462 igitur
1631 3394 1914 3448 transitum
1947 3392 2012 3445 ad
2043 3394 2307 3446 essisten-

740 3489 870 3543 tiam
908 3497 1120 3541 creator
1165 3486 1398 3540 Verbum
1458 3485 1705 3553 praebuit,
1754 3486 2131 3541 universorum
2194 3485 2310 3553 opi-

738 3580 827 3637 fex
886 3596 901 3632 :
949 3576 1429 3632 sattctilicationcm
1475 3591 1601 3630 vero
1656 3577 1843 3629 eodem
1900 3587 2137 3645 tempore
2189 3576 2309 3645 Spi-

740 3672 877 3726 ritus
949 3677 1171 3725 sanctus
1220 3666 1412 3721 indidit
1444 3682 1459 3731 ;
1491 3681 1595 3719 non
1661 3666 1802 3719 enim
1860 3665 2089 3719 infantes
2142 3667 2307 3719 creati

740 3760 912 3831 angeli
938 3768 1083 3815 sunt.
1097 3778 1115 3811 ι
1136 3758 1394 3828 Beperias
1417 3761 1604 3812 eadem
1623 3758 1760 3827 apud
1779 3755 2035 3810 Basiliam
2054 3771 2153 3811 suo
2173 3757 2307 3809 loco.

742 3853 1009 3923 Quantam
1036 3862 1215 3906 autem
1250 3852 1301 3904 in
1329 3850 1638 3923 ἀμηχανίαν
1663 3866 1746 3904 me
1772 3851 2063 3922 coniecerit
2084 3836 2172 3905 res
2202 3862 2307 3904 tam

745 3945 1046 4015 inopinata,
1078 3943 1259 3999 dicere
1296 3958 1404 3996 non
1434 3958 1592 4011 queo.
1620 3941 1856 3996 Necdum
1897 3942 2053 3996 video
2078 3943 2167 4011 qui
2195 3941 2308 3996 fieri

742 4036 1007 4107 potuerit,
1055 4044 1113 4088 ut
1142 4033 1369 4087 Basilius
1410 4033 1500 4101 qui
1543 4043 1597 4086 et.
1645 4033 1831 4101 longos
1862 4043 1918 4086 et
1957 4035 2202 4103 egregios
2236 4033 2311 4087 De

744 4128 949 4198 Spiritu
984 4134 1163 4181 sancto
1197 4124 1363 4179 libros
1395 4124 1749 4191 conscripsit,
1788 4123 1854 4177 ad
1891 4123 2103 4177 Eusebii
2145 4124 2309 4178 libros

744 4230 1023 4274 recurrere
1053 4230 1274 4273 necesse
1300 4214 1571 4278 habuerit,
1601 4212 1834 4284 Spiritus
1870 4214 2039 4268 sancti
2072 4214 2304 4288 dignita-

746 4319 854 4367 tem
870 4310 1210 4381 gloriamque
1242 4308 1735 4364 commendaturus.
1764 4306 1927 4371 Nihil,
1956 4306 2167 4377 opinor,
2198 4321 2311 4360 ma-

744 4406 825 4475 gis
856 4418 887 4459 a
921 4418 1071 4465 vero,
1104 4412 1198 4456 aut
1236 4417 1265 4456 a
1304 4400 1440 4465 fide,
1466 4400 1573 4456 imo
1598 4400 1729 4454 nihil
1761 4400 1933 4471 magis
1971 4415 1998 4453 a
2035 4400 2308 4455 verisimili

743 4483 1017 4549 abhorret.
1050 4490 1273 4558 Quidvis
1322 4491 1486 4559 igitur
1525 4490 1707 4543 malim
1738 4528 1753 4553 ,
1781 4502 1943 4557 quam
1969 4489 2078 4544 tale
2107 4490 2309 4559 aliquid

743 4582 811 4636 de
847 4590 999 4635 tanto
1033 4581 1149 4633 viro
1196 4580 1529 4633 existimare.
1573 4577 1676 4631 Sed
1709 4590 1997 4647 antequam
2037 4596 2149 4633 rem
2193 4582 2313 4635 dili-

743 4673 955 4744 gentius
978 4671 1359 4741 expendamus,
1384 4674 1612 4723 monebo
1640 4670 1805 4723 videri
1835 4670 1964 4725 mibi
1996 4672 2047 4724 in
2077 4672 2308 4727 Eusebio

744 4764 1026 4832 legendum
1053 4776 1195 4825 esse,
1220 4759 1300 4825 τῷ
1329 4756 1442 4814 οὖν
1473 4760 1771 4828 liv-stipati
1802 4758 1989 4824 πᾶσα,
2040 4773 2145 4817 etc.
2169 4804 2184 4828 ,
2213 4764 2305 4819 ubi

743 4854 958 4925 legitur,
988 4852 1067 4923 τῷ
1097 4848 1189 4906 οὖν
1208 4852 1381 4923 Harp).
1424 4852 1572 4904 πᾶσα
1594 4891 1607 4913 ,
1644 4858 1751 4905 etc.
1772 4888 1787 4913 ,
1818 4862 1926 4903 tum
1960 4852 2101 4921 quod
2140 4852 2211 4906 ita
2250 4854 2303 4907 in

744 4942 928 4998 Basilii
959 4942 1221 4997 euncione
1258 4942 1477 5012 legitur.
1515 4952 1627 4995 tum
1674 4940 1817 5008 quod
1849 4941 2007 4995 aliter
2048 4941 2309 4996 orationis

742 5033 1030 5089 ἀκολουθία
1058 5042 1310 5088 constare
1360 5034 1446 5087 vix
1493 5039 1687 5103 potest.
1721 5033 1864 5086 Sane
1914 5033 2163 5101 exiguum
2200 5049 2306 5089 non

742 5139 825 5183 est
849 5128 1204 5198 fragmentum
1229 5116 1380 5188 illud,
1405 5126 1547 5194 quod
1591 5140 1654 5179 ex
1682 5125 1895 5179 Eusebii
1923 5127 2307 5181 commentario

745 5220 798 5275 in
837 5216 1021 5272 Basilii
1066 5217 1370 5270 orationem
1404 5216 1721 5269 translatum
1771 5231 1889 5271 esse
1936 5217 2204 5275 diximus:
2254 5227 2308 5270 et

744 5318 925 5362 tamen
956 5306 1188 5361 dubitari
1210 5306 1295 5360 vis
1329 5315 1503 5374 potest
1528 5346 1541 5366 .
1575 5307 1705 5374 quin
1733 5307 1783 5359 id
1821 5322 1850 5359 a
1890 5306 2124 5361 librariis
2156 5316 2308 5360 trun-

744 5408 922 5453 catum
950 5400 1038 5453 sit.
1070 5396 1204 5451 Puto
1231 5398 1395 5467 igitur
1423 5411 1541 5466 post
1561 5412 1746 5451 vocem
1770 5398 1989 5466 ἄγγελοι
2021 5399 2307 5467 supplenda

744 5504 868 5544 esse
928 5489 1038 5552 illa,
1088 5504 1208 5558 qua:
1248 5490 1300 5543 in
1325 5490 1593 5560 {oratione
1634 5489 1815 5544 Basilii
1852 5492 2099 5560 leguntur
2132 5509 2147 5546 ;
2178 5486 2309 5543 Εἶτα

742 5580 1114 5643 τελειωθέντες
1149 5584 1215 5651 τῇ
1253 5582 1372 5633 κατ’
1396 5582 1575 5648 ὀλίγον
1610 5581 1824 5652 μελέτῃ,
1847 5580 2018 5643 οὓτως
2053 5580 2189 5645 ἄξιοι
2209 5580 2309 5648 τῆς

743 5673 834 5728 τοῦ
861 5672 1176 5742 Πνεύματος
1210 5674 1477 5743 ὑποδοχῆς
1502 5676 1782 5743 γεγόνασιν
1802 5692 1814 5705 ο
1843 5674 1958 5726 ἀλλ’
1990 5676 2045 5727 ἐν
2077 5676 2141 5743 τῇ
2165 5672 2311 5742 πρώ-

837 5870 880 5899 ⁸³
909 5871 950 5899 ⁸⁸
981 5870 1119 5923 Psal.
1162 5886 1331 5933 sun,
1360 5870 1411 5927 6.

2410 3383 2503 3435 καὶ
2537 3382 2683 3453 πάσῃ
2715 3383 2997 3455 πρεπούσῃ
3020 3384 3138 3445 ταῖς
3171 3383 3342 3454 ἱεραῖς
3366 3383 3658 3456 δυνάμεσιν
3683 3386 3851 3459 ἀρετῇ
3874 3429 3889 3453 ,
3921 3391 3986 3442 ἐκ

2408 3474 2505 3541 τῆς
2559 3471 2653 3525 τοῦ
2686 3472 2999 3543 Πνεύματος
3044 3474 3361 3545 ἐπικουρίας
3410 3475 3652 3547 ἔχουσιν,
3701 3482 3843 3549 apud
3899 3496 3986 3535 Ine

2411 3567 2538 3619 dum
2596 3576 2820 3635 reputo,
2858 3567 3135 3635 probabile
3185 3568 3315 3622 mihi
3354 3584 3457 3623 non
3489 3570 3701 3626 videtur
3723 3571 3985 3626 Basilium

2413 3661 2724 3714 memoriam
2774 3675 2925 3715 suam
2972 3659 3249 3726 ejusmodi.
3279 3660 3643 3729 suppellectile
3702 3676 3983 3717 onerasse.

2411 3749 2537 3813 Sed,
2562 3752 2662 3804 etsi
2699 3764 2929 3804 onerare
2978 3748 3274 3803 induxisset
3308 3750 3579 3814 animum,
3604 3765 3710 3805 non
3759 3767 3986 3821 parvum

2417 3840 2715 3911 periculum
2761 3851 2914 3905 erat,
2942 3855 3011 3894 ne
3043 3841 3184 3895 inter
3217 3840 3549 3897 recitandum
3592 3841 3662 3898 ob
3695 3844 3986 3898 verborum

2414 3932 2610 3986 malam
2631 3935 3087 3988 constructionem
3104 3933 3503 4003 novitatemque
3521 3934 3831 3989 titubasset.
3853 3934 3986 3990 Nam

2415 4025 2487 4077 ita
2522 4025 2782 4079 indiserte
2810 4025 2957 4095 loqui
2990 4039 3094 4077 non
3128 4034 3509 4080 consueverat.
3539 4024 3723 4095 Neque
3751 4041 3881 4083 vero
3908 4028 3985 4089 ei.

2413 4130 2534 4169 cum
2561 4116 2628 4169 de
2667 4116 2907 4182 Spiritus
2951 4119 3121 4173 sancti
3168 4118 3417 4188 prtesidio
3439 4127 3535 4173 aut
3558 4118 3624 4175 de
3670 4119 3986 4176 coelestibus

2412 4208 2773 4275 potestatibus
2824 4223 3128 4264 sermonem
3183 4212 3439 4289 haberet,
3488 4210 3783 4270 familiares
3832 4227 3986 4270 erant

2413 4313 2572 4353 voces
2617 4298 2760 4369 ἱερός
2786 4308 2842 4351 ει
2876 4300 3183 4373 ἐπικουρία.
3209 4304 3319 4357 lmo
3341 4304 3659 4359 vocabulum
3690 4305 3985 4374 ἐπικουρία

2413 4405 2648 4459 unquam
2664 4392 2732 4444 ab
2754 4391 3130 4447 eoatlhibitum
3163 4394 3329 4449 fuisse
3363 4410 3470 4449 non
3508 4394 3750 4449 memini.
3781 4394 3987 4449 Occur-

2415 4494 2541 4537 runt
2566 4492 2619 4537 et
2646 4482 2749 4537 alia
2773 4482 2827 4536 in
2857 4483 2959 4538 hoc
2988 4483 3308 4555 fragmento,
3344 4485 3659 4554 quantulum
3690 4486 3740 4564 id
3772 4490 3985 4554 cunque

2417 4587 2521 4643 est,
2539 4593 2658 4646 quae
2683 4577 2968 4632 familiaria
2989 4593 3094 4633 non
3113 4588 3271 4633 erant
3290 4577 3509 4632 Basilio.
3524 4577 3632 4633 Cur
3649 4577 3810 4647 igitur
3826 4577 3985 4634 Pater

2418 4670 2788 4738 gravissimus,
2819 4670 3034 4739 proprio
3056 4669 3235 4723 habitu
3268 4678 3496 4730 mutato.
3516 4669 3863 4737 peregrinum
3895 4670 3980 4722 in-

2412 4762 2569 4816 duit?
2589 4762 2920 4830 Sperabatne
2936 4761 3162 4831 gratiam
3180 4776 3371 4816 novam
3384 4776 3449 4815 ex
3472 4763 3756 4816 verborum
3783 4764 3985 4817 novita-

2419 4862 2494 4918 te,
2515 4864 2604 4907 aut
2624 4867 2689 4907 ex
2722 4866 2909 4906 eorum
2930 4852 3146 4906 insolita
3176 4854 3579 4908 constructione
3608 4855 3842 4911 orationi
3874 4870 3983 4911 suae

2418 4944 2799 4999 accessuram?
2822 4944 2954 5010 Quis
2982 4945 3081 4998 hoc
3105 4944 3320 4999 credat?
3353 4944 3461 5014 Ego
3484 4944 3697 5015 quidem
3728 4945 3774 5000 si
3797 4947 3984 5001 crede-

2417 5050 2551 5099 rem,
2577 5036 2702 5088 illud
2721 5036 2785 5089 de
2812 5049 2917 5103 quo
2946 5035 3310 5104 disceptamus
3336 5034 3691 5104 fragmentum
3709 5050 3777 5090 ex
3810 5036 3983 5092 Euse-

2419 5127 2595 5181 bianis
2615 5125 2851 5179 fontibus
2877 5141 2904 5178 a
2928 5124 3128 5179 Basilio
3161 5126 3411 5181 haustum
3434 5140 3554 5180 esse
3572 5166 3589 5193 ,
3613 5126 3724 5195 jam
3758 5126 3984 5195 insignis

2416 5216 2503 5271 ille
2528 5216 2603 5269 De
2629 5216 2833 5283 Spiritu
2869 5229 3052 5271 sancto
3084 5218 3239 5280 liber,
3280 5218 3388 5287 jam
3407 5218 3649 5287 pmclari
3674 5217 3747 5271 illi
3783 5218 3838 5271 in
3864 5216 3978 5269 Εαο

2416 5308 2642 5361 nomium
2663 5308 2784 5363 libri
2812 5308 2941 5362 mihi
2966 5310 3019 5362 in
3039 5309 3399 5378 suspicionem
3418 5314 3684 5366 venirent.
3706 5311 3818 5365 Non
3838 5312 3979 5363 enim

2416 5399 2695 5467 probabile
2730 5400 2859 5453 mihi
2886 5401 3181 5465 videretur,
3207 5402 3500 5467 hominem.
3525 5403 3612 5457 cui
3641 5417 3775 5472 opus
3796 5400 3981 5455 fuisset

2416 5490 2634 5545 Eusebii
2702 5491 3090 5545 commentario
3146 5494 3215 5545 ad
3275 5508 3445 5562 pauca
3509 5495 3676 5549 verba
3753 5491 3981 5551 alicuius

2415 5580 2608 5649 psalmi
2660 5580 3027 5649 explananda,
3066 5590 3175 5635 tam
3203 5586 3415 5654 egregia
3460 5598 3621 5652 opera
3656 5598 3979 5653 componere

2417 5672 2678 5741 pomisse.
2712 5672 2817 5727 Sed
2864 5673 3020 5742 longe
3067 5677 3240 5730 satius
3283 5678 3421 5731 duco
3463 5676 3821 5746 fragmentum
3856 5676 3979 5729 illud
