4212 6488
1361 450 1417 503 D.
1462 451 1603 505 ηιμ
1647 447 1977 504 ΟᾹΒΝΕΙὶΙΙ
2016 451 2387 508 ΡΒΑΞΡᾹΤΙΟ

1757 447 1977 502 RNEIill
2016 451 2387 508 PRAElt’ATIO
3343 473 3420 509 cu.

177 582 433 642 tanquam
482 573 838 641 peregrinum
875 575 1096 642 rrjicere
1124 613 1137 634 ,
1181 591 1339 641 quam
1388 576 1452 625 de
1481 572 1765 626 telcbcrri-
1794 577 1836 627 Α
1871 587 2031 635 opera
2082 572 2258 625 omnia
2313 587 2431 640 qua:
2484 572 2550 625 ab
2588 570 2714 640 ipsis
2770 572 3078 626 aueloribus
3122 572 3423 639 conscripta

176 666 273 719 mis
310 664 415 716 illis
472 677 618 730 quos
652 664 764 718 dixi
812 666 962 715 libris
1020 663 1100 715 vel
1144 665 1426 716 minimum
1486 662 1749 715 dubitare.

178 758 396 821 Quando
442 766 630 810 autem
679 756 844 811 semel
890 755 1010 809 libri
1062 755 1134 810 De
1169 756 1369 825 Spiritu
1402 766 1578 806 sancto
1607 772 1754 808 men-

181 858 369 907 tionem
395 852 525 918 feci,
564 856 797 910 monebo
837 855 1082 907 eumdem
1115 854 1260 907 illum
1312 865 1525 905 verSIIm
1562 851 1750 917 psalmi

180 944 435 997 tricesimi
464 947 709 1011 secundi,
743 942 825 1008 Τῷ
850 946 1009 1014 λόγῳ
1030 946 1134 1000 τοῦ
1162 943 1385 1010 Kvplov
1417 946 1472 995 οὶ
1512 942 1752 1011 οὐρανοὶ

177 1036 658 1107 ἐστερεώθησαν.
689 1048 823 1099 elc.,
854 1041 979 1094 totis
1007 1040 1214 1093 duabus
1256 1037 1465 1105 paginis
1497 1050 1525 1087 a
1560 1034 1754 1090 Basilio

177 1128 437 1196 explicari
492 1133 598 1185 hoc
641 1131 693 1182 in
728 1129 822 1183 lib.
857 1147 975 1201 cap.
1011 1131 1097 1186 l6.
1132 1128 1302 1181 Velim
1328 1138 1507 1181 autem
1550 1125 1753 1195 legatur

182 1227 290 1281 haec
333 1228 522 1281 Basilii
564 1228 940 1298 interpretatio
977 1230 1041 1280 ad
1081 1240 1293 1281 omnem
1330 1225 1616 1280 tollendam
1655 1228 1753 1281 du-

184 1318 529 1373 bitationem.
571 1316 703 1373 Nam
749 1328 854 1373 tam
886 1321 1122 1383 erudite,
1175 1329 1281 1370 tam
1314 1319 1609 1388 eleganter,
1641 1328 1750 1372 tam

177 1413 395 1479 capiose
430 1410 574 1466 hunc
599 1425 812 1467 versum
839 1419 1053 1476 tractat,
1081 1420 1139 1462 ut
1171 1410 1470 1480 intelligere
1507 1408 1660 1463 facile
1683 1412 1753 1465 sit

180 1518 323 1564 eum,
354 1517 482 1555 cum
525 1504 785 1572 psalmum
823 1502 1154 1555 tricesimum
1184 1506 1472 1557 secundum
1501 1501 1752 1567 interpre—

183 1602 411 1658 taretur,
448 1594 665 1649 Eusebii
695 1593 989 1647 auxilioad
1024 1591 1261 1659 ejusdem
1290 1594 1389 1648 loci
1419 1592 1753 1662 eiplanatio—

183 1696 304 1736 nem
344 1701 451 1740 non
481 1685 794 1756 indiguisse.
825 1683 948 1737 Ha-c
967 1691 1050 1736 cst
1074 1683 1235 1754 igitur
1264 1694 1442 1737 nostra
1467 1686 1750 1751 sententia,

182 1770 441 1829 Basiliam
491 1792 559 1831 ne
618 1777 888 1845 cogitasse
930 1775 1143 1842 quidem
1183 1776 1251 1831 de
1285 1773 1521 1831 Eusebio
1549 1777 1752 1845 compi—

182 1864 363 1919 laudo.
419 1867 561 1920 Fieri
608 1865 846 1933 potuisse
885 1866 1109 1928 damus.
1160 1874 1218 1919 ut
1280 1874 1465 1920 orator
1517 1870 1752 1935 optimus

1867 674 2013 727 Htltl,
2054 663 2366 730 suspicione
2394 664 2535 716 omni
2569 660 2853 724 vacabunt,
2893 662 2960 714 ob
2999 678 3088 713 eas
3112 678 3248 731 quas
3280 670 3423 713 attu-

1866 753 2023 807 limus
2051 754 2306 808 rationes.
2338 752 2415 804 Atl
2468 754 2610 819 quod
2655 765 2824 823 genus
2860 748 3047 804 referri
3084 767 3293 820 quoque
3335 750 3424 804 de-

1866 844 1993 897 bent
2023 847 2357 917 panegyrici,
2379 846 2651 899 orationes
2686 847 2753 899 de
2785 844 3058 915 mysteriis
3087 852 3136 897 et
3172 846 3237 897 de
3269 845 3425 899 rebus

1862 932 2270 1000 dilﬁcilioribus,
2301 946 2355 989 et
2379 935 2581 1004 qumvis
2614 934 2730 989 alia:
2752 976 2767 1001 ,
2819 948 2938 1005 qua:
2973 933 3229 1002 majorem
3271 936 3423 989 indu-

1868 1024 2059 1077 striam
2104 1023 2532 1093 elegantiamque
2568 1038 2677 1092 praz
2704 1038 2762 1078 se
2793 1024 3005 1088 ferunt,
3046 1039 3206 1093 quam
3253 1034 3310 1078 ut
3357 1043 3422 1080 ex

1864 1126 2102 1187 tempore
2145 1118 2507 1186 pronuntiata:
2531 1116 2697 1171 fuisse
2721 1115 2823 1169 dici
2854 1120 3081 1187 possint.
3124 1116 3318 1172 Fateor
3343 1119 3422 1171 vi-

1861 1209 1974 1262 deri
2019 1208 2278 1279 quosdam
2314 1207 2507 1265 Patres
2534 1249 2549 1274 ,
2586 1223 2705 1277 quae
2747 1222 2933 1263 eorum
2971 1218 3089 1265 erat
3136 1210 3383 1265 facundia
3406 1250 3419 1273 ,

1861 1299 2153 1367 aliquando
2191 1301 2257 1354 ad
2300 1301 2554 1370 populum
2598 1316 2662 1356 ex
2697 1310 2937 1369 tempore
2983 1316 3280 1357 sermonem
3330 1303 3425 1355 ha-

1862 1392 2075 1455 buisse,
2111 1392 2450 1461 prtesertim,
2497 1408 2621 1447 cun‘.
2658 1392 2829 1448 solum
2876 1392 2975 1448 sibi
3020 1394 3425 1461 proposuissent

1862 1481 2071 1549 plebem
2102 1485 2169 1537 ad
2219 1484 2471 1538 virtutem
2514 1484 2938 1553 amplectendam
2986 1486 3283 1540 cohortari.
3317 1488 3423 1541 Sed

1859 1582 1911 1625 et
1948 1570 2046 1624 has
2074 1573 2217 1639 ipsas
2240 1572 2517 1627 orationes
2541 1570 2608 1625 ab
2631 1572 2777 1625 onmi
2802 1572 3164 1643 corruptionis
3188 1572 3424 1641 periculo

1860 1662 2139 1716 vindicare
2170 1662 2383 1718 difficile
2416 1678 2519 1718 non
2549 1669 2648 1717 est.
2682 1661 2831 1728 Quod
2864 1672 2922 1715 ut
2943 1664 3130 1718 melius
3158 1662 3423 1733 intelliga-

1862 1764 1965 1819 tur,
2010 1771 2161 1821 rem,
2220 1762 2279 1807 ut
2322 1754 2519 1809 factam
2574 1769 2695 1811 esse
2760 1753 3107 1818 arbitramur,
3160 1756 3420 1811 dicemus.

1860 1846 2117 1909 Aderant,
2146 1862 2266 1899 cum
2292 1842 2482 1898 Patres
2511 1845 2989 1906 concionarentur,
3017 1843 3172 1911 periti
3205 1845 3419 1912 quidam

183 1957 420 2010 Basilius
442 1931 739 2012 sententias
759 1959 965 2029 aliquas
1000 1961 1067 2014 ab
1096 1957 1328 2013 Eusebio
1350 1931 1623 2013 mutuatus
1650 1962 1750 2025 sit,
1785 1936 1826 1988 Β
1857 1939 2077 2029 "Tarii.
2114 1939 2205 2007 qui
2238 1935 2571 2029 loquentium
2604 1939 2767 2029 verba
2791 1936 3119 2029 exciperent.
3150 1931 3259 1990 Nec
3279 1934 3422 1990 enim

179 2062 319 2117 quas
361 2058 474 2101 toto
528 2049 736 2105 dicendi
786 2066 983 2120 genere
1031 2052 1317 2105 immutato
1356 2065 1483 2103 suas
1526 2049 1748 2114 fecerit;

178 2138 271 2191 sed
300 2139 413 2207 ipsa
447 2138 657 2194 Eusebii
682 2141 866 2210 verba,
897 2156 1068 2212 eaque
1089 2142 1276 2209 multa,
1296 2143 1363 2197 ab
1393 2142 1508 2211 ipso
1540 2152 1749 2211 sumpta

177 2244 301 2281 esse
332 2244 710 2301 pernegamus.
745 2234 861 2290 Uno
886 2234 1071 2298 verbo,
1103 2234 1363 2304 quidquid
1394 2234 1748 2289 Eusebianum

181 2323 233 2373 in
266 2319 555 2378 Basilianis
602 2325 888 2394 reperitur,
927 2341 1088 2378 omne
1124 2325 1174 2377 id
1216 2341 1245 2376 a
1279 2325 1515 2377 librariis
1546 2334 1750 2379 temere

178 2413 417 2466 additum
466 2413 629 2467 fuisse
654 2413 1001 2467 arbitramur.
1022 2412 1385 2478 lncommoda,
1417 2427 1537 2483 quae
1564 2428 1631 2467 ex
1653 2416 1753 2468 hac

177 2505 433 2572 opinione
460 2504 615 2574 sequi
646 2504 915 2569 videntur,
940 2505 1223 2574 pratsenlio
1247 2506 1459 2576 quidem
1482 2525 1496 2573 ;
1528 2508 1621 2561 sed
1645 2522 1750 2560 non

179 2603 468 2663 propterea
495 2610 525 2648 a
558 2596 824 2651 sententia
868 2598 1169 2653 deterreor.
1208 2596 1320 2652 Non
1360 2599 1501 2652 enim
1530 2600 1754 2653 deerunt

178 2690 271 2753 qui
296 2697 717 2755 conquerantur,
752 2688 793 2741 si
820 2688 891 2741 ita
924 2698 1025 2753 est,
1062 2690 1192 2743 nihil
1228 2689 1347 2752 tuti,
1384 2690 1513 2743 nihil
1541 2690 1751 2744 indubi-

181 2779 299 2842 tati,
334 2778 464 2830 nilzil
497 2778 636 2832 firmi
665 2781 715 2831 itt
742 2779 959 2833 Patrum
992 2783 1207 2850 scriptis
1230 2784 1459 2850 amplius
1490 2782 1746 2846 futurum,

179 2886 300 2922 eum
351 2883 567 2938 semper
598 2869 819 2923 timendi
864 2870 966 2924 erit
996 2870 1145 2925 locus
1175 2911 1189 2933 ,
1225 2886 1290 2923 ne
1322 2888 1381 2923 ea
1415 2882 1611 2925 temere
1639 2873 1750 2928 suis

181 2960 566 3014 additamentis
603 2956 939 3032 corruperint
990 2962 1218 3017 librarii.
1261 2961 1363 3017 Sed
1402 2964 1596 3017 malmu
1630 2973 1747 3019 tan-

178 3061 292 3105 tum
339 3067 443 3105 non
486 3066 602 3107 esse
626 3060 794 3120 puto,
826 3063 1083 3121 quantum
1131 3055 1305 3124 primo
1341 3056 1534 3109 intuitu
1581 3058 1746 3111 videri

179 3149 383 3211 potest.
417 3138 657 3194 Primum
686 3141 828 3194 enim
860 3140 926 3195 ab
964 3143 1217 3211 operibus
1247 3157 1363 3210 quae
1390 3153 1443 3196 et
1472 3144 1746 3209 meditata,

179 3244 232 3286 et
258 3248 419 3286 manu
458 3232 624 3301 ipsius
655 3233 890 3285 auctoris
930 3231 1231 3302 conscripta
1269 3241 1411 3298 sunt,
1448 3235 1746 3303 corruptio-

180 3322 266 3374 nis
289 3322 527 3388 suspicio
551 3323 726 3376 omnis
750 3333 1063 3377 amoveatur
1088 3338 1309 3377 necesse
1333 3332 1434 3377 est.
1464 3322 1745 3391 Postquam

178 3414 325 3467 enim
361 3412 550 3468 Patres
585 3418 845 3483 ejusmodi
878 3433 1040 3485 opera
1072 3428 1505 3486 composuerant,
1544 3428 1652 3470 tum
1683 3421 1748 3473 ab

179 3505 259 3557 eis
318 3504 672 3559 tradebantur
704 3522 809 3559 nou
852 3507 1178 3576 quibuslibet
1224 3506 1492 3572 librariis,
1533 3507 1625 3560 sed
1651 3508 1746 3560 do-

182 3596 422 3652 mesticis
443 3640 456 3662 ,
494 3598 668 3667 iisque
700 3597 1048 3667 diligentibus
1068 3639 1080 3658 ,
1116 3597 1206 3667 qui
1233 3612 1294 3651 ea
1320 3609 1569 3653 accurate
1601 3606 1747 3653 tran-

180 3690 501 3744 scriberent.
535 3688 645 3745 Nec
673 3692 815 3745 enim
855 3689 1011 3745 aliter
1039 3690 1125 3744 edi
1154 3690 1206 3743 in
1236 3678 1408 3745 lucem
1452 3690 1749 3759 potuissent

180 3778 400 3835 Patrum
449 3784 647 3847 scripta
675 3825 690 3849 ,
730 3784 830 3837 nisi
865 3783 960 3851 ipsi
1001 3783 1327 3851 exemplaria
1364 3784 1616 3837 nonnulla
1654 3800 1748 3838 ex-

181 3870 465 3923 scribenda
506 3882 804 3929 curassent.
864 3871 1094 3926 Librarii
1132 3880 1310 3925 autem
1364 3872 1461 3936 illi,
1517 3887 1745 3941 quorum

182 3974 377 4012 munus
418 3968 541 4013 erat
587 3960 750 4015 libros
796 3962 1132 4016 dominorum
1167 3976 1387 4015 suorum
1427 3963 1746 4029 describere,

183 4049 298 4102 sine
331 4048 497 4103 dubio
520 4064 734 4105 omnem
769 4067 985 4121 cperam
1012 4062 1065 4105 et
1094 4067 1278 4106 curam
1320 4052 1373 4106 in
1405 4068 1503 4106 suo
1530 4070 1747 4109 munere

186 4139 435 4194 obeundo
458 4140 742 4209 ponebant.
774 4142 955 4212 quue
987 4143 1175 4212 magis,
1208 4143 1348 4210 quod
1380 4144 1581 4198 heriles
1605 4144 1743 4199 oculi

190 4234 522 4303 negligentes
563 4248 655 4289 eos
692 4251 811 4289 csse
858 4250 960 4289 non
1008 4218 1267 4290 sinerent.
1304 4236 1486 4306 t‘leque
1526 4253 1649 4293 vero
1683 4240 1745 4294 ti-

189 4325 440 4377 mendum
464 4334 585 4379 erat
616 4341 682 4381 ne
708 4326 909 4379 librarii
934 4325 1058 4390 alii,
1094 4327 1183 4395 qui
1226 4326 1328 4380 sibi
1378 4328 1575 4383 victum
1599 4340 1743 4384 tran-

182 4416 484 4470 scribendis
508 4418 661 4472 libris
690 4418 1075 4487 quaeritabant,
1109 4418 1369 4486 ejusmodi
1398 4419 1595 4488 scripta
1629 4436 1743 4475 cor-

184 4516 520 4575 rumperent.
545 4505 675 4560 Nam
706 4523 892 4562 eorum
931 4508 1171 4562 fraudem
1196 4508 1501 4577 dolumque,
1529 4526 1742 4580 compa-

1854 2026 2017 2079 alium
2046 2029 2260 2079 modum
2304 2042 2413 2097 quo
2442 2025 2705 2093 ejusmodi
2742 2027 3011 2081 orationes
3040 2023 3105 2080 ad
3135 2039 3232 2079 nos
3250 2034 3423 2078 trans-

1855 2118 1992 2171 mitti
2034 2118 2343 2185 potuerint,
2374 2119 2546 2173 video.
2589 2116 2655 2171 Et
2694 2130 2823 2171 vero
2863 2118 3139 2183 probabile
3179 2132 3284 2173 non
3315 2125 3419 2182 est,

1853 2210 2039 2264 Patres
2074 2222 2137 2263 ea
2183 2224 2303 2277 qua:
2339 2223 2404 2263 ex
2459 2220 2703 2276 tempore
2747 2208 3191 2279 pronuntiarant,
3235 2219 3416 2277 postea

1852 2298 2069 2351 domum
2124 2297 2403 2366 ingressos
2460 2298 2774 2365 scripsisse;
2809 2312 2931 2354 cum
2963 2312 3151 2352 eorum
3196 2313 3315 2367 qua:
3344 2299 3422 2351 sic

1853 2389 2101 2457 imparati
2126 2390 2403 2453 dixerant,
2424 2402 2491 2443 ne
2515 2389 2826 2442 meminisse
2852 2388 3066 2458 quidem
3098 2388 3415 2457 potuissent.

1855 2480 2023 2549 Igitur
2049 2482 2289 2535 notarios
2321 2481 2388 2535 ad
2418 2480 2695 2535 orationes
2729 2494 2846 2549 qua:
2886 2495 2952 2534 ex
2985 2488 3221 2548 tempore
3252 2479 3418 2533 habe-

1854 2572 2047 2625 bantur
2074 2571 2459 2626 exscribendas
2487 2571 2761 2627 adhibitos
2793 2586 2949 2637 esse,
2982 2572 3075 2642 qui
3114 2586 3225 2626 rem
3253 2580 3423 2627 atten-

1857 2665 1961 2720 tius
1990 2664 2434 2728 consideraverit,
2466 2675 2783 2731 negaturum
2814 2675 2940 2735 puto
2970 2667 3259 2723 neminem.
3296 2663 3417 2720 lant

1852 2770 1978 2809 vero
2025 2755 2361 2809 notariorum
2404 2753 2616 2808 illorum
2656 2761 2803 2808 tanta
2833 2766 2950 2809 erat
2977 2754 3224 2809 celeritas
3264 2755 3419 2807 indu-

1852 2851 2118 2915 striaque,
2152 2856 2211 2901 ut
2240 2848 2533 2901 timendum
2569 2862 2673 2901 non
2708 2856 2869 2913 esset,
2898 2861 2964 2902 ne
2986 2847 3115 2916 quid
3136 2845 3418 2901 scribendo

1851 2939 2176 2991 mnitterent.
2211 2937 2363 3002 Nam,
2402 2946 2459 2993 ut
2496 2938 2654 2994 docet
2682 2937 2938 2995 Martialis
2964 2940 3055 2996 lib.
3100 2953 3212 3003 xtv,
3243 2939 3413 3007 epigr.

1849 3034 1975 3101 208,
2005 3034 2070 3089 de
2107 3034 2333 3088 notariis
2361 3034 2589 3103 loquens
2613 3073 2628 3097 ,

1990 3128 2217 3179 Currant
2250 3126 2400 3180 verba
2430 3126 2569 3192 licet,
2602 3143 2787 3180 manus
2820 3135 2895 3179 est
2922 3125 3143 3179 velocior
3167 3124 3312 3189 illis;

2063 3196 2311 3249 Nondum
2339 3198 2515 3266 lingua
2544 3214 2722 3261 suum,
2753 3198 2940 3249 dextra
2966 3196 3158 3265 peregit
3189 3212 3337 3265 opus.

1774 3273 1816 3328 δ
1858 3310 1931 3361 Ex
1965 3309 2160 3376 quibus
2190 3308 2418 3363 efﬁcitur
2446 3310 2528 3364 vel
2552 3310 2943 3379 extemporales
2977 3312 3095 3365 illas
3122 3310 3413 3373 orationes.

1853 3401 1896 3453 si
1927 3415 2121 3468 paucas
2152 3404 2410 3469 quasdam
2454 3405 2508 3455 in
2541 3401 2777 3456 Psalmos
2801 3403 3187 3471 exceperimus,
3220 3404 3413 3471 depra-

1860 3494 2065 3547 vatioui
2097 3509 2201 3548 non
2231 3496 2302 3549 ita
2336 3495 2560 3548 multmn
2588 3496 2847 3550 obnoxias
2888 3496 3072 3551 fuisse.
3104 3496 3212 3551 Cur
3236 3507 3412 3551 autem

1850 3585 2225 3639 enarrationes
2287 3584 2532 3655 qumdam
2590 3586 2643 3638 in
2692 3584 2934 3641 Psalmos
2991 3587 3200 3641 facilius
3253 3602 3413 3655 quam

1850 3676 2066 3744 reliqum
2113 3677 2399 3732 conciones
2448 3687 2711 3747 corrupta:
2754 3679 2896 3740 sint,
2957 3692 3098 3730 nunc
3141 3677 3417 3732 declarare

1848 3783 2027 3836 opera:
2077 3770 2308 3835 pretium
2372 3780 2476 3822 est.
2540 3770 3013 3837 Putohujusmodi
3069 3770 3122 3822 in
3176 3767 3413 3823 Psalmos

1851 3860 2128 3914 orationes
2153 3860 2374 3915 minoris
2391 3861 2637 3917 venditas
2658 3860 2839 3927 fuisse,
2867 3862 2937 3917 ob
2964 3862 3123 3931 idque
3146 3861 3413 3931 praecipue

1856 3951 2210 4019 negligentius
2261 3968 2289 4006 a
2328 3952 2562 4007 librariis
2590 3953 2909 4021 exscriptas.
2939 3952 3073 4007 Cum
3109 3953 3251 4008 enim
3294 3968 3411 4006 tma-

1852 4046 2012 4099 nibus
2048 4046 2287 4101 omnium
2324 4056 2626 4100 tererentur
2659 4046 2920 4100 innumeri
2948 4048 3001 4101 in
3028 4045 3269 4100 Psalmos
3298 4045 3412 4101 sive

1854 4137 2257 4201 commentarii,
2301 4137 2414 4191 sive
2452 4150 2767 4202 sermones,
2813 4136 3004 4207 quibus
3037 4139 3223 4193 eadem
3272 4152 3412 4203 saepe

1847 4226 2118 4281 cantilena
2159 4226 2489 4292 cauebatur;
2530 4227 2651 4281 hinc
2683 4226 2883 4281 factum
2920 4237 3001 4283 est
3040 4237 3099 4281 ut
3142 4236 3410 4295 emptores

1849 4317 1940 4385 qui
1966 4317 2079 4388 jam
2108 4316 2416 4385 huiusmodi
2446 4319 2713 4373 mercibus
2740 4318 3104 4385 abundabant,
3131 4317 3196 4371 ad
3230 4331 3409 4371 emen~

1847 4408 1972 4462 dum
2011 4409 2184 4461 forent
2223 4408 2519 4478 segniores.
2550 4408 2817 4463 Praeterea
2856 4421 2979 4461 cum
3006 4407 3247 4473 librarii,
3277 4408 3405 4477 qui,

1848 4499 1892 4551 si
1947 4497 2074 4566 quid
2121 4497 2173 4549 in
2209 4498 2272 4552 iis
2307 4499 2639 4553 orationibus
2672 4500 2917 4564 deesset,
2952 4498 3001 4552 id
3046 4512 3104 4553 se
3150 4502 3408 4553 resarcire

183 4597 311 4651 ratis
346 4597 489 4650 inter
532 4610 591 4650 se
625 4597 1018 4666 exemplaribus
1042 4641 1055 4664 ,
1099 4611 1399 4669 promptum
1430 4610 1548 4655 erat
1592 4603 1738 4656 dete-
1772 4605 1816 4660 ι)

1772 4605 1816 4660 ι)
1850 4588 1993 4643 ηυΙΙο
2024 4589 2237 4657 neg0tio
2274 4605 2428 4658 posse
2470 4590 2834 4651 confidebant,
2873 4604 2978 4645 non
3025 4590 3097 4643 ita
3128 4590 3407 4659 diligenter

184 4703 325 4755 gere.
364 4686 574 4754 Quibus
612 4688 776 4743 semel
817 4689 1043 4743 detectis
1066 4731 1080 4754 ,
1112 4706 1301 4755 nemo,
1335 4693 1548 4761 opinor,
1587 4695 1745 4750 homo

182 4780 517 4848 Conscriptos
546 4779 615 4834 ab
640 4780 719 4834 eis
755 4780 921 4835 libros
958 4781 1199 4852 emisset.
1232 4782 1494 4837 Praeterea
1523 4784 1745 4857 diligent-

185 4881 265 4923 ter
322 4872 681 4925 servabantur
732 4872 841 4941 ipsa
882 4872 1251 4939 autographa,
1302 4870 1615 4939 quibuscum
1653 4876 1745 4929 de-

186 4960 384 5030 scripta
423 4972 747 5029 componere
791 4972 846 5015 et
900 4961 1145 5015 conferre
1193 4962 1363 5015 cuivis
1398 4960 1613 5016 licebat.
1654 4962 1745 5017 Sic

190 5050 450 5121 quidquid
491 5058 581 5104 est
608 5052 824 5118 majoris
864 5053 1120 5107 momenti
1154 5053 1203 5105 in
1237 5051 1457 5105 Patrum
1498 5054 1741 5122 scriptis,

183 5141 438 5214 quidquid
470 5142 754 5211 insignius,
795 5145 1049 5214 quidquid
1074 5146 1274 5209 utilius,
1298 5145 1349 5197 id
1383 5146 1433 5197 in
1463 5154 1575 5199 tuto
1603 5160 1742 5209 esse,

185 5252 246 5286 rx
290 5236 355 5290 iis
384 5248 505 5304 quae
543 5235 798 5299 diximus,
834 5246 999 5306 patet.
1026 5237 1219 5303 Quales
1244 5245 1367 5290 sunt
1396 5244 1654 5291 tractatus
1678 5238 1745 5290 de

187 5323 302 5390 fide,
334 5326 403 5380 de
438 5326 743 5395 dogmatis,
784 5328 849 5380 de
890 5330 1052 5383 rebus
1095 5327 1522 5384 diliicilioribus:
1560 5330 1745 5399 quales

188 5416 322 5480 libri,
364 5418 459 5487 qui
483 5430 577 5471 aut
622 5419 687 5471 ad
729 5419 1041 5485 historiam,
1073 5431 1164 5473 aut
1199 5423 1263 5475 ad
1287 5422 1622 5491 disciplinam
1652 5439 1742 5478 cc-

186 5503 567 5569 clesiasticam,
600 5517 693 5559 aut
725 5506 788 5559 ad
821 5511 1241 5563 controversiam
1297 5512 1604 5580 pertinent;
1636 5514 1746 5580 cpi-

188 5596 333 5650 stola:
368 5598 623 5666 denique.
670 5598 787 5651 Non
821 5598 964 5653 enim
998 5600 1227 5653 dubitari
1256 5610 1429 5669 potest
1463 5602 1589 5671 quin
1632 5601 1745 5669 ejus

187 5690 390 5758 generis
420 5706 583 5761 opera
620 5693 797 5745 omnia
828 5706 891 5747 ex
912 5692 1040 5760 ipsis
1071 5694 1413 5763 autographis
1448 5709 1474 5746 a
1506 5694 1743 5748 librariis

187 5790 234 5832 et
258 5782 568 5838 domesticis
594 5792 651 5836 et
693 5782 1038 5852 diligentibus
1070 5786 1336 5849 exscripta
1379 5785 1521 5850 sint,
1560 5785 1741 5854 sicque

187 5871 246 5924 ad
296 5888 392 5929 nos
465 5888 638 5941 usque
692 5872 917 5928 fideliter
960 5876 1316 5942 pervenerint.
1375 5874 1490 5932 Uno
1540 5877 1737 5942 verbo,

1851 4698 2070 4736 munere
2108 4697 2205 4736 suo
2238 4682 2618 4751 fungebantur.
2662 4683 2724 4736 Et
2769 4697 2896 4737 vero
2938 4698 3058 4736 cum
3092 4698 3196 4753 pra:
3231 4684 3407 4736 mani~

1846 4777 1947 4828 bus
1978 4774 2242 4828 baberent
2273 4777 2465 4828 multos
2492 4778 2543 4827 in
2582 4772 2822 4827 Psalmos
2848 4773 3261 4829 commentarios
3290 4788 3407 4828 ser-

1848 4879 2141 4934 monesque
2172 4905 2185 4929 ,
2223 4882 2287 4919 ex
2326 4866 2388 4921 iis
2430 4866 2479 4920 id
2524 4868 2666 4936 quod
2691 4866 2743 4921 in
2795 4866 3074 4922 scribendo
3110 4866 3407 4938 praetermi-

1847 4965 2053 5021 serant,
2114 4957 2269 5011 facile
2338 4958 2676 5027 supplebant.
2727 4958 2981 5025 Accedit,
3032 4960 3175 5027 quod
3222 4958 3407 5013 Patres

1848 5063 2228 5118 nonnunquam
2275 5048 2571 5104 familiares
2604 5049 2722 5103 illos
2750 5050 2800 5103 in
2846 5047 3087 5105 Psalmos
3129 5066 3404 5105 sermones

1847 5138 2104 5194 haberent
2134 5152 2225 5195 aut
2271 5141 2420 5207 ruri,
2448 5152 2541 5194 aut
2573 5141 2624 5197 in
2663 5144 3013 5198 conventibus
3060 5144 3236 5197 minus
3268 5144 3406 5199 cele-

1848 5232 2053 5295 bribus,
2083 5248 2190 5301 quo
2229 5234 2305 5288 ire
2343 5234 2545 5288 nollent
2572 5235 2767 5290 librarii
2806 5236 3207 5306 diligentiores,
3244 5252 3405 5305 expe-

1849 5324 2037 5377 rientia
2069 5324 2266 5389 edocti,
2304 5341 2407 5382 non
2444 5337 2646 5381 tantum
2684 5344 2741 5383 se
2778 5329 2910 5383 lucri
2946 5344 3009 5381 ex
3052 5344 3148 5382 suo
3175 5329 3400 5397 itinere,

1848 5426 2106 5485 quantum
2145 5429 2524 5487 speraverant,
2576 5421 2785 5475 fecisse.
2827 5420 2978 5475 Unde
3031 5436 3249 5475 necesse
3285 5432 3405 5475 erat.

1846 5511 2119 5565 orationes
2149 5511 2267 5565 illas
2299 5513 2749 5583 indiligentiorum
2781 5530 2937 5566 manu
2965 5515 3224 5578 exscriLi;
3252 5514 3401 5568 ideo-

1849 5619 1953 5671 que
1996 5605 2189 5658 mirum
2235 5605 2400 5660 videri
2430 5622 2533 5659 non
2571 5607 2757 5671 debet,
2798 5607 2843 5662 si
2882 5608 3103 5663 maculis
3135 5609 3403 5678 aliquibus

1845 5708 2286 5767 conspergantur.
2336 5697 2642 5752 Notandum
2692 5709 2989 5769 praeterea,
3050 5699 3234 5755 Patres
3297 5714 3403 5754 non

1846 5804 2054 5857 semper
2083 5805 2270 5844 omnes
2313 5790 2600 5859 cujuslibet
2643 5790 2831 5859 psalmi
2862 5791 3150 5846 versiculos
3184 5792 3285 5847 sibi
3321 5792 3405 5845 iu-

1848 5875 2219 5946 terpretandos
2254 5881 2597 5946 proposuisse
2619 5921 2633 5945 ,
2669 5880 2763 5935 sed
2798 5880 3003 5947 aliquos
3042 5890 3134 5935 aut
3184 5882 3404 5938 outttino
