4212 6494
804 455 910 506 οωι

2169 442 2693 500 ΡηοιευοΜΕΜ.

803 558 1075 625 omisisse,
1108 571 1201 615 aut
1225 565 1440 618 brevius
1468 563 1787 633 explanasse
1817 582 1829 616 :
1855 566 1997 627 quod
2036 577 2158 617 cum
2189 570 2360 616 anim-
2395 573 2436 618 Α
2465 598 2466 602 η

2395 573 2436 618 Α
2465 556 2635 625 εἶπεν,
2680 560 2761 611 ὅτι
2806 558 2872 611 Ἡ
2916 555 3165 625 γλῶσσά
3194 574 3310 623 μου
3350 554 3612 623 κάλαμος
3654 551 4037 622 γραμματέα-

799 649 1136 708 adverterent
1165 654 1389 717 librarii,
1420 656 1520 709 rati
1556 654 1689 716 fore,
1716 664 1775 708 ut
1808 671 1939 709 suus
1971 655 2123 707 labor
2148 670 2212 708 ex
2245 660 2359 708 Ion-

797 742 1040 810 gitudine
1076 746 1339 801 orationis
1377 747 1764 811 aestimaretur,
1813 757 1906 798 aut
1951 746 2095 813 quod
2139 745 2353 809 deerat,

808 840 1078 910 supplere.
1103 848 1195 893 aut
1224 839 1365 907 quod
1415 838 1630 892 brevius
1682 838 2001 905 explicatum
2047 836 2259 901 fuerat,
2296 851 2361 889 ex

809 934 1037 989 aliorum
1064 934 1411 1000 interpretum
1441 932 1657 1001 scriptis
1681 946 1873 1001 augere
1900 946 2002 983 non
2030 930 2359 983 dubitarunt.

878 1026 969 1080 36.
1004 1025 1189 1079 Exstat
1215 1025 1355 1078 inter
1392 1024 1573 1079 Basilii
1620 1038 1781 1092 opera
1816 1023 2090 1077 enarratio
2117 1022 2359 1094 quaedam

807 1119 864 1178 in
895 1116 1063 1186 psalm
1082 1133 1169 1169 um
1204 1118 1523 1169 tricesimum
1548 1116 1839 1181 septimum,
1868 1130 2029 1184 quam
2067 1115 2117 1166 in
2142 1113 2360 1169 dubium

808 1207 879 1264 ab
900 1209 1125 1262 eruditis
1150 1209 1391 1263 revocari
1428 1209 1727 1261 monuimus
1770 1222 1919 1259 num.
1945 1205 2033 1257 '52.
2065 1204 2362 1257 Tillemon~

810 1302 914 1357 tius
945 1301 1016 1354 ita
1046 1303 1111 1356 de
1134 1316 1193 1356 ea
1220 1301 1429 1353 dubitat
1455 1311 1508 1351 ut
1533 1300 1598 1351 ad
1626 1315 1742 1352 eant
1775 1296 2159 1351 defendendam
2191 1294 2362 1363 magis

806 1391 1144 1461 propendere
1180 1391 1443 1445 videatur.
1491 1388 1595 1443 Sed
1645 1403 1762 1443 eam
1790 1388 2024 1460 spuriam
2053 1400 2174 1440 esse
2203 1395 2363 1453 atque

806 1479 1160 1534 adulterinam
1187 1490 1415 1534 constat.
1442 1478 1509 1532 Et
1537 1488 1682 1533 certe
1725 1478 1967 1547 repetitio
1994 1490 2183 1539 vocum
2225 1490 2361 1544 qua-

815 1570 1057 1625 rumdam
1086 1586 1207 1645 qua:
1230 1572 1369 1641 apud
1403 1570 1660 1627 Basilium
1688 1579 1780 1623 ant
1811 1568 2079 1623 inusitata:
2099 1576 2243 1631 sunt,
2271 1574 2363 1620 aut

807 1657 1057 1724 insolitae,
1102 1659 1188 1714 vel
1246 1659 1357 1714 sola
1405 1658 1648 1728 opusculi
1702 1656 1858 1724 hujus
1913 1656 2198 1711 falsitatem
2256 1670 2359 1709 non

802 1746 1035 1803 obscure
1056 1732 1285 1804 indicat.
1320 1748 1448 1816 Ejus
1482 1747 1693 1816 generis
1720 1759 1843 1801 sunt
1879 1762 2059 1813 voces,
2102 1746 2357 1815 ἔφασκεν,

804 1838 955 1907 γοῦν,
990 1839 1332 1910 συναρπαγή.
1366 1837 1475 1892 lmo
1509 1846 1633 1892 sunt
1673 1847 1728 1892 et
1775 1837 1878 1891 alia
1924 1838 2182 1891 vocabula
2228 1838 2297 1891 ita
2331 1854 2358 1891 a

2471 649 2827 718 ὀξυτράφου.
2871 646 3094 715 Ὠραῗος
3128 646 3336 699 κάλλει
3363 646 3519 712 παρὰ
3557 645 3697 709 τοὺς
3718 642 3888 709 viain;
3917 641 4041 696 τῶν

2469 740 2809 807 ἀνθρώπων.
2863 740 2938 791 Οὐ
2969 738 3076 808 γὰρ
3126 740 3190 789 ὲκ
3223 738 3319 807 τῆς
3371 737 3505 806 πρὸς
3545 736 3667 798 τοὺς
3713 733 4037 803 ἀνθρώπους

2472 833 2808 903 συγκρίσεως
2836 832 2935 901 τὴν
2971 830 3239 903 ὑπεροχὴν
3288 828 3379 881 τοῦ
3431 827 3656 889 κάλλους
3700 826 3874 895 Ἔχει.
3921 825 4036 877 Καὶ

2470 925 2673 998 προῖὼν
2699 925 2755 977 δέ
2782 942 2914 994 φησι
2934 942 2946 953 ·
2968 924 3067 977 Διὰ
3082 923 3251 976 τοῦτο
3273 922 3475 989 ἕχρισέ
3493 935 3566 973 σε
3582 922 3613 972 ό
3638 918 3800 983 Θεὸς,
3824 920 3857 969 ὁ
3886 917 4035 981 Θεός

2471 1035 2586 1072 σου
2618 1018 2827 1071 ἔλαιον
2857 1015 3287 1084 ἀγαλλιάσεως.
3324 1014 3398 1065 Οὐ
3418 1013 3524 1081 γὰρ
3540 1010 3717 1064 εἷπεν·
3748 1010 3940 1081 ἔχρισά
3970 1025 4033 1061 σε

2469 1108 2578 1176 ἐγὼ
2603 1112 2630 1161 ὁ
2658 1108 2808 1172 Θεὸς,
2834 1107 2967 1171 ἀλλ’,
3000 1104 3242 1175 Ἐχρισέ
3267 1120 3339 1158 σε
3363 1120 3378 1135 ·
3402 1102 3539 1156 ὥστε
3576 1105 3641 1155 ὲκ
3669 1102 3856 1155 τούτου
3884 1114 4033 1169 παρ·

2472 1199 2720 1251 ιστασθαι
2751 1199 2934 1269 ἕτερον
2977 1194 3114 1250 εἶναι
3168 1197 3227 1250 τὸ
3277 1195 3654 1265 διαλεγόμενον
3714 1194 4029 1265 πρόσωπον.

2470 1292 2627 1342 Ποῖον
2657 1286 2749 1342 οὖν
2784 1290 2897 1341 ἐστι
2930 1286 3105 1351 τοῦτο,
3136 1287 3167 1357 ἢ
3215 1288 3242 1338 ὁ
3267 1286 3549 1357 προφήτης
3588 1285 3616 1336 ὁ
3643 1284 3899 1353 χωρήσας
3928 1281 4029 1351 τὴν

2466 1382 2560 1435 τοῦ
2614 1382 2768 1449 ἁγίου
2821 1378 3135 1449 Πνεύματος
3184 1380 3261 1440 εἰς
3316 1376 3475 1429 αὑτὸν
3530 1374 3827 1446 γενομένην
3876 1374 4031 1445 ἐνέρ-

2472 1493 2624 1543 γειαν
2650 1492 2663 1540 ;
2692 1473 2803 1527 lloe
2830 1484 2914 1527 est
2938 1492 2950 1526 :
2981 1491 2999 1524 ‹
3036 1470 3260 1537 Quidam
3289 1470 3533 1524 arbitrati
3554 1478 3678 1522 sunt
3702 1483 3767 1522 ex
3794 1480 4025 1535 persona

2470 1565 2647 1619 Patris
2674 1563 2938 1633 psalmum
2967 1562 3081 1615 sive
3097 1561 3364 1615 canticum
3384 1558 3718 1627 pronuntiari
3736 1559 3800 1611 de
3822 1555 4026 1622 Verbo,

2472 1655 2696 1728 quodin
2730 1654 2990 1722 principio
3016 1661 3130 1709 erat
3160 1652 3301 1721 apud
3337 1650 3502 1704 Deum
3520 1650 3588 1716 “,
3616 1648 3866 1721 quodque
3912 1650 4030 1718 ipse

2467 1764 2563 1803 ceu
2595 1762 2661 1802 ex
2688 1747 2872 1810 corde,
2900 1746 3013 1800 sive
3039 1758 3105 1798 ex
3153 1744 3282 1812 ipsis
3323 1743 3621 1797 visceribus
3652 1742 3942 1813 produxit:
3972 1751 4029 1795 et

2472 1855 2537 1893 ex
2561 1840 2700 1894 bono
2731 1837 2895 1892 corde
2935 1837 3130 1889 bonurn
3158 1836 3384 1889 verbum
3413 1832 3634 1904 prodiit.
3694 1831 3821 1885 Milli
3864 1846 4031 1899 porro

802 1928 985 1985 Basilii
1009 1933 1166 2001 genio
1196 1929 1566 1993 abhorrentia,
1602 1939 1658 1981 ut
1690 1939 1949 1997 praestare
1978 1930 2148 1983 ausim
2171 1929 2216 1984 si
2254 1946 2358 1985 non
2394 1922 2433 1976 Β
2464 1931 2579 1985 haec
2610 1930 2673 1982 ad
2698 1927 3064 1997 propheticam
3096 1940 3381 1997 personam
3424 1924 3706 1978 referenda
3727 1922 3977 1976 videntur
4006 1938 4024 1975 :

806 2021 1011 2085 omnia,
1053 2030 1199 2075 certe
1236 2035 1421 2074 eorum
1449 2020 1627 2087 aliqua
1654 2019 1703 2072 in
1737 2018 1878 2073 illius
1909 2019 2058 2074 libris
2094 2034 2360 2089 nusquam

804 2114 1049 2182 reperiri.
1094 2113 1280 2179 Qualia
1312 2120 1451 2177 sunt,
1482 2110 1806 2180 συγκατιὼν,
1838 2110 2122 2176 ἀντιὸολεί,
2154 2115 2182 2166 ὁ
2223 2113 2363 2184 ἱερὸς

802 2203 1116 2269 ἀπόστολος,
1146 2203 1244 2275 τῆς
1273 2202 1449 2281 ψυχῆς
1474 2202 1843 2273 αἰσθητήριον,
1891 2203 2358 2273 ἀναπεμπάζεται.

802 2293 908 2347 Sed
940 2294 1064 2361 quid
1096 2292 1245 2363 plura
1272 2292 1295 2345 ?
1324 2291 1449 2345 Haec
1489 2293 1552 2343 de
1600 2306 1703 2360 qua
1734 2290 1942 2361 agimus
1967 2291 2237 2346 enarratio
2260 2291 2363 2345 Eu-

798 2383 937 2438 sebii
966 2382 1313 2437 (Stesarieusis
1364 2381 1504 2434 fetus
1552 2392 1655 2449 est,
1690 2398 1793 2435 non
1848 2382 2052 2437 Basilii.
2091 2382 2223 2436 Nam
2256 2397 2360 2451 quo

803 2475 957 2547 plura
1002 2473 1349 2542 reperiuntur
1369 2473 1429 2527 in
1461 2473 1831 2528 lucubratione
1882 2489 1941 2528 ea
1968 2490 2086 2544 quae
2114 2474 2249 2528 male
2281 2476 2360 2527 in-

802 2578 886 2622 ter
932 2566 1113 2621 Basilii
1164 2581 1328 2635 opera
1380 2566 1636 2621 collocata
1669 2576 1791 2630 est,
1840 2582 1998 2635 quam
2040 2567 2091 2620 in
2131 2568 2359 2636 vulgatis

802 2653 1021 2709 Eusebii
1073 2654 1496 2718 commentariis,
1550 2670 1615 2707 ex
1658 2669 1722 2708 eo
1773 2670 1876 2708 non
1924 2654 2151 2709 elIicitur
2194 2666 2357 2710 totam

799 2761 919 2801 eam
947 2746 1179 2801 Eusebio
1210 2746 1370 2799 tribui
1415 2761 1519 2800 non
1550 2757 1795 2816 oportere
1825 2762 1837 2799 :
1869 2748 1960 2801 sed
1997 2750 2239 2817 sequitur
2272 2766 2359 2805 so-

798 2839 907 2893 lum
940 2838 1115 2910 aliqua
1147 2838 1197 2891 in
1223 2837 1436 2891 Eusebii
1469 2839 1874 2892 commentariis
1904 2840 2105 2893 omissa
2168 2839 2352 2894 fuisse.

800 2931 872 2985 Ita
924 2941 1103 2985 autem
1158 2946 1279 2985 csse
1334 2932 1515 2986 multis
1572 2935 1907 3001 argumentis
1960 2936 2176 3005 probari
2234 2952 2352 2989 cum

799 3024 989 3093 possit,
1042 3023 1147 3077 duo
1181 3024 1353 3079 solum
1408 3024 1761 3091 proferemus.
1810 3026 2049 3081 Primum
2079 3039 2180 3092 est,
2214 3030 2353 3097 quod

801 3117 941 3169 hanc
988 3114 1413 3168 lucubrationem
1447 3130 1564 3183 qum
1594 3117 1643 3168 in
1686 3115 1867 3170 Basilii
1910 3119 2232 3173 editionibus
2285 3120 2354 3173 le-

797 3205 962 3276 gitur,
996 3206 1062 3260 ab
1101 3205 1287 3259 eadem
1329 3204 1489 3275 plane
1525 3221 1686 3259 tnanu
1717 3206 2012 3275 profectam
2047 3224 2165 3263 esse
2190 3220 2351 3264 totam

796 3296 1022 3364 quilibet
1049 3295 1206 3364 paulo
1246 3297 1491 3364 sagacior
1520 3294 1675 3351 facile
1710 3298 1993 3367 intelligat,
2041 3315 2161 3355 cum
2208 3302 2345 3355 idem

799 3393 992 3455 stytus,
1026 3390 1165 3445 idem
1190 3389 1483 3461 ingenium,
1515 3396 1699 3449 eadem
1732 3397 2071 3451 citandorum
2098 3399 2355 3468 interpre-

798 3486 909 3533 tum
960 3480 1096 3536 ratio
1144 3482 1196 3535 in
1229 3491 1342 3537 toto
1370 3499 1619 3539 sermone
1650 3487 2005 3557 perspiciatur
2040 3506 2054 3541 :
2093 3490 2350 3555 alterum,

793 3567 937 3641 quod
968 3567 1171 3636 aliquot
1202 3574 1590 3629 versiculorum
1623 3577 2116 3647 interpretationem
2152 3581 2204 3635 in
2236 3582 2353 3634 vul-

790 3658 929 3727 gatis
954 3658 1169 3717 Eusebii
1199 3663 1352 3721 libris
1384 3666 1570 3722 deesse
1600 3679 1824 3724 constet.
1856 3670 1993 3724 Puto
2029 3673 2190 3740 igitur
2220 3688 2351 3726 cauc

790 3764 905 3803 sam
934 3764 1031 3804 cur
1058 3753 1248 3820 psalmi
1286 3755 1545 3811 tricesimi
1572 3759 1784 3826 septimi
1808 3760 2116 3829 explanatio
2140 3762 2350 3816 brevior

792 3840 865 3895 sit
892 3843 1032 3912 apud
1065 3843 1354 3901 Eusebium
1384 3864 1547 3918 quam
1572 3851 1711 3920 apud
1741 3851 2017 3917 Basilium,
2054 3855 2213 3909 aliam
2241 3871 2347 3910 non

788 3954 925 3998 r888.
962 3941 1071 3993 nisi
1109 3942 1253 4008 quod
1287 3942 1488 3995 librarii
1524 3954 1619 3997 aut
1654 3950 1796 4001 nacti
1818 3948 1931 4003 sint
1958 3951 2205 4008 codicem
2235 3968 2359 4012 tnu-

788 4026 961 4088 tilnm,
998 4035 1093 4078 aut
1113 4030 1457 4095 poperceriut
1488 4031 1680 4086 labori.

861 4106 950 4161 '57.
984 4107 1236 4174 Quazdam
1269 4108 1449 4163 Basilii
1482 4126 1535 4163 in
1563 4110 1802 4167 Psalmos
1823 4117 2110 4183 orationes,
2144 4120 2196 4172 in
2225 4122 2346 4189 qui-

792 4198 893 4250 bus
923 4200 1218 4267 fragmenta
1246 4200 1457 4253 Eusebii
1492 4200 1558 4254 ad
1588 4201 1807 4259 verbum
1833 4208 2153 4276 transcripta
2188 4224 2345 4276 repe-

791 4288 1081 4349 riebamus,
1105 4305 1208 4341 non
1233 4306 1418 4358 parum
1444 4293 1618 4357 nobis,
1654 4305 1712 4347 ut
1748 4311 1845 4349 suo
1873 4297 1990 4351 loco
2024 4300 2342 4368 notavimus,

788 4379 1084 4435 exhibuere
1111 4379 1331 4447 negotii.
1360 4379 1424 4432 Et
1455 4382 1567 4436 hmo
1602 4398 1813 4452 quoque
1852 4388 1907 4439 in
1937 4390 2193 4454 psalmum
2216 4407 2346 4458 qua-

790 4471 1137 4538 dragesimum
1194 4480 1436 4540 quartum
1489 4477 1781 4541 enarratio,
1831 4482 1969 4544 quod
1998 4482 2120 4535 huic
2170 4482 2341 4536 eidem

789 4561 1128 4613 incommodo
1162 4561 1395 4615 obnoxia
1426 4562 1517 4627 sit,
1544 4580 1648 4618 non
1673 4569 1846 4622 minus
1880 4586 1976 4625 nos
2003 4572 2138 4627 male
2161 4573 2319 4628 habet

786 4664 948 4718 quam
1006 4651 1233 4719 priores.
1281 4653 1455 4708 Verba
1503 4654 1718 4711 Eusebii
1752 4658 2085 4724 subjicimus.
2129 4672 2186 4717 ut
2220 4680 2338 4718 cum

784 4742 1087 4805 Basilianis,
1117 4759 1234 4813 qua:
1264 4760 1360 4799 suo
1390 4748 1576 4802 ordine
1603 4748 1912 4803 excudenda
1943 4763 2083 4815 sunt,
2140 4757 2343 4823 possint

783 4832 1040 4887 conferri.
1076 4833 1199 4889 llzec
1256 4836 1421 4907 igitur
1450 4837 1698 4905 leguntur
1730 4840 1867 4907 apud
1918 4838 2205 4895 Eusebium
2236 4860 2338 4899 non

782 4924 939 4995 longe
977 4928 1043 4981 ab
1071 4929 1223 4982 initio
1260 4949 1272 4983 :
1314 4929 1471 4991 Τινὲς
1508 4929 1764 5001 ᾠήθησαν
1812 4933 1886 4995 ὼς
1935 4934 1999 4985 ἐκ
2050 4934 2337 5007 προσώπου

779 5017 872 5071 τοῦ
900 5020 1110 5089 Πατρὸς
1141 5021 1394 5085 λέγεσθαι
1416 5024 1505 5075 τὸν
1539 5022 1747 5091 ψαλμὸν
1778 5027 1895 5095 ἦτοι
1921 5028 2019 5098 τὴν
2048 5027 2188 5099 ᾠδὴν
2214 5031 2341 5100 περὶ

776 5110 871 5163 τοῦ
904 5112 973 5165 ἐν
1004 5112 1159 5180 ἀρχῇ
1188 5114 1359 5178 ὄντος
1404 5116 1553 5183 πρὸς
1602 5118 1783 5170 αὑτὸν
1819 5122 2032 5186 Λόγου,
2060 5121 2119 5172 ὃν
2148 5123 2210 5173 ἐκ
2242 5124 2340 5191 τῆς

776 5204 938 5256 οἱονεὶ
961 5204 1184 5272 καρδίας
1212 5206 1242 5275 ἢ
1270 5206 1444 5257 αὐτῶν
1478 5210 1582 5260 τῶν
1621 5210 1959 5280 σπλάγχνων,
2009 5213 2160 5282 φησὶ,
2216 5232 2343 5283 προ-

779 5299 1008 5365 ήγαγεν,
1037 5298 1129 5349 καὶ⁹
1154 5298 1260 5349 ἀπὸ
1283 5298 1492 5366 ἀγαθῆς
1510 5299 1734 5370 καρδίας
1756 5302 1952 5367 ἀγαθὸς
1973 5302 2125 5369 λόγος
2148 5304 2341 5374 προῆλ-

775 5388 885 5441 θεν.
927 5388 1078 5457 Ἐμοὶ
1102 5388 1157 5440 δὲ
1188 5388 1332 5441 δοκεῖ
1353 5386 1522 5441 ταῦτα
1551 5391 1639 5441 ἐπὶ
1672 5389 1729 5441 τὸ
1774 5392 2103 5460 προφητικὸν
2142 5393 2339 5460 ἀναφέ-

779 5478 960 5544 ρεσθαι
994 5480 1301 5549 πρόσωπον.
1340 5481 1418 5531 Τὰ
1445 5482 1552 5548 γὰρ
1599 5482 1792 5551 ἐφεξῆς
1819 5480 1909 5531 τοῦ
1943 5484 2104 5551 ῥητοῦ
2158 5486 2337 5537 οὐκέτι

772 5568 970 5635 ὁμοίως
1002 5571 1306 5641 ὲξομαλίζει
1340 5574 1465 5639 ἡμῖν
1494 5572 1591 5640 τὴν
1622 5574 1746 5641 περὶ
1778 5573 1870 5625 τοῦ
1907 5574 2116 5642 Πατρὸς
2146 5574 2339 5644 ἐξήγη-

776 5680 878 5733 σιν.
906 5662 1039 5715 Οῠτε
1070 5664 1175 5731 γὰρ
1205 5662 1269 5716 ἂν
1294 5663 1418 5731 περὶ
1454 5664 1551 5730 τῆς
1600 5663 1789 5715 ἑαυτοῦ
1821 5663 2070 5733 γλώσσης
2105 5667 2131 5717 ὁ
2153 5666 2338 5735 Πατὴρ

1950 5854 1982 5878 λ’
2022 5853 2142 5905 illiti.
2178 5851 2228 5906 8.

842 5848 885 5882 ⁵⁵
910 5847 1058 5905 .‘uan.
1097 5853 1215 5911 1,1.
1294 5853 1335 5879 "
1374 5850 1509 5903 Bal.
1549 5867 1687 5913 κων,
1730 5851 1781 5915 2,
1817 5854 1865 5903 5.

2327 4614 2341 4638 ⁹
2375 4613 2419 4667 D

2463 2036 2581 2091 quae
2631 2020 2774 2073 enim
2824 2028 2942 2087 post
2992 2018 3193 2072 dictum
3251 2016 3553 2084 huiusmodi
3600 2015 4024 2082 subsequuntur,

2463 2128 2566 2167 non
2598 2111 2669 2164 ita
2702 2110 2916 2178 planam
2962 2109 3217 2164 exhibent
3267 2108 3418 2163 nobis
3454 2109 3519 2162 de
3557 2106 3715 2161 Patre
3752 2108 4027 2161 narratio-

2465 2219 2607 2256 nem.
2663 2198 2847 2269 Neque
2893 2202 3037 2254 enim
3082 2201 3147 2255 de
3192 2199 3370 2270 lingua
3421 2215 3516 2254 sua
3569 2199 3728 2253 Pater
3772 2199 4023 2254 dixerit:

2465 2294 2666 2364 Lingua
2696 2312 2812 2347 mea
2844 2295 3076 2346 calamus
3106 2294 3291 2346 scribae
3318 2294 3559 2346 velociter
3582 2293 3870 2347 scribentis.
3891 2293 4030 2359 Spe-

2461 2389 2633 2441 ciosus
2665 2387 2835 2455 [arma
2884 2402 2992 2453 pra:
3035 2386 3162 2452 ﬁliis
3192 2385 3457 2439 hominum
3482 2384 3546 2439 “.
3595 2383 3870 2453 Siquidem
3900 2383 4024 2452 pul-

2461 2481 2782 2536 chritudinis
2808 2480 3174 2549 praestantiam
3213 2494 3279 2531 ex
3312 2478 3708 2544 comparatione
3740 2491 3864 2529 cum
3918 2477 4023 2528 bo-

2466 2568 2701 2620 minibus
2735 2583 2839 2619 non
2900 2576 3195 2619 mutuatur.
3238 2566 3292 2618 In
3347 2565 3693 2633 sequentibus
3740 2579 3869 2618 vero
3921 2565 4023 2629 ait,

2462 2656 2745 2727 Propterea
2795 2658 2940 2709 unxit
2976 2667 3025 2709 te
3056 2656 3215 2719 Deus,
3264 2653 3397 2707 Deus
3420 2663 3538 2707 tuus
3566 2654 3675 2707 oleo
3701 2653 3901 2707 (artititz
3931 2654 3976 2685 ⁸⁷
4004 2672 4020 2719 ;

2459 2765 2632 2817 neque
2666 2750 2806 2803 enim
2835 2749 2932 2811 ait,
2984 2746 3117 2802 Unxi
3151 2757 3202 2801 te
3240 2760 3337 2816 ego
3361 2744 3517 2810 Deus,
3557 2746 3671 2808 sed,
3717 2743 3882 2799 Unxit
3930 2755 3978 2799 te
4001 2761 4023 2798 :

2461 2844 2531 2895 ita
2596 2852 2653 2895 ut
2701 2842 2823 2895 hinc
2859 2840 3116 2909 liquidum
3156 2842 3223 2892 sit
3254 2839 3409 2892 aliam
3450 2853 3733 2907 personam
3761 2852 3878 2890 esse
3901 2852 4027 2904 quae

2458 2933 2717 3001 loquitur.
2759 2933 3021 2998 Qnmnam
3076 2931 3239 3000 igitur
3288 2929 3397 2991 illa,
3450 2928 3551 2981 nisi
3608 2927 3886 2993 propheta,
3928 2928 4021 2993 qui

2460 3025 2697 3093 illapsam
2728 3024 2958 3091 Spiritus
2979 3022 3151 3076 sancti
3179 3022 3281 3073 vim
3310 3022 3361 3073 in
3398 3034 3454 3072 se
3483 3019 3727 3085 recepit?
3763 3036 3781 3069 ι
3831 3017 4020 3073 Basilii

2458 3115 2513 3167 in
2548 3116 2686 3166 hunc
2709 3114 2965 3181 psalmum
2995 3114 3292 3166 orationem
3336 3110 3380 3163 si
3414 3110 3529 3179 quis
3563 3108 3738 3177 legere
3769 3110 4009 3176 voluerit,

2464 3205 2516 3258 in
2551 3218 2611 3259 ea
2675 3204 2775 3257 hoc
2830 3203 3041 3259 Eusebii
3094 3204 3454 3272 fragmentum
3521 3203 3743 3273 syllabis
3795 3204 4021 3256 totidem

2460 3294 2711 3363 reperiet.
2739 3295 2856 3347 Dixi
2890 3294 3105 3363 sacpius,
3136 3309 3234 3349 nec
3264 3296 3442 3349 dicere
3468 3295 3729 3359 desinam,
3764 3309 3852 3348 me
3886 3296 4020 3347 mihi

2459 3389 2786 3457 persuadere
2816 3404 2920 3441 non
2950 3403 3109 3456 posse
3134 3389 3401 3443 hominem
3430 3388 3843 3442 disertissimum
3876 3401 4024 3441 eum-

2458 3482 2687 3551 demque
2736 3482 3161 3549 copiosissimum
3221 3481 3475 3536 Basilium
3540 3480 3758 3549 graeculi
3820 3482 4018 3537 malam

2456 3581 2625 3625 artem
2651 3571 2912 3624 imitatum
2942 3585 3084 3625 esse.
3122 3571 3258 3637 Quid
3299 3572 3440 3625 enim
3471 3570 3734 3625 attinebat
3760 3570 4018 3627 Basilium

2457 3664 2678 3719 induere
2692 3680 2750 3718 se
2769 3663 2957 3733 pennis
2983 3662 3189 3727 alienis,
3211 3664 3302 3732 qui
3328 3664 3438 3717 suis
3460 3662 3627 3733 magis
3644 3678 3804 3732 quam
3829 3664 4018 3719 ascitis

2455 3752 2809 3807 decorabatur
2824 3754 2846 3804 ?
2863 3752 3106 3807 Potuisse
3122 3752 3373 3805 Basilium
3394 3754 3458 3807 ab
3474 3752 3698 3807 Eusebio
3716 3752 4020 3808 sententias

2454 3843 2710 3912 quasdam
2768 3844 3036 3905 mutuari,
3093 3858 3224 3912 quas
3263 3842 3494 3911 politiori
3546 3842 3760 3898 dicendi
3817 3858 4017 3914 genere

2453 3949 2577 3989 suas
2601 3934 2835 3999 fecisset,
2865 3949 2971 3988 non
3007 3934 3159 3989 ierim
3192 3935 3537 3990 inficias:sed
3572 3948 3693 3987 eum
3721 3934 3788 3988 ab
3821 3937 4013 3992 eodem

2455 4024 2663 4095 Iungam
2699 4026 2985 4080 verborum
3020 4028 3213 4081 seriem
3246 4028 3557 4096 sumpsisse,
3592 4034 3652 4079 ut
3683 4028 3899 4082 credam
3925 4028 4013 4079 vix

2454 4117 2711 4181 adducar;
2740 4118 3034 4186 prmsertim
3054 4132 3173 4171 cum
3195 4118 3309 4171 sine
3329 4117 3493 4170 multo
3513 4116 3693 4173 labore
3712 4118 4014 4185 elegantio-

2454 4223 2510 4261 ra
2550 4209 2796 4263 dixisset.
2855 4206 3127 4261 Librarios
3157 4209 3320 4277 igitur
3343 4222 3404 4261 ea
3437 4207 3488 4260 in
3522 4223 3577 4263 re
3596 4208 3729 4261 male
3746 4206 4013 4263 ofﬁciosos

2452 4298 2564 4351 hmc
2586 4298 2865 4350 Basilianis
2893 4300 3211 4351 annexuisse
3241 4299 3493 4353 arbitror.
3511 4298 3679 4367 Legas
3713 4298 3873 4353 velim
3906 4317 4010 4354 nu-

2452 4404 2657 4442 merum
2686 4388 2771 4451 35,
2795 4388 2845 4442 in
2868 4404 2973 4457 quo
2998 4404 3114 4442 eam
3142 4388 3190 4441 in
3224 4392 3542 4444 sententiain
3568 4388 3729 4443 multa
3750 4405 3848 4459 pro
3868 4393 4009 4447 virili

2450 4479 2657 4549 disputa
2668 4479 2856 4533 vimus.

2522 4566 2610 4623 58.
2636 4569 2907 4623 Orationis
2940 4570 3056 4638 ejus
3086 4584 3188 4637 qua
3226 4568 3462 4637 psalmus
3512 4570 3838 4628 centesimus
3862 4574 4011 4629 deci-

2452 4676 2571 4713 mus
2607 4671 2832 4729 quartus
2868 4662 2917 4713 in
2975 4660 3261 4713 Basilianis
3294 4660 3615 4717 editionibus
3661 4665 4007 4733 explanatur,

2450 4750 2798 4819 reperiuntur
2846 4750 3059 4818 quidem
3117 4750 3411 4820 fragmenta
3446 4755 3497 4807 in
3540 4753 3868 4809 Corderiana
3919 4769 4010 4807 ca-

2445 4852 2589 4908 tena,
2616 4843 2710 4898 sed
2735 4842 2950 4896 nomine
2970 4842 3320 4905 diversorum,
3350 4859 3453 4897 non
3488 4842 3690 4896 Basilii.
3715 4845 3833 4898 Alia
3861 4842 4005 4896 enim

2447 4934 2761 4989 tribuuntur
2820 4934 3063 5007 Didymo,
3117 4936 3219 4988 alia
3278 4934 3683 5002 Chrysostomo,
3719 4933 4007 4988 Theodoro

2445 5023 2569 5087 alia,
2607 5025 2709 5077 alia
2733 5027 3031 5096 Anonymo.
3065 5026 3167 5077 Sed
3204 5024 3351 5077 locus
3381 5023 3468 5077 ille
3500 5024 3589 5092 qui
3623 5038 3685 5075 ea
3718 5023 3770 5074 in
3810 5030 4005 5077 catena

2444 5114 2656 5168 cuidam
2681 5116 2833 5169 alteri
2864 5117 3139 5175 tribuitur,
3171 5130 3273 5167 nun
3294 5114 3343 5167 in
3380 5131 3484 5169 uno
3508 5114 3723 5173 Basilio,
3747 5114 3841 5167 sed
3873 5120 4002 5170 etin

2444 5205 2671 5260 Eusebio
2702 5220 2912 5275 quoque
2945 5184 3227 5273 reperitiir.
3259 5206 3371 5262 Utri
3409 5216 3584 5259 autem
3615 5201 4002 5270 adjudicandns

2443 5300 2534 5361 sit,
2596 5314 2658 5351 ex
2690 5297 2831 5366 stylo
2866 5295 3019 5351 facile
3050 5301 3294 5368 cognosci
3348 5305 3539 5367 potest.
3573 5294 3701 5349 Nam
3734 5298 4007 5366 fragmen-

2452 5400 2562 5441 tum
2599 5389 2727 5440 illud
2761 5388 3045 5442 dictionem
3078 5390 3429 5444 Eusebianarn
3481 5401 3644 5454 usque
3679 5392 3813 5443 adeo
3850 5389 4002 5441 redo-

2443 5480 2534 5544 let,
2580 5488 2657 5539 ut,
2708 5480 2796 5546 qui
2841 5482 3158 5551 decipiatur,
3212 5492 3389 5547 putem
3418 5478 3529 5535 fore
3559 5484 3849 5538 neminem.
3886 5480 3999 5547 Qua

2445 5580 2507 5624 de
2539 5585 2593 5623 re
2622 5582 2675 5625 ut
2703 5590 2796 5643 per
2820 5591 2874 5628 se
2908 5579 3135 5644 quisque
3178 5574 3345 5643 possit
3373 5574 3635 5642 judicare,
3672 5574 3833 5628 verba
3885 5574 3994 5644 ipsa

2444 5666 2727 5721 ascribam.
2776 5671 2830 5723 Si
2852 5678 2907 5721 nt
2938 5678 3114 5722 autem
3151 5668 3261 5724 ha'c
3290 5686 3304 5723 ι
3343 5672 3399 5723 Ὀ
3426 5670 3623 5738 κόσμος
3650 5663 3802 5730 οὗτος
3838 5669 3997 5731 αὐτὸς
