4212 6492
1334 449 1395 503 D.
1437 447 1583 502 JUL.
1622 435 1944 498 CARNERII
1986 427 2373 487 PREFATIO.

3321 433 3447 473 CCIII

196 583 247 626 τὶ
298 573 410 624 ἐστι
447 570 670 639 θνητὸς,
730 568 821 619 καὶ
879 567 1076 635 χωρίον
1124 564 1573 631 ἀποθνησκόντων
1608 558 1770 613 ἐστίν.
1804 563 1846 617 Λ

1804 563 1846 617 Α
1884 552 2048 605 David
2084 568 2095 602 :
2136 568 2151 599 ι
2186 558 2427 615 ereptam
2452 558 2571 597 esse
2601 543 2835 595 animam
2867 554 3014 593 suam
3040 552 3069 589 a
3096 543 3289 600 morte,
3317 552 3443 588 ocu—

213 659 423 729 Ἐπειδὴ
457 659 569 728 γὰρ
621 656 870 718 σύνθετός
907 655 1021 706 ἐστι
1067 654 1173 705 τῶν
1206 654 1499 722 ὁρωμένων
1528 653 1560 720 ἡ
1587 651 1770 703 σύστα-

204 769 233 802 σ
258 768 300 813 ς,
327 752 387 802 τὸ
420 750 476 802 δὲ
506 748 757 801 σύνθετον
800 746 945 799 ἅπαν
968 744 1270 797 διαλύεσθαι
1317 743 1576 810 πέφυκεν,
1611 744 1667 794 ἐν
1696 738 1771 808 τῷ

205 845 387 912 κόσμῳ
431 841 606 905 ὅντες,
655 840 820 909 μέρος
867 839 1017 899 ὄντες
1062 833 1154 887 τοῦ
1204 834 1430 903 κόσμου,
1464 830 1771 901 ἀναγκαίως

202 935 297 1001 τῆς
347 931 443 984 τοῦ
495 930 697 992 παντὸς
732 930 943 997 φύσεως
978 924 1341 994 ἀπολαύομεν.
1390 926 1537 976 Ἑκεῖ
1586 922 1639 975 δὲ
1673 923 1771 974 οὐκ

203 1026 343 1075 ἔστιν
384 1021 698 1083 ἀλλοίωσις,
741 1020 861 1073 οὗτε
909 1018 1174 1087 σώματος,
1231 1016 1352 1069 οὕτε
1397 1017 1573 1085 ψυχῆς
1636 1013 1769 1066 Οὐδὲ

203 1116 303 1181 γάρ
328 1114 447 1164 ἐστι
478 1111 742 1181 λογισμοῦ
787 1109 1131 1180 παρατροπὴ,
1162 1110 1281 1161 οὐδὲ
1320 1107 1604 1178 μετάθεσις
1634 1103 1772 1172 γνώ-

205 1221 331 1272 μης,
362 1203 625 1272 οὐδεμιᾶς
652 1202 1020 1271 περιστάσεως
1047 1201 1107 1253 τὸ
1136 1201 1394 1263 εὐσταθὲς
1445 1198 1537 1251 καὶ
1576 1198 1773 1267 ἀτάρα-

196 1312 288 1365 xw
320 1294 429 1345 τῶν
457 1293 730 1363 λογισμῶν
758 1292 1181 1363 ἀφαιρουμένης.
1216 1293 1380 1363 Χώρα
1408 1291 1551 1343 ἐστὶν
1587 1290 1769 1359 ἐκείνη

196 1382 303 1437 τῶν
332 1384 412 1437 ἑτι
446 1384 681 1449 ζώντων,
718 1385 773 1435 ἐν
871 1383 1100 1453 μάλιστα
1127 1384 1507 1454 εὐαρεστήσειεν
1544 1380 1621 1451 τῷ
1653 1380 1771 1451 Θεῷ

200 1479 228 1529 ὀ
258 1479 547 1547 προφήτης
578 1473 1094 1541 κατεπαγγέλλεται,
1119 1473 1194 1537 ὡς
1217 1473 1305 1525 ὑπ’
1323 1473 1535 1534 οὐδενὸς
1564 1470 1771 1541 μέλλων

198 1569 304 1621 τῶν
339 1568 537 1632 ἔξωθεν
585 1564 969 1618 διακόπτεσθαι
1006 1565 1239 1631 ζώντων.
1293 1563 1503 1633 Ἐκείνη
1534 1562 1685 1633 χώρα
1713 1563 1770 1613 ὲν

197 1655 228 1734 ᾗ
259 1662 360 1714 οὐκ
383 1659 462 1711 ἔνι
492 1657 608 1724 νὺξ.
638 1660 737 1711 οὐκ
764 1659 840 1712 ἔνι
873 1658 1037 1721 ὕπνος
1057 1658 1115 1710 τὸ
1140 1656 1229 1709 τοῦ
1259 1656 1487 1709 θανάτου
1524 1655 1768 1725 μίμημα,

194 1751 295 1802 οὐκ
323 1749 401 1801 ἔνι
434 1748 655 1818 βρῶσις,
685 1750 783 1801 οὐκ
809 1750 885 1802 ἔνι
912 1750 1066 1809 πόσις
1085 1746 1150 1798 τὰ
1182 1750 1280 1817 τῆς
1303 1746 1582 1808 ἀσθενείας
1614 1744 1770 1815 ἡμῶν

198 1841 599 1910 ὑπερείσματα,
626 1842 685 1893 οὑ
731 1841 837 1893 τῶν
866 1839 1058 1906 ἔξωθέν
1091 1855 1141 1891 τι
1173 1839 1597 1911 περιστατικῶν·
1636 1836 1770 1889 ἀλλὰ

197 1930 350 2001 χώρα
400 1930 652 1995 ζώντων,
707 1934 805 1985 οὐκ
848 1930 1298 1998 ἀποθνησκόντων
1327 1929 1411 1981 διὰ
1457 1928 1556 1997 τῆς
1596 1929 1766 1998 ἁμαρ⁸

193 2021 337 2084 τῑας,
377 2021 511 2073 ἀλλὰ
539 2021 751 2086 ζώντων
777 2021 871 2089 τὴν
902 2018 1151 2088 ἀληθινὴν
1182 2018 1325 2088 ζωὴν
1348 2018 1443 2088 τὴν
1471 2020 1526 2069 ὲν
1550 2019 1766 2087 Χριστῷ

210 2112 411 2183 Ἰησοῦ.
441 2133 458 2164 ι
496 2113 592 2168 llic
625 2114 852 2166 mundus
880 2127 1002 2164 vere
1044 2120 1098 2163 et
1129 2110 1239 2179 ipse
1269 2110 1530 2173 mortalis,
1571 2120 1625 2163 et
1656 2126 1767 2161 mo-

197 2210 450 2262 rientium
483 2208 628 2262 locus
650 2215 749 2260 est.
796 2206 927 2271 Quia
952 2206 1091 2259 enim
1121 2221 1297 2259 rerum
1330 2206 1617 2259 visibilium
1642 2222 1767 2259 coa-

198 2300 411 2353 stitutio
437 2299 729 2366 composita
758 2308 862 2361 est,
894 2312 1053 2351 omne
1085 2313 1211 2353 vero
1238 2300 1600 2369 compositum
1656 2299 1767 2353 sol-

203 2394 385 2453 vitnr;
418 2407 539 2444 cum
593 2392 645 2442 in
687 2390 886 2443 mundo
918 2400 971 2443 et
1002 2405 1128 2460 pars
1182 2391 1363 2444 mundi
1418 2392 1609 2453 simus,
1675 2404 1765 2441 ne-

199 2482 447 2535 cessurio
494 2492 697 2535 naturae
734 2484 965 2535 universi
996 2492 1274 2535 consortes
1320 2498 1541 2547 sumus;
1576 2491 1627 2533 at
1660 2481 1766 2535 illic

199 2589 306 2625 non
364 2583 445 2627 est
495 2573 795 2627 immutatio
834 2574 912 2626 vel
950 2573 1193 2642 corporis
1224 2573 1305 2627 vel
1338 2574 1552 2627 animai.
1583 2572 1767 2642 Neque

196 2663 341 2715 enim
394 2672 477 2717 est
522 2664 865 2732 cogitationis
914 2664 1205 2729 aberratio,
1257 2680 1429 2733 neque
1484 2665 1768 2719 sententiae

205 2755 453 2815 variatio.
493 2771 613 2808 cum
647 2756 786 2808 nulla
814 2755 1093 2809 calamitas
1124 2766 1366 2822 pacatum
1396 2758 1768 2823 tranquillum-

204 2856 308 2908 que
349 2841 735 2909 cogitationum
785 2844 1028 2895 ordinem
1076 2843 1305 2896 auferat.
1347 2844 1440 2896 llla
1499 2845 1624 2897 item
1684 2857 1767 2898 est

200 2930 349 2998 regio
398 2932 717 2995 viventium,
765 2933 851 2986 ubi
887 2947 944 2987 se
995 2934 1230 2987 maxime
1286 2934 1392 2987 Deo
1446 2935 1765 3004 placiturum

200 3020 472 3091 Propheta
512 3022 869 3092 praenuntiat;
918 3036 975 3079 ut
1024 3025 1171 3093 quia
1224 3026 1371 3080 nullo
1408 3038 1668 3081 extraneo
1702 3044 1767 3083 ex

202 3129 429 3169 numero
463 3116 758 3171 viventium
794 3117 1187 3173 abscindendns
1224 3120 1311 3175 sit.
1362 3119 1451 3172 Illa
1486 3120 1633 3191 regio
1664 3131 1766 3184 est,

201 3208 253 3258 in
286 3221 388 3276 qua
432 3224 608 3276 neque
645 3225 772 3273 nox,
815 3225 989 3278 neque
1033 3226 1277 3273 somnus,
1330 3213 1517 3265 mortis
1570 3212 1765 3280 imago,

202 3312 374 3365 neque
404 3298 583 3361 cibus,
613 3313 785 3368 neque
809 3310 989 3368 potus,
1022 3301 1349 3356 infirmitatis
1392 3311 1588 3355 nostra:
1616 3301 1767 3355 falci-

198 3398 403 3450 menta,
438 3403 539 3443 nec
568 3390 838 3461 quidpiam
896 3406 1080 3445 eorum
1112 3408 1231 3460 quae
1264 3394 1602 3449 extrinsecus
1654 3412 1768 3448 mo-

206 3479 422 3535 lestiam
454 3494 679 3548 creant;
716 3484 805 3537 sed
844 3485 988 3553 regio
1022 3484 1337 3549 viventium,
1371 3502 1469 3539 nec
1524 3502 1616 3554 per
1643 3503 1760 3554 pec-

201 3580 381 3623 catum
414 3572 783 3635 morientium,
810 3584 1004 3627 atvera
1026 3574 1132 3627 vita
1158 3576 1446 3629 viventium
1478 3577 1527 3628 in
1559 3576 1771 3629 Christo

199 3658 345 3715 Jesu.
388 3680 408 3711 ι
452 3660 608 3713 Plura
654 3662 867 3729 quidem
915 3666 1259 3731 reperiuntur
1295 3668 1345 3718 in
1393 3666 1627 3729 Basilio;
1674 3668 1769 3720 sed

202 3754 329 3819 quin
354 3753 692 3807 restituenda
720 3754 827 3807 sint
866 3754 975 3810 bare
1006 3755 1119 3826 ipsa
1152 3758 1355 3811 auctori
1390 3773 1485 3812 suo
1516 3758 1771 3823 Eusebio,

205 3846 488 3900 dubitandi
532 3846 682 3901 locus
713 3862 832 3903 esse
871 3850 953 3902 vix
990 3858 1183 3919 potest.
1218 3850 1350 3904 Nam
1381 3853 1567 3907 deesse
1606 3854 1769 3907 multa

203 3938 254 3989 in
298 3939 696 3993 commentario
737 3955 802 3995 eo
849 3956 1006 4009 quem
1052 3942 1104 3994 in
1160 3943 1295 3995 hunc
1337 3945 1597 4011 psalmum
1640 3960 1769 3998 con-

203 4027 422 4097 seripsit
464 4028 747 4093 Eusebius,
794 4031 875 4081 Vel
920 4046 984 4083 ex
1028 4032 1137 4083 sola
1192 4034 1561 4085 commentarii
1596 4036 1772 4087 brevi-

210 4129 319 4172 tate
366 4131 530 4191 patet.
583 4120 702 4175 Jam
747 4123 872 4190 qttid
899 4124 965 4174 de
1014 4124 1117 4177 hoc
1166 4124 1465 4193 fragmento
1518 4127 1768 4189 sentiam,

204 4218 389 4283 paucis
455 4216 759 4268 dicendum.
840 4216 1091 4269 Arbitror
1166 4220 1391 4273 ascitum
1468 4220 1519 4273 id
1603 4236 1768 4286 esse,

203 4315 256 4357 et
286 4306 392 4359 huc
425 4318 489 4357 ex
521 4304 837 4361 Eusebianis
873 4308 1052 4377 iniqua
1074 4323 1230 4361 manu
1254 4323 1611 4379 exportatum.
1639 4314 1770 4369 Cum

208 4405 384 4451 autem
414 4398 517 4452 hoc
546 4400 850 4467 auspicandi
883 4400 1015 4453 mihi
1045 4400 1155 4454 sint
1187 4416 1362 4456 causa:
1397 4404 1579 4458 multa?
1600 4446 1613 4468 ,
1664 4416 1773 4459 tres

210 4498 414 4542 tantum
442 4499 534 4541 aut
563 4499 798 4560 quatuor
821 4490 1109 4559 proferam.
1156 4494 1333 4549 Prima
1372 4504 1476 4553 est,
1505 4500 1645 4561 quod
1671 4496 1771 4548 Ba-

208 4580 354 4629 silius
396 4582 591 4633 itinere
622 4589 674 4633 et
719 4582 903 4635 labore
931 4581 1277 4650 defatigatus,
1313 4585 1587 4650 brevitati,
1617 4594 1673 4637 ιιι
1706 4602 1770 4639 ex

208 4664 315 4731 ipsa
341 4665 530 4731 psalmi
558 4668 935 4732 esplanatiOne
959 4680 1188 4734 constat,
1219 4675 1456 4727 studeret
1478 4689 1633 4742 quam
1662 4692 1771 4729 ma-

208 4756 380 4823 xime;
414 4771 512 4810 nec
544 4758 768 4826 proinde
808 4763 1001 4813 mirum
1031 4764 1195 4817 videri
1231 4764 1440 4830 debeat,
1470 4767 1515 4820 si
1542 4766 1772 4823 Basilius

209 4856 260 4896 ut
290 4848 426 4901 alias
467 4849 582 4917 (α),
622 4857 674 4901 et
715 4850 800 4903 hic
846 4866 1057 4919 quoque
1099 4855 1360 4922 psalmum
1409 4873 1512 4910 non
1553 4857 1772 4915 omnino

207 4940 541 5005 exposuerit.
572 4940 777 5003 Altera,
802 4942 945 5011 quod
980 4955 1265 5012 postquam
1302 4947 1534 5015 scriptor
1556 4963 1769 5003 omnem

207 5027 483 5081 hominum
518 5028 678 5080 vitam
714 5032 884 5085 tribus
928 5046 1187 5085 annOrum
1233 5036 1651 5091 hebdomadibus
1677 5038 1771 5089 de-

209 5118 398 5182 ﬁnivit,
440 5119 811 5183 nihilominus,
868 5138 1049 5177 secum
1091 5123 1201 5189 ipse
1250 5141 1355 5178 non
1404 5127 1769 5193 consentiens,

211 5212 392 5262 eadem
427 5212 480 5263 in
522 5210 641 5264 loco
671 5211 911 5280 quinque
944 5224 1240 5279 recenseat,
1274 5228 1481 5286 tempus
1510 5219 1773 5273 detentio-

209 5301 304 5361 nis,
323 5304 783 5356 accommodatam
803 5306 867 5355 ad
883 5305 1191 5375 disciplinas
1211 5310 1526 5363 ediscendas
1539 5320 1772 5375 atatem,

207 5406 371 5444 annos
407 5395 693 5463 ephebios,
725 5406 920 5451 statum
946 5401 1175 5462 virilem,
1196 5413 1545 5455 senectutem.
1571 5402 1771 5467 Tertia,

209 5484 343 5551 quod
378 5492 590 5537 tantum
640 5488 791 5541 abest
825 5498 883 5542 ut
915 5489 1029 5543 haec
1079 5492 1218 5544 inter
1246 5506 1303 5544 se
1339 5494 1639 5545 coluereant
1669 5531 1683 5555 ,
1720 5502 1775 5545 ut

211 5576 383 5643 potius
433 5576 744 5633 redundare
780 5590 965 5648 aperte
1011 5582 1311 5637 videantur.
1360 5580 1481 5635 Tria
1518 5584 1657 5638 enim
1700 5583 1773 5636 ait

828 5768 869 5797 "
904 5766 1027 5821 ibid.
1060 5767 1109 5819 9.

270 5888 342 5956 (ιι)
374 5887 500 5942 Vide
534 5886 786 5942 homilias
817 5885 865 5937 ἔτι
902 5882 1042 5940 f‘mI.
1074 5904 1083 5939 ι
1110 5900 1152 5939 t‘t
1185 5902 1289 5941 ιιι.

273 5769 314 5799 ⁸⁸
338 5771 482 5825 Psal.
508 5783 658 5833 cxtv,
693 5768 748 5821 8.

1874 644 1952 697 los
1985 658 2112 695 suos
2132 658 2158 693 a
2192 638 2467 707 lacrytnis,
2499 636 2659 703 pedes
2690 633 2920 700 denique
2949 645 3119 684 suosa
3150 629 3299 696 lapsu
3339 625 3438 691 δεμ

1872 752 1991 803 qum
2024 732 2231 799 singula
2262 729 2495 782 breviter
2524 726 2736 795 quidem
2768 734 2823 777 ut
2852 723 3085 790 reliquos
3104 721 3290 788 pSahni
3320 735 3446 772 ver-

1880 828 2102 889 siculos,
2148 823 2245 876 sed
2296 831 2419 889 apte.
2478 818 2769 887 explicarat
2824 814 3078 867 Basilius.
3116 812 3249 878 Quid
3281 814 3446 881 igitur

1870 931 2004 985 opus
2033 916 2133 966 fuit
2175 912 2341 964 multa
2371 907 2586 963 eﬂutire
2615 908 2679 960 ad
2712 904 3090 972 explicandum
3123 915 3336 955 versum
3391 900 3445 951 il-

1873 1009 2004 1072 lum,
2043 1005 2268 1058 l‘lucebo
2309 1003 2535 1056 Domino
2577 1000 2631 1053 in
2659 999 2863 1067 regione
2910 996 3143 1047 vivorum
3177 994 3241 1057 δ’,
3278 1007 3439 1061 quem

1872 1112 2059 1168 utpote
2085 1096 2509 1149 valetudinarius
2532 1103 2583 1145 et
2612 1090 2812 1161 alioqui
2852 1086 3173 1156 defatigatus
3198 1084 3441 1140 consulto

1870 1191 2172 1247 omiserat?
2224 1189 2357 1244 Nam
2421 1185 2837 1257 praetermissam
2886 1195 3005 1235 esse
3055 1180 3120 1233 de
3180 1177 3441 1231 industria

1872 1284 2305 1355 evplanationem
2332 1285 2623 1337 verborum
2666 1277 2899 1339 illorum,
2931 1270 3161 1325 Placebo
3193 1269 3437 1329 Domino.

1873 1391 2004 1441 ete,
2038 1377 2182 1432 haml
2219 1374 2379 1428 dubio
2426 1371 2627 1426 indicio
2664 1377 2748 1424 est
2774 1368 2903 1421 illud
2927 1407 2941 1430 ,
2975 1363 3112 1434 quod
3144 1376 3230 1425 ea,
3266 1372 3325 1414 ut
3353 1376 3440 1415 so-

1874 1472 2028 1534 level,
2060 1470 2201 1523 inter
2230 1465 2657 1521 concionandum
2690 1476 2795 1515 non
2828 1458 3088 1513 recitarit.
3117 1454 3317 1522 Quarta
3348 1454 3442 1507 de—

1876 1568 2036 1636 nique
2066 1563 2386 1632 suspicionis
2415 1573 2575 1615 causa
2604 1565 2708 1623 est,
2735 1553 2877 1624 quod
2902 1549 3197 1606 verisimile
3221 1565 3324 1603 non
3349 1546 3445 1601 l‘tat

1874 1658 2146 1712 hominem
2205 1655 2323 1725 puri
2379 1653 2643 1708 sermonis
2678 1646 3132 1704 studiosissimum
3166 1640 3445 1695 vocabulis

1875 1748 2182 1819 impropriis
2244 1758 2299 1800 et
2351 1749 2416 1799 ab
2475 1761 2570 1799 usu
2620 1740 2871 1811 loquendi
2942 1738 3189 1807 politiore
3244 1736 3445 1788 abhor-

1878 1842 2117 1895 rentibus
2147 1854 2304 1893 usum
2329 1854 2472 1892 esse.
2500 1838 2632 1903 Quis
2654 1834 2797 1891 enim
2850 1832 3007 1886 facile
3046 1830 3231 1885 credat
3278 1840 3440 1880 voca-

1803 1913 1842 1970 ”
1876 1936 2079 1997 bulum,
2107 1932 2374 2003 ἀποϐολή,
2405 1947 2433 1984 a
2462 1930 2662 1984 Basilio
2690 1926 2990 1982 adhibitum
3036 1939 3154 1977 esse
3187 1923 3251 1975 ad
3276 1917 3467 1987 εἰμί-ς

1879 2027 2145 2082 ficandum
2183 2024 2425 2079 dentium
2452 2034 2651 2082 ortum,
2690 2035 2811 2074 cum
2853 2028 3030 2072 tamen
3062 2031 3155 2084 per
3179 2028 3238 2067 se
3272 2010 3443 2081 signi-

1876 2120 1997 2173 ficet
2028 2118 2204 2187 potius
2236 2130 2421 2169 eorum
2462 2114 2641 2181 lapsus
2668 2121 2828 2177 atque
2864 2109 3129 2176 iacturam
3150 2105 3173 2159 ?
3196 2105 3469 2157 Arbitror-

1874 2211 2131 2264 Basilium
2157 2209 2258 2261 boc
2284 2208 2335 2259 in
2364 2206 2477 2259 loco
2496 2202 2730 2275 προὸολή
2748 2216 2849 2253 ηοιι
2869 2198 3103 2267 ἀποϐολή
3119 2196 3440 2263 scripturum

1876 2304 2061 2356 fuisse.
2118 2301 2254 2366 Quid
2312 2298 2453 2367 quod
2508 2297 2729 2351 verbum
2783 2295 2859 2345 ἕνι
2901 2293 3100 2359 saepius
3153 2290 3204 2341 in
3255 2287 3440 2340 eadem

1872 2394 2095 2464 periodo
2130 2392 2418 2459 repetitum
2459 2390 2705 2459 legimus,
2740 2386 2883 2456 quod
2924 2396 3099 2437 tamen
3134 2380 3352 2435 difﬁcile
3376 2378 3445 2431 sit

1878 2490 1928 2540 in
1959 2485 2140 2537 Basilii
2177 2484 2432 2551 operibus
2462 2499 2567 2535 non
2607 2481 2971 2534 controversis
3019 2476 3184 2532 semel
3229 2482 3321 2527 aut
3361 2473 3445 2525 bis

1877 2575 2153 2647 reperire?
2186 2574 2418 2626 Tantine
2450 2572 2683 2626 faciebat
2717 2571 3007 2623 Eusebium
3064 2567 3295 2620 Basilius
3319 2604 3333 2627 ,
3388 2573 3446 2615 ut

1876 2682 1997 2719 rum
2036 2673 2217 2736 posset
2256 2664 2369 2732 ipse
2401 2662 2467 2717 de
2516 2676 2613 2715 suo
2649 2661 2867 2714 meliora
2900 2658 3161 2728 proferre,
3194 2655 3445 2709 maluerit

1878 2768 2054 2810 tamen
2089 2756 2407 2810 Eusebianis
2428 2753 2540 2807 uti?
2570 2751 2684 2806 Non
2708 2751 2892 2805 dubito
2920 2749 3081 2819 igitur
3113 2747 3239 2813 quin
3270 2754 3440 2799 totum

1878 2849 2025 2910 illud,
2060 2850 2086 2900 ὁ
2114 2848 2315 2915 κόσμος
2344 2841 2495 2907 οὗτος
2525 2846 2685 2906 αὑτός
2718 2843 2774 2896 τὲ
2812 2844 2927 2893 ἐστι
2964 2839 3175 2911 Θνη-ιὸς,
3204 2850 3336 2903 etc.,
3376 2838 3443 2891 ad

1876 2939 2035 2991 finem
2066 2952 2255 3005 usque,
2288 2937 2528 2989 additum
2556 2935 2626 2987 sit
2658 2949 2686 2985 a
2717 2932 2955 2985 librariis
2985 2930 3079 2999 (ὁ),
3113 2931 3205 2999 qni
3242 2939 3299 2983 ut
3322 2945 3445 2982 ora-

1878 3030 2078 3083 tionem
2122 3028 2304 3081 Basilii
2360 3027 2531 3096 pluris
2577 3025 2888 3088 venderent,
2916 3038 3035 3078 eam
3078 3020 3441 3089 ampliandam

1877 3134 1998 3172 esse
2025 3125 2371 3171 censuerunt.
2407 3113 2697 3169 Timebant
2730 3114 2872 3167 enim
2904 3127 2992 3178 ne,
3040 3112 3084 3166 si
3129 3109 3442 3179 imperfecta

1878 3211 2148 3264 videretur
2171 3218 2223 3263 et
2247 3222 2453 3269 manca,
2489 3206 2712 3260 minoris
2739 3205 3098 3259 mstimaretur
3129 3202 3197 3255 ab
3229 3212 3439 3270 empto-

1800 3273 1839 3328 (ἶ
1878 3299 2046 3351 ribus.
2076 3298 2222 3351 Sane
2254 3314 2356 3351 non
2384 3312 2602 3365 parvam
2632 3295 2855 3364 gratiam
2874 3291 3111 3347 librariis
3138 3290 3439 3344 habendam

1876 3405 1997 3444 esse
2032 3397 2183 3458 puto,
2215 3389 2305 3457 qui
2336 3388 2609 3440 orationes
2626 3386 2831 3441 aliasin
2863 3385 2993 3439 alios
3023 3383 3278 3452 psalmos,
3309 3396 3442 3450 quo-

1878 3501 1993 3537 rum
2034 3497 2247 3551 quoque
2297 3496 2401 3536 non
2451 3478 2645 3548 singuli
2675 3492 2863 3532 versus
2893 3476 3250 3544 explicantur,
3283 3474 3439 3527 nobis

1874 3576 2102 3628 intactas
2127 3574 2463 3644 reliquerint.

1949 3666 2037 3721 59.
2075 3666 2214 3719 lnter
2238 3666 2472 3736 psalmos
2500 3679 2634 3735 quos
2677 3671 2769 3716 aut
2814 3661 3121 3731 explanavit
3168 3660 3397 3717 Basilius
3424 3702 3438 3727 ,

1876 3772 1967 3814 aut
1994 3760 2313 3828 explanasse
2343 3768 2578 3827 putatur,
2616 3758 2804 3811 ultimo
2833 3758 2951 3813 loco
2986 3757 3249 3826 reperitur
3274 3771 3440 3809 enar-

1877 3852 2014 3903 ratio
2048 3850 2288 3917 quzedam
2348 3849 2398 3898 in
2449 3848 2711 3915 psalmum
2764 3848 3116 3899 centesimum
3168 3846 3435 3898 decimum

1877 3942 2146 4008 quintum.
2184 3939 2288 3992 Sed
2322 3937 2625 4009 fragmenta
2655 3938 2833 3991 omnia
2868 3953 2985 4005 quae
3026 3952 3089 3991 ex
3130 3937 3232 3991 bac
3267 3938 3435 3991 inter-

1874 4032 2171 4099 pretatione
2208 4031 2257 4083 in
2292 4030 2534 4085 Corderii
2584 4042 2773 4085 catena
2816 4032 3068 4096 citantur,
3101 4046 3254 4100 teque
3284 4046 3345 4085 ac
3387 4032 3437 4083 in

1876 4122 2142 4190 superiori
2172 4122 2399 4190 psalmo,
2427 4123 2657 4177 diversis
2683 4124 3059 4191 scriptoribus,
3100 4139 3204 4175 non
3238 4122 3439 4176 Basilio

1877 4215 2212 4268 tribuuntur.
2248 4215 2333 4277 lit,
2386 4224 2443 4266 ut
2484 4230 2667 4266 verum
2718 4215 2908 4277 fatear,
2963 4214 3185 4267 inclinat
3225 4213 3439 4267 animus

1878 4315 1935 4358 ut
1975 4306 2113 4359 hanc
2144 4304 2546 4357 enarrationem
2592 4306 2642 4356 in
2676 4305 2875 4371 spuriis
2918 4313 3079 4374 atque
3123 4307 3441 4361 adulterinis

1874 4410 2090 4463 ponam.
2129 4394 2284 4458 Nam,
2336 4404 2393 4447 ut
2444 4394 2660 4447 interim
2692 4397 2757 4447 de
2790 4396 3003 4450 caeteris
3045 4406 3274 4460 taceam,
3314 4398 3441 4465 quid

1875 4486 1975 4537 sibi
2020 4485 2132 4536 vult
2164 4486 2329 4538 illud:
2370 4486 2508 4536 Ἀλλ’
2539 4484 2645 4537 εἴθε
2690 4487 2856 4557 κάμοὶ
2911 4489 3116 4555 γένοιτο
3157 4487 3442 4541 πιστεῦσαι

1877 4575 2061 4638 ἀξίως,
2096 4577 2410 4645 ἔναλαλήσω
2447 4576 2538 4627 νῦν
2577 4581 2640 4649 τῇ
2686 4578 3085 4648 Ἐκκλησίᾳτοῦ
3105 4579 3237 4631 Θεοῦ
3260 4582 3326 4651 τῇ
3358 4598 3444 4650 με·

1877 4667 2017 4739 γάλῃ
2051 4667 2221 4739 ταύτῃ
2250 4667 2407 4719 πέντε
2441 4668 2632 4736 λόγους
2668 4671 2723 4722 ὲν
2764 4671 2837 4740 τῷ
2870 4671 2949 4720 νοΐ
2980 4687 3103 4739 μου,
3135 4697 3150 4721 ι
3191 4672 3293 4724 Sed
3336 4671 3441 4723 titi-

1881 4777 2004 4813 nam
2045 4773 2097 4814 et
2130 4761 2260 4813 mihi
2298 4762 2579 4832 contingat
2613 4766 2770 4834 digne
2799 4764 3044 4827 credere,
3082 4775 3139 4817 ut
3168 4778 3307 4816 nunc
3330 4778 3445 4815 rna-

1880 4865 1999 4919 gua:
2029 4850 2152 4903 huic
2182 4848 2274 4904 Dei
2305 4850 2564 4906 Ecclesiae
2592 4854 2755 4907 verba
2797 4854 3037 4923 quinque
3074 4856 3123 4906 in
3145 4868 3302 4907 sensu
3325 4868 3445 4908 meo

1879 4943 2072 4997 dicam.
2101 4960 2119 4991 ι
2139 4941 2297 4997 Certe
2317 4960 2419 4997 non
2442 4945 2710 4997 immerito
2740 4945 2979 4999 additum
3000 4954 3080 4997 est
3108 4960 3134 4995 a
3162 4945 3443 5013 scriptore,

1883 5037 1974 5086 καὶ
2003 5034 2188 5103 μηδεὶς
2213 5036 2660 5105 καταχλευαζέτω
2675 5038 2764 5088 τὸν
2782 5038 2954 5104 λόγον,
2990 5056 3005 5087 ι
3034 5035 3141 5091 Nec
3165 5040 3444 5105 quisquam

1882 5130 2024 5181 hunc
2054 5128 2275 5182 irrideat
2311 5145 2635 5183 sermonem.
2688 5149 2705 5180 ι
2738 5130 2873 5195 Quid
2899 5130 3041 5183 enim
3090 5140 3214 5182 tunc
3244 5128 3445 5182 factum

1882 5220 1971 5280 sit,
2009 5221 2192 5273 nescio
2223 5220 2464 5289 quidem,
2492 5222 2585 5274 sed
2614 5220 2779 5289 probe
2820 5222 2934 5274 scio
2970 5222 3243 5274 hominum
3278 5234 3447 5287 genus

1881 5324 2023 5362 nunc
2055 5309 2128 5362 ita
2156 5322 2526 5378 comparatum
2562 5325 2706 5373 esse,
2740 5321 2834 5374 ιιι,
2871 5314 2913 5365 si
2969 5311 3091 5379 quis
3135 5311 3295 5365 hodie
3343 5312 3446 5363 hoc

1882 5403 2019 5455 idem
2054 5404 2191 5457 inter
2216 5406 2647 5457 concinnandam
2690 5405 2916 5467 diceret,
2951 5406 3092 5458 risus
3135 5420 3237 5457 non
3263 5404 3450 5471 paucis

1879 5495 2292 5561 exprimeretur.
2334 5497 2488 5551 Dicas
2521 5506 2820 5561 auctorem,
2866 5497 3175 5564 quicunque
3210 5496 3294 5548 ille
3322 5494 3447 5558 fuit,

1882 5586 2114 5639 vaticino
2136 5589 2364 5655 quodam
2394 5589 2573 5640 furore
2596 5590 3300 5651 concitatumexclamasse,
3335 5587 3448 5639 ἀλλ’

1933 5883 2004 5953 (ὁ)
2030 5884 2168 5953 Lege
2198 5883 2340 5938 hom.
2373 5886 2424 5939 in
2452 5886 2709 5953 psalmum
2742 5898 2851 5953 t,ct
2873 5888 2925 5942 in
2954 5904 3005 5956 p.
3040 5903 3186 5957 ttps.
3221 5903 3324 5941 xiv.
