4212 6508
744 446 861 485 CCIV

2094 430 2625 489 PBOLEGOMENA.

742 548 856 602 stes
884 550 1071 619 κάμοί,
1102 562 1205 605 etc.
1237 552 1339 605 Sed
1381 568 1544 621 quant
1572 555 1807 609 alienum
1844 554 1918 610 sit
1949 555 2216 625 turgidum
2246 554 2307 608 il-
2334 556 2381 611 Α
2405 562 2490 608 est
2514 551 2767 607 Basilium
2809 554 2918 608 duo
2946 554 3061 608 haec
3100 554 3393 624 fragmenta
3430 555 3498 609 ab
3524 555 3753 612 Eusebio
3801 564 3977 614 muta—

746 640 835 695 lud
860 641 1111 710 loquendi
1145 657 1313 712 genus
1342 660 1372 698 a
1399 646 1581 700 Basilii
1602 647 1867 710 moribus,
1894 660 2072 711 nemo,
2105 648 2194 715 qui
2224 647 2304 700 vel

744 730 1068 799 primoribus
1096 732 1256 788 labris
1297 736 1592 791 naturalem
1629 736 1772 791 illam
1806 736 2085 791 Basilianaa
2117 736 2304 791 facun-

748 823 849 874 diae
869 821 1317 891 pulchritudinem
1353 830 1671 895 gustaverit,
1707 830 1937 898 ignorat.
1971 828 2082 884 Nec
2110 830 2303 884 desunt

748 914 852 967 alia
884 915 934 968 in
961 915 1063 971 hac
1099 920 1363 985 oratione,
1390 935 1508 989 quae
1532 921 1768 988 phrasim
1797 920 1980 975 Basilii
2026 931 2082 975 et
2106 921 2304 992 stylum

746 1006 922 1058 minus
956 1008 1189 1078 sapiant.
1226 1008 1535 1078 Cujusmodi
1573 1020 1696 1066 sunt
1727 1012 1851 1068 illa:
1887 1013 1951 1065 Τί
1978 1014 2307 1081 ἀναγκαστι-

745 1092 1073 1168 subrepam...
1105 1101 1225 1154 οὐδὲ
1255 1101 1633 1174 ζυγομαχῆσαι
1659 1104 1720 1157 τὸ
1741 1105 1793 1156 τί
1828 1105 1965 1162 ἐστι,
1991 1105 2169 1160 Videri
2188 1106 2307 1173 qni-

745 1190 864 1243 dem
893 1201 1118 1257 possunt
1155 1193 1267 1245 hzec
1308 1193 1506 1247 leviora
1546 1213 1558 1247 :
1605 1196 1696 1248 sed
1728 1195 1916 1261 multo,
1941 1195 2153 1263 opinor,
2185 1210 2308 1264 gra-

744 1282 861 1335 vius
890 1292 973 1335 est
996 1282 1121 1336 illud
1157 1301 1170 1336 :
1209 1284 1484 1347 Τουτὲστι,
1512 1284 1679 1354 διψῶν
1695 1286 1786 1338 ἐπὶ
1810 1286 1907 1356 τὴν
1936 1285 2023 1337 διὰ
2044 1283 2138 1337 τοῦ
2165 1301 2306 1356 μαρ-

744 1373 930 1444 τυρίου
958 1374 1232 1427 τελείωσιν
1262 1376 1510 1446 ἔρχομαι,
1546 1396 1564 1427 ι
1610 1378 1710 1430 hoc
1736 1387 1839 1442 est,
1863 1377 2051 1431 sitiens
2077 1378 2141 1430 ad
2168 1392 2307 1429 mar-

747 1467 870 1535 tyrii
894 1470 1413 1523 consummationem
1441 1470 1731 1523 contendo.
1762 1488 1780 1521 ι
1804 1469 1936 1524 Cum
1965 1469 2107 1523 enim
2128 1468 2309 1523 multis

750 1560 880 1615 locis
913 1560 1123 1615 locutus
1168 1562 1238 1615 sit
1268 1560 1494 1617 Basilius
1529 1562 1594 1616 de
1636 1562 1835 1617 Christi
1875 1562 2084 1617 Domini
2116 1570 2307 1628 morte,

750 1666 872 1704 eum
902 1660 1078 1705 tamen
1132 1666 1362 1720 unquam
1400 1665 1532 1705 voce
1570 1653 1815 1727 martyrii
1865 1667 2016 1705 usum
2049 1665 2169 1705 esse
2199 1666 2306 1706 non

750 1740 1001 1796 arbitror.
1028 1739 1210 1810 Neque
1236 1756 1363 1796 vero
1401 1741 1868 1805 dissimulandum,
1892 1742 2040 1795 illum
2059 1741 2308 1810 loquendi

750 1834 989 1895 modum,
1020 1833 1077 1884 ἐν
1114 1829 1191 1900 τῷ
1220 1832 1445 1885 κατόπιν
1476 1830 1694 1902 ψαλμῷ,
1729 1833 1816 1899 qui
1861 1832 1914 1886 iu
1943 1832 2045 1886 hac
2068 1833 2309 1887 oratione

2414 653 2525 698 turn
2554 659 2715 699 esse:
2753 646 2846 699 sed
2880 660 2986 699 non
3044 646 3117 700 ita
3168 646 3481 701 incredibile
3528 658 3610 702 est
3654 649 3826 719 ipsum
3872 651 3974 705 alia

2412 738 2658 806 quaedam
2695 738 2807 791 loca
2830 736 3133 791 Eusebiana
3167 738 3279 793 suis
3309 739 3656 795 annexuisse.
3694 739 3798 795 Sed
3824 740 3869 794 si
3901 742 3975 796 ita

2412 842 2510 895 est,
2552 830 2675 884 inde
2717 830 3023 884 necessario
3062 830 3327 899 sequitur,
3388 841 3443 886 ut
3490 832 3792 887 Eusebiana
3826 832 3978 889 Basi-

2412 925 2573 979 lianis
2598 938 2704 979 non
2739 938 3010 992 nunquam
3045 924 3374 977 attexuerint
3422 924 3650 978 librarii.
3694 924 3894 979 Verum
3932 926 3979 980 si

2413 1016 2578 1072 semel
2608 1018 2809 1071 librarii
2853 1018 3326 1086 deprehendantur
3358 1017 3412 1072 in
3444 1018 3629 1089 culpa,
3656 1035 3841 1089 quaero
3869 1021 3977 1087 iam

2414 1125 2510 1163 cur
2535 1110 2777 1164 omnium
2815 1110 2889 1163 rei
2918 1107 3038 1177 jure
3074 1123 3103 1162 a
3140 1109 3295 1163 nobis
3338 1109 3443 1164 dici
3472 1125 3576 1164 non
3607 1110 3838 1179 possint.
3866 1109 3980 1165 llac

2412 1214 2513 1270 ego
2545 1201 2751 1255 ratione
2775 1200 3038 1254 adductus
3065 1200 3318 1269 superius
3351 1199 3486 1264 dixi,
3507 1200 3708 1256 habere
3755 1217 3841 1257 me
3880 1217 3979 1273 pro

2414 1292 2783 1347 additamenta
2813 1291 3155 1346 librariorum
3188 1292 3447 1362 quidquid
3482 1307 3547 1347 ex
3581 1294 3798 1349 Eusebii
3829 1309 3979 1349 com-

2415 1382 2696 1437 mentariis
2724 1382 2775 1435 in
2800 1380 2979 1436 Basilii
3014 1384 3285 1437 orationes
3315 1385 3382 1437 ad
3409 1383 3627 1439 verbum
3656 1386 3975 1440 translatum

2416 1482 2519 1529 est.
2554 1472 2681 1539 Sed,
2708 1482 2767 1526 ut
2789 1474 3020 1544 quisque
3054 1474 3242 1529 melius
3272 1488 3336 1529 ea
3364 1474 3429 1530 de
3461 1490 3518 1530 re
3544 1476 3768 1545 judicet,
3815 1477 3976 1531 velim

2414 1566 2557 1635 legat
2590 1566 2802 1620 assidue
2854 1566 3088 1635 genuina
3136 1580 3299 1634 opera
3328 1566 3545 1631 Basilii;
3576 1566 3715 1637 legat
3746 1584 3980 1637 prmer-

2417 1662 2508 1715 tim
2559 1660 2847 1729 praeclaras
2878 1659 2995 1714 illas
3032 1660 3330 1727 orationes,
3356 1662 3411 1715 in
3464 1661 3658 1729 quibus
3698 1660 3977 1730 quodlibet

2415 1761 2787 1822 argumentum
2816 1760 2919 1805 tam
2945 1749 3159 1820 cepiose
3189 1760 3405 1821 tamque
3434 1750 3588 1806 facile
3606 1760 3822 1818 tractat,
3855 1765 3976 1810 eum

2417 1852 2475 1897 ut
2510 1852 2717 1911 tempus
2752 1841 3010 1896 defecisse
3030 1840 3298 1905 videatur,
3317 1855 3421 1896 non
3447 1839 3695 1910 loquendi
3726 1842 3977 1896 materia.

751 1923 1024 1978 adhibitus
1057 1936 1160 1989 est,
1190 1923 1387 1978 Basilio
1405 1938 1663 1993 perquam
1682 1924 2001 1979 familiarem
2030 1940 2183 1993 esse;
2214 1930 2310 1981 sed
2338 1910 2386 1970 Β
2412 1910 2656 2002 Legatis
2686 1930 2876 2000 primis
2909 1928 3206 1983 orationem
3237 1943 3380 1993 eam,
3417 1943 3536 1999 qua:
3569 1929 3711 1983 inter
3735 1930 3981 1985 diversas

749 2016 875 2068 inde
901 2030 1005 2069 non
1042 2018 1306 2085 sequitur,
1358 2025 1414 2069 ut
1454 2014 1684 2070 Basilius
1715 2016 1873 2085 hujus
1914 2017 2313 2086 explanationis

748 2123 947 2175 parens
974 2108 1075 2173 sit;
1116 2110 1208 2163 sed
1253 2110 1391 2162 alter
1436 2092 1637 2177 quivis,
1681 2110 1772 2179 qui
1804 2124 1927 2163 eum
1975 2111 2170 2164 imitari
2198 2120 2312 2166 stu-

748 2200 943 2253 duerit.
976 2201 1238 2253 ueterum
1272 2215 1391 2253 cum
1434 2213 1704 2269 quoquam
1739 2201 2065 2270 pertinacius
2094 2211 2314 2259 conten-

749 2293 876 2345 dere
901 2290 1042 2344 nolo.
1094 2290 1270 2357 Quare
1317 2291 1360 2345 si
1396 2291 1517 2360 quis
1568 2292 1706 2345 hanc
1752 2293 2051 2347 orationem
2111 2292 2313 2350 Basilio

755 2382 989 2435 tribuere
1018 2379 1277 2443 voluerit,
1314 2395 1410 2449 per
1442 2395 1526 2433 me
1559 2380 1705 2434 licet.
1742 2379 1917 2435 Unum
1944 2381 1996 2435 id
2029 2382 2191 2435 etiam
2232 2392 2310 2436 at-

750 2486 856 2541 que
884 2473 1050 2526 etiam
1076 2488 1223 2541 rogo,
1255 2483 1312 2526 ut
1348 2472 1478 2526 mihi
1522 2487 1754 2541 quoque,
1797 2473 1927 2542 quid
1966 2474 2194 2528 sentiam
2230 2475 2314 2528 di-

753 2576 879 2616 cere
906 2561 1086 2617 liceat.
1122 2560 1187 2614 Et
1210 2562 1464 2629 quoniam
1498 2562 1675 2631 magni
1711 2561 1939 2616 interest
1979 2576 2142 2617 nosse
2183 2562 2313 2632 quid

752 2650 1096 2706 tribuendum
1128 2651 1198 2705 sit
1243 2651 1449 2706 sanctis
1486 2650 1756 2714 Patribus,
1793 2663 1888 2705 aut
1934 2667 2038 2705 non
2073 2652 2315 2706 tribuen-

752 2743 877 2795 dum
899 2781 914 2806 ,
944 2742 1248 2795 summatim
1295 2742 1652 2811 perstringam
1678 2757 1797 2811 qua:
1825 2742 1957 2796 dixi.
1989 2739 2160 2795 Velim
2207 2741 2311 2808 igi-

755 2840 845 2885 tur
869 2847 934 2885 ex
962 2847 1059 2886 suo
1105 2831 1338 2901 quisque
1365 2833 1548 2887 animo
1581 2833 1819 2888 animum
1861 2833 2050 2887 Basilii
2083 2842 2309 2901 spectet.

752 2922 946 2990 Nemo,
971 2924 1182 2993 opinor,
1206 2924 1417 2979 futurus
1438 2934 1540 2990 est,
1570 2926 1661 2995 qui
1690 2925 1920 2980 libenter
1949 2925 2080 2981 velit
2108 2924 2315 2993 plagia-

751 3017 866 3071 rius
909 3016 1127 3082 audire,
1159 3017 1394 3071 maxime
1440 3019 1484 3071 si
1521 3018 1594 3072 ita
1630 3018 1700 3072 sit
1742 3016 2040 3083 facundus,
2072 3027 2131 3071 ut
2169 3017 2313 3071 nullo

758 3109 970 3178 negotio
999 3110 1050 3162 id
1082 3109 1363 3163 dedecoris
1400 3109 1573 3165 vitare
1597 3110 1788 3178 possit.
1817 3108 1987 3175 Quam
2019 3119 2197 3163 autem
2228 3107 2310 3162 fa-

750 3200 853 3255 cile
869 3200 1032 3255 fuerit
1051 3201 1250 3255 homini
1269 3201 1642 3271 c0piosissimo
1661 3200 1858 3256 Basilio
1876 3201 2103 3270 alicujus
2123 3202 2310 3271 psalmi

752 3290 1048 3347 versiculos
1075 3291 1194 3346 sine
1221 3305 1322 3359 ope
1349 3292 1521 3345 aliena
1559 3291 1850 3360 explicare,
1898 3294 2021 3348 inde
2046 3305 2195 3349 certo
2222 3308 2314 3348 co-

756 3382 1033 3450 gnoscitur
1053 3384 1194 3452 quod
1225 3386 1305 3437 vel
1338 3385 1526 3439 unicus
1546 3384 1733 3454 psalmi
1767 3384 1959 3440 decimi
1983 3387 2161 3455 quarti
2196 3403 2314 3440 ver-

756 3474 961 3529 siculus
998 3477 1352 3529 concionandi
1393 3476 1779 3545 amplissimam
1823 3479 2103 3532 materiam
2151 3480 2200 3534 ei
2228 3480 2314 3533 de-

758 3566 919 3621 derit.
944 3563 1056 3620 los
1079 3575 1162 3621 est
1198 3567 1580 3621 indisertorum
1610 3567 1843 3623 disertos
1870 3567 2193 3638 compilare;
2220 3570 2313 3623 sed

759 3659 949 3712 diserti
1003 3659 1293 3713 indisertos
1324 3659 1516 3728 opibus
1559 3659 1793 3726 spoliare
1848 3675 1950 3713 non
2002 3670 2217 3715 norunt.
2250 3661 2316 3714 Et

759 3751 976 3818 quidem
1007 3762 1186 3804 nostra
1217 3760 1375 3807 aztate
1420 3750 1663 3805 videmus
1709 3751 1943 3819 optimos
1967 3751 2315 3805 concionato-

761 3856 850 3895 res
881 3841 1277 3896 abiufacundis
1327 3843 1647 3909 quihusdam
1697 3843 1936 3910 quotidie
1993 3842 2312 3911 compilari;

759 3936 854 3985 sed
888 3933 1119 3984 nondum
1149 3931 1391 3997 contigit,
1421 3932 1559 3999 quod
1588 3930 1780 3996 sciam,
1807 3940 1863 3982 ut
1890 3930 2075 3998 Optimi
2102 3931 2316 3985 concio-

762 4035 978 4078 uatores
1029 4024 1373 4091 compilarint
1434 4022 1770 4077 infacundos.
1835 4021 2025 4075 Fateor
2071 4023 2188 4077 ﬁeri
2218 4038 2314 4091 po-

763 4115 948 4177 tuisse,
976 4128 1032 4169 ut
1059 4115 1313 4182 Basilius,
1357 4115 1681 4183 eptimorum
1716 4125 1989 4169 oratorum
2031 4117 2312 4185 exemplo,

760 4217 853 4261 aut
878 4206 1164 4262 Eusebium
1205 4219 1297 4262 aut
1338 4208 1501 4261 alium
1542 4208 1786 4277 quemvis
1829 4208 2149 4276 scriptorem
2177 4210 2317 4263 anti-

759 4299 1001 4367 quiorem
1052 4298 1293 4353 imitatus
1338 4299 1428 4364 sit,
1475 4299 1542 4352 ab
1572 4299 1757 4367 eisque
1780 4299 1987 4365 aliquas
2022 4301 2317 4353 sententias

761 4389 1023 4454 hauserit,
1054 4403 1188 4457 quas
1219 4391 1428 4442 ornarit
1461 4403 1558 4442 suo
1594 4390 1778 4443 modo:
1809 4390 1899 4444 sed
1928 4388 2179 4443 Basilium
2208 4398 2315 4443 tam

762 4480 925 4533 mtdta
970 4481 1036 4533 ad
1078 4480 1298 4534 verbum
1345 4482 1410 4533 ab
1452 4479 1684 4535 Eusebio
1728 4483 2019 4550 sumpsisse
2044 4496 2317 4550 nunquam

766 4570 894 4622 mihi
930 4570 1289 4637 persuadebo.
1316 4570 1445 4636 Quis
1482 4572 1625 4626 enim
1658 4570 1813 4625 facile
1842 4571 2136 4626 crediderit
2162 4570 2317 4626 Basi-
2350 4600 2396 4655 ι)

765 4661 915 4725 lium,
949 4662 1218 4715 hominem
1253 4662 1502 4717 videlicet
1549 4663 1638 4731 qui
1677 4671 1783 4715 tam
1809 4663 2045 4731 copiose,
2079 4672 2186 4717 tam
2222 4664 2318 4718 do-

763 4760 867 4814 cte,
891 4758 998 4802 tam
1024 4749 1305 4818 eleganter
1330 4751 1394 4805 de
1424 4749 1629 4820 Spiritu
1659 4760 1846 4805 sancto
1877 4752 1931 4806 in
1956 4753 2081 4807 totis
2110 4751 2318 4807 duobus

764 4842 918 4895 libris
950 4840 1202 4895 disseruit
1228 4842 1321 4910 (a),
1355 4844 1526 4909 ipsum
1561 4852 1740 4896 tamen
1764 4881 1779 4907 ,
1816 4858 1936 4897 cum
1982 4843 2315 4899 divinitatem

763 4934 1000 5002 Spiritus
1030 4934 1199 4987 sancti
1242 4933 1344 4987 sibi
1399 4933 1771 4988 declarandam
1833 4946 2189 5002 proponeret,
2250 4938 2315 4991 ad

762 5024 979 5078 Eusebii
1032 5027 1447 5080 commentarios
1481 5026 1807 5096 confugisse,
1858 5041 1922 5079 ex
1983 5026 2165 5094 eisque
2195 5042 2316 5095 per—

758 5117 931 5170 mulla
957 5118 1024 5170 ad
1056 5117 1275 5170 verbum
1305 5119 1668 5187 surripuisse;
1699 5118 1857 5183 idque
1896 5120 1948 5172 in
1983 5132 2039 5172 re
2061 5133 2317 5189 perquam

761 5204 929 5268 facili,
964 5206 1066 5260 hoc
1093 5217 1200 5270 est,
1236 5208 1287 5260 in
1321 5209 1637 5275 explicando
1670 5209 1935 5262 versiculo
1950 5216 2102 5263 sexto
2126 5208 2318 5278 psalmi

760 5297 983 5349 secundi
1012 5307 1065 5350 et
1097 5299 1377 5354 tricesimi.
1402 5298 1467 5352 Et
1490 5300 1601 5355 haec
1619 5315 1831 5370 quoque
1850 5301 2035 5367 verba,
2065 5302 2093 5353 ὁ
2118 5301 2320 5371 κόσμος

763 5377 940 5449 οὗτος.
976 5397 1105 5451 ctc.,
1132 5404 1251 5457 qua
1280 5390 1529 5459 leguntur
1574 5392 1623 5444 in
1654 5393 2094 5462 interpretatione
2124 5394 2317 5462 psalnti

768 5476 1047 5530 centesimi
1080 5480 1267 5531 decimi
1293 5481 1492 5548 quarti,
1527 5490 1632 5535 tant
1661 5494 1840 5551 aperte
1866 5482 2202 5536 librariorum
2227 5482 2320 5535 ad-

763 5568 1120 5622 ditamentum
1150 5570 1316 5631 olent,
1354 5580 1410 5624 ut
1442 5573 1581 5625 eain
1616 5588 1672 5627 re
1721 5574 1985 5631 neminem
2020 5572 2129 5627 falli
2162 5586 2317 5642 posse

766 5656 1112 5716 arbitremur.
1140 5661 1208 5713 At
1234 5660 1371 5715 dicet
1398 5663 1588 5730 aliquis
1618 5684 1629 5717 :
1668 5664 1933 5722 Credibile
1972 5664 2186 5733 quidem
2212 5676 2313 5719 non

836 5858 909 5928 (η)
932 5859 1066 5931 Lege
1098 5879 1238 5917 ttuut.
1272 5864 1354 5917 δέ.

2413 2023 2621 2078 decima
2658 2029 2852 2090 quarta
2880 2028 2986 2086 est,
3021 2033 3182 2089 quam
3214 2019 3259 2074 si
3298 2034 3403 2074 non
3431 2020 3753 2089 imparatus,
3784 2028 3842 2074 at
3873 2037 3978 2076 non

2412 2112 2487 2167 ita
2521 2111 2747 2165 multum
2773 2115 2991 2179 paratus
3018 2111 3083 2163 ad
3112 2110 3363 2179 populum
3398 2110 3583 2164 habuit
3608 2128 3622 2165 :
3647 2125 3768 2179 qua:
3798 2118 3979 2165 tamen

2412 2202 2716 2268 Libanium,
2756 2201 2848 2271 qui
2878 2212 2933 2257 et
2977 2201 3093 2272 ipse
3121 2211 3241 2257 erat
3277 2202 3487 2257 dicendi
3533 2203 3765 2273 optimus
3806 2203 3983 2271 magi-

2412 2306 2547 2362 ster,
2576 2303 2782 2348 tantum
2812 2295 2868 2348 in
2894 2294 3304 2348 admirationem
3330 2293 3525 2361 rapuit,
3564 2302 3622 2347 ut
3652 2307 3771 2348 eam
3809 2308 3839 2346 a
3875 2292 3980 2348 Ba-

2413 2385 2533 2442 silio
2555 2386 2795 2439 muneris
2827 2386 3013 2441 eximii
3054 2385 3176 2441 loco
3197 2384 3524 2455 poposcerit.
3576 2383 3744 2453 Legat
3774 2385 3981 2439 oratio-

2412 2491 2534 2533 nem
2566 2476 2874 2532 vicesimam
2925 2477 3161 2541 tertiam,
3209 2476 3294 2531 cui
3346 2475 3505 2531 linem
3552 2476 3826 2545 imponere
3855 2491 3979 2530 cum

2413 2566 2697 2637 cogitaret,
2738 2567 2914 2621 subito
2943 2577 3000 2621 et
3034 2576 3231 2637 praeter
3260 2568 3717 2637 exspectationem
3744 2566 3813 2622 de
3844 2581 3982 2636 quo-

2414 2662 2534 2713 dam
2559 2658 2811 2714 incendio
2837 2658 3161 2722 admonitus,
3206 2669 3314 2712 tam
3349 2659 3590 2728 apposite
3616 2666 3837 2729 tamque
3863 2658 3979 2713 elc~

2413 2759 2604 2818 ganter
2626 2764 2689 2804 ea
2715 2750 2781 2804 de
2802 2750 3112 2804 calamitate
3142 2750 3355 2806 locutus
3394 2758 3497 2818 est,
3529 2758 3589 2804 ut
3616 2750 3754 2803 alter
3797 2749 3981 2819 quivis

2414 2839 2497 2894 vel
2533 2840 2913 2909 paratissimus
2939 2841 3163 2894 meliora
3205 2841 3386 2895 dicere
3422 2855 3529 2895 non
3564 2842 3842 2910 potuisset.
3882 2839 3979 2899 Et.

2414 2932 2557 3001 quod
2604 2933 2775 3000 magis
2808 2934 2876 2986 ad
2925 2946 3039 2986 rem
3096 2932 3349 3001 pertinet,
3402 2930 3543 3000 legat
3585 2931 3884 2986 orationem
3924 2930 3979 2982 in

2414 3020 2676 3091 psalmum
2721 3021 2985 3075 decimum
3013 3030 3289 3088 quartum,
3334 3020 3788 3088 elegantissimam
3828 3018 3977 3072 illam

2414 3112 2627 3179 quidem
2653 3119 2706 3165 et
2737 3112 2897 3165 rebus
2918 3125 2983 3165 ac
3009 3110 3187 3164 verbis
3229 3108 3666 3174 refertissimam;
3699 3118 3755 3163 et
3792 3118 3977 3162 tamen

2414 3200 2532 3269 ejus
2559 3199 2750 3268 psalmi
2786 3199 2891 3253 duo
2932 3208 3024 3252 aut
3052 3198 3154 3251 tria
3202 3199 3362 3253 verba
3411 3207 3611 3253 tantam
3636 3197 3848 3252 dicendi
3879 3211 3976 3250 co-

2416 3293 2559 3362 piam
2600 3289 2799 3345 Basilio
2848 3288 3343 3346 subministravere.
3400 3289 3525 3345 Haec
3561 3288 3654 3358 qui
3706 3288 3867 3360 paulo
3895 3297 3981 3342 at-

2419 3384 2620 3439 tentius
2666 3380 3116 3445 consideraverit,
3169 3379 3361 3435 melius
3383 3416 3400 3445 ,
3446 3380 3660 3448 opinor,
3685 3379 3752 3434 de
3778 3376 3981 3433 Basilio

2416 3472 2771 3537 existimabit,
2807 3486 2968 3537 quam
2998 3479 3057 3525 ut
3084 3478 3236 3540 putet
3266 3480 3470 3525 tantum
3496 3486 3560 3527 ac
3588 3470 3745 3528 talem
3778 3470 3980 3532 virum,

2419 3562 2521 3617 nisi
2575 3560 2862 3615 Eusebium
2893 3560 3253 3629 contpilasset,
3295 3574 3491 3628 paucos
3535 3561 3793 3627 quosdam
3839 3558 3985 3628 psal-

2421 3669 2631 3709 morum
2659 3651 2952 3708 versiculos
2981 3650 3267 3720 explanare
3288 3664 3393 3704 non
3418 3650 3672 3719 potuisse.

2421 3768 2448 3841 §
2481 3766 2589 3822 Vll.
2625 3766 2806 3820 Pauca
2837 3765 3099 3834 quwdam,
3124 3778 3239 3831 quae
3272 3762 3441 3816 notari
3468 3763 3648 3818 debent
3676 3763 3733 3816 in
3762 3760 3984 3815 ocularis

2979 3849 3017 3897 ι,
3047 3848 3118 3886 vn
3153 3843 3199 3885 et
3230 3846 3419 3887 xxvttt.

2493 3930 2581 3985 40.
2614 3930 2914 3995 Antequam
2960 3926 3026 3978 ad
3059 3924 3161 3975 alia
3200 3932 3556 3987 transeamus,
3595 3918 3737 3975 haud
3785 3918 3983 3973 inutile

2423 4037 2543 4077 esse
2592 4020 2954 4090 judicavimus
3010 4014 3264 4069 nonnulla
3317 4013 3404 4067 hic
3456 4014 3734 4067 adnotare.
3782 4009 3979 4071 Nemo.

2422 4113 2566 4185 quod
2609 4111 2800 4174 sciam,
2842 4107 3067 4173 dubitat,
3116 4119 3214 4160 nec
3259 4103 3487 4158 dubitari
3522 4114 3680 4173 posse
3707 4099 3981 4163 arbitror,

2424 4206 2551 4274 quin
2589 4202 2763 4257 oratio
2806 4213 2868 4253 ea
2896 4212 3016 4267 qua:
3047 4197 3185 4249 inter
3221 4192 3402 4247 Basilii
3436 4207 3598 4263 opera
3629 4193 3898 4262 reperitur
3928 4193 3981 4245 in

2427 4296 2688 4365 psalmum
2726 4292 2977 4361 primum,
3015 4285 3192 4340 Basilii
3223 4299 3350 4339 vere
3388 4284 3477 4340 sit.
3510 4282 3577 4336 Et
3607 4292 3783 4336 tamen
3813 4282 3979 4336 verba

2424 4383 2737 4450 Πιονπάντα
2763 4380 2948 4449 ὥσπερ
2981 4380 3036 4431 ἐν
3074 4375 3291 4447 μεγάλῳ
3321 4375 3427 4429 τινὶ
3460 4375 3550 4429 καὶ
3581 4372 3744 4444 κοινῷ
3771 4373 3983 4445 ταμείῳ

2421 4480 2487 4548 τῇ
2518 4475 2682 4547 βίϐλῳ
2702 4472 2808 4525 τῶν
2834 4469 3078 4540 Ψαλμῶν
3114 4466 3551 4538 τεθησαύρισται,
3579 4482 3696 4537 quae
3720 4467 3772 4520 in
3796 4467 3982 4521 Basilii

2425 4565 2687 4635 prommio
2753 4561 3035 4631 leguntur,
3083 4558 3223 4611 edita
3282 4572 3493 4628 quoque
3547 4558 3601 4611 in
3660 4556 3874 4611 Eusebii
3926 4558 3980 4608 in

2426 4657 2669 4711 Psalmoa
2713 4653 2935 4723 prologo
2982 4651 3303 4704 invenimus.
3354 4649 3704 4704 Fluxerintne
3755 4648 3874 4704 lucc
3912 4664 3982 4703 ex

2423 4747 2739 4805 Eusebianis
2785 4745 2838 4798 in
2877 4742 3167 4807 Basiliana,
3201 4756 3267 4795 an
3316 4755 3345 4794 e
3384 4740 3669 4795 Basilianis
3707 4740 3759 4795 in
3805 4740 3980 4796 Euse-

2427 4839 2608 4901 biana,
2640 4835 2806 4904 quaeri
2844 4840 3039 4902 potest.
3072 4830 3199 4895 Sed,
3231 4838 3487 4899 quantum
3540 4828 3849 4898 conjectura
3880 4843 3982 4885 an-

2421 4945 2619 5002 guror,
2674 4942 2705 4982 e
2760 4925 2942 4979 Basilii
3010 4924 3255 4976 oratione
3311 4922 3362 4975 in
3419 4918 3635 4975 Eusebii
3693 4919 3978 4991 prologum

2426 5024 2707 5079 transiere.
2743 5020 2953 5074 Etenim
3004 5018 3166 5072 verba
3220 5014 3309 5069 illa
3356 5016 3408 5069 in
3461 5013 3689 5068 Eusebio
3731 5029 3977 5070 connexa

2426 5129 2545 5170 esse
2599 5129 2701 5167 non
2740 5112 3004 5173 videntur,
3042 5122 3213 5176 neque
3245 5122 3363 5161 cum
3402 5104 3849 5176 praecedentibus,
3883 5123 3980 5160 ne-

2425 5221 2527 5277 que
2558 5220 2675 5260 cum
2707 5200 3189 5270 subsequentibus;
3224 5207 3430 5265 contra,
3464 5196 3576 5251 haec
3605 5196 3719 5267 ipsa
3749 5196 3979 5251 miriﬁce

2426 5295 2566 5365 apud
2601 5291 2855 5346 Basiliam
2884 5304 3006 5344 cum
3041 5297 3145 5343 tota
3194 5287 3390 5355 reliqua
3429 5284 3673 5341 oratione
3703 5284 3979 5341 ooharero

2418 5386 2760 5457 perspicuum
2790 5391 2893 5436 est.
2922 5380 3072 5448 Quod
3112 5380 3302 5433 attinet
3327 5377 3392 5433 ad
3420 5377 3715 5433 orationem
3747 5376 3803 5431 in
3830 5376 3977 5463 psal-

2421 5494 2562 5531 mum
2598 5477 2909 5541 septimum,
2954 5488 3073 5541 quae
3121 5471 3172 5525 in
3206 5469 3385 5524 Basilii
3430 5467 3752 5525 editionibus
3796 5468 3977 5535 sequi-

2425 5581 2535 5633 tur,
2583 5583 2727 5639 :egrc
2758 5567 2910 5622 nobis
2945 5566 3065 5628 fuit,
3094 5562 3232 5632 quod
3264 5562 3315 5615 in
3347 5576 3410 5617 ea
3444 5560 3643 5614 nullum
3678 5558 3978 5629 deprehen-

2430 5660 2666 5719 derimus
2714 5657 2994 5729 vestigium
3044 5654 3308 5719 homilim,
3358 5653 3411 5708 id
3445 5661 3527 5709 est
3570 5650 3689 5724 ejus
3718 5652 3980 5709 orationis
