  <div class='ocr_page' id='page_1' title='image "/cluster/home/n/w/nwhite01/storage/ocr_20150623/29/uva.x004321530/228.png"; bbox 0 0 4212 6554; ppageno 0'>
   <div class='ocr_carea' id='block_1_1' title="bbox 1303 471 2329 533">
    <p class='ocr_par' dir='ltr' id='par_1_1' title="bbox 1303 471 2329 533">
     <span class='ocr_line' id='line_1_1' title="bbox 1303 471 2329 533; baseline 0.003 -4"><span class='ocrx_word' id='word_1_1' title='bbox 1303 475 1365 533; x_wconf 92' lang='lat' dir='ltr'><strong>D.</strong></span> <span class='ocrx_word' id='word_1_2' title='bbox 1403 471 1547 528; x_wconf 66' lang='lat' dir='ltr'><strong>.‘UL.</strong></span> <span class='ocrx_word' id='word_1_3' title='bbox 1583 474 1908 530; x_wconf 79' lang='lat' dir='ltr'><strong>GARNERII</strong></span> <span class='ocrx_word' id='word_1_4' title='bbox 1948 475 2329 532; x_wconf 69' lang='grc' dir='ltr'><strong>ΡΒᾸΞΡΑΤΙΟ.</strong></span> 
     </span>
    </p>
   </div>
   <div class='ocr_carea' id='block_1_2' title="bbox 3346 504 3439 545">
    <p class='ocr_par' dir='ltr' id='par_1_2' title="bbox 3346 504 3439 545">
     <span class='ocr_line' id='line_1_2' title="bbox 3346 504 3439 545; baseline -0.011 0"><span class='ocrx_word' id='word_1_5' title='bbox 3346 504 3439 545; x_wconf 72' lang='grc' dir='ltr'><strong>τεν</strong></span> 
     </span>
    </p>
   </div>
   <div class='ocr_carea' id='block_1_3' title="bbox 220 581 3438 657">
    <p class='ocr_par' dir='ltr' id='par_1_3' title="bbox 220 581 3438 657">
     <span class='ocr_line' id='line_1_3' title="bbox 220 581 3438 657; baseline 0.003 -20"><span class='ocrx_word' id='word_1_6' title='bbox 220 594 332 652; x_wconf 70' lang='lat' dir='ltr'><strong>qua</strong></span> <span class='ocrx_word' id='word_1_7' title='bbox 356 581 426 638; x_wconf 81' lang='lat' dir='ltr'><strong>ad</strong></span> <span class='ocrx_word' id='word_1_8' title='bbox 461 583 721 653; x_wconf 83' lang='lat' dir='ltr'><strong>populum</strong></span> <span class='ocrx_word' id='word_1_9' title='bbox 752 586 995 651; x_wconf 81' lang='lat' dir='ltr'><strong>habetur,</strong></span> <span class='ocrx_word' id='word_1_10' title='bbox 1027 601 1149 642; x_wconf 91' lang='lat' dir='ltr'><strong>cum</strong></span> <span class='ocrx_word' id='word_1_11' title='bbox 1192 596 1368 641; x_wconf 90' lang='lat' dir='ltr'><strong>tamen</strong></span> <span class='ocrx_word' id='word_1_12' title='bbox 1409 585 1608 656; x_wconf 82' lang='lat' dir='ltr'><strong>alioqui</strong></span> <span class='ocrx_word' id='word_1_13' title='bbox 1652 588 1783 641; x_wconf 88' lang='lat' dir='ltr'><strong>satis</strong></span> <span class='ocrx_word' id='word_1_14' title='bbox 1811 590 1857 647; x_wconf 77' lang='grc' dir='ltr'>Λ</span> <span class='ocrx_word' id='word_1_15' title='bbox 1885 584 1913 656; x_wconf 82' lang='lat'><strong>§</strong></span> <span class='ocrx_word' id='word_1_16' title='bbox 1949 586 2078 642; x_wconf 76' lang='lat' dir='ltr'><strong>VIII.</strong></span> <span class='ocrx_word' id='word_1_17' title='bbox 2117 586 2257 652; x_wconf 83' lang='lat' dir='ltr'><strong>Quid</strong></span> <span class='ocrx_word' id='word_1_18' title='bbox 2272 588 2604 657; x_wconf 70' lang='lat' dir='ltr'><strong>sentiendum</strong></span> <span class='ocrx_word' id='word_1_19' title='bbox 2631 589 2693 641; x_wconf 86' lang='lat' dir='ltr'><strong>sit</strong></span> <span class='ocrx_word' id='word_1_20' title='bbox 2728 590 2791 641; x_wconf 80' lang='lat' dir='ltr'><strong>de</strong></span> <span class='ocrx_word' id='word_1_21' title='bbox 2827 589 3082 644; x_wconf 80' lang='lat' dir='ltr'><strong>Theodori</strong></span> <span class='ocrx_word' id='word_1_22' title='bbox 3112 592 3438 651; x_wconf 76' lang='lat' dir='ltr'><strong>Heracleam:</strong></span> 
     </span>
    </p>
   </div>
   <div class='ocr_carea' id='block_1_4' title="bbox 223 676 1784 747">
    <p class='ocr_par' dir='ltr' id='par_1_4' title="bbox 223 676 1784 747">
     <span class='ocr_line' id='line_1_4' title="bbox 223 676 1784 747; baseline 0.003 -18"><span class='ocrx_word' id='word_1_23' title='bbox 223 683 425 731; x_wconf 88' lang='lat' dir='ltr'><strong>constet</strong></span> <span class='ocrx_word' id='word_1_24' title='bbox 451 689 647 731; x_wconf 89' lang='lat' dir='ltr'><strong>omnes</strong></span> <span class='ocrx_word' id='word_1_25' title='bbox 678 676 860 733; x_wconf 79' lang='lat' dir='ltr'><strong>Basilii</strong></span> <span class='ocrx_word' id='word_1_26' title='bbox 898 680 951 733; x_wconf 88' lang='lat' dir='ltr'><strong>in</strong></span> <span class='ocrx_word' id='word_1_27' title='bbox 998 679 1235 734; x_wconf 83' lang='lat' dir='ltr'><strong>Psalmos</strong></span> <span class='ocrx_word' id='word_1_28' title='bbox 1265 680 1543 734; x_wconf 84' lang='lat' dir='ltr'><strong>orationes</strong></span> <span class='ocrx_word' id='word_1_29' title='bbox 1574 680 1641 732; x_wconf 86' lang='lat' dir='ltr'><strong>ad</strong></span> <span class='ocrx_word' id='word_1_30' title='bbox 1693 694 1784 747; x_wconf 91' lang='lat' dir='ltr'><strong>po-</strong></span> 
     </span>
    </p>
   </div>
   <div class='ocr_carea' id='block_1_5' title="bbox 225 766 1783 840">
    <p class='ocr_par' dir='ltr' id='par_1_5' title="bbox 225 766 1783 840">
     <span class='ocr_line' id='line_1_5' title="bbox 225 766 1783 840; baseline 0.004 -25"><span class='ocrx_word' id='word_1_31' title='bbox 225 766 399 834; x_wconf 84' lang='lat' dir='ltr'><strong>pulum</strong></span> <span class='ocrx_word' id='word_1_32' title='bbox 438 766 652 823; x_wconf 85' lang='lat' dir='ltr'><strong>babitas</strong></span> <span class='ocrx_word' id='word_1_33' title='bbox 682 784 818 825; x_wconf 87' lang='lat' dir='ltr'><strong>esse.</strong></span> <span class='ocrx_word' id='word_1_34' title='bbox 847 769 976 840; x_wconf 84' lang='lat' dir='ltr'><strong>Ejus</strong></span> <span class='ocrx_word' id='word_1_35' title='bbox 1004 770 1078 824; x_wconf 89' lang='lat' dir='ltr'><strong>rei</strong></span> <span class='ocrx_word' id='word_1_36' title='bbox 1114 770 1375 824; x_wconf 87' lang='lat' dir='ltr'><strong>rationem</strong></span> <span class='ocrx_word' id='word_1_37' title='bbox 1411 771 1633 825; x_wconf 80' lang='lat' dir='ltr'><strong>reddere</strong></span> <span class='ocrx_word' id='word_1_38' title='bbox 1662 784 1783 825; x_wconf 87' lang='lat' dir='ltr'><strong>cum</strong></span> 
     </span>
    </p>
   </div>
   <div class='ocr_carea' id='block_1_6' title="bbox 226 860 1783 932">
    <p class='ocr_par' dir='ltr' id='par_1_6' title="bbox 226 860 1783 932">
     <span class='ocr_line' id='line_1_6' title="bbox 226 860 1783 932; baseline 0.005 -23"><span class='ocrx_word' id='word_1_39' title='bbox 226 868 327 909; x_wconf 79' lang='lat' dir='ltr'><strong>non</strong></span> <span class='ocrx_word' id='word_1_40' title='bbox 373 860 672 924; x_wconf 79' lang='lat' dir='ltr'><strong>possimus,</strong></span> <span class='ocrx_word' id='word_1_41' title='bbox 724 875 840 914; x_wconf 81' lang='lat' dir='ltr'><strong>eam</strong></span> <span class='ocrx_word' id='word_1_42' title='bbox 896 862 1102 916; x_wconf 80' lang='lat' dir='ltr'><strong>discere</strong></span> <span class='ocrx_word' id='word_1_43' title='bbox 1132 876 1163 915; x_wconf 91' lang='lat' dir='ltr'><strong>a</strong></span> <span class='ocrx_word' id='word_1_44' title='bbox 1208 864 1575 932; x_wconf 72' lang='lat' dir='ltr'><strong>sagacioribus</strong></span> <span class='ocrx_word' id='word_1_45' title='bbox 1630 862 1783 932; x_wconf 84' lang='lat' dir='ltr'><strong>cupi-</strong></span> 
     </span>
    </p>
   </div>
   <div class='ocr_carea' id='block_1_7' title="bbox 229 947 1784 1026">
    <p class='ocr_par' dir='ltr' id='par_1_7' title="bbox 229 947 1784 1026">
     <span class='ocr_line' id='line_1_7' title="bbox 229 947 1784 1026; baseline 0.007 -28"><span class='ocrx_word' id='word_1_46' title='bbox 229 961 363 1001; x_wconf 89' lang='lat' dir='ltr'><strong>mus.</strong></span> <span class='ocrx_word' id='word_1_47' title='bbox 412 947 578 1015; x_wconf 83' lang='lat' dir='ltr'><strong>Illud,</strong></span> <span class='ocrx_word' id='word_1_48' title='bbox 631 952 780 1022; x_wconf 67' lang='grc' dir='ltr'><strong>πειρᾶ</strong></span> <span class='ocrx_word' id='word_1_49' title='bbox 832 953 923 1006; x_wconf 78' lang='grc' dir='ltr'><strong>τὸν</strong></span> <span class='ocrx_word' id='word_1_50' title='bbox 974 955 1267 1019; x_wconf 77' lang='grc' dir='ltr'><strong>κτίσαντα,</strong></span> <span class='ocrx_word' id='word_1_51' title='bbox 1299 954 1443 1024; x_wconf 86' lang='lat' dir='ltr'><strong>quod</strong></span> <span class='ocrx_word' id='word_1_52' title='bbox 1494 954 1687 1026; x_wconf 73' lang='lat' dir='ltr'><strong>legitur</strong></span> <span class='ocrx_word' id='word_1_53' title='bbox 1732 955 1784 1009; x_wconf 88' lang='lat' dir='ltr'><strong>in</strong></span> 
     </span>
    </p>
   </div>
   <div class='ocr_carea' id='block_1_8' title="bbox 230 1039 1787 1115">
    <p class='ocr_par' dir='ltr' id='par_1_8' title="bbox 230 1039 1787 1115">
     <span class='ocr_line' id='line_1_8' title="bbox 230 1039 1787 1115; baseline 0.007 -24"><span class='ocrx_word' id='word_1_54' title='bbox 230 1039 434 1107; x_wconf 77' lang='lat' dir='ltr'><strong>psalmo</strong></span> <span class='ocrx_word' id='word_1_55' title='bbox 465 1058 635 1099; x_wconf 76' lang='lat' dir='ltr'><strong>xxvul</strong></span> <span class='ocrx_word' id='word_1_56' title='bbox 656 1084 672 1108; x_wconf 87' lang='lat'><strong>,</strong></span> <span class='ocrx_word' id='word_1_57' title='bbox 702 1061 847 1099; x_wconf 91' lang='lat' dir='ltr'><strong>num.</strong></span> <span class='ocrx_word' id='word_1_58' title='bbox 870 1045 937 1109; x_wconf 77' lang='lat'><strong>2,</strong></span> <span class='ocrx_word' id='word_1_59' title='bbox 971 1046 1127 1101; x_wconf 88' lang='lat' dir='ltr'><strong>aliter</strong></span> <span class='ocrx_word' id='word_1_60' title='bbox 1155 1047 1222 1102; x_wconf 90' lang='lat' dir='ltr'><strong>ab</strong></span> <span class='ocrx_word' id='word_1_61' title='bbox 1251 1047 1371 1101; x_wconf 83' lang='lat' dir='ltr'><strong>aliis</strong></span> <span class='ocrx_word' id='word_1_62' title='bbox 1408 1047 1787 1115; x_wconf 72' lang='lat' dir='ltr'><strong>interpretibus</strong></span> 
     </span>
    </p>
   </div>
   <div class='ocr_carea' id='block_1_9' title="bbox 230 1138 1783 1207">
    <p class='ocr_par' dir='ltr' id='par_1_9' title="bbox 230 1138 1783 1207">
     <span class='ocr_line' id='line_1_9' title="bbox 230 1138 1783 1207; baseline 0.008 -24"><span class='ocrx_word' id='word_1_63' title='bbox 230 1144 541 1201; x_wconf 80' lang='lat' dir='ltr'><strong>expressum</strong></span> <span class='ocrx_word' id='word_1_64' title='bbox 571 1145 654 1191; x_wconf 88' lang='lat' dir='ltr'><strong>est</strong></span> <span class='ocrx_word' id='word_1_65' title='bbox 680 1155 693 1192; x_wconf 92' lang='lat'><strong>:</strong></span> <span class='ocrx_word' id='word_1_66' title='bbox 723 1154 824 1207; x_wconf 85' lang='lat' dir='ltr'><strong>qua</strong></span> <span class='ocrx_word' id='word_1_67' title='bbox 854 1138 919 1193; x_wconf 82' lang='lat' dir='ltr'><strong>de</strong></span> <span class='ocrx_word' id='word_1_68' title='bbox 958 1154 1015 1192; x_wconf 87' lang='lat' dir='ltr'><strong>re</strong></span> <span class='ocrx_word' id='word_1_69' title='bbox 1049 1154 1217 1205; x_wconf 88' lang='lat' dir='ltr'><strong>pauca</strong></span> <span class='ocrx_word' id='word_1_70' title='bbox 1244 1139 1423 1196; x_wconf 87' lang='lat' dir='ltr'><strong>dicere</strong></span> <span class='ocrx_word' id='word_1_71' title='bbox 1456 1139 1602 1194; x_wconf 89' lang='lat' dir='ltr'><strong>libet.</strong></span> <span class='ocrx_word' id='word_1_72' title='bbox 1630 1138 1783 1206; x_wconf 85' lang='lat' dir='ltr'><strong>Quod</strong></span> 
     </span>
    </p>
   </div>
   <div class='ocr_carea' id='block_1_10' title="bbox 230 1222 1784 1302">
    <p class='ocr_par' dir='ltr' id='par_1_10' title="bbox 230 1222 1784 1302">
     <span class='ocr_line' id='line_1_10' title="bbox 230 1222 1784 1302; baseline 0.007 -28"><span class='ocrx_word' id='word_1_73' title='bbox 230 1222 303 1275; x_wconf 91' lang='lat' dir='ltr'><strong>ait</strong></span> <span class='ocrx_word' id='word_1_74' title='bbox 335 1226 422 1277; x_wconf 87' lang='lat' dir='ltr'><strong>vir</strong></span> <span class='ocrx_word' id='word_1_75' title='bbox 457 1229 850 1284; x_wconf 72' lang='lat' dir='ltr'><strong>eruditissimus</strong></span> <span class='ocrx_word' id='word_1_76' title='bbox 900 1230 1121 1285; x_wconf 77' lang='lat' dir='ltr'><strong>Dnemus</strong></span> <span class='ocrx_word' id='word_1_77' title='bbox 1159 1231 1211 1285; x_wconf 91' lang='lat' dir='ltr'><strong>in</strong></span> <span class='ocrx_word' id='word_1_78' title='bbox 1240 1232 1352 1287; x_wconf 88' lang='lat' dir='ltr'><strong>suis</strong></span> <span class='ocrx_word' id='word_1_79' title='bbox 1380 1235 1444 1285; x_wconf 90' lang='lat' dir='ltr'><strong>ad</strong></span> <span class='ocrx_word' id='word_1_80' title='bbox 1472 1234 1611 1287; x_wconf 92' lang='lat' dir='ltr'><strong>hunc</strong></span> <span class='ocrx_word' id='word_1_81' title='bbox 1640 1231 1784 1302; x_wconf 84' lang='lat' dir='ltr'><strong>psal-</strong></span> 
     </span>
    </p>
   </div>
   <div class='ocr_carea' id='block_1_11' title="bbox 231 1316 1787 1389">
    <p class='ocr_par' dir='ltr' id='par_1_11' title="bbox 231 1316 1787 1389">
     <span class='ocr_line' id='line_1_11' title="bbox 231 1316 1787 1389; baseline 0.008 -25"><span class='ocrx_word' id='word_1_82' title='bbox 231 1329 372 1366; x_wconf 78' lang='lat' dir='ltr'><strong>mum</strong></span> <span class='ocrx_word' id='word_1_83' title='bbox 406 1316 570 1380; x_wconf 83' lang='lat' dir='ltr'><strong>notis,</strong></span> <span class='ocrx_word' id='word_1_84' title='bbox 598 1319 735 1371; x_wconf 87' lang='lat' dir='ltr'><strong>duas</strong></span> <span class='ocrx_word' id='word_1_85' title='bbox 765 1318 862 1375; x_wconf 86' lang='lat' dir='ltr'><strong>bas</strong></span> <span class='ocrx_word' id='word_1_86' title='bbox 885 1320 1126 1389; x_wconf 78' lang='lat' dir='ltr'><strong>Apostoli</strong></span> <span class='ocrx_word' id='word_1_87' title='bbox 1155 1334 1313 1376; x_wconf 86' lang='lat' dir='ltr'><strong>voces</strong></span> <span class='ocrx_word' id='word_1_88' title='bbox 1328 1322 1374 1353; x_wconf 81' lang='lat'>“</span> <span class='ocrx_word' id='word_1_89' title='bbox 1401 1322 1471 1375; x_wconf 86' lang='lat' dir='ltr'><strong>ita</strong></span> <span class='ocrx_word' id='word_1_90' title='bbox 1500 1321 1787 1377; x_wconf 77' lang='lat' dir='ltr'><strong>vertendus</strong></span> 
     </span>
    </p>
   </div>
   <div class='ocr_carea' id='block_1_12' title="bbox 229 1406 1783 1478">
    <p class='ocr_par' dir='ltr' id='par_1_12' title="bbox 229 1406 1783 1478">
     <span class='ocr_line' id='line_1_12' title="bbox 229 1406 1783 1478; baseline 0.008 -22"><span class='ocrx_word' id='word_1_91' title='bbox 229 1417 371 1469; x_wconf 85' lang='lat' dir='ltr'><strong>esse,</strong></span> <span class='ocrx_word' id='word_1_92' title='bbox 398 1408 657 1474; x_wconf 79' lang='lat' dir='ltr'><strong>pra-terita</strong></span> <span class='ocrx_word' id='word_1_93' title='bbox 679 1406 939 1475; x_wconf 85' lang='lat' dir='ltr'><strong>Creatore,</strong></span> <span class='ocrx_word' id='word_1_94' title='bbox 966 1410 1018 1464; x_wconf 91' lang='lat' dir='ltr'><strong>in</strong></span> <span class='ocrx_word' id='word_1_95' title='bbox 1049 1426 1112 1466; x_wconf 92' lang='lat' dir='ltr'><strong>eo</strong></span> <span class='ocrx_word' id='word_1_96' title='bbox 1134 1422 1350 1468; x_wconf 86' lang='lat' dir='ltr'><strong>secutus</strong></span> <span class='ocrx_word' id='word_1_97' title='bbox 1382 1422 1468 1467; x_wconf 88' lang='lat' dir='ltr'><strong>est</strong></span> <span class='ocrx_word' id='word_1_98' title='bbox 1501 1410 1783 1478; x_wconf 77' lang='lat' dir='ltr'><strong>Hilarium,</strong></span> 
     </span>
    </p>
   </div>
   <div class='ocr_carea' id='block_1_13' title="bbox 230 1496 1786 1571">
    <p class='ocr_par' dir='ltr' id='par_1_13' title="bbox 230 1496 1786 1571">
     <span class='ocr_line' id='line_1_13' title="bbox 230 1496 1786 1571; baseline 0.008 -25"><span class='ocrx_word' id='word_1_99' title='bbox 230 1496 319 1562; x_wconf 87' lang='lat' dir='ltr'><strong>qui</strong></span> <span class='ocrx_word' id='word_1_100' title='bbox 374 1496 529 1551; x_wconf 90' lang='lat' dir='ltr'><strong>initio</strong></span> <span class='ocrx_word' id='word_1_101' title='bbox 578 1497 698 1554; x_wconf 90' lang='lat' dir='ltr'><strong>libri</strong></span> <span class='ocrx_word' id='word_1_102' title='bbox 745 1516 820 1555; x_wconf 77' lang='lat' dir='ltr'><strong>xu</strong></span> <span class='ocrx_word' id='word_1_103' title='bbox 874 1499 951 1555; x_wconf 80' lang='lat' dir='ltr'><strong>De</strong></span> <span class='ocrx_word' id='word_1_104' title='bbox 998 1500 1142 1555; x_wconf 86' lang='lat' dir='ltr'><strong>Trin.</strong></span> <span class='ocrx_word' id='word_1_105' title='bbox 1192 1503 1353 1556; x_wconf 83' lang='lat' dir='ltr'><strong>verba</strong></span> <span class='ocrx_word' id='word_1_106' title='bbox 1401 1503 1639 1571; x_wconf 81' lang='lat' dir='ltr'><strong>Apostoli</strong></span> <span class='ocrx_word' id='word_1_107' title='bbox 1679 1518 1786 1558; x_wconf 88' lang='lat' dir='ltr'><strong>non</strong></span> 
     </span>
    </p>
   </div>
   <div class='ocr_carea' id='block_1_14' title="bbox 230 1586 1787 1666">
    <p class='ocr_par' dir='ltr' id='par_1_14' title="bbox 230 1586 1787 1666">
     <span class='ocr_line' id='line_1_14' title="bbox 230 1586 1787 1666; baseline 0.008 -29"><span class='ocrx_word' id='word_1_108' title='bbox 230 1586 385 1641; x_wconf 81' lang='lat' dir='ltr'><strong>aliter</strong></span> <span class='ocrx_word' id='word_1_109' title='bbox 413 1590 664 1645; x_wconf 87' lang='lat' dir='ltr'><strong>reddidit.</strong></span> <span class='ocrx_word' id='word_1_110' title='bbox 697 1590 804 1647; x_wconf 77' lang='lat' dir='ltr'><strong>Nec</strong></span> <span class='ocrx_word' id='word_1_111' title='bbox 831 1592 898 1647; x_wconf 92' lang='lat' dir='ltr'><strong>ob</strong></span> <span class='ocrx_word' id='word_1_112' title='bbox 925 1592 976 1647; x_wconf 88' lang='lat' dir='ltr'><strong>id</strong></span> <span class='ocrx_word' id='word_1_113' title='bbox 1008 1593 1175 1648; x_wconf 87' lang='lat' dir='ltr'><strong>solum</strong></span> <span class='ocrx_word' id='word_1_114' title='bbox 1208 1596 1419 1663; x_wconf 85' lang='lat' dir='ltr'><strong>probari</strong></span> <span class='ocrx_word' id='word_1_115' title='bbox 1450 1595 1607 1650; x_wconf 87' lang='lat' dir='ltr'><strong>debet</strong></span> <span class='ocrx_word' id='word_1_116' title='bbox 1649 1595 1787 1666; x_wconf 86' lang='lat' dir='ltr'><strong>ejus-</strong></span> 
     </span>
    </p>
   </div>
   <div class='ocr_carea' id='block_1_15' title="bbox 229 1680 1784 1754">
    <p class='ocr_par' dir='ltr' id='par_1_15' title="bbox 229 1680 1784 1754">
     <span class='ocr_line' id='line_1_15' title="bbox 229 1680 1784 1754; baseline 0.007 -24"><span class='ocrx_word' id='word_1_117' title='bbox 229 1680 371 1733; x_wconf 82' lang='lat' dir='ltr'><strong>modi</strong></span> <span class='ocrx_word' id='word_1_118' title='bbox 429 1681 837 1751; x_wconf 84' lang='lat' dir='ltr'><strong>interpretatio,</strong></span> <span class='ocrx_word' id='word_1_119' title='bbox 886 1686 1027 1754; x_wconf 87' lang='lat' dir='ltr'><strong>quod</strong></span> <span class='ocrx_word' id='word_1_120' title='bbox 1083 1686 1481 1742; x_wconf 84' lang='lat' dir='ltr'><strong>sanctissimum</strong></span> <span class='ocrx_word' id='word_1_121' title='bbox 1531 1686 1784 1741; x_wconf 86' lang='lat' dir='ltr'><strong>doctissi-</strong></span> 
     </span>
    </p>
   </div>
   <div class='ocr_carea' id='block_1_16' title="bbox 229 1774 1784 1842">
    <p class='ocr_par' dir='ltr' id='par_1_16' title="bbox 229 1774 1784 1842">
     <span class='ocr_line' id='line_1_16' title="bbox 229 1774 1784 1842; baseline 0.006 -20"><span class='ocrx_word' id='word_1_122' title='bbox 229 1784 485 1840; x_wconf 83' lang='lat' dir='ltr'><strong>tnumque</strong></span> <span class='ocrx_word' id='word_1_123' title='bbox 541 1774 711 1827; x_wconf 86' lang='lat' dir='ltr'><strong>virum</strong></span> <span class='ocrx_word' id='word_1_124' title='bbox 766 1774 1023 1833; x_wconf 80' lang='lat' dir='ltr'><strong>Hilarium</strong></span> <span class='ocrx_word' id='word_1_125' title='bbox 1082 1786 1353 1833; x_wconf 82' lang='lat' dir='ltr'><strong>auctorem</strong></span> <span class='ocrx_word' id='word_1_126' title='bbox 1406 1778 1639 1842; x_wconf 79' lang='lat' dir='ltr'><strong>habent,</strong></span> <span class='ocrx_word' id='word_1_127' title='bbox 1691 1780 1784 1834; x_wconf 92' lang='lat' dir='ltr'><strong>sed</strong></span> 
     </span>
    </p>
   </div>
   <div class='ocr_carea' id='block_1_17' title="bbox 227 1860 1783 1934">
    <p class='ocr_par' dir='ltr' id='par_1_17' title="bbox 227 1860 1783 1934">
     <span class='ocr_line' id='line_1_17' title="bbox 227 1860 1783 1934; baseline 0.007 -25"><span class='ocrx_word' id='word_1_128' title='bbox 227 1860 369 1924; x_wconf 87' lang='lat' dir='ltr'><strong>quod</strong></span> <span class='ocrx_word' id='word_1_129' title='bbox 416 1872 649 1916; x_wconf 90' lang='lat' dir='ltr'><strong>mentem</strong></span> <span class='ocrx_word' id='word_1_130' title='bbox 702 1863 943 1932; x_wconf 73' lang='lat' dir='ltr'><strong>Apostoli</strong></span> <span class='ocrx_word' id='word_1_131' title='bbox 992 1866 1192 1933; x_wconf 88' lang='lat' dir='ltr'><strong>optime</strong></span> <span class='ocrx_word' id='word_1_132' title='bbox 1245 1866 1531 1934; x_wconf 82' lang='lat' dir='ltr'><strong>exprimat.</strong></span> <span class='ocrx_word' id='word_1_133' title='bbox 1562 1866 1783 1932; x_wconf 86' lang='lat' dir='ltr'><strong>Contra,</strong></span> 
     </span>
    </p>
   </div>
   <div class='ocr_carea' id='block_1_18' title="bbox 2481 659 2871 714">
    <p class='ocr_par' dir='ltr' id='par_1_18' title="bbox 2481 659 2871 714">
     <span class='ocr_line' id='line_1_18' title="bbox 2481 659 2871 714; baseline 0.008 -3"><span class='ocrx_word' id='word_1_134' title='bbox 2481 659 2871 714; x_wconf 73' lang='lat' dir='ltr'><strong>conmentario.</strong></span> 
     </span>
    </p>
   </div>
   <div class='ocr_carea' id='block_1_19' title="bbox 1953 769 3442 839">
    <p class='ocr_par' dir='ltr' id='par_1_19' title="bbox 1953 769 3442 839">
     <span class='ocr_line' id='line_1_19' title="bbox 1953 769 3442 839; baseline 0.007 -14"><span class='ocrx_word' id='word_1_135' title='bbox 1953 771 2046 825; x_wconf 72' lang='grc' dir='ltr'>ιι.</span> <span class='ocrx_word' id='word_1_136' title='bbox 2077 769 2254 824; x_wconf 87' lang='lat' dir='ltr'><strong>Edidit</strong></span> <span class='ocrx_word' id='word_1_137' title='bbox 2291 770 2606 839; x_wconf 81' lang='lat' dir='ltr'><strong>jamdudum</strong></span> <span class='ocrx_word' id='word_1_138' title='bbox 2633 771 3024 830; x_wconf 79' lang='lat' dir='ltr'><strong>eruditissimus</strong></span> <span class='ocrx_word' id='word_1_139' title='bbox 3049 776 3131 830; x_wconf 91' lang='lat' dir='ltr'><strong>vir</strong></span> <span class='ocrx_word' id='word_1_140' title='bbox 3164 775 3442 835; x_wconf 88' lang='lat' dir='ltr'><strong>Balthasar</strong></span> 
     </span>
    </p>
   </div>
   <div class='ocr_carea' id='block_1_20' title="bbox 1886 861 3439 933">
    <p class='ocr_par' dir='ltr' id='par_1_20' title="bbox 1886 861 3439 933">
     <span class='ocr_line' id='line_1_20' title="bbox 1886 861 3439 933; baseline 0.002 -16"><span class='ocrx_word' id='word_1_141' title='bbox 1886 861 2175 917; x_wconf 82' lang='lat' dir='ltr'><strong>Corderius</strong></span> <span class='ocrx_word' id='word_1_142' title='bbox 2201 862 2444 932; x_wconf 70' lang='lat' dir='ltr'><strong>egregios</strong></span> <span class='ocrx_word' id='word_1_143' title='bbox 2472 870 2582 916; x_wconf 86' lang='lat' dir='ltr'><strong>tres</strong></span> <span class='ocrx_word' id='word_1_144' title='bbox 2608 869 2801 929; x_wconf 80' lang='lat' dir='ltr'><strong>tomos,</strong></span> <span class='ocrx_word' id='word_1_145' title='bbox 2832 864 2883 917; x_wconf 91' lang='lat' dir='ltr'><strong>in</strong></span> <span class='ocrx_word' id='word_1_146' title='bbox 2910 865 3104 933; x_wconf 80' lang='lat' dir='ltr'><strong>quibus</strong></span> <span class='ocrx_word' id='word_1_147' title='bbox 3133 868 3439 925; x_wconf 82' lang='lat' dir='ltr'><strong>continetur</strong></span> 
     </span>
    </p>
   </div>
   <div class='ocr_carea' id='block_1_21' title="bbox 1885 950 3439 1023">
    <p class='ocr_par' dir='ltr' id='par_1_21' title="bbox 1885 950 3439 1023">
     <span class='ocr_line' id='line_1_21' title="bbox 1885 950 3439 1023; baseline 0.005 -16"><span class='ocrx_word' id='word_1_148' title='bbox 1885 952 2233 1023; x_wconf 86' lang='lat' dir='ltr'><strong>Paraphrasis</strong></span> <span class='ocrx_word' id='word_1_149' title='bbox 2264 954 2316 1005; x_wconf 91' lang='lat' dir='ltr'><strong>in</strong></span> <span class='ocrx_word' id='word_1_150' title='bbox 2348 950 2611 1019; x_wconf 83' lang='lat' dir='ltr'><strong>Psalmos,</strong></span> <span class='ocrx_word' id='word_1_151' title='bbox 2636 951 3065 1010; x_wconf 75' lang='lat' dir='ltr'><strong>Commentarios</strong></span> <span class='ocrx_word' id='word_1_152' title='bbox 3097 958 3147 1011; x_wconf 91' lang='lat' dir='ltr'><strong>in</strong></span> <span class='ocrx_word' id='word_1_153' title='bbox 3178 958 3318 1013; x_wconf 88' lang='lat' dir='ltr'><strong>idem</strong></span> <span class='ocrx_word' id='word_1_154' title='bbox 3351 973 3439 1014; x_wconf 86' lang='lat' dir='ltr'><strong>ar-</strong></span> 
     </span>
    </p>
   </div>
   <div class='ocr_carea' id='block_1_22' title="bbox 1885 1040 3440 1119">
    <p class='ocr_par' dir='ltr' id='par_1_22' title="bbox 1885 1040 3440 1119">
     <span class='ocr_line' id='line_1_22' title="bbox 1885 1040 3440 1119; baseline 0.005 -24"><span class='ocrx_word' id='word_1_155' title='bbox 1885 1051 2214 1110; x_wconf 73' lang='lat' dir='ltr'><strong>gumentum,</strong></span> <span class='ocrx_word' id='word_1_156' title='bbox 2243 1040 2466 1106; x_wconf 80' lang='lat' dir='ltr'><strong>Catena,</strong></span> <span class='ocrx_word' id='word_1_157' title='bbox 2491 1056 2650 1109; x_wconf 88' lang='lat' dir='ltr'><strong>quam</strong></span> <span class='ocrx_word' id='word_1_158' title='bbox 2682 1052 2892 1106; x_wconf 88' lang='lat' dir='ltr'><strong>vocant,</strong></span> <span class='ocrx_word' id='word_1_159' title='bbox 2919 1058 2951 1097; x_wconf 79' lang='grc' dir='ltr'>θ</span> <span class='ocrx_word' id='word_1_160' title='bbox 2989 1044 3170 1101; x_wconf 87' lang='lat' dir='ltr'><strong>multis</strong></span> <span class='ocrx_word' id='word_1_161' title='bbox 3213 1052 3440 1119; x_wconf 87' lang='lat' dir='ltr'><strong>scripto-</strong></span> 
     </span>
    </p>
   </div>
   <div class='ocr_carea' id='block_1_23' title="bbox 1886 1130 3440 1204">
    <p class='ocr_par' dir='ltr' id='par_1_23' title="bbox 1886 1130 3440 1204">
     <span class='ocr_line' id='line_1_23' title="bbox 1886 1130 3440 1204; baseline 0.003 -18"><span class='ocrx_word' id='word_1_162' title='bbox 1886 1133 2034 1187; x_wconf 80' lang='lat' dir='ltr'><strong>ribus</strong></span> <span class='ocrx_word' id='word_1_163' title='bbox 2062 1132 2453 1186; x_wconf 77' lang='lat' dir='ltr'><strong>consarcinata.</strong></span> <span class='ocrx_word' id='word_1_164' title='bbox 2483 1130 2599 1186; x_wconf 83' lang='lat' dir='ltr'><strong>Non</strong></span> <span class='ocrx_word' id='word_1_165' title='bbox 2642 1142 2722 1187; x_wconf 88' lang='lat' dir='ltr'><strong>est</strong></span> <span class='ocrx_word' id='word_1_166' title='bbox 2755 1133 2969 1203; x_wconf 86' lang='lat' dir='ltr'><strong>quidem</strong></span> <span class='ocrx_word' id='word_1_167' title='bbox 2997 1136 3138 1204; x_wconf 91' lang='lat' dir='ltr'><strong>quod</strong></span> <span class='ocrx_word' id='word_1_168' title='bbox 3180 1138 3333 1194; x_wconf 90' lang='lat' dir='ltr'><strong>valde</strong></span> <span class='ocrx_word' id='word_1_169' title='bbox 3359 1140 3440 1194; x_wconf 83' lang='lat' dir='ltr'><strong>Ia—</strong></span> 
     </span>
    </p>
   </div>
   <div class='ocr_carea' id='block_1_24' title="bbox 1884 1222 3437 1297">
    <p class='ocr_par' dir='ltr' id='par_1_24' title="bbox 1884 1222 3437 1297">
     <span class='ocr_line' id='line_1_24' title="bbox 1884 1222 3437 1297; baseline 0.003 -18"><span class='ocrx_word' id='word_1_170' title='bbox 1884 1222 2226 1292; x_wconf 88' lang='lat' dir='ltr'><strong>borem,quis</strong></span> <span class='ocrx_word' id='word_1_171' title='bbox 2248 1231 2340 1276; x_wconf 86' lang='lat' dir='ltr'><strong>aut</strong></span> <span class='ocrx_word' id='word_1_172' title='bbox 2364 1224 2732 1293; x_wconf 80' lang='lat' dir='ltr'><strong>paraphrasim</strong></span> <span class='ocrx_word' id='word_1_173' title='bbox 2748 1234 2839 1279; x_wconf 90' lang='lat' dir='ltr'><strong>aut</strong></span> <span class='ocrx_word' id='word_1_174' title='bbox 2862 1235 3105 1280; x_wconf 88' lang='lat' dir='ltr'><strong>catenam</strong></span> <span class='ocrx_word' id='word_1_175' title='bbox 3128 1228 3437 1297; x_wconf 85' lang='lat' dir='ltr'><strong>scripserit;</strong></span> 
     </span>
    </p>
   </div>
   <div class='ocr_carea' id='block_1_25' title="bbox 1885 1313 3439 1390">
    <p class='ocr_par' dir='ltr' id='par_1_25' title="bbox 1885 1313 3439 1390">
     <span class='ocr_line' id='line_1_25' title="bbox 1885 1313 3439 1390; baseline 0.005 -23"><span class='ocrx_word' id='word_1_176' title='bbox 1885 1313 1977 1368; x_wconf 89' lang='lat' dir='ltr'><strong>sed</strong></span> <span class='ocrx_word' id='word_1_177' title='bbox 2011 1313 2077 1368; x_wconf 88' lang='lat' dir='ltr'><strong>de</strong></span> <span class='ocrx_word' id='word_1_178' title='bbox 2105 1315 2370 1382; x_wconf 78' lang='lat' dir='ltr'><strong>scriptore</strong></span> <span class='ocrx_word' id='word_1_179' title='bbox 2413 1316 2805 1379; x_wconf 83' lang='lat' dir='ltr'><strong>commentarii,</strong></span> <span class='ocrx_word' id='word_1_180' title='bbox 2846 1316 2889 1371; x_wconf 94' lang='lat' dir='ltr'><strong>si</strong></span> <span class='ocrx_word' id='word_1_181' title='bbox 2937 1316 3224 1387; x_wconf 81' lang='lat' dir='ltr'><strong>pessimam</strong></span> <span class='ocrx_word' id='word_1_182' title='bbox 3264 1323 3439 1390; x_wconf 83' lang='lat' dir='ltr'><strong>suspi-</strong></span> 
     </span>
    </p>
   </div>
   <div class='ocr_carea' id='block_1_26' title="bbox 1884 1402 3441 1472">
    <p class='ocr_par' dir='ltr' id='par_1_26' title="bbox 1884 1402 3441 1472">
     <span class='ocr_line' id='line_1_26' title="bbox 1884 1402 3441 1472; baseline 0.004 -13"><span class='ocrx_word' id='word_1_183' title='bbox 1884 1404 2091 1460; x_wconf 87' lang='lat' dir='ltr'><strong>cionem</strong></span> <span class='ocrx_word' id='word_1_184' title='bbox 2119 1419 2149 1456; x_wconf 91' lang='lat' dir='ltr'><strong>a</strong></span> <span class='ocrx_word' id='word_1_185' title='bbox 2180 1402 2376 1458; x_wconf 83' lang='lat' dir='ltr'><strong>Basilio</strong></span> <span class='ocrx_word' id='word_1_186' title='bbox 2405 1418 2655 1459; x_wconf 78' lang='lat' dir='ltr'><strong>amovere</strong></span> <span class='ocrx_word' id='word_1_187' title='bbox 2697 1404 2877 1472; x_wconf 82' lang='lat' dir='ltr'><strong>velim,</strong></span> <span class='ocrx_word' id='word_1_188' title='bbox 2910 1406 3135 1462; x_wconf 90' lang='lat' dir='ltr'><strong>multum</strong></span> <span class='ocrx_word' id='word_1_189' title='bbox 3180 1408 3441 1465; x_wconf 90' lang='lat' dir='ltr'><strong>sollicitus</strong></span> 
     </span>
    </p>
   </div>
   <div class='ocr_carea' id='block_1_27' title="bbox 1885 1493 3442 1555">
    <p class='ocr_par' dir='ltr' id='par_1_27' title="bbox 1885 1493 3442 1555">
     <span class='ocr_line' id='line_1_27' title="bbox 1885 1493 3442 1555; baseline 0.001 -2"><span class='ocrx_word' id='word_1_190' title='bbox 1885 1510 2005 1553; x_wconf 83' lang='lat' dir='ltr'><strong>esse</strong></span> <span class='ocrx_word' id='word_1_191' title='bbox 2056 1495 2244 1551; x_wconf 87' lang='lat' dir='ltr'><strong>debeo.</strong></span> <span class='ocrx_word' id='word_1_192' title='bbox 2292 1493 2415 1551; x_wconf 89' lang='lat' dir='ltr'><strong>Scio</strong></span> <span class='ocrx_word' id='word_1_193' title='bbox 2462 1497 2602 1551; x_wconf 91' lang='lat' dir='ltr'><strong>hunc</strong></span> <span class='ocrx_word' id='word_1_194' title='bbox 2653 1497 3098 1552; x_wconf 89' lang='lat' dir='ltr'><strong>commentarium</strong></span> <span class='ocrx_word' id='word_1_195' title='bbox 3157 1498 3442 1555; x_wconf 73' lang='lat' dir='ltr'><strong>Theodoro</strong></span> 
     </span>
    </p>
   </div>
   <div class='ocr_carea' id='block_1_28' title="bbox 1886 1586 3442 1658">
    <p class='ocr_par' dir='ltr' id='par_1_28' title="bbox 1886 1586 3442 1658">
     <span class='ocr_line' id='line_1_28' title="bbox 1886 1586 3442 1658; baseline 0.004 -18"><span class='ocrx_word' id='word_1_196' title='bbox 1886 1586 2216 1642; x_wconf 77' lang='lat' dir='ltr'><strong>Ileracleotze</strong></span> <span class='ocrx_word' id='word_1_197' title='bbox 2247 1587 2316 1642; x_wconf 84' lang='lat' dir='ltr'><strong>ab</strong></span> <span class='ocrx_word' id='word_1_198' title='bbox 2340 1602 2407 1643; x_wconf 90' lang='lat' dir='ltr'><strong>eo</strong></span> <span class='ocrx_word' id='word_1_199' title='bbox 2446 1602 2606 1658; x_wconf 87' lang='lat' dir='ltr'><strong>quem</strong></span> <span class='ocrx_word' id='word_1_200' title='bbox 2650 1602 2775 1642; x_wconf 78' lang='lat' dir='ltr'><strong>mox</strong></span> <span class='ocrx_word' id='word_1_201' title='bbox 2819 1588 2925 1641; x_wconf 76' lang='lat' dir='ltr'><strong>dixi</strong></span> <span class='ocrx_word' id='word_1_202' title='bbox 2974 1588 3090 1642; x_wconf 86' lang='lat' dir='ltr'><strong>viro</strong></span> <span class='ocrx_word' id='word_1_203' title='bbox 3130 1589 3442 1647; x_wconf 87' lang='lat' dir='ltr'><strong>doctissimo</strong></span> 
     </span>
    </p>
   </div>
   <div class='ocr_carea' id='block_1_29' title="bbox 1884 1678 3440 1748">
    <p class='ocr_par' dir='ltr' id='par_1_29' title="bbox 1884 1678 3440 1748">
     <span class='ocr_line' id='line_1_29' title="bbox 1884 1678 3440 1748; baseline 0.002 -15"><span class='ocrx_word' id='word_1_204' title='bbox 1884 1678 2163 1735; x_wconf 88' lang='lat' dir='ltr'><strong>Balthasar</strong></span> <span class='ocrx_word' id='word_1_205' title='bbox 2193 1678 2451 1735; x_wconf 87' lang='lat' dir='ltr'><strong>Corderio</strong></span> <span class='ocrx_word' id='word_1_206' title='bbox 2480 1678 2803 1745; x_wconf 76' lang='lat' dir='ltr'><strong>tribui;nec</strong></span> <span class='ocrx_word' id='word_1_207' title='bbox 2835 1692 2970 1748; x_wconf 73' lang='lat' dir='ltr'><strong>nego</strong></span> <span class='ocrx_word' id='word_1_208' title='bbox 3007 1680 3295 1737; x_wconf 90' lang='lat' dir='ltr'><strong>adductum</strong></span> <span class='ocrx_word' id='word_1_209' title='bbox 3318 1696 3440 1736; x_wconf 89' lang='lat' dir='ltr'><strong>eum</strong></span> 
     </span>
    </p>
   </div>
   <div class='ocr_carea' id='block_1_30' title="bbox 1889 1771 3441 1842">
    <p class='ocr_par' dir='ltr' id='par_1_30' title="bbox 1889 1771 3441 1842">
     <span class='ocr_line' id='line_1_30' title="bbox 1889 1771 3441 1842; baseline 0.001 -16"><span class='ocrx_word' id='word_1_210' title='bbox 1889 1771 2051 1827; x_wconf 87' lang='lat' dir='ltr'><strong>luisse</strong></span> <span class='ocrx_word' id='word_1_211' title='bbox 2092 1773 2145 1827; x_wconf 91' lang='lat' dir='ltr'><strong>in</strong></span> <span class='ocrx_word' id='word_1_212' title='bbox 2184 1771 2322 1826; x_wconf 87' lang='lat' dir='ltr'><strong>hanc</strong></span> <span class='ocrx_word' id='word_1_213' title='bbox 2349 1771 2656 1842; x_wconf 87' lang='lat' dir='ltr'><strong>opinionem</strong></span> <span class='ocrx_word' id='word_1_214' title='bbox 2688 1779 3003 1838; x_wconf 78' lang='lat' dir='ltr'><strong>argumento</strong></span> <span class='ocrx_word' id='word_1_215' title='bbox 3032 1773 3353 1842; x_wconf 72' lang='lat' dir='ltr'><strong>gravissimo</strong></span> <span class='ocrx_word' id='word_1_216' title='bbox 3384 1782 3441 1829; x_wconf 89' lang='lat' dir='ltr'><strong>et</strong></span> 
     </span>
    </p>
   </div>
   <div class='ocr_carea' id='block_1_31' title="bbox 1887 1862 3442 1935">
    <p class='ocr_par' dir='ltr' id='par_1_31' title="bbox 1887 1862 3442 1935">
     <span class='ocr_line' id='line_1_31' title="bbox 1887 1862 3442 1935; baseline 0.003 -18"><span class='ocrx_word' id='word_1_217' title='bbox 1887 1865 1953 1918; x_wconf 88' lang='lat' dir='ltr'><strong>ad</strong></span> <span class='ocrx_word' id='word_1_218' title='bbox 1983 1863 2406 1934; x_wconf 80' lang='lat' dir='ltr'><strong>persuadendum</strong></span> <span class='ocrx_word' id='word_1_219' title='bbox 2452 1862 3045 1918; x_wconf 83' lang='lat' dir='ltr'><strong>accommodatissima:</strong></span> <span class='ocrx_word' id='word_1_220' title='bbox 3078 1865 3172 1919; x_wconf 88' lang='lat' dir='ltr'><strong>sed</strong></span> <span class='ocrx_word' id='word_1_221' title='bbox 3210 1866 3311 1935; x_wconf 87' lang='lat' dir='ltr'><strong>ipsi</strong></span> <span class='ocrx_word' id='word_1_222' title='bbox 3356 1875 3442 1921; x_wconf 82' lang='lat' dir='ltr'><strong>ta-</strong></span> 
     </span>
    </p>
   </div>
   <div class='ocr_carea' id='block_1_32' title="bbox 226 1928 3439 2024">
    <p class='ocr_par' dir='ltr' id='par_1_32' title="bbox 226 1928 3439 2024">
     <span class='ocr_line' id='line_1_32' title="bbox 226 1928 3439 2024; baseline 0.004 -29"><span class='ocrx_word' id='word_1_223' title='bbox 226 1945 315 2008; x_wconf 88' lang='lat' dir='ltr'><strong>qui</strong></span> <span class='ocrx_word' id='word_1_224' title='bbox 361 1954 457 2000; x_wconf 87' lang='lat' dir='ltr'><strong>aut</strong></span> <span class='ocrx_word' id='word_1_225' title='bbox 500 1963 623 2004; x_wconf 88' lang='lat' dir='ltr'><strong>cum</strong></span> <span class='ocrx_word' id='word_1_226' title='bbox 658 1928 879 2008; x_wconf 78' lang='lat' dir='ltr'><strong>Erasmo</strong></span> <span class='ocrx_word' id='word_1_227' title='bbox 916 1928 1159 2019; x_wconf 73' lang='lat' dir='ltr'><strong>verterit,</strong></span> <span class='ocrx_word' id='word_1_228' title='bbox 1201 1928 1358 2023; x_wconf 72' lang='lat' dir='ltr'><strong>supra</strong></span> <span class='ocrx_word' id='word_1_229' title='bbox 1387 1970 1505 2008; x_wconf 84' lang='lat' dir='ltr'><strong>eum</strong></span> <span class='ocrx_word' id='word_1_230' title='bbox 1532 1955 1622 2024; x_wconf 77' lang='lat' dir='ltr'><strong>qui</strong></span> <span class='ocrx_word' id='word_1_231' title='bbox 1664 1928 1786 2009; x_wconf 54' lang='lat' dir='ltr'><strong>catt;</strong></span> <span class='ocrx_word' id='word_1_232' title='bbox 1818 1928 1859 1983; x_wconf 72' lang='grc' dir='ltr'><strong>Β</strong></span> <span class='ocrx_word' id='word_1_233' title='bbox 1890 1928 2014 2009; x_wconf 81' lang='lat' dir='ltr'><strong>men</strong></span> <span class='ocrx_word' id='word_1_234' title='bbox 2054 1953 2125 2008; x_wconf 91' lang='lat' dir='ltr'><strong>ob</strong></span> <span class='ocrx_word' id='word_1_235' title='bbox 2168 1966 2261 2007; x_wconf 87' lang='lat' dir='ltr'><strong>eas</strong></span> <span class='ocrx_word' id='word_1_236' title='bbox 2287 1965 2422 2022; x_wconf 88' lang='lat' dir='ltr'><strong>quas</strong></span> <span class='ocrx_word' id='word_1_237' title='bbox 2453 1953 2635 2007; x_wconf 83' lang='lat' dir='ltr'><strong>statim</strong></span> <span class='ocrx_word' id='word_1_238' title='bbox 2669 1951 2937 2020; x_wconf 80' lang='lat' dir='ltr'><strong>proferam</strong></span> <span class='ocrx_word' id='word_1_239' title='bbox 2968 1967 3161 2008; x_wconf 88' lang='lat' dir='ltr'><strong>causas</strong></span> <span class='ocrx_word' id='word_1_240' title='bbox 3189 1928 3439 2010; x_wconf 74' lang='lat' dir='ltr'><strong>assentiri</strong></span> 
     </span>
    </p>
   </div>
   <div class='ocr_carea' id='block_1_33' title="bbox 226 2036 1787 2114">
    <p class='ocr_par' dir='ltr' id='par_1_33' title="bbox 226 2036 1787 2114">
     <span class='ocr_line' id='line_1_33' title="bbox 226 2036 1787 2114; baseline 0.01 -27"><span class='ocrx_word' id='word_1_241' title='bbox 226 2036 387 2103; x_wconf 77' lang='lat' dir='ltr'><strong>didit,</strong></span> <span class='ocrx_word' id='word_1_242' title='bbox 420 2050 515 2093; x_wconf 86' lang='lat' dir='ltr'><strong>aut</strong></span> <span class='ocrx_word' id='word_1_243' title='bbox 553 2056 677 2096; x_wconf 89' lang='lat' dir='ltr'><strong>cum</strong></span> <span class='ocrx_word' id='word_1_244' title='bbox 714 2042 831 2099; x_wconf 86' lang='lat' dir='ltr'><strong>aliis</strong></span> <span class='ocrx_word' id='word_1_245' title='bbox 861 2044 1201 2114; x_wconf 86' lang='lat' dir='ltr'><strong>quibusdam,</strong></span> <span class='ocrx_word' id='word_1_246' title='bbox 1244 2056 1433 2114; x_wconf 73' lang='lat' dir='ltr'><strong>prater</strong></span> <span class='ocrx_word' id='word_1_247' title='bbox 1465 2045 1787 2112; x_wconf 79' lang='lat' dir='ltr'><strong>Creatorem,</strong></span> 
     </span>
    </p>
   </div>
   <div class='ocr_carea' id='block_1_34' title="bbox 226 2129 1786 2206">
    <p class='ocr_par' dir='ltr' id='par_1_34' title="bbox 226 2129 1786 2206">
     <span class='ocr_line' id='line_1_34' title="bbox 226 2129 1786 2206; baseline 0.011 -27"><span class='ocrx_word' id='word_1_248' title='bbox 226 2143 389 2196; x_wconf 85' lang='lat' dir='ltr'><strong>quam</strong></span> <span class='ocrx_word' id='word_1_249' title='bbox 458 2129 773 2201; x_wconf 78' lang='lat' dir='ltr'><strong>longissime</strong></span> <span class='ocrx_word' id='word_1_250' title='bbox 837 2151 866 2189; x_wconf 90' lang='lat' dir='ltr'><strong>a</strong></span> <span class='ocrx_word' id='word_1_251' title='bbox 938 2134 1087 2190; x_wconf 86' lang='lat' dir='ltr'><strong>Pauli</strong></span> <span class='ocrx_word' id='word_1_252' title='bbox 1148 2138 1423 2206; x_wconf 88' lang='lat' dir='ltr'><strong>proposito</strong></span> <span class='ocrx_word' id='word_1_253' title='bbox 1495 2136 1786 2196; x_wconf 90' lang='lat' dir='ltr'><strong>aberrabit.</strong></span> 
     </span>
    </p>
   </div>
   <div class='ocr_carea' id='block_1_35' title="bbox 227 2217 1789 2295">
    <p class='ocr_par' dir='ltr' id='par_1_35' title="bbox 227 2217 1789 2295">
     <span class='ocr_line' id='line_1_35' title="bbox 227 2217 1789 2295; baseline 0.01 -25"><span class='ocrx_word' id='word_1_254' title='bbox 227 2217 444 2285; x_wconf 86' lang='lat' dir='ltr'><strong>Quare,</strong></span> <span class='ocrx_word' id='word_1_255' title='bbox 495 2233 552 2275; x_wconf 92' lang='lat' dir='ltr'><strong>ut</strong></span> <span class='ocrx_word' id='word_1_256' title='bbox 606 2223 741 2277; x_wconf 90' lang='lat' dir='ltr'><strong>idem</strong></span> <span class='ocrx_word' id='word_1_257' title='bbox 786 2223 1009 2281; x_wconf 73' lang='lat' dir='ltr'><strong>Duemus</strong></span> <span class='ocrx_word' id='word_1_258' title='bbox 1057 2239 1256 2295; x_wconf 79' lang='lat' dir='ltr'><strong>monet,</strong></span> <span class='ocrx_word' id='word_1_259' title='bbox 1306 2227 1448 2282; x_wconf 84' lang='lat' dir='ltr'><strong>haud</strong></span> <span class='ocrx_word' id='word_1_260' title='bbox 1500 2228 1789 2285; x_wconf 87' lang='lat' dir='ltr'><strong>immerens</strong></span> 
     </span>
    </p>
   </div>
   <div class='ocr_carea' id='block_1_36' title="bbox 230 2310 1789 2387">
    <p class='ocr_par' dir='ltr' id='par_1_36' title="bbox 230 2310 1789 2387">
     <span class='ocr_line' id='line_1_36' title="bbox 230 2310 1789 2387; baseline 0.008 -27"><span class='ocrx_word' id='word_1_261' title='bbox 230 2310 594 2380; x_wconf 86' lang='lat' dir='ltr'><strong>reprehensus</strong></span> <span class='ocrx_word' id='word_1_262' title='bbox 622 2323 703 2368; x_wconf 90' lang='lat' dir='ltr'><strong>est</strong></span> <span class='ocrx_word' id='word_1_263' title='bbox 740 2313 994 2369; x_wconf 88' lang='lat' dir='ltr'><strong>Erasmus</strong></span> <span class='ocrx_word' id='word_1_264' title='bbox 1031 2334 1060 2369; x_wconf 87' lang='lat' dir='ltr'><strong>a</strong></span> <span class='ocrx_word' id='word_1_265' title='bbox 1092 2313 1295 2372; x_wconf 86' lang='lat' dir='ltr'><strong>Theod.</strong></span> <span class='ocrx_word' id='word_1_266' title='bbox 1322 2315 1483 2383; x_wconf 78' lang='lat' dir='ltr'><strong>Beas,</strong></span> <span class='ocrx_word' id='word_1_267' title='bbox 1522 2318 1665 2387; x_wconf 90' lang='lat' dir='ltr'><strong>quod</strong></span> <span class='ocrx_word' id='word_1_268' title='bbox 1717 2318 1789 2373; x_wconf 90' lang='lat' dir='ltr'><strong>ita</strong></span> 
     </span>
    </p>
   </div>
   <div class='ocr_carea' id='block_1_37' title="bbox 228 2400 1793 2478">
    <p class='ocr_par' dir='ltr' id='par_1_37' title="bbox 228 2400 1793 2478">
     <span class='ocr_line' id='line_1_37' title="bbox 228 2400 1793 2478; baseline 0.007 -24"><span class='ocrx_word' id='word_1_269' title='bbox 228 2400 623 2471; x_wconf 87' lang='lat' dir='ltr'><strong>interpretatus</strong></span> <span class='ocrx_word' id='word_1_270' title='bbox 659 2414 837 2471; x_wconf 86' lang='lat' dir='ltr'><strong>esset,</strong></span> <span class='ocrx_word' id='word_1_271' title='bbox 888 2416 945 2460; x_wconf 91' lang='lat' dir='ltr'><strong>ut</strong></span> <span class='ocrx_word' id='word_1_272' title='bbox 976 2408 1218 2478; x_wconf 80' lang='lat' dir='ltr'><strong>Apostoli</strong></span> <span class='ocrx_word' id='word_1_273' title='bbox 1270 2409 1537 2465; x_wconf 88' lang='lat' dir='ltr'><strong>sententia</strong></span> <span class='ocrx_word' id='word_1_274' title='bbox 1591 2410 1643 2464; x_wconf 93' lang='lat' dir='ltr'><strong>in</strong></span> <span class='ocrx_word' id='word_1_275' title='bbox 1689 2408 1793 2465; x_wconf 81' lang='lat' dir='ltr'><strong>fal-</strong></span> 
     </span>
    </p>
   </div>
   <div class='ocr_carea' id='block_1_38' title="bbox 227 2496 1791 2573">
    <p class='ocr_par' dir='ltr' id='par_1_38' title="bbox 227 2496 1791 2573">
     <span class='ocr_line' id='line_1_38' title="bbox 227 2496 1791 2573; baseline 0.006 -26"><span class='ocrx_word' id='word_1_276' title='bbox 227 2507 347 2547; x_wconf 89' lang='lat' dir='ltr'><strong>sum</strong></span> <span class='ocrx_word' id='word_1_277' title='bbox 396 2508 616 2548; x_wconf 89' lang='lat' dir='ltr'><strong>sensum</strong></span> <span class='ocrx_word' id='word_1_278' title='bbox 683 2496 1109 2566; x_wconf 89' lang='lat' dir='ltr'><strong>detorqueretur.</strong></span> <span class='ocrx_word' id='word_1_279' title='bbox 1156 2497 1290 2555; x_wconf 84' lang='lat' dir='ltr'><strong>Nam</strong></span> <span class='ocrx_word' id='word_1_280' title='bbox 1341 2515 1407 2556; x_wconf 79' lang='lat' dir='ltr'><strong>ex</strong></span> <span class='ocrx_word' id='word_1_281' title='bbox 1462 2501 1645 2573; x_wconf 91' lang='lat' dir='ltr'><strong>inepta</strong></span> <span class='ocrx_word' id='word_1_282' title='bbox 1701 2501 1791 2557; x_wconf 88' lang='lat' dir='ltr'><strong>illa</strong></span> 
     </span>
    </p>
   </div>
   <div class='ocr_carea' id='block_1_39' title="bbox 229 2582 1793 2660">
    <p class='ocr_par' dir='ltr' id='par_1_39' title="bbox 229 2582 1793 2660">
     <span class='ocr_line' id='line_1_39' title="bbox 229 2582 1793 2660; baseline 0.007 -23"><span class='ocrx_word' id='word_1_283' title='bbox 229 2582 443 2638; x_wconf 77' lang='lat' dir='ltr'><strong>Erasini</strong></span> <span class='ocrx_word' id='word_1_284' title='bbox 500 2584 944 2655; x_wconf 85' lang='lat' dir='ltr'><strong>interpretatione</strong></span> <span class='ocrx_word' id='word_1_285' title='bbox 999 2590 1240 2660; x_wconf 86' lang='lat' dir='ltr'><strong>sequitur</strong></span> <span class='ocrx_word' id='word_1_286' title='bbox 1306 2592 1499 2660; x_wconf 89' lang='lat' dir='ltr'><strong>impios</strong></span> <span class='ocrx_word' id='word_1_287' title='bbox 1550 2592 1672 2648; x_wconf 89' lang='lat' dir='ltr'><strong>illos</strong></span> <span class='ocrx_word' id='word_1_288' title='bbox 1727 2594 1793 2649; x_wconf 87' lang='lat' dir='ltr'><strong>de</strong></span> 
     </span>
    </p>
   </div>
   <div class='ocr_carea' id='block_1_40' title="bbox 228 2676 1793 2753">
    <p class='ocr_par' dir='ltr' id='par_1_40' title="bbox 228 2676 1793 2753">
     <span class='ocr_line' id='line_1_40' title="bbox 228 2676 1793 2753; baseline 0.006 -25"><span class='ocrx_word' id='word_1_289' title='bbox 228 2676 423 2743; x_wconf 89' lang='lat' dir='ltr'><strong>quibus</strong></span> <span class='ocrx_word' id='word_1_290' title='bbox 469 2686 649 2732; x_wconf 86' lang='lat' dir='ltr'><strong>sermo</strong></span> <span class='ocrx_word' id='word_1_291' title='bbox 676 2688 759 2734; x_wconf 91' lang='lat' dir='ltr'><strong>est</strong></span> <span class='ocrx_word' id='word_1_292' title='bbox 804 2681 903 2734; x_wconf 89' lang='lat' dir='ltr'><strong>hoc</strong></span> <span class='ocrx_word' id='word_1_293' title='bbox 949 2682 1083 2747; x_wconf 92' lang='lat' dir='ltr'><strong>loco,</strong></span> <span class='ocrx_word' id='word_1_294' title='bbox 1127 2681 1327 2737; x_wconf 91' lang='lat' dir='ltr'><strong>cultum</strong></span> <span class='ocrx_word' id='word_1_295' title='bbox 1368 2682 1598 2753; x_wconf 85' lang='lat' dir='ltr'><strong>aliquem</strong></span> <span class='ocrx_word' id='word_1_296' title='bbox 1642 2698 1793 2739; x_wconf 87' lang='lat' dir='ltr'><strong>crea-</strong></span> 
     </span>
    </p>
   </div>
   <div class='ocr_carea' id='block_1_41' title="bbox 232 2768 1793 2838">
    <p class='ocr_par' dir='ltr' id='par_1_41' title="bbox 232 2768 1793 2838">
     <span class='ocr_line' id='line_1_41' title="bbox 232 2768 1793 2838; baseline 0.006 -19"><span class='ocrx_word' id='word_1_297' title='bbox 232 2768 364 2820; x_wconf 92' lang='lat' dir='ltr'><strong>turis</strong></span> <span class='ocrx_word' id='word_1_298' title='bbox 393 2768 556 2821; x_wconf 88' lang='lat' dir='ltr'><strong>simul</strong></span> <span class='ocrx_word' id='word_1_299' title='bbox 585 2780 640 2821; x_wconf 88' lang='lat' dir='ltr'><strong>et</strong></span> <span class='ocrx_word' id='word_1_300' title='bbox 674 2770 778 2823; x_wconf 88' lang='lat' dir='ltr'><strong>Deo</strong></span> <span class='ocrx_word' id='word_1_301' title='bbox 806 2772 1136 2838; x_wconf 74' lang='lat' dir='ltr'><strong>exhibuisse,</strong></span> <span class='ocrx_word' id='word_1_302' title='bbox 1170 2789 1293 2829; x_wconf 90' lang='lat' dir='ltr'><strong>cum</strong></span> <span class='ocrx_word' id='word_1_303' title='bbox 1322 2774 1423 2830; x_wconf 91' lang='lat' dir='ltr'><strong>hoc</strong></span> <span class='ocrx_word' id='word_1_304' title='bbox 1454 2774 1569 2831; x_wconf 88' lang='lat' dir='ltr'><strong>solo</strong></span> <span class='ocrx_word' id='word_1_305' title='bbox 1601 2775 1793 2831; x_wconf 76' lang='lat' dir='ltr'><strong>discri~</strong></span> 
     </span>
    </p>
   </div>
   <div class='ocr_carea' id='block_1_42' title="bbox 231 2859 1796 2930">
    <p class='ocr_par' dir='ltr' id='par_1_42' title="bbox 231 2859 1796 2930">
     <span class='ocr_line' id='line_1_42' title="bbox 231 2859 1796 2930; baseline 0.007 -18"><span class='ocrx_word' id='word_1_306' title='bbox 231 2859 397 2923; x_wconf 89' lang='lat' dir='ltr'><strong>mine,</strong></span> <span class='ocrx_word' id='word_1_307' title='bbox 446 2861 591 2929; x_wconf 88' lang='lat' dir='ltr'><strong>quod</strong></span> <span class='ocrx_word' id='word_1_308' title='bbox 626 2859 736 2917; x_wconf 90' lang='lat' dir='ltr'><strong>Deo</strong></span> <span class='ocrx_word' id='word_1_309' title='bbox 796 2864 1094 2930; x_wconf 87' lang='lat' dir='ltr'><strong>minorem,</strong></span> <span class='ocrx_word' id='word_1_310' title='bbox 1145 2866 1411 2921; x_wconf 89' lang='lat' dir='ltr'><strong>creaturis</strong></span> <span class='ocrx_word' id='word_1_311' title='bbox 1464 2866 1796 2923; x_wconf 85' lang='lat' dir='ltr'><strong>reddiderint</strong></span> 
     </span>
    </p>
   </div>
   <div class='ocr_carea' id='block_1_43' title="bbox 232 2953 1793 3027">
    <p class='ocr_par' dir='ltr' id='par_1_43' title="bbox 232 2953 1793 3027">
     <span class='ocr_line' id='line_1_43' title="bbox 232 2953 1793 3027; baseline 0.006 -25"><span class='ocrx_word' id='word_1_312' title='bbox 232 2953 495 3021; x_wconf 81' lang='lat' dir='ltr'><strong>majorem</strong></span> <span class='ocrx_word' id='word_1_313' title='bbox 525 2969 540 3007; x_wconf 92' lang='lat'><strong>:</strong></span> <span class='ocrx_word' id='word_1_314' title='bbox 573 2968 678 3023; x_wconf 88' lang='lat' dir='ltr'><strong>quo</strong></span> <span class='ocrx_word' id='word_1_315' title='bbox 712 2954 844 3011; x_wconf 82' lang='lat' dir='ltr'><strong>nihil</strong></span> <span class='ocrx_word' id='word_1_316' title='bbox 891 2966 1065 3027; x_wconf 85' lang='lat' dir='ltr'><strong>potest</strong></span> <span class='ocrx_word' id='word_1_317' title='bbox 1109 2957 1214 3013; x_wconf 89' lang='lat' dir='ltr'><strong>dici</strong></span> <span class='ocrx_word' id='word_1_318' title='bbox 1247 2973 1278 3014; x_wconf 90' lang='lat' dir='ltr'><strong>a</strong></span> <span class='ocrx_word' id='word_1_319' title='bbox 1313 2955 1604 3026; x_wconf 71' lang='lat' dir='ltr'><strong>Scriptum</strong></span> <span class='ocrx_word' id='word_1_320' title='bbox 1633 2971 1793 3013; x_wconf 86' lang='lat' dir='ltr'><strong>sensu</strong></span> 
     </span>
    </p>
   </div>
   <div class='ocr_carea' id='block_1_44' title="bbox 231 3045 1795 3119">
    <p class='ocr_par' dir='ltr' id='par_1_44' title="bbox 231 3045 1795 3119">
     <span class='ocr_line' id='line_1_44' title="bbox 231 3045 1795 3119; baseline 0.003 -20"><span class='ocrx_word' id='word_1_321' title='bbox 231 3053 323 3099; x_wconf 87' lang='lat' dir='ltr'><strong>aut</strong></span> <span class='ocrx_word' id='word_1_322' title='bbox 355 3045 643 3110; x_wconf 89' lang='lat' dir='ltr'><strong>remotius,</strong></span> <span class='ocrx_word' id='word_1_323' title='bbox 678 3058 771 3102; x_wconf 87' lang='lat' dir='ltr'><strong>aut</strong></span> <span class='ocrx_word' id='word_1_324' title='bbox 802 3050 972 3119; x_wconf 77' lang='lat' dir='ltr'><strong>magis</strong></span> <span class='ocrx_word' id='word_1_325' title='bbox 1002 3050 1256 3105; x_wconf 88' lang='lat' dir='ltr'><strong>alienum.</strong></span> <span class='ocrx_word' id='word_1_326' title='bbox 1284 3049 1505 3106; x_wconf 84' lang='lat' dir='ltr'><strong>Constat</strong></span> <span class='ocrx_word' id='word_1_327' title='bbox 1546 3050 1691 3103; x_wconf 88' lang='lat' dir='ltr'><strong>enim</strong></span> <span class='ocrx_word' id='word_1_328' title='bbox 1728 3062 1795 3103; x_wconf 80' lang='lat' dir='ltr'><strong>ex</strong></span> 
     </span>
    </p>
   </div>
   <div class='ocr_carea' id='block_1_45' title="bbox 231 3134 1796 3210">
    <p class='ocr_par' dir='ltr' id='par_1_45' title="bbox 231 3134 1796 3210">
     <span class='ocr_line' id='line_1_45' title="bbox 231 3134 1796 3210; baseline 0.005 -23"><span class='ocrx_word' id='word_1_329' title='bbox 231 3134 472 3205; x_wconf 76' lang='lat' dir='ltr'><strong>Apostoli</strong></span> <span class='ocrx_word' id='word_1_330' title='bbox 515 3137 711 3203; x_wconf 87' lang='lat' dir='ltr'><strong>verbis,</strong></span> <span class='ocrx_word' id='word_1_331' title='bbox 755 3138 994 3193; x_wconf 89' lang='lat' dir='ltr'><strong>debitum</strong></span> <span class='ocrx_word' id='word_1_332' title='bbox 1040 3142 1150 3194; x_wconf 88' lang='lat' dir='ltr'><strong>Deo</strong></span> <span class='ocrx_word' id='word_1_333' title='bbox 1200 3142 1458 3195; x_wconf 88' lang='lat' dir='ltr'><strong>honorem</strong></span> <span class='ocrx_word' id='word_1_334' title='bbox 1507 3154 1537 3194; x_wconf 88' lang='lat' dir='ltr'><strong>a</strong></span> <span class='ocrx_word' id='word_1_335' title='bbox 1578 3139 1796 3210; x_wconf 79' lang='lat' dir='ltr'><strong>perﬁdis</strong></span> 
     </span>
    </p>
   </div>
   <div class='ocr_carea' id='block_1_46' title="bbox 232 3226 1866 3313">
    <p class='ocr_par' dir='ltr' id='par_1_46' title="bbox 232 3226 1866 3313">
     <span class='ocr_line' id='line_1_46' title="bbox 232 3226 1866 3313; baseline 0.007 -36"><span class='ocrx_word' id='word_1_336' title='bbox 232 3226 339 3279; x_wconf 88' lang='lat' dir='ltr'><strong>illis</strong></span> <span class='ocrx_word' id='word_1_337' title='bbox 393 3236 565 3281; x_wconf 90' lang='lat' dir='ltr'><strong>totum</strong></span> <span class='ocrx_word' id='word_1_338' title='bbox 619 3228 687 3283; x_wconf 87' lang='lat' dir='ltr'><strong>ad</strong></span> <span class='ocrx_word' id='word_1_339' title='bbox 734 3228 873 3285; x_wconf 87' lang='lat' dir='ltr'><strong>idola</strong></span> <span class='ocrx_word' id='word_1_340' title='bbox 927 3229 1243 3286; x_wconf 88' lang='lat' dir='ltr'><strong>translatum</strong></span> <span class='ocrx_word' id='word_1_341' title='bbox 1296 3245 1433 3287; x_wconf 87' lang='lat' dir='ltr'><strong>esse.</strong></span> <span class='ocrx_word' id='word_1_342' title='bbox 1488 3232 1631 3303; x_wconf 75' lang='lat' dir='ltr'><strong>Ergo</strong></span> <span class='ocrx_word' id='word_1_343' title='bbox 1675 3231 1866 3313; x_wconf 74' lang='lat' dir='ltr'><strong>jurec</strong></span> 
     </span>
    </p>
   </div>
   <div class='ocr_carea' id='block_1_47' title="bbox 233 3319 1795 3394">
    <p class='ocr_par' dir='ltr' id='par_1_47' title="bbox 233 3319 1795 3394">
     <span class='ocr_line' id='line_1_47' title="bbox 233 3319 1795 3394; baseline 0.004 -22"><span class='ocrx_word' id='word_1_344' title='bbox 233 3319 439 3388; x_wconf 86' lang='lat' dir='ltr'><strong>optimo</strong></span> <span class='ocrx_word' id='word_1_345' title='bbox 467 3320 797 3390; x_wconf 84' lang='lat' dir='ltr'><strong>vituperatus</strong></span> <span class='ocrx_word' id='word_1_346' title='bbox 837 3329 921 3378; x_wconf 87' lang='lat' dir='ltr'><strong>est</strong></span> <span class='ocrx_word' id='word_1_347' title='bbox 951 3322 1228 3389; x_wconf 88' lang='lat' dir='ltr'><strong>Erasmus,</strong></span> <span class='ocrx_word' id='word_1_348' title='bbox 1274 3324 1364 3392; x_wconf 91' lang='lat' dir='ltr'><strong>qui</strong></span> <span class='ocrx_word' id='word_1_349' title='bbox 1406 3322 1685 3394; x_wconf 77' lang='lat' dir='ltr'><strong>Vulgatam</strong></span> <span class='ocrx_word' id='word_1_350' title='bbox 1719 3323 1795 3379; x_wconf 86' lang='lat' dir='ltr'><strong>le—</strong></span> 
     </span>
    </p>
   </div>
   <div class='ocr_carea' id='block_1_48' title="bbox 233 3409 1798 3484">
    <p class='ocr_par' dir='ltr' id='par_1_48' title="bbox 233 3409 1798 3484">
     <span class='ocr_line' id='line_1_48' title="bbox 233 3409 1798 3484; baseline 0.002 -18"><span class='ocrx_word' id='word_1_351' title='bbox 233 3409 489 3476; x_wconf 76' lang='lat' dir='ltr'><strong>CtiOnem,</strong></span> <span class='ocrx_word' id='word_1_352' title='bbox 521 3409 589 3463; x_wconf 83' lang='lat' dir='ltr'><strong>Et</strong></span> <span class='ocrx_word' id='word_1_353' title='bbox 624 3413 906 3467; x_wconf 76' lang='lat' dir='ltr'><strong>servierunt</strong></span> <span class='ocrx_word' id='word_1_354' title='bbox 935 3422 1193 3468; x_wconf 72' lang='lat' dir='ltr'><strong>creaturi:</strong></span> <span class='ocrx_word' id='word_1_355' title='bbox 1238 3415 1409 3482; x_wconf 82' lang='lat' dir='ltr'><strong>potius</strong></span> <span class='ocrx_word' id='word_1_356' title='bbox 1452 3429 1607 3484; x_wconf 83' lang='lat' dir='ltr'><strong>quam</strong></span> <span class='ocrx_word' id='word_1_357' title='bbox 1640 3412 1798 3469; x_wconf 78' lang='lat' dir='ltr'><strong>Crea-</strong></span> 
     </span>
    </p>
   </div>
   <div class='ocr_carea' id='block_1_49' title="bbox 237 3499 1798 3572">
    <p class='ocr_par' dir='ltr' id='par_1_49' title="bbox 237 3499 1798 3572">
     <span class='ocr_line' id='line_1_49' title="bbox 237 3499 1798 3572; baseline 0.004 -20"><span class='ocrx_word' id='word_1_358' title='bbox 237 3500 364 3565; x_wconf 89' lang='lat' dir='ltr'><strong>tori,</strong></span> <span class='ocrx_word' id='word_1_359' title='bbox 408 3500 556 3554; x_wconf 85' lang='lat' dir='ltr'><strong>haud</strong></span> <span class='ocrx_word' id='word_1_360' title='bbox 589 3499 659 3554; x_wconf 90' lang='lat' dir='ltr'><strong>ita</strong></span> <span class='ocrx_word' id='word_1_361' title='bbox 696 3501 914 3569; x_wconf 86' lang='lat' dir='ltr'><strong>malam,</strong></span> <span class='ocrx_word' id='word_1_362' title='bbox 958 3502 1188 3572; x_wconf 83' lang='lat' dir='ltr'><strong>pessima</strong></span> <span class='ocrx_word' id='word_1_363' title='bbox 1238 3503 1598 3561; x_wconf 74' lang='lat' dir='ltr'><strong>commutauit.</strong></span> <span class='ocrx_word' id='word_1_364' title='bbox 1646 3502 1798 3558; x_wconf 89' lang='lat' dir='ltr'><strong>IIaud</strong></span> 
     </span>
    </p>
   </div>
   <div class='ocr_carea' id='block_1_50' title="bbox 237 3588 1795 3660">
    <p class='ocr_par' dir='ltr' id='par_1_50' title="bbox 237 3588 1795 3660">
     <span class='ocr_line' id='line_1_50' title="bbox 237 3588 1795 3660; baseline 0.005 -18"><span class='ocrx_word' id='word_1_365' title='bbox 237 3589 421 3659; x_wconf 87' lang='lat' dir='ltr'><strong>plane,</strong></span> <span class='ocrx_word' id='word_1_366' title='bbox 460 3588 565 3644; x_wconf 87' lang='lat' dir='ltr'><strong>nisi</strong></span> <span class='ocrx_word' id='word_1_367' title='bbox 602 3590 753 3645; x_wconf 82' lang='lat' dir='ltr'><strong>valde</strong></span> <span class='ocrx_word' id='word_1_368' title='bbox 785 3590 960 3660; x_wconf 83' lang='lat' dir='ltr'><strong>fallor,</strong></span> <span class='ocrx_word' id='word_1_369' title='bbox 1002 3607 1033 3646; x_wconf 91' lang='lat' dir='ltr'><strong>a</strong></span> <span class='ocrx_word' id='word_1_370' title='bbox 1064 3590 1215 3646; x_wconf 82' lang='lat' dir='ltr'><strong>Pauli</strong></span> <span class='ocrx_word' id='word_1_371' title='bbox 1278 3593 1541 3648; x_wconf 82' lang='lat' dir='ltr'><strong>sententia</strong></span> <span class='ocrx_word' id='word_1_372' title='bbox 1575 3594 1795 3650; x_wconf 84' lang='lat' dir='ltr'><strong>multum</strong></span> 
     </span>
    </p>
   </div>
   <div class='ocr_carea' id='block_1_51' title="bbox 237 3680 1799 3755">
    <p class='ocr_par' dir='ltr' id='par_1_51' title="bbox 237 3680 1799 3755">
     <span class='ocr_line' id='line_1_51' title="bbox 237 3680 1799 3755; baseline 0.005 -22"><span class='ocrx_word' id='word_1_373' title='bbox 237 3680 519 3744; x_wconf 86' lang='lat' dir='ltr'><strong>abluserit,</strong></span> <span class='ocrx_word' id='word_1_374' title='bbox 568 3681 658 3750; x_wconf 91' lang='lat' dir='ltr'><strong>qui</strong></span> <span class='ocrx_word' id='word_1_375' title='bbox 707 3682 847 3736; x_wconf 89' lang='lat' dir='ltr'><strong>dicet</strong></span> <span class='ocrx_word' id='word_1_376' title='bbox 892 3684 1324 3753; x_wconf 67' lang='lat' dir='ltr'><strong>prapositionem</strong></span> <span class='ocrx_word' id='word_1_377' title='bbox 1369 3682 1522 3755; x_wconf 78' lang='grc' dir='ltr'>παρὰ</span> <span class='ocrx_word' id='word_1_378' title='bbox 1552 3685 1654 3740; x_wconf 88' lang='lat' dir='ltr'><strong>hoc</strong></span> <span class='ocrx_word' id='word_1_379' title='bbox 1682 3685 1799 3741; x_wconf 89' lang='lat' dir='ltr'><strong>loco</strong></span> 
     </span>
    </p>
   </div>
   <div class='ocr_carea' id='block_1_52' title="bbox 238 3771 1802 3844">
    <p class='ocr_par' dir='ltr' id='par_1_52' title="bbox 238 3771 1802 3844">
     <span class='ocr_line' id='line_1_52' title="bbox 238 3771 1802 3844; baseline 0.003 -19"><span class='ocrx_word' id='word_1_380' title='bbox 238 3772 353 3825; x_wconf 86' lang='lat' dir='ltr'><strong>vice</strong></span> <span class='ocrx_word' id='word_1_381' title='bbox 380 3771 773 3841; x_wconf 64' lang='lat' dir='ltr'><strong>prmpositionis</strong></span> <span class='ocrx_word' id='word_1_382' title='bbox 796 3772 917 3826; x_wconf 82' lang='grc' dir='ltr'>ἀντι</span> <span class='ocrx_word' id='word_1_383' title='bbox 945 3774 1172 3842; x_wconf 85' lang='lat' dir='ltr'><strong>positam</strong></span> <span class='ocrx_word' id='word_1_384' title='bbox 1204 3774 1391 3839; x_wconf 81' lang='lat' dir='ltr'><strong>fuisse,</strong></span> <span class='ocrx_word' id='word_1_385' title='bbox 1422 3776 1635 3844; x_wconf 84' lang='lat' dir='ltr'><strong>vimque</strong></span> <span class='ocrx_word' id='word_1_386' title='bbox 1658 3774 1802 3829; x_wconf 89' lang='lat' dir='ltr'><strong>illius</strong></span> 
     </span>
    </p>
   </div>
   <div class='ocr_carea' id='block_1_53' title="bbox 240 3862 1800 3939">
    <p class='ocr_par' dir='ltr' id='par_1_53' title="bbox 240 3862 1800 3939">
     <span class='ocr_line' id='line_1_53' title="bbox 240 3862 1800 3939; baseline 0.001 -22"><span class='ocrx_word' id='word_1_387' title='bbox 240 3863 461 3928; x_wconf 83' lang='lat' dir='ltr'><strong>habere,</strong></span> <span class='ocrx_word' id='word_1_388' title='bbox 491 3862 570 3917; x_wconf 84' lang='lat' dir='ltr'><strong>sic</strong></span> <span class='ocrx_word' id='word_1_389' title='bbox 600 3872 656 3916; x_wconf 92' lang='lat' dir='ltr'><strong>ut</strong></span> <span class='ocrx_word' id='word_1_390' title='bbox 685 3865 1034 3934; x_wconf 86' lang='lat' dir='ltr'><strong>apostolicum</strong></span> <span class='ocrx_word' id='word_1_391' title='bbox 1062 3864 1211 3929; x_wconf 89' lang='lat' dir='ltr'><strong>illud,</strong></span> <span class='ocrx_word' id='word_1_392' title='bbox 1243 3867 1353 3919; x_wconf 79' lang='lat' dir='ltr'><strong>Kal.</strong></span> <span class='ocrx_word' id='word_1_393' title='bbox 1380 3866 1707 3937; x_wconf 78' lang='grc' dir='ltr'><strong>ἐλάτρευσαν</strong></span> <span class='ocrx_word' id='word_1_394' title='bbox 1732 3868 1800 3939; x_wconf 72' lang='grc' dir='ltr'><strong>τῇ</strong></span> 
     </span>
    </p>
   </div>
   <div class='ocr_carea' id='block_1_54' title="bbox 241 3952 1803 4026">
    <p class='ocr_par' dir='ltr' id='par_1_54' title="bbox 241 3952 1803 4026">
     <span class='ocr_line' id='line_1_54' title="bbox 241 3952 1803 4026; baseline 0.003 -19"><span class='ocrx_word' id='word_1_395' title='bbox 241 3954 415 4008; x_wconf 73' lang='grc' dir='ltr'><strong>κτίσει</strong></span> <span class='ocrx_word' id='word_1_396' title='bbox 449 3952 601 4026; x_wconf 80' lang='grc' dir='ltr'><strong>παρὰ</strong></span> <span class='ocrx_word' id='word_1_397' title='bbox 627 3955 716 4008; x_wconf 84' lang='grc' dir='ltr'><strong>τὸν</strong></span> <span class='ocrx_word' id='word_1_398' title='bbox 743 3955 1023 4019; x_wconf 77' lang='grc' dir='ltr'><strong>κτίσαντα,</strong></span> <span class='ocrx_word' id='word_1_399' title='bbox 1049 3956 1179 4010; x_wconf 81' lang='lat' dir='ltr'><strong>satis</strong></span> <span class='ocrx_word' id='word_1_400' title='bbox 1206 3955 1481 4011; x_wconf 87' lang='lat' dir='ltr'><strong>commode</strong></span> <span class='ocrx_word' id='word_1_401' title='bbox 1510 3958 1582 4011; x_wconf 83' lang='lat' dir='ltr'><strong>ita</strong></span> <span class='ocrx_word' id='word_1_402' title='bbox 1614 3956 1803 4012; x_wconf 86' lang='lat' dir='ltr'><strong>Latine</strong></span> 
     </span>
    </p>
   </div>
   <div class='ocr_carea' id='block_1_55' title="bbox 246 4044 1803 4117">
    <p class='ocr_par' dir='ltr' id='par_1_55' title="bbox 246 4044 1803 4117">
     <span class='ocr_line' id='line_1_55' title="bbox 246 4044 1803 4117; baseline 0 -16"><span class='ocrx_word' id='word_1_403' title='bbox 246 4047 390 4101; x_wconf 84' lang='lat' dir='ltr'><strong>reddi</strong></span> <span class='ocrx_word' id='word_1_404' title='bbox 420 4045 629 4115; x_wconf 88' lang='lat' dir='ltr'><strong>possit:</strong></span> <span class='ocrx_word' id='word_1_405' title='bbox 666 4044 734 4099; x_wconf 84' lang='lat' dir='ltr'><strong>Et</strong></span> <span class='ocrx_word' id='word_1_406' title='bbox 764 4047 1036 4101; x_wconf 81' lang='lat' dir='ltr'><strong>coluerunt</strong></span> <span class='ocrx_word' id='word_1_407' title='bbox 1069 4062 1131 4101; x_wconf 84' lang='lat' dir='ltr'><strong>ea</strong></span> <span class='ocrx_word' id='word_1_408' title='bbox 1157 4062 1273 4116; x_wconf 72' lang='lat' dir='ltr'><strong>quae</strong></span> <span class='ocrx_word' id='word_1_409' title='bbox 1317 4048 1527 4101; x_wconf 78' lang='lat' dir='ltr'><strong>condita</strong></span> <span class='ocrx_word' id='word_1_410' title='bbox 1558 4058 1678 4101; x_wconf 85' lang='lat' dir='ltr'><strong>sunt</strong></span> <span class='ocrx_word' id='word_1_411' title='bbox 1707 4063 1803 4117; x_wconf 84' lang='lat' dir='ltr'><strong>pro</strong></span> 
     </span>
    </p>
   </div>
   <div class='ocr_carea' id='block_1_56' title="bbox 243 4135 1804 4208">
    <p class='ocr_par' dir='ltr' id='par_1_56' title="bbox 243 4135 1804 4208">
     <span class='ocr_line' id='line_1_56' title="bbox 243 4135 1804 4208; baseline -0.001 -16"><span class='ocrx_word' id='word_1_412' title='bbox 243 4154 301 4192; x_wconf 77' lang='lat' dir='ltr'><strong>eo</strong></span> <span class='ocrx_word' id='word_1_413' title='bbox 339 4139 427 4208; x_wconf 86' lang='lat' dir='ltr'><strong>qui</strong></span> <span class='ocrx_word' id='word_1_414' title='bbox 464 4135 721 4201; x_wconf 78' lang='lat' dir='ltr'><strong>condidit,</strong></span> <span class='ocrx_word' id='word_1_415' title='bbox 769 4146 881 4202; x_wconf 87' lang='lat' dir='ltr'><strong>aut,</strong></span> <span class='ocrx_word' id='word_1_416' title='bbox 927 4136 1041 4191; x_wconf 83' lang='lat' dir='ltr'><strong>loco</strong></span> <span class='ocrx_word' id='word_1_417' title='bbox 1076 4137 1190 4207; x_wconf 81' lang='lat' dir='ltr'><strong>ejus</strong></span> <span class='ocrx_word' id='word_1_418' title='bbox 1234 4136 1321 4207; x_wconf 85' lang='lat' dir='ltr'><strong>qui</strong></span> <span class='ocrx_word' id='word_1_419' title='bbox 1354 4137 1613 4191; x_wconf 81' lang='lat' dir='ltr'><strong>condidit.</strong></span> <span class='ocrx_word' id='word_1_420' title='bbox 1658 4135 1804 4190; x_wconf 84' lang='lat' dir='ltr'><strong>Peri-</strong></span> 
     </span>
    </p>
   </div>
   <div class='ocr_carea' id='block_1_57' title="bbox 248 4226 1806 4299">
    <p class='ocr_par' dir='ltr' id='par_1_57' title="bbox 248 4226 1806 4299">
     <span class='ocr_line' id='line_1_57' title="bbox 248 4226 1806 4299; baseline -0.003 -13"><span class='ocrx_word' id='word_1_421' title='bbox 248 4229 439 4286; x_wconf 88' lang='lat' dir='ltr'><strong>tissimi</strong></span> <span class='ocrx_word' id='word_1_422' title='bbox 488 4230 593 4283; x_wconf 92' lang='lat' dir='ltr'><strong>duo</strong></span> <span class='ocrx_word' id='word_1_423' title='bbox 642 4227 1038 4297; x_wconf 90' lang='lat' dir='ltr'><strong>Scripturarum</strong></span> <span class='ocrx_word' id='word_1_424' title='bbox 1093 4229 1414 4299; x_wconf 83' lang='lat' dir='ltr'><strong>interpretes</strong></span> <span class='ocrx_word' id='word_1_425' title='bbox 1455 4226 1719 4283; x_wconf 78' lang='lat' dir='ltr'><strong>Eusebius</strong></span> <span class='ocrx_word' id='word_1_426' title='bbox 1751 4235 1806 4282; x_wconf 89' lang='lat' dir='ltr'><strong>et</strong></span> 
     </span>
    </p>
   </div>
   <div class='ocr_carea' id='block_1_58' title="bbox 246 4317 1804 4387">
    <p class='ocr_par' dir='ltr' id='par_1_58' title="bbox 246 4317 1804 4387">
     <span class='ocr_line' id='line_1_58' title="bbox 246 4317 1804 4387; baseline -0.001 -12"><span class='ocrx_word' id='word_1_427' title='bbox 246 4320 476 4376; x_wconf 83' lang='lat' dir='ltr'><strong>Basilius</strong></span> <span class='ocrx_word' id='word_1_428' title='bbox 513 4320 624 4373; x_wconf 63' lang='lat' dir='ltr'><strong>hac</strong></span> <span class='ocrx_word' id='word_1_429' title='bbox 658 4318 844 4387; x_wconf 85' lang='lat' dir='ltr'><strong>psalmi</strong></span> <span class='ocrx_word' id='word_1_430' title='bbox 887 4318 1125 4371; x_wconf 80' lang='lat' dir='ltr'><strong>vicesimi</strong></span> <span class='ocrx_word' id='word_1_431' title='bbox 1158 4319 1330 4372; x_wconf 89' lang='lat' dir='ltr'><strong>octavi</strong></span> <span class='ocrx_word' id='word_1_432' title='bbox 1365 4319 1546 4384; x_wconf 75' lang='lat' dir='ltr'><strong>verba,</strong></span> <span class='ocrx_word' id='word_1_433' title='bbox 1577 4317 1804 4373; x_wconf 81' lang='lat' dir='ltr'><strong>Adorate</strong></span> 
     </span>
    </p>
   </div>
   <div class='ocr_carea' id='block_1_59' title="bbox 249 4408 1803 4479">
    <p class='ocr_par' dir='ltr' id='par_1_59' title="bbox 249 4408 1803 4479">
     <span class='ocr_line' id='line_1_59' title="bbox 249 4408 1803 4479; baseline -0.003 -11"><span class='ocrx_word' id='word_1_434' title='bbox 249 4413 533 4468; x_wconf 71' lang='lat' dir='ltr'><strong>Dominum</strong></span> <span class='ocrx_word' id='word_1_435' title='bbox 561 4410 616 4463; x_wconf 86' lang='lat' dir='ltr'><strong>in</strong></span> <span class='ocrx_word' id='word_1_436' title='bbox 644 4411 782 4462; x_wconf 84' lang='lat' dir='ltr'><strong>am&#39;o</strong></span> <span class='ocrx_word' id='word_1_437' title='bbox 797 4421 978 4464; x_wconf 78' lang='lat' dir='ltr'><strong>sancto</strong></span> <span class='ocrx_word' id='word_1_438' title='bbox 1004 4410 1117 4479; x_wconf 85' lang='lat' dir='ltr'><strong>ejus</strong></span> <span class='ocrx_word' id='word_1_439' title='bbox 1135 4408 1220 4471; x_wconf 84' lang='lat'><strong>“‘,</strong></span> <span class='ocrx_word' id='word_1_440' title='bbox 1257 4410 1330 4463; x_wconf 89' lang='lat' dir='ltr'><strong>ita</strong></span> <span class='ocrx_word' id='word_1_441' title='bbox 1367 4409 1803 4478; x_wconf 89' lang='lat' dir='ltr'><strong>interpretantur,</strong></span> 
     </span>
    </p>
   </div>
   <div class='ocr_carea' id='block_1_60' title="bbox 251 4498 1807 4557">
    <p class='ocr_par' dir='ltr' id='par_1_60' title="bbox 251 4498 1807 4557">
     <span class='ocr_line' id='line_1_60' title="bbox 251 4498 1807 4557; baseline -0.001 0"><span class='ocrx_word' id='word_1_442' title='bbox 251 4512 307 4557; x_wconf 93' lang='lat' dir='ltr'><strong>ut</strong></span> <span class='ocrx_word' id='word_1_443' title='bbox 334 4502 517 4557; x_wconf 86' lang='lat' dir='ltr'><strong>dicant</strong></span> <span class='ocrx_word' id='word_1_444' title='bbox 540 4501 903 4554; x_wconf 85' lang='lat' dir='ltr'><strong>adorationem</strong></span> <span class='ocrx_word' id='word_1_445' title='bbox 942 4499 1053 4553; x_wconf 81' lang='lat' dir='ltr'><strong>ﬂeri</strong></span> <span class='ocrx_word' id='word_1_446' title='bbox 1088 4514 1191 4553; x_wconf 91' lang='lat' dir='ltr'><strong>non</strong></span> <span class='ocrx_word' id='word_1_447' title='bbox 1228 4498 1423 4554; x_wconf 84' lang='lat' dir='ltr'><strong>debere</strong></span> <span class='ocrx_word' id='word_1_448' title='bbox 1446 4508 1600 4555; x_wconf 78' lang='lat' dir='ltr'><strong>extra</strong></span> <span class='ocrx_word' id='word_1_449' title='bbox 1633 4500 1807 4557; x_wconf 85' lang='lat' dir='ltr'><strong>eccle-</strong></span> 
     </span>
    </p>
   </div>
   <div class='ocr_carea' id='block_1_61' title="bbox 1889 2040 3439 2112">
    <p class='ocr_par' dir='ltr' id='par_1_61' title="bbox 1889 2040 3439 2112">
     <span class='ocr_line' id='line_1_61' title="bbox 1889 2040 3439 2112; baseline -0.001 -14"><span class='ocrx_word' id='word_1_450' title='bbox 1889 2057 1995 2098; x_wconf 91' lang='lat' dir='ltr'><strong>non</strong></span> <span class='ocrx_word' id='word_1_451' title='bbox 2040 2056 2200 2112; x_wconf 91' lang='lat' dir='ltr'><strong>queo.</strong></span> <span class='ocrx_word' id='word_1_452' title='bbox 2224 2041 2295 2096; x_wconf 81' lang='lat' dir='ltr'><strong>At</strong></span> <span class='ocrx_word' id='word_1_453' title='bbox 2323 2048 2540 2111; x_wconf 66' lang='lat' dir='ltr'><strong>praestat</strong></span> <span class='ocrx_word' id='word_1_454' title='bbox 2569 2040 2741 2096; x_wconf 87' lang='lat' dir='ltr'><strong>virum</strong></span> <span class='ocrx_word' id='word_1_455' title='bbox 2775 2043 3196 2097; x_wconf 88' lang='lat' dir='ltr'><strong>eruditissimum</strong></span> <span class='ocrx_word' id='word_1_456' title='bbox 3227 2044 3439 2100; x_wconf 88' lang='lat' dir='ltr'><strong>audire.</strong></span> 
     </span>
    </p>
   </div>
   <div class='ocr_carea' id='block_1_62' title="bbox 1895 2132 3442 2205">
    <p class='ocr_par' dir='ltr' id='par_1_62' title="bbox 1895 2132 3442 2205">
     <span class='ocr_line' id='line_1_62' title="bbox 1895 2132 3442 2205; baseline 0.001 -18"><span class='ocrx_word' id='word_1_457' title='bbox 1895 2152 1916 2187; x_wconf 77' lang='grc' dir='ltr'><strong>ι</strong></span> <span class='ocrx_word' id='word_1_458' title='bbox 1944 2133 2198 2190; x_wconf 89' lang='lat' dir='ltr'><strong>Catenam</strong></span> <span class='ocrx_word' id='word_1_459' title='bbox 2251 2132 2452 2200; x_wconf 84' lang='lat' dir='ltr'><strong>itaque,</strong></span> <span class='ocrx_word' id='word_1_460' title='bbox 2500 2132 2704 2201; x_wconf 89' lang='lat' dir='ltr'><strong>inquit,</strong></span> <span class='ocrx_word' id='word_1_461' title='bbox 2749 2147 2817 2187; x_wconf 78' lang='lat' dir='ltr'><strong>ex</strong></span> <span class='ocrx_word' id='word_1_462' title='bbox 2872 2134 3111 2204; x_wconf 85' lang='lat' dir='ltr'><strong>utrisque</strong></span> <span class='ocrx_word' id='word_1_463' title='bbox 3156 2133 3442 2205; x_wconf 81' lang='lat' dir='ltr'><strong>pleniorem</strong></span> 
     </span>
    </p>
   </div>
   <div class='ocr_carea' id='block_1_63' title="bbox 1889 2224 3443 2295">
    <p class='ocr_par' dir='ltr' id='par_1_63' title="bbox 1889 2224 3443 2295">
     <span class='ocr_line' id='line_1_63' title="bbox 1889 2224 3443 2295; baseline -0.001 -14"><span class='ocrx_word' id='word_1_464' title='bbox 1889 2225 2171 2291; x_wconf 78' lang='lat' dir='ltr'><strong>contexui;</strong></span> <span class='ocrx_word' id='word_1_465' title='bbox 2215 2239 2375 2295; x_wconf 90' lang='lat' dir='ltr'><strong>quam</strong></span> <span class='ocrx_word' id='word_1_466' title='bbox 2427 2237 2493 2278; x_wconf 89' lang='lat' dir='ltr'><strong>ne</strong></span> <span class='ocrx_word' id='word_1_467' title='bbox 2523 2224 2687 2278; x_wconf 86' lang='lat' dir='ltr'><strong>solam</strong></span> <span class='ocrx_word' id='word_1_468' title='bbox 2734 2224 2952 2289; x_wconf 87' lang='lat' dir='ltr'><strong>darem,</strong></span> <span class='ocrx_word' id='word_1_469' title='bbox 2994 2225 3443 2281; x_wconf 87' lang='lat' dir='ltr'><strong>Commentarinm</strong></span> 
     </span>
    </p>
   </div>
   <div class='ocr_carea' id='block_1_64' title="bbox 1890 2315 3447 2387">
    <p class='ocr_par' dir='ltr' id='par_1_64' title="bbox 1890 2315 3447 2387">
     <span class='ocr_line' id='line_1_64' title="bbox 1890 2315 3447 2387; baseline -0.001 -14"><span class='ocrx_word' id='word_1_470' title='bbox 1890 2316 2134 2373; x_wconf 68' lang='lat' dir='ltr'><strong>Graecum</strong></span> <span class='ocrx_word' id='word_1_471' title='bbox 2170 2331 2513 2387; x_wconf 85' lang='lat' dir='ltr'><strong>anonymum,</strong></span> <span class='ocrx_word' id='word_1_472' title='bbox 2559 2316 2614 2370; x_wconf 90' lang='lat' dir='ltr'><strong>in</strong></span> <span class='ocrx_word' id='word_1_473' title='bbox 2648 2315 2833 2371; x_wconf 89' lang='lat' dir='ltr'><strong>charta</strong></span> <span class='ocrx_word' id='word_1_474' title='bbox 2869 2316 3102 2385; x_wconf 79' lang='lat' dir='ltr'><strong>quidem,</strong></span> <span class='ocrx_word' id='word_1_475' title='bbox 3128 2318 3220 2372; x_wconf 89' lang='lat' dir='ltr'><strong>sed</strong></span> <span class='ocrx_word' id='word_1_476' title='bbox 3250 2331 3447 2387; x_wconf 88' lang='lat' dir='ltr'><strong>peran-</strong></span> 
     </span>
    </p>
   </div>
   <div class='ocr_carea' id='block_1_65' title="bbox 1894 2407 3447 2478">
    <p class='ocr_par' dir='ltr' id='par_1_65' title="bbox 1894 2407 3447 2478">
     <span class='ocr_line' id='line_1_65' title="bbox 1894 2407 3447 2478; baseline 0.001 -15"><span class='ocrx_word' id='word_1_477' title='bbox 1894 2407 2062 2478; x_wconf 89' lang='lat' dir='ltr'><strong>tiqua,</strong></span> <span class='ocrx_word' id='word_1_478' title='bbox 2105 2407 2378 2478; x_wconf 80' lang='lat' dir='ltr'><strong>eleganter</strong></span> <span class='ocrx_word' id='word_1_479' title='bbox 2417 2408 2803 2475; x_wconf 83' lang='lat' dir='ltr'><strong>conscriptum,</strong></span> <span class='ocrx_word' id='word_1_480' title='bbox 2843 2421 2911 2462; x_wconf 80' lang='lat' dir='ltr'><strong>ex</strong></span> <span class='ocrx_word' id='word_1_481' title='bbox 2957 2407 3205 2463; x_wconf 73' lang='lat' dir='ltr'><strong>Caesarea</strong></span> <span class='ocrx_word' id='word_1_482' title='bbox 3252 2408 3447 2464; x_wconf 82' lang='lat' dir='ltr'><strong>addere.</strong></span> 
     </span>
    </p>
   </div>
   <div class='ocr_carea' id='block_1_66' title="bbox 1891 2499 3444 2571">
    <p class='ocr_par' dir='ltr' id='par_1_66' title="bbox 1891 2499 3444 2571">
     <span class='ocr_line' id='line_1_66' title="bbox 1891 2499 3444 2571; baseline 0.001 -17"><span class='ocrx_word' id='word_1_483' title='bbox 1891 2500 2124 2571; x_wconf 87' lang='lat' dir='ltr'><strong>placuit,</strong></span> <span class='ocrx_word' id='word_1_484' title='bbox 2172 2501 2433 2555; x_wconf 83' lang='lat' dir='ltr'><strong>hactenus</strong></span> <span class='ocrx_word' id='word_1_485' title='bbox 2479 2499 2693 2568; x_wconf 88' lang='lat' dir='ltr'><strong>quidem</strong></span> <span class='ocrx_word' id='word_1_486' title='bbox 2726 2499 3093 2570; x_wconf 70' lang='lat' dir='ltr'><strong>incognitum;</strong></span> <span class='ocrx_word' id='word_1_487' title='bbox 3137 2500 3241 2555; x_wconf 89' lang='lat' dir='ltr'><strong>nisi</strong></span> <span class='ocrx_word' id='word_1_488' title='bbox 3282 2501 3444 2570; x_wconf 89' lang='lat' dir='ltr'><strong>quod,</strong></span> 
     </span>
    </p>
   </div>
   <div class='ocr_carea' id='block_1_67' title="bbox 1892 2588 3446 2657">
    <p class='ocr_par' dir='ltr' id='par_1_67' title="bbox 1892 2588 3446 2657">
     <span class='ocr_line' id='line_1_67' title="bbox 1892 2588 3446 2657; baseline -0.002 -11"><span class='ocrx_word' id='word_1_489' title='bbox 1892 2592 2016 2647; x_wconf 91' lang='lat' dir='ltr'><strong>dum</strong></span> <span class='ocrx_word' id='word_1_490' title='bbox 2071 2599 2197 2645; x_wconf 87' lang='lat' dir='ltr'><strong>ante</strong></span> <span class='ocrx_word' id='word_1_491' title='bbox 2249 2603 2486 2645; x_wconf 88' lang='lat' dir='ltr'><strong>mensem</strong></span> <span class='ocrx_word' id='word_1_492' title='bbox 2544 2588 2770 2643; x_wconf 73' lang='lat' dir='ltr'><strong>Romam</strong></span> <span class='ocrx_word' id='word_1_493' title='bbox 2821 2590 3081 2657; x_wconf 90' lang='lat' dir='ltr'><strong>veniens,</strong></span> <span class='ocrx_word' id='word_1_494' title='bbox 3134 2588 3446 2644; x_wconf 84' lang='lat' dir='ltr'><strong>Vaticanam</strong></span> 
     </span>
    </p>
   </div>
   <div class='ocr_carea' id='block_1_68' title="bbox 1892 2678 3444 2750">
    <p class='ocr_par' dir='ltr' id='par_1_68' title="bbox 1892 2678 3444 2750">
     <span class='ocr_line' id='line_1_68' title="bbox 1892 2678 3444 2750; baseline -0.001 -16"><span class='ocrx_word' id='word_1_495' title='bbox 1892 2680 2179 2750; x_wconf 77' lang='lat' dir='ltr'><strong>pontiﬁcis,</strong></span> <span class='ocrx_word' id='word_1_496' title='bbox 2223 2695 2286 2734; x_wconf 85' lang='lat' dir='ltr'><strong>ac</strong></span> <span class='ocrx_word' id='word_1_497' title='bbox 2336 2679 2666 2746; x_wconf 78' lang='lat' dir='ltr'><strong>Quirinalem</strong></span> <span class='ocrx_word' id='word_1_498' title='bbox 2704 2678 3114 2735; x_wconf 86' lang='lat' dir='ltr'><strong>eminentissimi</strong></span> <span class='ocrx_word' id='word_1_499' title='bbox 3164 2678 3444 2735; x_wconf 78' lang='lat' dir='ltr'><strong>Francisci</strong></span> 
     </span>
    </p>
   </div>
   <div class='ocr_carea' id='block_1_69' title="bbox 1895 2768 3449 2839">
    <p class='ocr_par' dir='ltr' id='par_1_69' title="bbox 1895 2768 3449 2839">
     <span class='ocr_line' id='line_1_69' title="bbox 1895 2768 3449 2839; baseline -0.002 -14"><span class='ocrx_word' id='word_1_500' title='bbox 1895 2770 2179 2826; x_wconf 82' lang='lat' dir='ltr'><strong>cardinalis</strong></span> <span class='ocrx_word' id='word_1_501' title='bbox 2209 2768 2486 2826; x_wconf 86' lang='lat' dir='ltr'><strong>Barberini</strong></span> <span class='ocrx_word' id='word_1_502' title='bbox 2514 2768 2901 2824; x_wconf 78' lang='lat' dir='ltr'><strong>Bibliotliecam</strong></span> <span class='ocrx_word' id='word_1_503' title='bbox 2929 2771 3214 2839; x_wconf 88' lang='lat' dir='ltr'><strong>perlustro,</strong></span> <span class='ocrx_word' id='word_1_504' title='bbox 3246 2780 3301 2825; x_wconf 89' lang='lat' dir='ltr'><strong>et</strong></span> <span class='ocrx_word' id='word_1_505' title='bbox 3326 2784 3449 2825; x_wconf 77' lang='lat' dir='ltr'><strong>cum</strong></span> 
     </span>
    </p>
   </div>
   <div class='ocr_carea' id='block_1_70' title="bbox 1894 2860 3447 2931">
    <p class='ocr_par' dir='ltr' id='par_1_70' title="bbox 1894 2860 3447 2931">
     <span class='ocr_line' id='line_1_70' title="bbox 1894 2860 3447 2931; baseline -0.001 -14"><span class='ocrx_word' id='word_1_506' title='bbox 1894 2862 2268 2931; x_wconf 80' lang='lat' dir='ltr'><strong>manuscriptis</strong></span> <span class='ocrx_word' id='word_1_507' title='bbox 2326 2861 2667 2931; x_wconf 80' lang='lat' dir='ltr'><strong>pervetustis,</strong></span> <span class='ocrx_word' id='word_1_508' title='bbox 2713 2874 2834 2931; x_wconf 62' lang='lat' dir='ltr'><strong>qua).</strong></span> <span class='ocrx_word' id='word_1_509' title='bbox 2880 2862 2933 2915; x_wconf 92' lang='lat' dir='ltr'><strong>in</strong></span> <span class='ocrx_word' id='word_1_510' title='bbox 2972 2873 3297 2931; x_wconf 70' lang='lat' dir='ltr'><strong>pergameno</strong></span> <span class='ocrx_word' id='word_1_511' title='bbox 3345 2860 3447 2915; x_wconf 88' lang='lat' dir='ltr'><strong>de-</strong></span> 
     </span>
    </p>
   </div>
   <div class='ocr_carea' id='block_1_71' title="bbox 1896 2950 3451 3021">
    <p class='ocr_par' dir='ltr' id='par_1_71' title="bbox 1896 2950 3451 3021">
     <span class='ocr_line' id='line_1_71' title="bbox 1896 2950 3451 3021; baseline 0 -16"><span class='ocrx_word' id='word_1_512' title='bbox 1896 2953 2094 3021; x_wconf 86' lang='lat' dir='ltr'><strong>scripto</strong></span> <span class='ocrx_word' id='word_1_513' title='bbox 2148 2952 2341 3007; x_wconf 86' lang='lat' dir='ltr'><strong>ibidem</strong></span> <span class='ocrx_word' id='word_1_514' title='bbox 2393 2960 2693 3017; x_wconf 81' lang='lat' dir='ltr'><strong>servantur,</strong></span> <span class='ocrx_word' id='word_1_515' title='bbox 2727 2950 2964 3018; x_wconf 78' lang='lat' dir='ltr'><strong>confero,</strong></span> <span class='ocrx_word' id='word_1_516' title='bbox 2996 2950 3288 3021; x_wconf 89' lang='lat' dir='ltr'><strong>repererim</strong></span> <span class='ocrx_word' id='word_1_517' title='bbox 3329 2964 3451 3005; x_wconf 88' lang='lat' dir='ltr'><strong>esse</strong></span> 
     </span>
    </p>
   </div>
   <div class='ocr_carea' id='block_1_72' title="bbox 1896 3040 3447 3112">
    <p class='ocr_par' dir='ltr' id='par_1_72' title="bbox 1896 3040 3447 3112">
     <span class='ocr_line' id='line_1_72' title="bbox 1896 3040 3447 3112; baseline -0.001 -15"><span class='ocrx_word' id='word_1_518' title='bbox 1896 3040 2159 3098; x_wconf 86' lang='lat' dir='ltr'><strong>Theodori</strong></span> <span class='ocrx_word' id='word_1_519' title='bbox 2198 3040 2559 3108; x_wconf 63' lang='lat' dir='ltr'><strong>Heracleum;</strong></span> <span class='ocrx_word' id='word_1_520' title='bbox 2594 3042 2746 3112; x_wconf 90' lang='lat' dir='ltr'><strong>cujus</strong></span> <span class='ocrx_word' id='word_1_521' title='bbox 2789 3044 3004 3097; x_wconf 87' lang='lat' dir='ltr'><strong>nomine</strong></span> <span class='ocrx_word' id='word_1_522' title='bbox 3049 3044 3121 3097; x_wconf 87' lang='lat' dir='ltr'><strong>ita</strong></span> <span class='ocrx_word' id='word_1_523' title='bbox 3166 3052 3319 3097; x_wconf 86' lang='lat' dir='ltr'><strong>erant</strong></span> <span class='ocrx_word' id='word_1_524' title='bbox 3363 3043 3447 3097; x_wconf 84' lang='lat' dir='ltr'><strong>in-</strong></span> 
     </span>
    </p>
   </div>
   <div class='ocr_carea' id='block_1_73' title="bbox 1896 3133 3452 3204">
    <p class='ocr_par' dir='ltr' id='par_1_73' title="bbox 1896 3133 3452 3204">
     <span class='ocr_line' id='line_1_73' title="bbox 1896 3133 3452 3204; baseline -0.002 -14"><span class='ocrx_word' id='word_1_525' title='bbox 1896 3135 2092 3204; x_wconf 77' lang='lat' dir='ltr'><strong>scripta</strong></span> <span class='ocrx_word' id='word_1_526' title='bbox 2140 3153 2155 3189; x_wconf 90' lang='lat'><strong>:</strong></span> <span class='ocrx_word' id='word_1_527' title='bbox 2204 3133 2554 3187; x_wconf 78' lang='grc' dir='ltr'><strong>ΘΕΟΔΩΡΟΥ</strong></span> <span class='ocrx_word' id='word_1_528' title='bbox 2605 3134 3001 3189; x_wconf 83' lang='grc' dir='ltr'><strong>ΕΠΙΣΚΟΠΟΥ</strong></span> <span class='ocrx_word' id='word_1_529' title='bbox 3059 3134 3452 3187; x_wconf 73' lang='grc' dir='ltr'><strong>ΗΡΑΚΛΕΙΔΣ</strong></span> 
     </span>
    </p>
   </div>
   <div class='ocr_carea' id='block_1_74' title="bbox 1896 3219 3452 3278">
    <p class='ocr_par' dir='ltr' id='par_1_74' title="bbox 1896 3219 3452 3278">
     <span class='ocr_line' id='line_1_74' title="bbox 1896 3219 3452 3278; baseline 0 -3"><span class='ocrx_word' id='word_1_530' title='bbox 1896 3222 2174 3275; x_wconf 77' lang='grc' dir='ltr'><strong>ΘΡΑΚΗΣ</strong></span> <span class='ocrx_word' id='word_1_531' title='bbox 2208 3219 2560 3276; x_wconf 75' lang='grc' dir='ltr'><strong>ΕΡΜΗΝΕΙΑ</strong></span> <span class='ocrx_word' id='word_1_532' title='bbox 2596 3222 2704 3275; x_wconf 80' lang='grc' dir='ltr'><strong>ΕΙΣ</strong></span> <span class='ocrx_word' id='word_1_533' title='bbox 2740 3222 2918 3275; x_wconf 90' lang='grc' dir='ltr'><strong>ΤΟΥΣ</strong></span> <span class='ocrx_word' id='word_1_534' title='bbox 2952 3221 3310 3278; x_wconf 76' lang='grc' dir='ltr'><strong>ΨΔΛΜΟΥΣ.</strong></span> <span class='ocrx_word' id='word_1_535' title='bbox 3339 3221 3452 3275; x_wconf 82' lang='lat' dir='ltr'><strong>Hoc</strong></span> 
     </span>
    </p>
   </div>
   <div class='ocr_carea' id='block_1_75' title="bbox 1897 3313 3451 3383">
    <p class='ocr_par' dir='ltr' id='par_1_75' title="bbox 1897 3313 3451 3383">
     <span class='ocr_line' id='line_1_75' title="bbox 1897 3313 3451 3383; baseline -0.002 -14"><span class='ocrx_word' id='word_1_536' title='bbox 1897 3314 2013 3383; x_wconf 88' lang='lat' dir='ltr'><strong>ipso</strong></span> <span class='ocrx_word' id='word_1_537' title='bbox 2041 3314 2092 3369; x_wconf 90' lang='lat' dir='ltr'><strong>in</strong></span> <span class='ocrx_word' id='word_1_538' title='bbox 2117 3314 2234 3369; x_wconf 91' lang='lat' dir='ltr'><strong>loco</strong></span> <span class='ocrx_word' id='word_1_539' title='bbox 2259 3314 2520 3370; x_wconf 88' lang='lat' dir='ltr'><strong>edendum</strong></span> <span class='ocrx_word' id='word_1_540' title='bbox 2542 3314 2751 3369; x_wconf 84' lang='lat' dir='ltr'><strong>curavit</strong></span> <span class='ocrx_word' id='word_1_541' title='bbox 2776 3313 3060 3370; x_wconf 86' lang='lat' dir='ltr'><strong>Corderius</strong></span> <span class='ocrx_word' id='word_1_542' title='bbox 3088 3313 3451 3369; x_wconf 88' lang='lat' dir='ltr'><strong>testimonium</strong></span> 
     </span>
    </p>
   </div>
   <div class='ocr_carea' id='block_1_76' title="bbox 1898 3402 3453 3476">
    <p class='ocr_par' dir='ltr' id='par_1_76' title="bbox 1898 3402 3453 3476">
     <span class='ocr_line' id='line_1_76' title="bbox 1898 3402 3453 3476; baseline 0 -17"><span class='ocrx_word' id='word_1_543' title='bbox 1898 3404 2027 3459; x_wconf 91' lang='lat' dir='ltr'><strong>illud</strong></span> <span class='ocrx_word' id='word_1_544' title='bbox 2052 3402 2359 3475; x_wconf 76' lang='lat' dir='ltr'><strong>Hieronymi</strong></span> <span class='ocrx_word' id='word_1_545' title='bbox 2383 3417 2413 3459; x_wconf 88' lang='lat' dir='ltr'><strong>e</strong></span> <span class='ocrx_word' id='word_1_546' title='bbox 2434 3404 2572 3460; x_wconf 90' lang='lat' dir='ltr'><strong>libro</strong></span> <span class='ocrx_word' id='word_1_547' title='bbox 2598 3404 2672 3460; x_wconf 81' lang='lat' dir='ltr'><strong>De</strong></span> <span class='ocrx_word' id='word_1_548' title='bbox 2694 3406 3033 3476; x_wconf 77' lang='lat' dir='ltr'><strong>scriptoribus</strong></span> <span class='ocrx_word' id='word_1_549' title='bbox 3053 3405 3453 3460; x_wconf 77' lang='lat' dir='ltr'><strong>ecclesiasticis:</strong></span> 
     </span>
    </p>
   </div>
   <div class='ocr_carea' id='block_1_77' title="bbox 1903 3495 3454 3566">
    <p class='ocr_par' dir='ltr' id='par_1_77' title="bbox 1903 3495 3454 3566">
     <span class='ocr_line' id='line_1_77' title="bbox 1903 3495 3454 3566; baseline -0.001 -16"><span class='ocrx_word' id='word_1_550' title='bbox 1903 3515 1922 3550; x_wconf 82' lang='grc' dir='ltr'><strong>ι</strong></span> <span class='ocrx_word' id='word_1_551' title='bbox 1947 3495 2255 3553; x_wconf 79' lang='lat' dir='ltr'><strong>Theodorus</strong></span> <span class='ocrx_word' id='word_1_552' title='bbox 2269 3496 2534 3553; x_wconf 73' lang='lat' dir='ltr'><strong>Ileraclem</strong></span> <span class='ocrx_word' id='word_1_553' title='bbox 2551 3497 2898 3553; x_wconf 86' lang='lat' dir='ltr'><strong>Thraciarum</strong></span> <span class='ocrx_word' id='word_1_554' title='bbox 2920 3497 3223 3566; x_wconf 81' lang='lat' dir='ltr'><strong>episcopus,</strong></span> <span class='ocrx_word' id='word_1_555' title='bbox 3240 3495 3454 3566; x_wconf 65' lang='lat' dir='ltr'><strong>elegan-</strong></span> 
     </span>
    </p>
   </div>
   <div class='ocr_carea' id='block_1_78' title="bbox 1901 3589 3456 3668">
    <p class='ocr_par' dir='ltr' id='par_1_78' title="bbox 1901 3589 3456 3668">
     <span class='ocr_line' id='line_1_78' title="bbox 1901 3589 3456 3668; baseline -0.006 -16"><span class='ocrx_word' id='word_1_556' title='bbox 1901 3596 1969 3652; x_wconf 92' lang='lat' dir='ltr'><strong>tis</strong></span> <span class='ocrx_word' id='word_1_557' title='bbox 1987 3597 2267 3668; x_wconf 88' lang='lat' dir='ltr'><strong>apertique</strong></span> <span class='ocrx_word' id='word_1_558' title='bbox 2282 3594 2566 3659; x_wconf 88' lang='lat' dir='ltr'><strong>sermonis,</strong></span> <span class='ocrx_word' id='word_1_559' title='bbox 2599 3604 2653 3647; x_wconf 88' lang='lat' dir='ltr'><strong>et</strong></span> <span class='ocrx_word' id='word_1_560' title='bbox 2669 3593 2839 3663; x_wconf 70' lang='lat' dir='ltr'><strong>magis</strong></span> <span class='ocrx_word' id='word_1_561' title='bbox 2864 3591 3130 3648; x_wconf 66' lang='lat' dir='ltr'><strong>historica</strong></span> <span class='ocrx_word' id='word_1_562' title='bbox 3152 3589 3456 3659; x_wconf 68' lang='lat' dir='ltr'><strong>intelligen-</strong></span> 
     </span>
    </p>
   </div>
   <div class='ocr_carea' id='block_1_79' title="bbox 1903 3680 3454 3754">
    <p class='ocr_par' dir='ltr' id='par_1_79' title="bbox 1903 3680 3454 3754">
     <span class='ocr_line' id='line_1_79' title="bbox 1903 3680 3454 3754; baseline -0.006 -13"><span class='ocrx_word' id='word_1_563' title='bbox 1903 3690 2003 3749; x_wconf 68' lang='lat' dir='ltr'><strong>tiie,</strong></span> <span class='ocrx_word' id='word_1_564' title='bbox 2034 3685 2309 3740; x_wconf 87' lang='lat' dir='ltr'><strong>ediditsub</strong></span> <span class='ocrx_word' id='word_1_565' title='bbox 2329 3683 2643 3740; x_wconf 86' lang='lat' dir='ltr'><strong>Constantio</strong></span> <span class='ocrx_word' id='word_1_566' title='bbox 2672 3684 2912 3754; x_wconf 86' lang='lat' dir='ltr'><strong>principe</strong></span> <span class='ocrx_word' id='word_1_567' title='bbox 2936 3680 3370 3738; x_wconf 88' lang='lat' dir='ltr'><strong>Commentarios</strong></span> <span class='ocrx_word' id='word_1_568' title='bbox 3397 3680 3454 3733; x_wconf 70' lang='lat' dir='ltr'><strong>in</strong></span> 
     </span>
    </p>
   </div>
   <div class='ocr_carea' id='block_1_80' title="bbox 1902 3770 3448 3842">
    <p class='ocr_par' dir='ltr' id='par_1_80' title="bbox 1902 3770 3448 3842">
     <span class='ocr_line' id='line_1_80' title="bbox 1902 3770 3448 3842; baseline -0.005 -11"><span class='ocrx_word' id='word_1_569' title='bbox 1902 3776 2203 3831; x_wconf 72' lang='lat' dir='ltr'><strong>Mattharsut</strong></span> <span class='ocrx_word' id='word_1_570' title='bbox 2220 3783 2273 3830; x_wconf 90' lang='lat' dir='ltr'><strong>et</strong></span> <span class='ocrx_word' id='word_1_571' title='bbox 2284 3775 2541 3829; x_wconf 74' lang='lat' dir='ltr'><strong>Joannem</strong></span> <span class='ocrx_word' id='word_1_572' title='bbox 2559 3784 2609 3828; x_wconf 90' lang='lat' dir='ltr'><strong>et</strong></span> <span class='ocrx_word' id='word_1_573' title='bbox 2626 3774 2679 3827; x_wconf 85' lang='lat' dir='ltr'><strong>in</strong></span> <span class='ocrx_word' id='word_1_574' title='bbox 2695 3772 3065 3842; x_wconf 74' lang='lat' dir='ltr'><strong>Apostolumot</strong></span> <span class='ocrx_word' id='word_1_575' title='bbox 3083 3770 3413 3826; x_wconf 70' lang='lat' dir='ltr'><strong>Psalterium.</strong></span> <span class='ocrx_word' id='word_1_576' title='bbox 3429 3789 3448 3823; x_wconf 84' lang='grc' dir='ltr'><strong>ι</strong></span> 
     </span>
    </p>
   </div>
   <div class='ocr_carea' id='block_1_81' title="bbox 1900 3862 3455 3935">
    <p class='ocr_par' dir='ltr' id='par_1_81' title="bbox 1900 3862 3455 3935">
     <span class='ocr_line' id='line_1_81' title="bbox 1900 3862 3455 3935; baseline -0.004 -14"><span class='ocrx_word' id='word_1_577' title='bbox 1900 3866 1977 3921; x_wconf 74' lang='lat' dir='ltr'><strong>Ex</strong></span> <span class='ocrx_word' id='word_1_578' title='bbox 2008 3866 2204 3935; x_wconf 89' lang='lat' dir='ltr'><strong>quibus</strong></span> <span class='ocrx_word' id='word_1_579' title='bbox 2234 3866 2339 3919; x_wconf 91' lang='lat' dir='ltr'><strong>duo</strong></span> <span class='ocrx_word' id='word_1_580' title='bbox 2369 3864 2622 3933; x_wconf 69' lang='lat' dir='ltr'><strong>colligere</strong></span> <span class='ocrx_word' id='word_1_581' title='bbox 2650 3864 2794 3928; x_wconf 86' lang='lat' dir='ltr'><strong>licet,</strong></span> <span class='ocrx_word' id='word_1_582' title='bbox 2834 3862 3084 3933; x_wconf 88' lang='lat' dir='ltr'><strong>primum,</strong></span> <span class='ocrx_word' id='word_1_583' title='bbox 3125 3871 3455 3917; x_wconf 89' lang='lat' dir='ltr'><strong>commenta-</strong></span> 
     </span>
    </p>
   </div>
   <div class='ocr_carea' id='block_1_82' title="bbox 1900 3950 3454 4013">
    <p class='ocr_par' dir='ltr' id='par_1_82' title="bbox 1900 3950 3454 4013">
     <span class='ocr_line' id='line_1_82' title="bbox 1900 3950 3454 4013; baseline -0.005 0"><span class='ocrx_word' id='word_1_584' title='bbox 1900 3959 2041 4013; x_wconf 88' lang='lat' dir='ltr'><strong>rium</strong></span> <span class='ocrx_word' id='word_1_585' title='bbox 2071 3956 2217 4013; x_wconf 89' lang='lat' dir='ltr'><strong>illum</strong></span> <span class='ocrx_word' id='word_1_586' title='bbox 2248 3954 2528 4010; x_wconf 83' lang='lat' dir='ltr'><strong>Theodoro</strong></span> <span class='ocrx_word' id='word_1_587' title='bbox 2553 3952 2807 4009; x_wconf 89' lang='lat' dir='ltr'><strong>tributum</strong></span> <span class='ocrx_word' id='word_1_588' title='bbox 2831 3968 2950 4010; x_wconf 84' lang='lat' dir='ltr'><strong>esse</strong></span> <span class='ocrx_word' id='word_1_589' title='bbox 2977 3967 3042 4009; x_wconf 76' lang='lat' dir='ltr'><strong>ex</strong></span> <span class='ocrx_word' id='word_1_590' title='bbox 3074 3950 3179 4007; x_wconf 86' lang='lat' dir='ltr'><strong>Ilde</strong></span> <span class='ocrx_word' id='word_1_591' title='bbox 3208 3950 3454 4007; x_wconf 90' lang='lat' dir='ltr'><strong>codicum</strong></span> 
     </span>
    </p>
   </div>
   <div class='ocr_carea' id='block_1_83' title="bbox 1903 4045 3459 4109">
    <p class='ocr_par' dir='ltr' id='par_1_83' title="bbox 1903 4045 3459 4109">
     <span class='ocr_line' id='line_1_83' title="bbox 1903 4045 3459 4109; baseline -0.003 -4"><span class='ocrx_word' id='word_1_592' title='bbox 1903 4050 2280 4105; x_wconf 72' lang='lat' dir='ltr'><strong>Yaticanornm</strong></span> <span class='ocrx_word' id='word_1_593' title='bbox 2327 4056 2380 4104; x_wconf 86' lang='lat' dir='ltr'><strong>et</strong></span> <span class='ocrx_word' id='word_1_594' title='bbox 2424 4046 2925 4103; x_wconf 88' lang='lat' dir='ltr'><strong>Barberinianorum</strong></span> <span class='ocrx_word' id='word_1_595' title='bbox 2967 4064 2982 4099; x_wconf 85' lang='lat'><strong>:</strong></span> <span class='ocrx_word' id='word_1_596' title='bbox 3025 4045 3273 4109; x_wconf 88' lang='lat' dir='ltr'><strong>alterum,</strong></span> <span class='ocrx_word' id='word_1_597' title='bbox 3315 4046 3459 4100; x_wconf 84' lang='lat' dir='ltr'><strong>hunc</strong></span> 
     </span>
    </p>
   </div>
   <div class='ocr_carea' id='block_1_84' title="bbox 1904 4136 3455 4204">
    <p class='ocr_par' dir='ltr' id='par_1_84' title="bbox 1904 4136 3455 4204">
     <span class='ocr_line' id='line_1_84' title="bbox 1904 4136 3455 4204; baseline -0.004 -7"><span class='ocrx_word' id='word_1_598' title='bbox 1904 4141 2150 4197; x_wconf 90' lang='lat' dir='ltr'><strong>eumdem</strong></span> <span class='ocrx_word' id='word_1_599' title='bbox 2177 4139 2619 4195; x_wconf 88' lang='lat' dir='ltr'><strong>commentarium</strong></span> <span class='ocrx_word' id='word_1_600' title='bbox 2653 4139 2853 4193; x_wconf 88' lang='lat' dir='ltr'><strong>editum</strong></span> <span class='ocrx_word' id='word_1_601' title='bbox 2888 4153 2917 4193; x_wconf 92' lang='lat' dir='ltr'><strong>a</strong></span> <span class='ocrx_word' id='word_1_602' title='bbox 2947 4136 3228 4194; x_wconf 79' lang='lat' dir='ltr'><strong>Theodoro</strong></span> <span class='ocrx_word' id='word_1_603' title='bbox 3265 4137 3455 4204; x_wconf 78' lang='lat' dir='ltr'><strong>fuisse,</strong></span> 
     </span>
    </p>
   </div>
   <div class='ocr_carea' id='block_1_85' title="bbox 1902 4230 3458 4304">
    <p class='ocr_par' dir='ltr' id='par_1_85' title="bbox 1902 4230 3458 4304">
     <span class='ocr_line' id='line_1_85' title="bbox 1902 4230 3458 4304; baseline -0.003 -16"><span class='ocrx_word' id='word_1_604' title='bbox 1902 4232 2202 4304; x_wconf 86' lang='lat' dir='ltr'><strong>imperante</strong></span> <span class='ocrx_word' id='word_1_605' title='bbox 2213 4232 2549 4289; x_wconf 82' lang='lat' dir='ltr'><strong>Constantio.</strong></span> <span class='ocrx_word' id='word_1_606' title='bbox 2568 4230 2693 4299; x_wconf 88' lang='lat' dir='ltr'><strong>Sed,</strong></span> <span class='ocrx_word' id='word_1_607' title='bbox 2712 4230 2842 4286; x_wconf 86' lang='lat' dir='ltr'><strong>siita</strong></span> <span class='ocrx_word' id='word_1_608' title='bbox 2866 4241 2967 4296; x_wconf 88' lang='lat' dir='ltr'><strong>est,</strong></span> <span class='ocrx_word' id='word_1_609' title='bbox 2983 4230 3180 4286; x_wconf 79' lang='lat' dir='ltr'><strong>{rustra</strong></span> <span class='ocrx_word' id='word_1_610' title='bbox 3200 4234 3458 4285; x_wconf 85' lang='lat' dir='ltr'><strong>hactenus</strong></span> 
     </span>
    </p>
   </div>
   <div class='ocr_carea' id='block_1_86' title="bbox 1903 4319 3460 4391">
    <p class='ocr_par' dir='ltr' id='par_1_86' title="bbox 1903 4319 3460 4391">
     <span class='ocr_line' id='line_1_86' title="bbox 1903 4319 3460 4391; baseline -0.003 -13"><span class='ocrx_word' id='word_1_611' title='bbox 1903 4323 2296 4391; x_wconf 80' lang='lat' dir='ltr'><strong>laboravimus;</strong></span> <span class='ocrx_word' id='word_1_612' title='bbox 2334 4323 2487 4380; x_wconf 89' lang='lat' dir='ltr'><strong>nobis</strong></span> <span class='ocrx_word' id='word_1_613' title='bbox 2532 4324 2616 4379; x_wconf 87' lang='lat' dir='ltr'><strong>vel</strong></span> <span class='ocrx_word' id='word_1_614' title='bbox 2658 4324 2844 4380; x_wconf 88' lang='lat' dir='ltr'><strong>invitis</strong></span> <span class='ocrx_word' id='word_1_615' title='bbox 2876 4321 3109 4377; x_wconf 86' lang='lat' dir='ltr'><strong>Basilius</strong></span> <span class='ocrx_word' id='word_1_616' title='bbox 3157 4320 3297 4375; x_wconf 88' lang='lat' dir='ltr'><strong>inter</strong></span> <span class='ocrx_word' id='word_1_617' title='bbox 3343 4319 3460 4388; x_wconf 84' lang='lat' dir='ltr'><strong>pla-</strong></span> 
     </span>
    </p>
   </div>
   <div class='ocr_carea' id='block_1_87' title="bbox 1906 4410 3459 4486">
    <p class='ocr_par' dir='ltr' id='par_1_87' title="bbox 1906 4410 3459 4486">
     <span class='ocr_line' id='line_1_87' title="bbox 1906 4410 3459 4486; baseline -0.003 -16"><span class='ocrx_word' id='word_1_618' title='bbox 1906 4416 2107 4486; x_wconf 72' lang='lat' dir='ltr'><strong>giarios</strong></span> <span class='ocrx_word' id='word_1_619' title='bbox 2149 4415 2537 4471; x_wconf 88' lang='lat' dir='ltr'><strong>numerabitur.</strong></span> <span class='ocrx_word' id='word_1_620' title='bbox 2583 4414 2767 4484; x_wconf 80' lang='lat' dir='ltr'><strong>Neque</strong></span> <span class='ocrx_word' id='word_1_621' title='bbox 2798 4427 2923 4468; x_wconf 90' lang='lat' dir='ltr'><strong>vero</strong></span> <span class='ocrx_word' id='word_1_622' title='bbox 2969 4426 3067 4483; x_wconf 89' lang='lat' dir='ltr'><strong>pro</strong></span> <span class='ocrx_word' id='word_1_623' title='bbox 3106 4410 3459 4481; x_wconf 87' lang='lat' dir='ltr'><strong>qualicunque</strong></span> 
     </span>
    </p>
   </div>
   <div class='ocr_carea' id='block_1_88' title="bbox 1910 4500 3463 4580">
    <p class='ocr_par' dir='ltr' id='par_1_88' title="bbox 1910 4500 3463 4580">
     <span class='ocr_line' id='line_1_88' title="bbox 1910 4500 3463 4580; baseline -0.005 -17"><span class='ocrx_word' id='word_1_624' title='bbox 1910 4509 2169 4580; x_wconf 79' lang='lat' dir='ltr'><strong>plagiario</strong></span> <span class='ocrx_word' id='word_1_625' title='bbox 2209 4508 2526 4572; x_wconf 86' lang='lat' dir='ltr'><strong>habebitur;</strong></span> <span class='ocrx_word' id='word_1_626' title='bbox 2568 4505 2662 4561; x_wconf 88' lang='lat' dir='ltr'><strong>sed</strong></span> <span class='ocrx_word' id='word_1_627' title='bbox 2694 4503 3016 4575; x_wconf 59' lang='lat' dir='ltr'><strong>praecipuum</strong></span> <span class='ocrx_word' id='word_1_628' title='bbox 3065 4505 3348 4571; x_wconf 86' lang='lat' dir='ltr'><strong>quemdam</strong></span> <span class='ocrx_word' id='word_1_629' title='bbox 3383 4500 3463 4556; x_wconf 88' lang='lat' dir='ltr'><strong>Io—</strong></span> 
     </span>
    </p>
   </div>
   <div class='ocr_carea' id='block_1_89' title="bbox 248 4584 3465 4663">
    <p class='ocr_par' dir='ltr' id='par_1_89' title="bbox 248 4584 3465 4663">
     <span class='ocr_line' id='line_1_89' title="bbox 248 4584 3465 4663; baseline -0.001 -14"><span class='ocrx_word' id='word_1_630' title='bbox 248 4595 381 4649; x_wconf 86' lang='lat' dir='ltr'><strong>siam</strong></span> <span class='ocrx_word' id='word_1_631' title='bbox 411 4611 425 4647; x_wconf 91' lang='lat'><strong>:</strong></span> <span class='ocrx_word' id='word_1_632' title='bbox 458 4592 515 4646; x_wconf 90' lang='lat' dir='ltr'><strong>id</strong></span> <span class='ocrx_word' id='word_1_633' title='bbox 551 4592 689 4660; x_wconf 88' lang='lat' dir='ltr'><strong>quod</strong></span> <span class='ocrx_word' id='word_1_634' title='bbox 721 4590 835 4643; x_wconf 86' lang='lat' dir='ltr'><strong>viro</strong></span> <span class='ocrx_word' id='word_1_635' title='bbox 854 4590 1220 4646; x_wconf 88' lang='lat' dir='ltr'><strong>eruditissimo</strong></span> <span class='ocrx_word' id='word_1_636' title='bbox 1241 4591 1317 4663; x_wconf 92' lang='lat' dir='ltr'><strong>(a)</strong></span> <span class='ocrx_word' id='word_1_637' title='bbox 1349 4592 1521 4647; x_wconf 89' lang='lat' dir='ltr'><strong>visum</strong></span> <span class='ocrx_word' id='word_1_638' title='bbox 1541 4599 1621 4647; x_wconf 87' lang='lat' dir='ltr'><strong>est</strong></span> <span class='ocrx_word' id='word_1_639' title='bbox 1649 4591 1804 4662; x_wconf 73' lang='lat' dir='ltr'><strong>longa</strong></span> <span class='ocrx_word' id='word_1_640' title='bbox 1837 4584 1882 4639; x_wconf 85' lang='lat' dir='ltr'><strong>D</strong></span> <span class='ocrx_word' id='word_1_641' title='bbox 1910 4616 2029 4656; x_wconf 78' lang='lat' dir='ltr'><strong>cum</strong></span> <span class='ocrx_word' id='word_1_642' title='bbox 2056 4600 2197 4655; x_wconf 74' lang='lat' dir='ltr'><strong>inter</strong></span> <span class='ocrx_word' id='word_1_643' title='bbox 2226 4613 2321 4654; x_wconf 74' lang='lat' dir='ltr'><strong>eos</strong></span> <span class='ocrx_word' id='word_1_644' title='bbox 2352 4598 2577 4653; x_wconf 71' lang='lat' dir='ltr'><strong>obtinet.</strong></span> <span class='ocrx_word' id='word_1_645' title='bbox 2603 4596 2811 4652; x_wconf 80' lang='lat' dir='ltr'><strong>Etenim</strong></span> <span class='ocrx_word' id='word_1_646' title='bbox 2841 4603 2948 4649; x_wconf 83' lang='lat' dir='ltr'><strong>tam</strong></span> <span class='ocrx_word' id='word_1_647' title='bbox 2977 4592 3140 4648; x_wconf 88' lang='lat' dir='ltr'><strong>multa</strong></span> <span class='ocrx_word' id='word_1_648' title='bbox 3168 4599 3313 4657; x_wconf 91' lang='lat' dir='ltr'><strong>sunt,</strong></span> <span class='ocrx_word' id='word_1_649' title='bbox 3344 4604 3465 4659; x_wconf 74' lang='lat' dir='ltr'><strong>qua:</strong></span> 
     </span>
    </p>
   </div>
   <div class='ocr_carea' id='block_1_90' title="bbox 249 4682 1807 4754">
    <p class='ocr_par' dir='ltr' id='par_1_90' title="bbox 249 4682 1807 4754">
     <span class='ocr_line' id='line_1_90' title="bbox 249 4682 1807 4754; baseline -0.001 -14"><span class='ocrx_word' id='word_1_650' title='bbox 249 4683 628 4754; x_wconf 79' lang='lat' dir='ltr'><strong>explanatione</strong></span> <span class='ocrx_word' id='word_1_651' title='bbox 656 4692 815 4753; x_wconf 88' lang='lat' dir='ltr'><strong>atque</strong></span> <span class='ocrx_word' id='word_1_652' title='bbox 858 4682 1071 4738; x_wconf 89' lang='lat' dir='ltr'><strong>curiosa</strong></span> <span class='ocrx_word' id='word_1_653' title='bbox 1119 4684 1381 4754; x_wconf 80' lang='lat' dir='ltr'><strong>indigere.</strong></span> <span class='ocrx_word' id='word_1_654' title='bbox 1411 4682 1538 4749; x_wconf 86' lang='lat' dir='ltr'><strong>Sed,</strong></span> <span class='ocrx_word' id='word_1_655' title='bbox 1575 4694 1634 4739; x_wconf 88' lang='lat' dir='ltr'><strong>ut</strong></span> <span class='ocrx_word' id='word_1_656' title='bbox 1672 4685 1807 4739; x_wconf 87' lang='lat' dir='ltr'><strong>mihi</strong></span> 
     </span>
    </p>
   </div>
   <div class='ocr_carea' id='block_1_91' title="bbox 250 4771 1808 4845">
    <p class='ocr_par' dir='ltr' id='par_1_91' title="bbox 250 4771 1808 4845">
     <span class='ocr_line' id='line_1_91' title="bbox 250 4771 1808 4845; baseline 0.001 -17"><span class='ocrx_word' id='word_1_657' title='bbox 250 4774 465 4845; x_wconf 90' lang='lat' dir='ltr'><strong>quidem</strong></span> <span class='ocrx_word' id='word_1_658' title='bbox 504 4771 740 4838; x_wconf 86' lang='lat' dir='ltr'><strong>videtur,</strong></span> <span class='ocrx_word' id='word_1_659' title='bbox 785 4786 917 4841; x_wconf 88' lang='lat' dir='ltr'><strong>opus</strong></span> <span class='ocrx_word' id='word_1_660' title='bbox 950 4786 1057 4827; x_wconf 91' lang='lat' dir='ltr'><strong>non</strong></span> <span class='ocrx_word' id='word_1_661' title='bbox 1103 4782 1222 4827; x_wconf 87' lang='lat' dir='ltr'><strong>erat</strong></span> <span class='ocrx_word' id='word_1_662' title='bbox 1265 4780 1368 4827; x_wconf 90' lang='lat' dir='ltr'><strong>tam</strong></span> <span class='ocrx_word' id='word_1_663' title='bbox 1404 4774 1585 4830; x_wconf 87' lang='lat' dir='ltr'><strong>multis</strong></span> <span class='ocrx_word' id='word_1_664' title='bbox 1630 4774 1808 4829; x_wconf 88' lang='lat' dir='ltr'><strong>verbis</strong></span> 
     </span>
    </p>
   </div>
   <div class='ocr_carea' id='block_1_92' title="bbox 248 4862 1805 4934">
    <p class='ocr_par' dir='ltr' id='par_1_92' title="bbox 248 4862 1805 4934">
     <span class='ocr_line' id='line_1_92' title="bbox 248 4862 1805 4934; baseline -0.001 -14"><span class='ocrx_word' id='word_1_665' title='bbox 248 4868 313 4920; x_wconf 85' lang='lat' dir='ltr'><strong>ad</strong></span> <span class='ocrx_word' id='word_1_666' title='bbox 341 4864 666 4920; x_wconf 87' lang='lat' dir='ltr'><strong>sententiam</strong></span> <span class='ocrx_word' id='word_1_667' title='bbox 704 4862 920 4918; x_wconf 83' lang='lat' dir='ltr'><strong>Eusebii</strong></span> <span class='ocrx_word' id='word_1_668' title='bbox 946 4873 998 4917; x_wconf 92' lang='lat' dir='ltr'><strong>et</strong></span> <span class='ocrx_word' id='word_1_669' title='bbox 1025 4862 1204 4918; x_wconf 88' lang='lat' dir='ltr'><strong>Basilii</strong></span> <span class='ocrx_word' id='word_1_670' title='bbox 1235 4867 1627 4934; x_wconf 81' lang='lat' dir='ltr'><strong>exponendam.</strong></span> <span class='ocrx_word' id='word_1_671' title='bbox 1652 4864 1805 4931; x_wconf 81' lang='lat' dir='ltr'><strong>Nam,</strong></span> 
     </span>
    </p>
   </div>
   <div class='ocr_carea' id='block_1_93' title="bbox 252 4951 1805 5019">
    <p class='ocr_par' dir='ltr' id='par_1_93' title="bbox 252 4951 1805 5019">
     <span class='ocr_line' id='line_1_93' title="bbox 252 4951 1805 5019; baseline 0.003 -11"><span class='ocrx_word' id='word_1_672' title='bbox 252 4954 353 5008; x_wconf 79' lang='lat' dir='ltr'><strong>nisi</strong></span> <span class='ocrx_word' id='word_1_673' title='bbox 380 4952 537 5008; x_wconf 88' lang='lat' dir='ltr'><strong>valde</strong></span> <span class='ocrx_word' id='word_1_674' title='bbox 570 4952 747 5019; x_wconf 81' lang='lat' dir='ltr'><strong>fallor,</strong></span> <span class='ocrx_word' id='word_1_675' title='bbox 775 4952 909 5007; x_wconf 81' lang='lat' dir='ltr'><strong>satis</strong></span> <span class='ocrx_word' id='word_1_676' title='bbox 943 4951 1133 5008; x_wconf 78' lang='lat' dir='ltr'><strong>luisset</strong></span> <span class='ocrx_word' id='word_1_677' title='bbox 1160 4953 1361 5018; x_wconf 89' lang='lat' dir='ltr'><strong>dicere,</strong></span> <span class='ocrx_word' id='word_1_678' title='bbox 1402 4954 1686 5010; x_wconf 82' lang='lat' dir='ltr'><strong>ecclesiam</strong></span> <span class='ocrx_word' id='word_1_679' title='bbox 1721 4958 1805 5012; x_wconf 86' lang='lat' dir='ltr'><strong>his</strong></span> 
     </span>
    </p>
   </div>
   <div class='ocr_carea' id='block_1_94' title="bbox 253 5043 1805 5116">
    <p class='ocr_par' dir='ltr' id='par_1_94' title="bbox 253 5043 1805 5116">
     <span class='ocr_line' id='line_1_94' title="bbox 253 5043 1805 5116; baseline 0.003 -18"><span class='ocrx_word' id='word_1_680' title='bbox 253 5044 306 5099; x_wconf 80' lang='lat' dir='ltr'><strong>in</strong></span> <span class='ocrx_word' id='word_1_681' title='bbox 334 5043 466 5099; x_wconf 86' lang='lat' dir='ltr'><strong>locis</strong></span> <span class='ocrx_word' id='word_1_682' title='bbox 511 5044 834 5099; x_wconf 86' lang='lat' dir='ltr'><strong>sumendam</strong></span> <span class='ocrx_word' id='word_1_683' title='bbox 869 5059 973 5099; x_wconf 90' lang='lat' dir='ltr'><strong>non</strong></span> <span class='ocrx_word' id='word_1_684' title='bbox 1020 5058 1141 5099; x_wconf 88' lang='lat' dir='ltr'><strong>esse</strong></span> <span class='ocrx_word' id='word_1_685' title='bbox 1176 5060 1273 5114; x_wconf 91' lang='lat' dir='ltr'><strong>pro</strong></span> <span class='ocrx_word' id='word_1_686' title='bbox 1304 5045 1417 5115; x_wconf 87' lang='lat' dir='ltr'><strong>ipso</strong></span> <span class='ocrx_word' id='word_1_687' title='bbox 1452 5046 1671 5116; x_wconf 88' lang='lat' dir='ltr'><strong>templo,</strong></span> <span class='ocrx_word' id='word_1_688' title='bbox 1712 5047 1805 5102; x_wconf 91' lang='lat' dir='ltr'><strong>sed</strong></span> 
     </span>
    </p>
   </div>
   <div class='ocr_carea' id='block_1_95' title="bbox 254 5136 1811 5209">
    <p class='ocr_par' dir='ltr' id='par_1_95' title="bbox 254 5136 1811 5209">
     <span class='ocr_line' id='line_1_95' title="bbox 254 5136 1811 5209; baseline -0.001 -14"><span class='ocrx_word' id='word_1_689' title='bbox 254 5153 345 5208; x_wconf 87' lang='lat' dir='ltr'><strong>pro</strong></span> <span class='ocrx_word' id='word_1_690' title='bbox 376 5136 647 5193; x_wconf 87' lang='lat' dir='ltr'><strong>catholica</strong></span> <span class='ocrx_word' id='word_1_691' title='bbox 678 5137 1077 5193; x_wconf 89' lang='lat' dir='ltr'><strong>communione.</strong></span> <span class='ocrx_word' id='word_1_692' title='bbox 1119 5136 1233 5194; x_wconf 81' lang='lat' dir='ltr'><strong>Hoc</strong></span> <span class='ocrx_word' id='word_1_693' title='bbox 1278 5138 1442 5209; x_wconf 70' lang='lat' dir='ltr'><strong>Igitur</strong></span> <span class='ocrx_word' id='word_1_694' title='bbox 1470 5138 1624 5194; x_wconf 90' lang='lat' dir='ltr'><strong>docet</strong></span> <span class='ocrx_word' id='word_1_695' title='bbox 1665 5149 1811 5194; x_wconf 84' lang='lat' dir='ltr'><strong>uter-</strong></span> 
     </span>
    </p>
   </div>
   <div class='ocr_carea' id='block_1_96' title="bbox 257 5227 1813 5301">
    <p class='ocr_par' dir='ltr' id='par_1_96' title="bbox 257 5227 1813 5301">
     <span class='ocr_line' id='line_1_96' title="bbox 257 5227 1813 5301; baseline 0.003 -18"><span class='ocrx_word' id='word_1_696' title='bbox 257 5245 356 5299; x_wconf 89' lang='lat' dir='ltr'><strong>que</strong></span> <span class='ocrx_word' id='word_1_697' title='bbox 396 5231 665 5299; x_wconf 87' lang='lat' dir='ltr'><strong>interpres</strong></span> <span class='ocrx_word' id='word_1_698' title='bbox 708 5227 970 5293; x_wconf 61' lang='lat' dir='ltr'><strong>Graccus,</strong></span> <span class='ocrx_word' id='word_1_699' title='bbox 1020 5244 1208 5285; x_wconf 80' lang='lat' dir='ltr'><strong>omnes</strong></span> <span class='ocrx_word' id='word_1_700' title='bbox 1256 5232 1495 5298; x_wconf 88' lang='lat' dir='ltr'><strong>omnino,</strong></span> <span class='ocrx_word' id='word_1_701' title='bbox 1545 5233 1635 5301; x_wconf 92' lang='lat' dir='ltr'><strong>qui</strong></span> <span class='ocrx_word' id='word_1_702' title='bbox 1686 5248 1813 5287; x_wconf 86' lang='lat' dir='ltr'><strong>vere</strong></span> 
     </span>
    </p>
   </div>
   <div class='ocr_carea' id='block_1_97' title="bbox 258 5318 1813 5392">
    <p class='ocr_par' dir='ltr' id='par_1_97' title="bbox 258 5318 1813 5392">
     <span class='ocr_line' id='line_1_97' title="bbox 258 5318 1813 5392; baseline 0.001 -17"><span class='ocrx_word' id='word_1_703' title='bbox 258 5322 419 5375; x_wconf 88' lang='lat' dir='ltr'><strong>Deum</strong></span> <span class='ocrx_word' id='word_1_704' title='bbox 448 5322 679 5375; x_wconf 88' lang='lat' dir='ltr'><strong>adorare</strong></span> <span class='ocrx_word' id='word_1_705' title='bbox 714 5318 919 5385; x_wconf 87' lang='lat' dir='ltr'><strong>volunt,</strong></span> <span class='ocrx_word' id='word_1_706' title='bbox 967 5319 1173 5392; x_wconf 73' lang='lat' dir='ltr'><strong>ingredi</strong></span> <span class='ocrx_word' id='word_1_707' title='bbox 1198 5332 1446 5392; x_wconf 85' lang='lat' dir='ltr'><strong>oportere</strong></span> <span class='ocrx_word' id='word_1_708' title='bbox 1487 5322 1541 5377; x_wconf 90' lang='lat' dir='ltr'><strong>in</strong></span> <span class='ocrx_word' id='word_1_709' title='bbox 1590 5324 1813 5379; x_wconf 63' lang='lat' dir='ltr'><strong>catholio</strong></span> 
     </span>
    </p>
   </div>
   <div class='ocr_carea' id='block_1_98' title="bbox 258 5414 1811 5483">
    <p class='ocr_par' dir='ltr' id='par_1_98' title="bbox 258 5414 1811 5483">
     <span class='ocr_line' id='line_1_98' title="bbox 258 5414 1811 5483; baseline 0.003 -16"><span class='ocrx_word' id='word_1_710' title='bbox 258 5428 370 5467; x_wconf 89' lang='lat' dir='ltr'><strong>eam</strong></span> <span class='ocrx_word' id='word_1_711' title='bbox 404 5414 759 5469; x_wconf 85' lang='lat' dir='ltr'><strong>societatem:</strong></span> <span class='ocrx_word' id='word_1_712' title='bbox 787 5423 942 5469; x_wconf 80' lang='lat' dir='ltr'><strong>extra</strong></span> <span class='ocrx_word' id='word_1_713' title='bbox 964 5427 1123 5483; x_wconf 90' lang='lat' dir='ltr'><strong>quam</strong></span> <span class='ocrx_word' id='word_1_714' title='bbox 1156 5428 1311 5469; x_wconf 90' lang='lat' dir='ltr'><strong>nemo</strong></span> <span class='ocrx_word' id='word_1_715' title='bbox 1341 5415 1504 5471; x_wconf 89' lang='lat' dir='ltr'><strong>Deum</strong></span> <span class='ocrx_word' id='word_1_716' title='bbox 1554 5430 1677 5471; x_wconf 84' lang='lat' dir='ltr'><strong>vere</strong></span> <span class='ocrx_word' id='word_1_717' title='bbox 1725 5418 1811 5471; x_wconf 90' lang='lat' dir='ltr'><strong>ad-</strong></span> 
     </span>
    </p>
   </div>
   <div class='ocr_carea' id='block_1_99' title="bbox 256 5514 634 5575">
    <p class='ocr_par' dir='ltr' id='par_1_99' title="bbox 256 5514 634 5575">
     <span class='ocr_line' id='line_1_99' title="bbox 256 5514 634 5575; baseline 0 -16"><span class='ocrx_word' id='word_1_718' title='bbox 256 5519 408 5560; x_wconf 82' lang='lat' dir='ltr'><strong>orare</strong></span> <span class='ocrx_word' id='word_1_719' title='bbox 435 5514 634 5575; x_wconf 79' lang='lat' dir='ltr'><strong>potest.</strong></span> 
     </span>
    </p>
   </div>
   <div class='ocr_carea' id='block_1_100' title="bbox 328 5700 1489 5771">
    <p class='ocr_par' dir='ltr' id='par_1_100' title="bbox 328 5700 1489 5771">
     <span class='ocr_line' id='line_1_100' title="bbox 328 5700 1489 5771; baseline -0.005 -12"><span class='ocrx_word' id='word_1_720' title='bbox 328 5705 368 5737; x_wconf 86' lang='lat'>&quot;</span> <span class='ocrx_word' id='word_1_721' title='bbox 410 5704 565 5759; x_wconf 79' lang='lat' dir='ltr'><strong>Butn.</strong></span> <span class='ocrx_word' id='word_1_722' title='bbox 598 5718 649 5767; x_wconf 85' lang='grc' dir='ltr'>ι,</span> <span class='ocrx_word' id='word_1_723' title='bbox 691 5700 782 5756; x_wconf 77' lang='grc'><strong>25,</strong></span> <span class='ocrx_word' id='word_1_724' title='bbox 894 5700 959 5732; x_wconf 70' lang='grc'><strong>⁵⁸⁸</strong></span> <span class='ocrx_word' id='word_1_725' title='bbox 1002 5700 1142 5755; x_wconf 86' lang='lat' dir='ltr'><strong>Psal.</strong></span> <span class='ocrx_word' id='word_1_726' title='bbox 1168 5716 1395 5771; x_wconf 43' lang='lat' dir='ltr'><strong>.xxvm,</strong></span> <span class='ocrx_word' id='word_1_727' title='bbox 1436 5702 1489 5754; x_wconf 75' lang='lat'><strong>2.</strong></span> 
     </span>
    </p>
   </div>
   <div class='ocr_carea' id='block_1_101' title="bbox 326 5866 1413 5939">
    <p class='ocr_par' dir='ltr' id='par_1_101' title="bbox 326 5866 1413 5939">
     <span class='ocr_line' id='line_1_101' title="bbox 326 5866 1413 5939; baseline 0.002 -18"><span class='ocrx_word' id='word_1_728' title='bbox 326 5869 397 5939; x_wconf 88' lang='lat' dir='ltr'><strong>(a)</strong></span> <span class='ocrx_word' id='word_1_729' title='bbox 436 5869 569 5925; x_wconf 73' lang='lat' dir='ltr'><strong>Coll.</strong></span> <span class='ocrx_word' id='word_1_730' title='bbox 601 5866 773 5924; x_wconf 79' lang='lat' dir='ltr'><strong>Cra&#39;c.</strong></span> <span class='ocrx_word' id='word_1_731' title='bbox 808 5866 917 5922; x_wconf 75' lang='grc' dir='ltr'><strong>ΡΙ).</strong></span> <span class='ocrx_word' id='word_1_732' title='bbox 953 5867 1003 5922; x_wconf 87' lang='lat' dir='ltr'><strong>in</strong></span> <span class='ocrx_word' id='word_1_733' title='bbox 1034 5867 1213 5935; x_wconf 49' lang='lat' dir='ltr'><strong>Frui,</strong></span> <span class='ocrx_word' id='word_1_734' title='bbox 1248 5885 1299 5939; x_wconf 88' lang='lat' dir='ltr'><strong>p.</strong></span> <span class='ocrx_word' id='word_1_735' title='bbox 1328 5869 1413 5923; x_wconf 59' lang='lat'><strong>33.</strong></span> 
     </span>
    </p>
   </div>
   <div class='ocr_carea' id='block_1_102' title="bbox 1910 4681 3461 4762">
    <p class='ocr_par' dir='ltr' id='par_1_102' title="bbox 1910 4681 3461 4762">
     <span class='ocr_line' id='line_1_102' title="bbox 1910 4681 3461 4762; baseline -0.008 -15"><span class='ocrx_word' id='word_1_736' title='bbox 1910 4693 2129 4747; x_wconf 88' lang='lat' dir='ltr'><strong>totidem</strong></span> <span class='ocrx_word' id='word_1_737' title='bbox 2181 4692 2360 4747; x_wconf 88' lang='lat' dir='ltr'><strong>verbis</strong></span> <span class='ocrx_word' id='word_1_738' title='bbox 2417 4689 2738 4762; x_wconf 81' lang='lat' dir='ltr'><strong>syllabisque</strong></span> <span class='ocrx_word' id='word_1_739' title='bbox 2785 4684 2945 4741; x_wconf 89' lang='lat' dir='ltr'><strong>simul</strong></span> <span class='ocrx_word' id='word_1_740' title='bbox 2992 4691 3047 4739; x_wconf 90' lang='lat' dir='ltr'><strong>et</strong></span> <span class='ocrx_word' id='word_1_741' title='bbox 3084 4684 3143 4738; x_wconf 87' lang='lat' dir='ltr'><strong>in</strong></span> <span class='ocrx_word' id='word_1_742' title='bbox 3193 4681 3461 4739; x_wconf 81' lang='lat' dir='ltr'><strong>Theodori</strong></span> 
     </span>
    </p>
   </div>
   <div class='ocr_carea' id='block_1_103' title="bbox 1909 4775 3461 4854">
    <p class='ocr_par' dir='ltr' id='par_1_103' title="bbox 1909 4775 3461 4854">
     <span class='ocr_line' id='line_1_103' title="bbox 1909 4775 3461 4854; baseline -0.008 -15"><span class='ocrx_word' id='word_1_743' title='bbox 1909 4785 2296 4840; x_wconf 89' lang='lat' dir='ltr'><strong>commentario</strong></span> <span class='ocrx_word' id='word_1_744' title='bbox 2325 4784 2593 4854; x_wconf 72' lang='lat' dir='ltr'><strong>leguntur,</strong></span> <span class='ocrx_word' id='word_1_745' title='bbox 2620 4790 2673 4835; x_wconf 88' lang='lat' dir='ltr'><strong>et</strong></span> <span class='ocrx_word' id='word_1_746' title='bbox 2702 4781 2755 4835; x_wconf 93' lang='lat' dir='ltr'><strong>in</strong></span> <span class='ocrx_word' id='word_1_747' title='bbox 2784 4776 2969 4834; x_wconf 87' lang='lat' dir='ltr'><strong>Basilii</strong></span> <span class='ocrx_word' id='word_1_748' title='bbox 3001 4775 3353 4841; x_wconf 89' lang='lat' dir='ltr'><strong>orationibus,</strong></span> <span class='ocrx_word' id='word_1_749' title='bbox 3382 4784 3461 4839; x_wconf 86' lang='lat' dir='ltr'><strong>ut,</strong></span> 
     </span>
    </p>
   </div>
   <div class='ocr_carea' id='block_1_104' title="bbox 1908 4864 3462 4944">
    <p class='ocr_par' dir='ltr' id='par_1_104' title="bbox 1908 4864 3462 4944">
     <span class='ocr_line' id='line_1_104' title="bbox 1908 4864 3462 4944; baseline -0.008 -14"><span class='ocrx_word' id='word_1_750' title='bbox 1908 4877 1953 4930; x_wconf 88' lang='lat' dir='ltr'><strong>si</strong></span> <span class='ocrx_word' id='word_1_751' title='bbox 1987 4875 2251 4930; x_wconf 86' lang='lat' dir='ltr'><strong>Theodori</strong></span> <span class='ocrx_word' id='word_1_752' title='bbox 2297 4889 2429 4944; x_wconf 91' lang='lat' dir='ltr'><strong>opus</strong></span> <span class='ocrx_word' id='word_1_753' title='bbox 2456 4889 2579 4931; x_wconf 85' lang='lat' dir='ltr'><strong>esse</strong></span> <span class='ocrx_word' id='word_1_754' title='bbox 2617 4872 2781 4928; x_wconf 89' lang='lat' dir='ltr'><strong>semel</strong></span> <span class='ocrx_word' id='word_1_755' title='bbox 2825 4870 3105 4931; x_wconf 75' lang='lat' dir='ltr'><strong>fateamur,</strong></span> <span class='ocrx_word' id='word_1_756' title='bbox 3137 4866 3249 4936; x_wconf 87' lang='lat' dir='ltr'><strong>jam</strong></span> <span class='ocrx_word' id='word_1_757' title='bbox 3293 4864 3462 4919; x_wconf 82' lang='lat' dir='ltr'><strong>Iatro-</strong></span> 
     </span>
    </p>
   </div>
   <div class='ocr_carea' id='block_1_105' title="bbox 1910 4963 3463 5035">
    <p class='ocr_par' dir='ltr' id='par_1_105' title="bbox 1910 4963 3463 5035">
     <span class='ocr_line' id='line_1_105' title="bbox 1910 4963 3463 5035; baseline -0.006 -14"><span class='ocrx_word' id='word_1_758' title='bbox 1910 4967 2035 5021; x_wconf 83' lang='lat' dir='ltr'><strong>cinii</strong></span> <span class='ocrx_word' id='word_1_759' title='bbox 2090 4967 2454 5035; x_wconf 87' lang='lat' dir='ltr'><strong>suspicionem</strong></span> <span class='ocrx_word' id='word_1_760' title='bbox 2503 4982 2533 5019; x_wconf 92' lang='lat' dir='ltr'><strong>a</strong></span> <span class='ocrx_word' id='word_1_761' title='bbox 2585 4963 2782 5020; x_wconf 86' lang='lat' dir='ltr'><strong>Basilio</strong></span> <span class='ocrx_word' id='word_1_762' title='bbox 2848 4975 3123 5017; x_wconf 87' lang='lat' dir='ltr'><strong>removere</strong></span> <span class='ocrx_word' id='word_1_763' title='bbox 3172 4972 3279 5014; x_wconf 89' lang='lat' dir='ltr'><strong>non</strong></span> <span class='ocrx_word' id='word_1_764' title='bbox 3334 4969 3463 5027; x_wconf 84' lang='lat' dir='ltr'><strong>pos-</strong></span> 
     </span>
    </p>
   </div>
   <div class='ocr_carea' id='block_1_106' title="bbox 1966 5076 2105 5113">
    <p class='ocr_par' dir='ltr' id='par_1_106' title="bbox 1966 5076 2105 5113">
     <span class='ocr_line' id='line_1_106' title="bbox 1966 5076 2105 5113; baseline 0.022 -2"><span class='ocrx_word' id='word_1_765' title='bbox 1966 5076 2105 5113; x_wconf 84' lang='lat' dir='ltr'><strong>mus.</strong></span> 
     </span>
    </p>
   </div>
   <div class='ocr_carea' id='block_1_107' title="bbox 1916 5074 3469 5219">
    <p class='ocr_par' dir='ltr' id='par_1_107' title="bbox 1916 5074 3469 5219">
     <span class='ocr_line' id='line_1_107' title="bbox 1966 5076 2105 5113; baseline 0.014 -2"><span class='ocrx_word' id='word_1_766' title='bbox 1966 5076 2013 5111; x_wconf 80' lang='grc' dir='ltr'><strong>ιιι</strong></span> <span class='ocrx_word' id='word_1_767' title='bbox 2089 5098 2105 5113; x_wconf 74' lang='grc' dir='ltr'><strong>ο</strong></span> 
     </span>
     <span class='ocr_line' id='line_1_108' title="bbox 1916 5074 3469 5219; baseline -0.006 -15"><span class='ocrx_word' id='word_1_768' title='bbox 1916 5074 1959 5114; x_wconf 53' lang='grc' dir='ltr'><strong>δι</strong></span> <span class='ocrx_word' id='word_1_769' title='bbox 1987 5074 2083 5204; x_wconf 52' lang='grc' dir='ltr'><strong>Δζῗ</strong></span> <span class='ocrx_word' id='word_1_770' title='bbox 2116 5148 2223 5205; x_wconf 83' lang='lat' dir='ltr'><strong>Nec</strong></span> <span class='ocrx_word' id='word_1_771' title='bbox 2262 5148 2417 5217; x_wconf 67' lang='lat' dir='ltr'><strong>longe</strong></span> <span class='ocrx_word' id='word_1_772' title='bbox 2449 5148 2731 5219; x_wconf 63' lang='lat' dir='ltr'><strong>quaerenda</strong></span> <span class='ocrx_word' id='word_1_773' title='bbox 2767 5144 3010 5216; x_wconf 77' lang='lat' dir='ltr'><strong>exempla</strong></span> <span class='ocrx_word' id='word_1_774' title='bbox 3050 5153 3196 5209; x_wconf 90' lang='lat' dir='ltr'><strong>sunt,</strong></span> <span class='ocrx_word' id='word_1_775' title='bbox 3223 5156 3344 5197; x_wconf 91' lang='lat' dir='ltr'><strong>cum</strong></span> <span class='ocrx_word' id='word_1_776' title='bbox 3400 5154 3469 5195; x_wconf 89' lang='lat' dir='ltr'><strong>ne</strong></span> 
     </span>
    </p>
   </div>
   <div class='ocr_carea' id='block_1_108' title="bbox 1921 5233 3470 5311">
    <p class='ocr_par' dir='ltr' id='par_1_108' title="bbox 1921 5233 3470 5311">
     <span class='ocr_line' id='line_1_109' title="bbox 1921 5233 3470 5311; baseline -0.006 -15"><span class='ocrx_word' id='word_1_777' title='bbox 1921 5242 2283 5311; x_wconf 73' lang='lat' dir='ltr'><strong>qumrentibus</strong></span> <span class='ocrx_word' id='word_1_778' title='bbox 2321 5240 2535 5309; x_wconf 84' lang='lat' dir='ltr'><strong>quidem</strong></span> <span class='ocrx_word' id='word_1_779' title='bbox 2582 5255 2702 5296; x_wconf 88' lang='lat' dir='ltr'><strong>sese</strong></span> <span class='ocrx_word' id='word_1_780' title='bbox 2731 5240 2927 5309; x_wconf 86' lang='lat' dir='ltr'><strong>passim</strong></span> <span class='ocrx_word' id='word_1_781' title='bbox 2958 5236 3206 5293; x_wconf 79' lang='lat' dir='ltr'><strong>olTerant.</strong></span> <span class='ocrx_word' id='word_1_782' title='bbox 3254 5233 3470 5289; x_wconf 76' lang='lat' dir='ltr'><strong>Exscri-</strong></span> 
     </span>
    </p>
   </div>
   <div class='ocr_carea' id='block_1_109' title="bbox 1915 5324 3471 5401">
    <p class='ocr_par' dir='ltr' id='par_1_109' title="bbox 1915 5324 3471 5401">
     <span class='ocr_line' id='line_1_110' title="bbox 1915 5324 3471 5401; baseline -0.006 -16"><span class='ocrx_word' id='word_1_783' title='bbox 1915 5331 2041 5387; x_wconf 87' lang='lat' dir='ltr'><strong>bere</strong></span> <span class='ocrx_word' id='word_1_784' title='bbox 2074 5332 2290 5401; x_wconf 87' lang='lat' dir='ltr'><strong>quidem</strong></span> <span class='ocrx_word' id='word_1_785' title='bbox 2322 5332 2500 5386; x_wconf 89' lang='lat' dir='ltr'><strong>omnia</strong></span> <span class='ocrx_word' id='word_1_786' title='bbox 2532 5332 2647 5385; x_wconf 69' lang='lat' dir='ltr'><strong>haec</strong></span> <span class='ocrx_word' id='word_1_787' title='bbox 2677 5331 2789 5386; x_wconf 91' lang='lat' dir='ltr'><strong>loca</strong></span> <span class='ocrx_word' id='word_1_788' title='bbox 2821 5330 3032 5398; x_wconf 73' lang='lat' dir='ltr'><strong>longum</strong></span> <span class='ocrx_word' id='word_1_789' title='bbox 3062 5335 3225 5391; x_wconf 88' lang='lat' dir='ltr'><strong>esset,</strong></span> <span class='ocrx_word' id='word_1_790' title='bbox 3257 5335 3311 5380; x_wconf 91' lang='lat' dir='ltr'><strong>et</strong></span> <span class='ocrx_word' id='word_1_791' title='bbox 3339 5324 3471 5379; x_wconf 86' lang='lat' dir='ltr'><strong>alio-</strong></span> 
     </span>
    </p>
   </div>
   <div class='ocr_carea' id='block_1_110' title="bbox 1917 5415 3470 5488">
    <p class='ocr_par' dir='ltr' id='par_1_110' title="bbox 1917 5415 3470 5488">
     <span class='ocr_line' id='line_1_111' title="bbox 1917 5415 3470 5488; baseline -0.001 -19"><span class='ocrx_word' id='word_1_792' title='bbox 1917 5420 2042 5488; x_wconf 83' lang='lat' dir='ltr'><strong>quin</strong></span> <span class='ocrx_word' id='word_1_793' title='bbox 2080 5418 2301 5486; x_wconf 90' lang='lat' dir='ltr'><strong>inutile;</strong></span> <span class='ocrx_word' id='word_1_794' title='bbox 2333 5421 2427 5475; x_wconf 91' lang='lat' dir='ltr'><strong>sed</strong></span> <span class='ocrx_word' id='word_1_795' title='bbox 2464 5419 2703 5475; x_wconf 80' lang='lat' dir='ltr'><strong>fortassis</strong></span> <span class='ocrx_word' id='word_1_796' title='bbox 2725 5433 2756 5473; x_wconf 90' lang='lat' dir='ltr'><strong>e</strong></span> <span class='ocrx_word' id='word_1_797' title='bbox 2789 5434 2846 5473; x_wconf 89' lang='lat' dir='ltr'><strong>re</strong></span> <span class='ocrx_word' id='word_1_798' title='bbox 2874 5417 3033 5473; x_wconf 78' lang='lat' dir='ltr'><strong>fuerit</strong></span> <span class='ocrx_word' id='word_1_799' title='bbox 3065 5417 3241 5488; x_wconf 88' lang='lat' dir='ltr'><strong>aliqua</strong></span> <span class='ocrx_word' id='word_1_800' title='bbox 3271 5415 3325 5470; x_wconf 89' lang='lat' dir='ltr'><strong>in</strong></span> <span class='ocrx_word' id='word_1_801' title='bbox 3359 5429 3470 5469; x_wconf 87' lang='lat' dir='ltr'><strong>me-</strong></span> 
     </span>
    </p>
   </div>
   <div class='ocr_carea' id='block_1_111' title="bbox 1918 5504 3471 5581">
    <p class='ocr_par' dir='ltr' id='par_1_111' title="bbox 1918 5504 3471 5581">
     <span class='ocr_line' id='line_1_112' title="bbox 1918 5504 3471 5581; baseline -0.003 -18"><span class='ocrx_word' id='word_1_802' title='bbox 1918 5511 2060 5564; x_wconf 85' lang='lat' dir='ltr'><strong>dium</strong></span> <span class='ocrx_word' id='word_1_803' title='bbox 2110 5510 2367 5581; x_wconf 80' lang='lat' dir='ltr'><strong>proferre,</strong></span> <span class='ocrx_word' id='word_1_804' title='bbox 2397 5522 2455 5567; x_wconf 91' lang='lat' dir='ltr'><strong>ut</strong></span> <span class='ocrx_word' id='word_1_805' title='bbox 2503 5527 2568 5567; x_wconf 79' lang='lat' dir='ltr'><strong>ex</strong></span> <span class='ocrx_word' id='word_1_806' title='bbox 2617 5512 2701 5567; x_wconf 89' lang='lat' dir='ltr'><strong>his</strong></span> <span class='ocrx_word' id='word_1_807' title='bbox 2726 5513 2791 5567; x_wconf 92' lang='lat' dir='ltr'><strong>de</strong></span> <span class='ocrx_word' id='word_1_808' title='bbox 2823 5511 2942 5566; x_wconf 89' lang='lat' dir='ltr'><strong>aliis</strong></span> <span class='ocrx_word' id='word_1_809' title='bbox 2977 5510 3244 5566; x_wconf 88' lang='lat' dir='ltr'><strong>similibus</strong></span> <span class='ocrx_word' id='word_1_810' title='bbox 3286 5504 3471 5577; x_wconf 78' lang='lat' dir='ltr'><strong>conje-</strong></span> 
     </span>
    </p>
   </div>
  </div>
