4212 6490
728 451 845 491 σενι

2091 428 2615 484 PRULECOMENA.

726 563 875 607 ctura
912 549 1024 603 ﬂeri
1074 548 1263 618 possit.
1297 548 1420 602 llaec
1457 548 1634 615 itaque
1666 548 1909 615 leguntur
1941 548 1989 597 itt
2018 561 2291 598 COIIIIIICIt-
2328 551 2370 603 Α

2328 551 2370 603 Α
2403 545 2725 613 ἐπαχθείσης
2788 548 3092 615 ἰατρείας...
3122 548 3195 599 Οὐ
3232 548 3444 601 πάντων
3492 550 3545 602 δὲ
3578 548 3708 614 Θεὸς
3749 555 3776 605 6
3814 554 3969 620 Θεὸς,

728 641 863 696 tario
908 642 966 693 in
1008 641 1233 706 primum
1280 638 1537 705 psalmum
1566 653 1583 689 :
1616 638 1730 688 Οὐκ
1784 636 2070 687 ἀπέκλεισε
2108 634 2163 685 δὲ
2206 632 2297 684 τοῦ

728 730 1077 803 μακαρισμοῦ
1090 731 1185 793 τὰς
1198 732 1479 796 γυναῖκας,
1495 728 1607 781 ἀλλ’
1634 730 1697 779 ἐκ
1716 727 1809 779 τοῦ
1838 728 1933 796 ήγε
1944 724 2199 795 μονικωτέ
2209 741 2297 795 ρον

724 826 786 878 τὸ
821 824 941 878 ὅλον
978 822 1292 887 ἐνεδείξατο.
1322 822 1467 883 Μιᾶς
1502 820 1605 890 γὰρ
1640 819 1853 888 ερύσεως
1903 817 1995 869 καὶ
2043 817 2179 887 ἀνὴρ
2211 816 2300 868 καὶ

726 914 883 983 γυνή.
912 913 1025 967 Οὐκ
1068 910 1185 965 εἷπε
1226 912 1314 965 δέ·
1347 912 1407 974 ὃς
1432 912 1490 963 οὑ
1522 910 1827 981 πορεύεται.
1872 910 1928 960 '0
1968 908 2063 977 μὲν
2091 907 2196 979 γὰρ
2245 910 2301 959 ἐν

725 1002 804 1072 τῷ
838 1000 937 1072 βίῳ
978 1002 1276 1071 τυγχάνων,
1307 999 1457 1053 οὔπω
1512 999 1865 1069 μακαριστὸς,
1896 997 1983 1049 διὰ
2025 998 2083 1050 τὸ
2110 998 2301 1066 ἄδηλον

725 1093 825 1163 τῆς
879 1092 1186 1155 ὲκὸάσεως’
1226 1092 1253 1143 6
1292 1092 1348 1144 δὲ
1394 1092 1769 1161 ἀναντιρῤήτῳ
1815 1090 1958 1142 τέλει
2012 1089 2109 1159 τὴν
2159 1087 2301 1157 ζωὴν

728 1183 1111 1247 κατακλείσας,
1143 1177 1297 1245 οὗτος
1347 1184 1445 1253 ἤδη
1496 1181 1753 1250 ἀσφαλῶς
1804 1180 2168 1251 μακαρίζεται
2202 1181 2297 1248 (a).

731 1294 750 1328 ι
779 1275 1026 1331 Mulieres
1076 1286 1251 1330 tamen
1288 1291 1315 1329 a
1355 1276 1682 1328 beatitudine
1734 1290 1837 1326 non
1895 1274 2160 1330 em'lusit,
2208 1274 2298 1324 sed

726 1383 793 1422 ex
843 1367 1210 1436 principaliori
1253 1378 1421 1419 tounn
1457 1365 1795 1420 declaravit:
1830 1364 2093 1433 siquidem
2145 1364 2302 1415 unius

727 1467 934 1512 natura:
978 1466 1103 1511 sunt
1142 1458 1223 1511 vir
1262 1466 1315 1511 et
1352 1459 1563 1512 mulier.
1617 1458 1731 1510 Non
1783 1456 1918 1508 dixit
1950 1468 2151 1519 autem,
2200 1455 2298 1521 Qui

726 1564 831 1603 non
880 1549 1013 1603 abit.
1062 1548 1161 1615 Qui
1212 1550 1354 1603 enim
1387 1549 1597 1603 exsistit
1645 1548 1695 1602 in
1745 1548 1846 1601 bac
1890 1546 2023 1609 vita,
2070 1547 2299 1600 necdum

725 1642 913 1695 beatus
944 1639 1047 1694 dici
1075 1640 1254 1705 debet,
1287 1649 1509 1709 pmpter
1539 1638 1975 1693 incertitudinnm
2028 1648 2251 1692 eventus
2281 1654 2294 1690 :

724 1740 779 1785 at
809 1731 897 1800 qui
943 1730 1298 1800 irrelragabili
1364 1731 1469 1784 line
1523 1730 1683 1783 vitam
1729 1729 2014 1791 cont-lusit,
2067 1730 2151 1782 hic
2188 1728 2298 1795 jam

726 1834 842 1879 tuto
871 1826 1058 1880 beatus
1090 1824 1439 1893 pranlicatur.
1468 1843 1486 1875 ι
1523 1824 1718 1879 Eadem
1753 1824 1989 1891 reperias
2021 1832 2075 1876 et
2116 1823 2165 1875 in
2198 1821 2299 1873 Ba-

724 1916 830 1971 silii
879 1917 1121 1970 oratione
1147 1918 1202 1969 in
1234 1917 1459 1983 primum
1483 1916 1759 1982 psalmum.
1787 1914 2215 1967 Commentarius
2241 1914 2297 1967 in

722 2005 980 2075 psalmum
994 2006 1246 2059 decinmm
1260 2016 1500 2073 quartum
1520 2005 1734 2058 exhibet
1751 2018 1959 2072 quoque
1979 2018 2079 2057 u0u
2102 2018 2291 2072 pauca,

728 2113 848 2166 qua:
875 2097 1095 2151 totidem
1116 2096 1338 2167 syllabis
1366 2097 1600 2164 reperire
1631 2095 1700 2149 sit
1733 2096 1783 2149 in
1808 2096 2049 2149 oratione
2066 2111 2151 2159 ea,
2178 2111 2296 2163 qua:

725 2189 866 2244 inter
892 2181 1035 2243 Basil
1060 2205 1188 2241 anas
1214 2188 1355 2243 edita
1384 2198 1466 2242 est
1506 2190 1558 2240 in
1606 2189 1837 2241 eumdem
1883 2187 2159 2253 psalmum.
2191 2188 2296 2241 Sed

724 2293 847 2333 cum
897 2278 1137 2345 Opusculi
1201 2280 1359 2345 hujus
1402 2281 1689 2348 γνησιότης
1742 2279 1910 2345 possit
1969 2278 2019 2329 in
2081 2277 2295 2329 dubium

726 2372 987 2434 revocari,
1020 2385 1085 2424 ex
1114 2386 1177 2425 eo
1211 2373 1505 2439 quidquam
1551 2369 1968 2422 exscribendum
2022 2384 2124 2423 non
2175 2384 2297 2423 cen-

728 2463 955 2518 suimus.
1026 2463 1281 2531 Sequitur
1350 2463 1401 2515 in
1478 2460 1657 2514 Basilii
1725 2460 1962 2515 editione
2024 2463 2296 2514 enarratio

721 2555 893 2626 prima
918 2556 970 2607 in
993 2555 1251 2623 psalmum
1284 2553 1579 2607 uicesimum
1609 2563 1866 2615 octavum,
1895 2567 2056 2621 quam
2093 2554 2135 2607 si
2170 2568 2290 2605 cum

720 2648 1110 2703 commentario
1186 2645 1621 2715 comparaveris,
1682 2645 1877 2697 eadem
1942 2643 1995 2695 in
2068 2653 2294 2709 utroque

719 2738 979 2807 opuswlo
1026 2739 1407 2807 reprehendes.
1457 2735 1545 2787 Sic
1582 2735 1722 2785 enim
1770 2733 1997 2800 legimus
2046 2732 2100 2783 in
2149 2746 2295 2784 cont-

725 2832 987 2887 Inenlario
1010 2846 1126 2899 pag.
1154 2828 1251 2882 491
1285 2844 1299 2881 :
1344 2828 1428 2882 Ὧς
1480 2824 1576 2895 μὲν
1606 2824 1739 2894 πρὸς
1776 2824 1835 2875 τὸ
1868 2822 2141 2893 αἰσθητὸν,
2173 2821 2294 2873 ἐπεὶ

720 2925 778 2979 αι
812 2924 1029 2994 νεφέλαι
1059 2922 1282 2993 πλήρεις
1312 2920 1594 2990 γενόμεναι
1636 2917 1844 2980 ὕδατος,
1891 2916 2060 2985 ψόφον
2092 2918 2259 2969 ἀποτε
2279 2944 2291 2949 -

723 3016 893 3080 λοῦσι,
926 3017 1017 3068 καὶ
1044 3017 1077 3085 ἡ
1117 3014 1351 3066 θάλαττα
1382 3010 1646 3080 πνεύματι
1682 3009 2049 3079 ταραττομένη
2072 3048 2085 3067 ,
2122 3007 2291 3075 βίαιον

723 3104 853 3178 ἦχον
885 3107 1188 3176 ἐκπέμπει,
1230 3102 1531 3163 δεικνύντος
1582 3101 1672 3151 τοῦ
1710 3101 1889 3166 λόγον,
1938 3101 2016 3150 ὅτι
2068 3102 2217 3150 πᾶσα
2257 3101 2289 3165 ὴ

725 3199 899 3263 κτίσις
939 3197 1218 3269 μονονουχὶ
1250 3196 1367 3265 βοᾷ,
1394 3195 1482 3246 τὸν
1516 3193 1713 3261 ἑαυτῆς
1742 3189 2070 3260 δημιουργὸν
2095 3204 2291 3255 καταγ-

724 3292 1005 3360 γέλλουσα.
1032 3290 1147 3342 Κᾶν
1176 3288 1369 3360 βροντὴ
1396 3286 1450 3339 δὲ
1472 3288 1537 3338 ἐκ
1562 3286 1755 3353 νέφους
1784 3286 2015 3355 ἐκραγῇ,
2045 3282 2143 3334 οὐκ
2171 3280 2297 3334 ἄλλο

724 3400 778 3437 ιι.
816 3382 919 3455 χρὴ
950 3381 1209 3452 νομίζειν,
1254 3379 1284 3451 ἢ
1320 3381 1401 3433 ὅτι
1434 3382 1461 3431 6
1497 3378 1626 3439 Θεὸς
1658 3377 1754 3445 τῆς
1782 3376 1939 3445 δόξης
1985 3375 2294 3445 ἐϐρόντησε,

726 3476 820 3530 καὶ
849 3476 934 3528 ὅτι
966 3476 995 3528 6
1022 3472 1226 3543 Κύριος
1253 3471 1350 3541 τὴν
1392 3470 1563 3538 ὑγρὰν
1590 3468 1773 3519 οὐσίαν
1818 3467 2030 3536 συνέχει
2065 3467 2131 3518 δι’
2171 3469 2297 3519 ἑαυ-

722 3566 840 3633 τοῦ,
870 3576 923 3621 et
952 3573 1147 3620 caetera
1187 3578 1294 3617 non
1327 3576 1524 3631 pauca,
1556 3574 1674 3629 qua:
1715 3560 1942 3628 quisque
1964 3600 1977 3625 ,
2018 3560 2060 3613 si
2108 3558 2253 3613 lubet
2282 3598 2297 3624 ,

729 3660 906 3729 legere
959 3664 1158 3725 potest.
1215 3654 1412 3708 Eadem
1486 3662 1663 3706 autem
1729 3661 1941 3704 cxswnt
2006 3653 2057 3703 in
2116 3650 2296 3704 Basilii

726 3750 990 3812 oratione,
1032 3762 1135 3802 non
1170 3747 1387 3817 quidem
1440 3745 1798 3807 continenter,
1838 3746 1929 3796 sed
1969 3744 2297 3811 interpositis

726 3839 1018 3897 nonnullis.
1052 3837 1160 3892 Nec
1198 3833 1482 3890 dissimilia
1514 3848 1727 3903 quoque
1768 3834 2034 3887 habentur
2074 3834 2124 3887 in
2156 3833 2297 3889 hunc

725 3931 916 4003 psalmi
980 3946 1251 3985 versum:
1302 3924 1411 3980 Vox
1477 3925 1685 3979 Domini
1749 3926 2097 3979 intercidentis
2148 3926 2298 3994 [tame

726 4040 867 4078 mam
908 4022 1041 4091 ignis
1066 4022 1135 4073 ".
1193 4019 1297 4072 Sed
1327 4018 1413 4070 ubi
1449 4016 1674 4083 legimus
1703 4016 1899 4069 usitate
1937 4026 1988 4067 et
2025 4015 2298 4083 eleganter

729 4120 786 4172 in
822 4114 1037 4179 Basilio,
1068 4112 1154 4165 ἵνα
1313 4110 1373 4161 τὸ
1406 4109 1501 4180 μὲν
1528 4108 1691 4177 δριμὺ
1731 4109 1825 4160 καὶ
1862 4108 2174 4160 κολαστικὸν
2203 4107 2297 4159 τοῦ

728 4208 897 4282 πυρὸς
923 4209 1037 4269 τοῖς
1074 4204 1244 4271 ἀξίοις
1288 4203 1384 4273 τῆς
1425 4200 1671 4262 καύσεως
1719 4198 2130 4270 προσαπομένῃ,
2168 4210 2295 4262 etc.,

734 4322 751 4352 ι
800 4299 1089 4369 Ut...ignis
1115 4298 1327 4366 quidem
1362 4296 1624 4363 asperitas
1658 4308 1720 4345 ac
1750 4292 2032 4360 torquendi
2056 4293 2296 4359 proprie-

730 4405 813 4448 tas
846 4392 911 4445 iis
963 4390 1055 4459 qui
1104 4387 1385 4441 adustione
1429 4384 1571 4452 digni
1627 4392 1752 4437 sunt
1804 4394 2070 4445 servetur,
2112 4402 2129 4433 ι
2166 4393 2295 4445 elc.,

731 4486 981 4541 inusitate
1025 4491 1079 4535 et
1109 4482 1339 4535 barbare
1370 4478 1573 4533 editum
1614 4478 1666 4529 in
1706 4474 2109 4529 Commentario
2148 4474 2299 4528 inve-

2405 636 2538 687 ἀλλὰ
2589 637 2695 689 τῶν
2746 639 3129 693 οἰκειιυϐέντων
3184 640 3331 710 αὐτῷ
3374 645 3439 696 δι’
3476 646 3744 716 ἀρετῆς...
3794 650 3972 713 οὐδὲν,

2406 730 2557 797 φησὶ,
2606 730 2791 798 γέγονε
2844 733 3004 801 μέσον
3043 735 3141 803 τῆς
3171 736 3307 804 ἐμῆς
3344 738 3542 807 φωνῆς,
3596 740 3688 792 καὶ
3732 742 3832 810 τῆς
3870 744 3975 810 σῆς

2406 818 2643 889 χάριτος,
2705 821 2813 873 ἀλλ’
2857 822 2992 892 ὁμοῦ
3039 824 3334 895 ἀνέκραξα,
3394 829 3485 881 καὶ
3533 831 3839 901 προσῆλθεν
3890 834 3975 885 ἰα-

2406 928 2507 973 σις.
2553 931 2569 962 ι
2600 911 2796 967 Beatus
2820 927 2995 969 autem
3030 917 3136 979 ille,
3165 920 3252 986 qui
3292 920 3342 971 in
3374 918 3536 975 fundo
3560 938 3708 975 suam
3750 926 3969 992 plagam

2406 1006 2665 1071 agnoscit,
2724 1017 2781 1058 ut
2810 1008 2975 1076 possit
3010 1010 3075 1062 ad
3110 1011 3371 1064 medicum
3415 1016 3698 1079 accedens,
3725 1018 3907 1072 dicere
3951 1037 3965 1072 :

2407 1092 2551 1145 Sana
2576 1110 2675 1157 me,
2708 1094 2928 1148 Domine
2955 1097 3047 1153 δι’.
3082 1097 3176 1163 Hic
3207 1101 3385 1170 itaque
3404 1105 3603 1172 gratias
3624 1108 3841 1175 agitpro
3871 1126 3971 1163 cu-

2407 1186 2614 1238 ratione
2640 1202 2801 1253 quam
2837 1186 3021 1241 fuerat
3058 1203 3450 1247 consecutus...
3488 1194 3625 1249 Deus
3650 1207 3829 1251 autem
3859 1217 3968 1254 non

2404 1277 2639 1328 umidum
2681 1275 2842 1340 Deus,
2876 1280 2969 1331 sed
3001 1294 3182 1333 eorum
3214 1283 3302 1350 qui
3339 1284 3409 1338 ob
3445 1286 3694 1340 virtutem
3727 1288 3824 1357 ipsi
3890 1293 3972 1343 fa-

2406 1364 2644 1419 miliares
2672 1376 2817 1421 sunt.
2849 1364 3010 1430 Nihil,
3037 1367 3231 1435 inquit,
3264 1370 3563 1427 intercessit
3596 1375 3735 1427 inter
3777 1390 3966 1429 vocem

2406 1467 2673 1520 meam,et
2695 1458 2921 1526 gratiam
2960 1469 3135 1525 tuam;
3172 1462 3263 1515 sed
3311 1463 3466 1516 simul
3499 1476 3554 1518 ut
3594 1467 3842 1528 clamavi,
3870 1484 3969 1521 cu-

2405 1547 2540 1600 ratio
2576 1550 2811 1604 advenit.
2847 1569 2865 1602 r
2893 1549 3019 1605 Haec
3047 1553 3139 1619 qui
3167 1552 3392 1607 voluerit
3425 1558 3668 1612 conferre
3697 1575 3817 1613 cum
3858 1560 3968 1613 Ba-

2402 1638 2632 1701 silianis,
2662 1651 2889 1712 utraque
2924 1644 3065 1699 haud
3088 1645 3369 1700 dissimilia
3403 1649 3646 1715 reperiet.
3679 1650 3835 1705 Plura
3871 1654 3968 1721 qui

2403 1732 2570 1798 cupit,
2612 1731 2751 1800 legat
2784 1735 3219 1803 explanationem
3252 1736 3439 1791 borum
3468 1752 3738 1805 versuum,
3771 1761 3789 1793 ι
3818 1742 3972 1797 Psal-

2405 1822 2498 1877 lite
2524 1825 2770 1890 Domino,
2811 1844 2831 1879 ι
2858 1837 2929 1893 et,
2968 1848 2985 1880 ι
3025 1828 3369 1884 Conﬁtemini
3403 1833 3672 1886 memoria:
3705 1838 3971 1889 sanctita-

2407 1916 2473 1970 tis
2505 1916 2660 1982 eius:
2704 1935 2721 1967 ι
2760 1917 2953 1986 quibus
3006 1920 3060 1973 in
3092 1918 3243 1984 locis,
3291 1931 3348 1975 ut
3401 1938 3539 1992 saepe
3584 1924 3735 1987 alias,
3784 1929 3972 1996 inepte

2404 2005 2718 2073 plagiarium
2754 2008 2862 2076 agit
2887 2017 3076 2062 auctor
3104 2012 3499 2064 commentarii.
3536 2010 3678 2064 Idem
3727 2014 3971 2068 sentien—

2404 2096 2527 2148 dum
2561 2098 2627 2151 de
2672 2099 3015 2153 enarratione
3046 2102 3100 2154 in
3139 2102 3398 2169 psalmum
3430 2103 3750 2155 tricesimum
3779 2119 3970 2157 secun-

2402 2185 2547 2248 dum,
2577 2187 2628 2239 in
2654 2202 2754 2255 qua
2786 2198 2893 2241 tam
2928 2190 3091 2243 multa
3124 2201 3265 2254 sunt,
3302 2208 3419 2258 qua:
3454 2207 3483 2247 e
3527 2193 3707 2246 Basilii
3741 2194 3793 2245 in
3816 2211 3971 2247 eum-

2404 2279 2517 2330 dem
2545 2280 2803 2345 psalmum
2827 2284 3070 2337 oratione
3108 2284 3170 2336 ad
3199 2288 3419 2339 verbum
3452 2299 3658 2355 sumpta
3685 2302 3804 2341 esse
3833 2302 3971 2341 con-

2405 2378 2527 2433 stat,
2573 2385 2634 2423 ea
2667 2382 2721 2423 ut
2746 2372 2923 2425 malim
2946 2375 3203 2437 indicare,
3228 2390 3386 2443 quam
3411 2381 3734 2432 exscribere.
3765 2378 3973 2447 Legan»

2405 2471 2489 2515 tur
2548 2463 2709 2532 igitur
2754 2480 2873 2533 qua:
2922 2466 2970 2517 in
3029 2469 3416 2521 commentario
3463 2468 3725 2523 habentur
3774 2472 3825 2522 in
3870 2471 3971 2524 hrs

2402 2566 2609 2615 versus,
2642 2551 2973 2621 Conﬁtemini
3016 2558 3236 2610 Domino
3262 2559 3311 2611 in
3336 2558 3537 2610 cithara
3556 2560 3599 2589 "
3639 2577 3653 2624 ;
3686 2571 3739 2612 et
3765 2580 3776 2611 ;
3803 2564 3969 2613 Mise—

2402 2644 2631 2693 ricordia
2661 2644 2868 2696 Domini
2890 2650 3039 2711 plena
3074 2660 3145 2699 est
3178 2650 3417 2714 terra“;
3441 2662 3491 2703 et
3521 2668 3533 2702 :
3566 2648 3728 2703 Verbo
3754 2651 3972 2704 Domini

2402 2732 2514 2784 cali
2551 2732 2749 2797 ﬁrmati
2800 2744 2943 2801 sunt,
2976 2746 3023 2787 et
3073 2740 3264 2804 spiritu
3304 2740 3410 2789 oris
3461 2740 3571 2797 eius
3603 2742 3769 2792 omnis
3803 2743 3972 2794 uirtus

2400 2844 2577 2882 eorum
2604 2828 2648 2859 ⁸³
2676 2846 2687 2880 :
2724 2844 2841 2897 qua:
2874 2830 2988 2883 loca
3021 2830 3063 2883 si
3102 2846 3220 2883 cum
3256 2831 3533 2884 Basilianis
3564 2842 3967 2899 comparentur,

2401 2920 2533 2974 nibil
2584 2930 2812 2989 utraque
2848 2921 2989 2975 inter
3030 2937 3088 2975 se
3120 2922 3333 2977 dilIerre
3374 2925 3488 2978 suis
3528 2924 3756 2993 quisque
3792 2923 3969 2978 oculis

2400 3020 2607 3063 cernet.
2639 3010 2900 3065 Nolumus
2933 3023 3108 3067 tamen
3150 3016 3329 3069 omnia
3362 3030 3691 3083 quaecunque
3724 3015 3775 3067 in
3812 3027 3966 3068 eota-

2401 3102 2664 3153 mentario
2722 3112 2938 3155 exstant
2992 3105 3045 3157 in
3089 3104 3249 3167 illud,
3307 3104 3475 3160 Verbo
3539 3106 3775 3173 Domini,
3832 3118 3968 3173 etc.,

2327 3232 2368 3290 ϐ
2404 3187 2562 3241 tribui
2594 3188 2813 3256 Basilio,
2838 3206 2959 3244 cum
2989 3205 3172 3245 eorum
3220 3206 3422 3263 partem
3456 3199 3743 3252 maximam
3777 3213 3846 3253 ex
3868 3196 3969 3251 Eu-

2404 3281 2549 3335 sebio
2581 3293 2846 3353 sumptam
2878 3298 2999 3338 esse
3024 3284 3303 3338 credamus
3328 3287 3420 3355 (ὁ).

2476 3375 2564 3428 45.
2595 3375 2745 3443 Quod
2774 3376 2817 3429 si
2842 3392 2959 3443 quae
2993 3376 3361 3439 indicavimus,
3402 3393 3735 3446 nequaquam
3757 3382 3973 3439 suﬂice-

2405 3483 2461 3521 re
2487 3468 2792 3535 videantur,
2839 3467 2942 3537 legi
2978 3469 3196 3535 insuper
3233 3476 3408 3536 potest
3444 3469 3707 3537 expositio
3736 3472 3968 3527 aliorum

2401 3574 2675 3627 versuum,
2724 3560 2953 3630 exempli
3004 3575 3161 3613 causa
3206 3560 3347 3614 illius
3392 3578 3406 3614 :
3457 3560 3786 3631 Congregans
3833 3565 3971 3617 sicut

2403 3660 2571 3703 utrem
2609 3667 2774 3721 aquas
2824 3653 2985 3705 maris
3018 3653 3123 3718 ⁵⁸⁶;
3158 3654 3286 3706 item
3339 3652 3481 3706 illius
3513 3670 3527 3706 :
3561 3652 3823 3718 Quoniam
3862 3655 3973 3723 ipse

2402 3742 2534 3791 dixit
2577 3752 2622 3793 et
2657 3744 2801 3809 facta
2849 3755 2967 3795 sunt
3007 3745 3073 3795 “.
3110 3742 3350 3811 Denique
3391 3756 3645 3813 praestare
3676 3749 3869 3811 audeo,
3924 3748 3971 3801 si

2406 3838 2511 3884 tota
2539 3832 2729 3899 psalmi
2776 3834 3081 3900 explanatio
3120 3834 3344 3901 legatur,
3378 3838 3562 3891 eadem
3594 3842 3789 3907 passim
3826 3850 3879 3894 et
3918 3842 3969 3894 in

2406 3924 2777 3977 commentarii
2802 3933 3023 3979 auctore
3054 3934 3107 3979 et
3142 3926 3191 3978 in
3233 3924 3425 3980 Basilio
3462 3943 3729 3994 repertum
3751 3933 3835 3986 iri.
3860 3932 3968 3987 Pa-

2403 4013 2536 4067 riter
2578 4013 2622 4067 si
2676 4013 2728 4068 in
2761 4019 3149 4073 commentario
3182 4017 3389 4087 legatur
3419 4018 3651 4087 psalmus
3679 4026 3974 4092 quadrage-

2402 4109 2571 4161 simus
2625 4118 2869 4177 quartus,
2910 4109 3021 4178 ipse
3056 4125 3266 4179 quoque
3316 4111 3365 4164 id
3412 4112 3551 4178 quod
3596 4127 3622 4160 a
3678 4111 3874 4163 Basilio
3919 4116 3970 4168 in

2401 4200 2649 4251 eumdem
2695 4198 2955 4267 psalmum
2989 4201 3188 4254 dictum
3235 4210 3336 4263 est,
3366 4200 3655 4254 exhibebit.
3696 4201 3861 4268 Cujus
3896 4206 3970 4256 rei

2404 4292 2765 4345 testimonium
2792 4308 2953 4347 unum
2974 4295 3079 4362 peti
3112 4301 3286 4361 potest
3326 4308 3392 4347 ex
3422 4294 3503 4348 his
3533 4294 3719 4363 psalmi
3755 4296 3969 4349 verbis:

2404 4383 2606 4453 Lingua
2654 4402 2769 4439 mea
2822 4385 3056 4439 calamus
3093 4385 3278 4439 scriba:
3322 4386 3559 4439 velociter
3592 4382 3866 4437 'cribentis
3886 4385 3971 4443 ⁵⁸⁸.

2405 4478 2533 4532 Nam
2561 4478 2809 4533 versiculi
2840 4478 2995 4547 hujus
3028 4480 3335 4548 explicatio,
3362 4494 3519 4548 quam
3551 4479 3600 4531 in
3641 4486 3976 4532 commenta-

731 4582 928 4643 nimus,
964 4576 1052 4629 ἵνα
1078 4573 1139 4626 τὸ
1176 4574 1271 4643 μὲν
1296 4572 1460 4643 δριμὺ
1506 4570 1600 4623 καὶ
1645 4568 1935 4621 κανστικὸν
1976 4569 2086 4629 τοῖς
2128 4565 2299 4631 ἀξίοις
2332 4570 2375 4624 Ι)

2332 4570 2375 4624 Ι)
2408 4572 2484 4624 rio
2516 4572 2758 4639 legimus,
2784 4570 2826 4623 si
2861 4586 2963 4625 non
2994 4581 3123 4635 tota,
3160 4584 3208 4625 at
3244 4571 3358 4639 ejus
3391 4586 3514 4639 pars
3551 4586 3739 4640 magna
3768 4587 3833 4624 ex
3868 4569 3971 4624 Ba-

730 4670 975 4732 καύσεως
1009 4662 1442 4738 προσαποδείσοι,
1496 4679 1514 4711 t
1554 4662 1626 4713 ita
1672 4668 1732 4713 ut
1779 4659 2047 4712 acerbitas
2078 4660 2293 4726 quidem

728 4775 786 4817 et
828 4760 1014 4815 urendi
1055 4760 1137 4811 vis
1171 4757 1382 4811 ustione
1408 4756 1584 4823 dignis
1616 4756 1921 4823 deputetur.
1959 4773 1977 4805 ι
2008 4754 2113 4809 Sed
2142 4754 2295 4810 facile

728 4852 1052 4908 crediderim
1075 4850 1322 4904 mendum
1346 4864 1463 4903 esse
1480 4848 1845 4911 librariorum,
1890 4848 2003 4916 qui,
2019 4864 2116 4915 pro
2137 4866 2296 4921 προσ-

728 4946 1003 5016 απομένῃ.
1034 4940 1452 5014 προσαποδείσω
1490 4941 1784 4994 oscitanter
1816 4941 2099 5008 scripsere.
2129 4940 2292 4995 Com-

730 5036 977 5092 mentarii
1009 5044 1215 5095 auctor,
1249 5029 1497 5100 quisquis
1538 5029 1627 5082 ille
1658 5028 1776 5095 fuit,
1819 5029 1947 5083 fecit
1982 5045 2132 5085 more
2174 5047 2294 5095 suo,

730 5142 809 5193 ιιι,
832 5144 951 5183 cum
974 5126 1233 5197 psalmum
1257 5124 1572 5178 vicesimum
1600 5134 1796 5174 nonum
1818 5122 2293 5191 interpretaretur,

731 5217 912 5272 Basilii
954 5216 1010 5267 in
1040 5213 1277 5266 eumdem
1311 5216 1574 5276 psalmum
1607 5210 1911 5265 orationem
1966 5214 2292 5280 compilarit.

730 5312 885 5363 Libet
920 5306 1169 5361 nonnulla
1200 5306 1494 5358 ascribere.
1534 5304 1605 5356 Ita
1635 5303 1797 5372 igitur
1838 5302 2030 5367 legitur
2061 5319 2073 5353 :
2101 5304 2294 5358 Μακὰ-

731 5418 841 5469 ριος
871 5400 926 5452 δὲ
951 5402 979 5452 6
1026 5400 1122 5470 τὴν
1148 5401 1204 5451 ὲν
1240 5398 1317 5467 τῷ
1369 5395 1521 5467 βάθει
1549 5396 1711 5448 αὑτοῦ
1750 5396 1961 5467 πληγὴν
1994 5398 2295 5467 γνωρίζων,

727 5497 799 5556 ὡς
847 5493 1105 5546 δύνασθαι
1148 5492 1384 5561 προσιὼν
1411 5492 1488 5560 τῷ
1518 5489 1683 5560 ἰατρῷ
1710 5490 1904 5558 λέγειν.
1970 5493 2172 5545 "Iacui
2198 5509 2293 5559 με.

728 5590 925 5654 Κύριε.
972 5586 1233 5639 Ἐνταῦοα
1276 5584 1455 5655 μέντοι
1488 5584 1806 5655 εὐχαριστία
1840 5586 1987 5636 ἐστὶν
2022 5586 2161 5656 ὑπὲρ
2206 5587 2298 5653 τῆς

801 5702 845 5732 ⁸¹
887 5699 1027 5753 Psal.
1064 5714 1253 5761 xxvut,
1286 5700 1336 5752 7.
1421 5697 1612 5751 “‘Jer.
1642 5712 1773 5760 xvu,
1806 5698 1890 5751 Η.

737 5767 800 5803 ³⁸·
820 5769 960 5827 Psal.
992 5785 1136 5833 xuv,
1161 5769 1214 5821 ‘2.

801 5884 873 5955 (α)
918 5880 1004 5939 Uti
1036 5882 1181 5938 soleo
1212 5883 1441 5952 vulgatis
1468 5883 2014 5951 interpretationibus.

1970 5700 2012 5727 ⁸³
2042 5696 2177 5750 Psal.
2218 5710 2384 5755 xxx”,
2418 5697 2468 5750 :1.

2404 4664 2505 4717 silii
2530 4665 2772 4718 oratione
2794 4675 3003 4733 sumpta
3028 4673 3127 4721 est.
3159 4663 3360 4718 Deinde
3396 4678 3508 4716 rem
3539 4665 3782 4717 eamdem
3822 4665 3971 4717 miri-

2404 4756 2502 4811 ﬂce
2529 4760 2814 4811 contirmat
2853 4756 2978 4809 illud
3016 4756 3383 4809 commentarii
3417 4771 3539 4823 pag.
3580 4754 3681 4807 854
3714 4773 3725 4806 :
3764 4756 3970 4824 Τροπι-

2405 4850 2513 4914 κῶς
2543 4848 2823 4919 ἡγούμεθα
2850 4850 3023 4903 ταῦτα
3048 4848 3293 4920 λελέχθαι
3324 4848 3410 4901 διὰ
3433 4850 3528 4918 τὴν
3567 4848 3843 4918 σαρκωσιν
3878 4845 3970 4900 τοῦ

2404 4938 2535 4991 Θεοῦ
2567 4938 2759 5004 Λόγου,
2802 4940 2859 4995 ὅς
2898 4942 3012 4992 ἐστι
3044 4939 3348 5009 τομώτερος
3390 4937 3527 5007 ὑπὲρ
3567 4940 3745 4989 πᾶσαν
3774 4935 3973 5006 μάχαι-

2406 5046 2522 5098 ραν.
2553 5030 2746 5083 Διότιό
2781 5031 2951 5101 μηρὸς
2980 5030 3245 5099 σύμϐολόν
3285 5030 3396 5080 ἐστι
3435 5029 3529 5097 τῆς
3559 5028 3701 5080 κατὰ
3758 5026 3973 5093 γένεσιν

2404 5124 2699 5195 ἐνεργείας.
2749 5124 2963 5194 Ἐπειδὴ
3015 5126 3069 5176 δὲ
3109 5125 3289 5194 μέλλει
3320 5119 3681 5176 συνάπτεσθαι
3707 5122 3771 5189 τῇ
3810 5119 3971 5172 ἀσθε-

2399 5222 2513 5289 νείᾳ
2542 5220 2641 5287 τῆς
2678 5220 2876 5289 σαρκὸς
2926 5222 2954 5271 6
2999 5218 3249 5289 Χριστὸς,
3294 5216 3469 5278 καλῶς
3519 5216 3835 5286 πρόσκειται
3885 5214 3967 5273 τὸ.

2400 5311 2641 5365 Δυνατέ.
2678 5312 2955 5380 Μεγίστης
2992 5312 3096 5380 γὰρ
3127 5310 3423 5380 δυνάμεως,
3441 5308 3502 5360 τὸ
3522 5305 3813 5376 δυνηθῆναι
3840 5304 3969 5357 Θεὸν

2401 5407 2456 5456 ἐν
2486 5402 2770 5473 ἀνθρώπου
2794 5401 2951 5471 φύσει
2978 5401 3246 5471 γενέσθαι.
3279 5421 3295 5451 ι
3333 5399 3580 5468 Figuratc
3601 5400 3968 5449 existimamus

2402 5496 2513 5549 hac
2561 5496 2701 5549 dicta
2752 5511 2873 5549 esse
2909 5506 3126 5563 prapter
3180 5494 3605 5547 incarnationem
3647 5489 3809 5542 Verbi
3855 5488 3965 5548 Dei,

2401 5587 2540 5653 quid
2566 5587 2709 5637 omni
2746 5585 2926 5655 gladio
2951 5584 3159 5637 acutius
3189 5594 3289 5638 est.
3329 5580 3589 5646 Quoniam
3624 5578 3798 5632 femur
3828 5590 3970 5646 sym-

2551 5698 2614 5725 “‘
2652 5695 2777 5747 ibid.
2814 5694 2864 5746 5.
2944 5695 2988 5725 ³³
3015 5693 3137 5747 ibid.
3162 5693 3213 5745 6.
3291 5690 3503 5747 "‘ibid.
3538 5689 3588 5742 '7.
3668 5690 3713 5721 “
3746 5686 3875 5743 ibid.
3911 5683 3966 5746 9.

2469 5878 2538 5943 (ἐν)
2573 5876 2694 5945 ch.
2729 5891 2873 5930 num.
2906 5874 2991 5927 35.
