4212 6490
710 459 869 501 CCVIII

2056 436 2585 496 PROLEGOMENA.

717 582 737 612 ε
783 562 885 630 Qui
946 562 1090 616 enim
1148 562 1342 617 divina
1405 561 1505 632 legi
1568 573 1751 629 vacat,
1812 573 1865 618 et
1934 563 2118 619 rivulis
2166 557 2619 633 cjnsAquidem,
2669 557 2936 612 indecore
2969 557 3318 624 sanctiﬁcata,
3349 560 3553 625 edidit;
3598 556 3956 629 Sytumac‘litt:

716 655 992 724 irrigatur,
1035 653 1361 709 assimilatus
1390 665 1472 709 est
1506 658 1681 710 arbori
1707 658 1857 727 juxta
1886 674 2052 730 aquas
2078 660 2282 712 consti-

718 753 867 799 tutae.
899 763 919 798 ι
958 744 1023 797 Et
1057 746 1307 812 quoniam
1354 759 1460 798 non
1516 746 1739 801 multum
1776 748 1939 803 refert
1987 758 2166 803 utrutn
2220 765 2281 804 ea

718 853 838 907 quae
888 819 1326 900 transcribimus,
1376 836 1683 894 cohaereant
1726 840 1866 895 inter
1925 857 2016 905 se,
2090 855 2280 906 necne,

720 928 957 996 psalmos
983 927 1223 998 singulos
1246 927 1458 983 animus
1480 946 1583 984 non
1606 940 1687 985 est
1714 933 1903 987 ordine
1932 946 2281 999 percurrere:

717 1018 813 1070 sed
841 1017 1095 1086 quidque,
1129 1026 1184 1070 ut
1210 1032 1484 1085 occurret,
1508 1024 1770 1078 adnotare
1788 1023 2281 1079 satisdtahebimus.

718 1106 845 1162 Otio
870 1108 961 1177 qui
998 1107 1235 1164 abundat
1265 1114 1553 1181 quominus
1594 1127 1703 1169 suae
1736 1113 2035 1168 curiositati
2064 1115 2284 1170 satisfa-

720 1213 846 1253 cere
870 1201 1065 1269 possit,
1103 1201 1237 1255 nihil
1278 1210 1440 1255 vetat.
1479 1204 1658 1270 Quare
1704 1204 1770 1256 ad
1814 1205 2074 1272 psalmum
2103 1206 2287 1261 vicesi-

721 1308 869 1348 mum
892 1304 1140 1351 octavum
1168 1298 1538 1361 transibimus,
1568 1313 1598 1351 e
1630 1313 1737 1367 quo
1768 1301 2019 1354 nonnulla
2056 1304 2286 1373 exempli

720 1383 842 1440 loco
868 1390 1234 1454 proferentur,
1266 1389 1309 1444 si
1341 1399 1519 1444 tamen
1550 1390 1701 1459 prius
1729 1393 2097 1447 monuerimus
2122 1394 2289 1449 Euse-

722 1472 868 1528 bium
880 1486 932 1529 et
956 1482 1327 1533 commentarii
1351 1482 1693 1550 scriptorem,
1715 1484 1838 1537 dum
1864 1484 2077 1539 initium
2099 1488 2286 1557 psalmi

724 1565 921 1623 decimi
948 1572 1127 1639 quarti
1156 1574 1578 1640 interpretantur
1599 1616 1614 1638 ,
1650 1590 1757 1631 nou
1805 1590 1927 1632 raro
1962 1592 2172 1648 quoque
2199 1595 2290 1633 ea-

725 1657 847 1712 dem
879 1660 1065 1715 iisdem
1106 1663 1287 1717 verbis
1334 1665 1538 1721 dicere.
1592 1666 1715 1722 Nare
1756 1669 1919 1735 igitur
1954 1670 2205 1739 leguntur
2234 1672 2287 1725 in

725 1748 1068 1806 enarratione
1093 1751 1311 1808 Eusebii
1336 1755 1389 1808 in
1412 1754 1669 1823 psalmum
1695 1758 1990 1811 vicesimum
2017 1770 2250 1813 octavum
2270 1776 2289 1814 :

739 1837 836 1919 Ἑν⁵
855 1833 936 1903 οἷς
960 1842 987 1893 6
1012 1841 1167 1910 λόγος
1191 1842 1288 1913 τὴν
1312 1845 1669 1916 εὐαγγελικὴν
1702 1846 1857 1917 χάριν
1887 1848 1986 1919 τὴν
2012 1849 2091 1911 εἰς
2116 1850 2292 1905 πάντα

2380 663 2529 713 vero,
2563 649 2617 701 iu
2664 651 2849 704 decore
2888 662 3087 705 sancto.
3124 648 3246 704 Vult
3291 650 3433 702 enim
3467 668 3563 706 nos
3596 664 3715 705 eum
3745 648 3955 703 decenti

2378 754 2572 796 ornatu
2604 752 2656 796 et
2690 744 2859 797 amica
2892 741 3000 796 Deo
3047 742 3255 813 justitia
3288 742 3467 795 lacere
3506 744 3901 799 adorationem.
3935 764 3954 794 ι

2384 833 2551 887 Velim
2578 834 2783 903 legatur
2808 836 2860 889 in
2890 834 3017 905 ipsis
3046 835 3194 889 libris
3224 843 3330 889 tota
3358 833 3516 902 hujus
3547 835 3648 891 loci
3678 834 3945 907 explana-

2382 928 2482 993 tio,
2520 937 2739 996 tumque
2778 943 2883 982 una
2926 943 3045 982 cum
3082 929 3247 983 altera
3282 937 3663 995 comparetur;
3709 943 3816 1000 quo
3843 926 3959 983 cla-

2381 1020 2495 1073 rius
2538 1031 2794 1088 appareat
2841 1021 3214 1074 commentarii
3268 1028 3543 1075 auctorem
3595 1021 3730 1076 nihil
3785 1020 3961 1087 magis

2384 1109 2759 1180 lacere,quam
2777 1111 3065 1165 Eusebium
3089 1111 3263 1178 palam
3288 1110 3599 1181 compilare.
3636 1112 3789 1180 Quod
3812 1114 3957 1169 dixi-

2383 1216 2503 1255 mus
2529 1241 2544 1263 ,
2584 1202 2877 1264 vocabulo,
2929 1218 2949 1251 ι
2979 1201 3178 1263 alius,»
3222 1204 3379 1257 modo
3438 1217 3604 1256 unum
3657 1215 3959 1271 auctorem,

2384 1293 2544 1348 modo
2572 1295 2797 1348 alterum
2828 1293 3139 1362 signiﬁcari,
3183 1292 3299 1359 ejus
3332 1294 3633 1361 exemplum
3678 1294 3732 1348 in
3778 1299 3955 1353 inter-

2384 1384 2685 1454 pretatione
2710 1383 2903 1455 psalmi
2948 1383 3187 1438 vicesimi
3221 1388 3347 1441 noni
3383 1386 3629 1441 habetur.
3681 1384 3812 1441 Nam
3854 1405 3958 1443 vox

2385 1490 2486 1542 ea,
2545 1497 2563 1530 ε
2595 1477 2755 1539 alius,
2783 1492 2803 1526 ι
2860 1487 2920 1530 ut
2967 1492 3033 1531 ex
3087 1474 3302 1529 Eusebii
3345 1477 3745 1533 commentariis
3792 1489 3960 1546 patet,

2388 1570 2672 1625 Eusebium
2725 1569 2897 1638 ipsum
2945 1568 3169 1622 indicat.
3213 1563 3539 1622 Omittemus
3571 1581 3689 1637 qua:
3739 1570 3963 1638 utrique

2389 1663 2659 1733 scriptori,
2707 1660 3223 1731 pseudo-Theodoro
3272 1667 3327 1715 et
3356 1658 3611 1721 Eusebio.
3656 1662 3964 1714 communia

2391 1766 2517 1810 sunt
2563 1752 2645 1807 vel
2682 1753 2797 1821 ipso
2840 1750 2991 1804 initio
3022 1751 3381 1806 enarrationis
3412 1750 3467 1803 in
3516 1751 3774 1818 psalmum
3806 1753 3965 1805 trice-

2391 1848 2578 1901 simum
2623 1844 2951 1908 secundum;
2988 1842 3079 1897 sed
3122 1856 3240 1910 qua:
3288 1844 3535 1899 dicuntur
3570 1842 3622 1895 in
3670 1843 3783 1896 hac
3821 1840 3966 1910 ejus-

727 1928 980 1997 χυθεῖσαν
1008 1932 1075 1984 τὰ
1110 1932 1229 1985 καθ’
1248 1935 1375 2005 ὅλης
1407 1938 1505 2005 τῆς
1534 1938 1858 2008 οἰκουμένης
1882 1939 2005 2010 ἐθνη
2031 1957 2297 2012 προευαγ-
2326 1929 2365 1982 Β

2326 1929 2365 1982 Β
2394 1937 2513 1991 dem
2564 1933 2757 2003 psalmi
2792 1933 2955 1987 verba
3007 1950 3020 1986 :
3062 1929 3165 1995 Qui
3196 1932 3351 1998 [insit
3379 1931 3649 2002 sigillatim
3682 1931 3843 1984 corda
3868 1946 3964 1985 eo-

728 2019 1079 2093 γελισάμενος
1120 2064 1134 2079 .
1172 2068 1184 2079 .
1220 2067 1233 2081 .
1270 2067 1285 2082 .
1326 2028 1496 2082 ταῦτά
1537 2046 1595 2082 τε
1645 2032 1887 2099 κομίζειν
1925 2034 2293 2105 παρακελεύε-

728 2131 817 2167 ται
837 2158 852 2180 ,
886 2117 985 2170 οὐκ
1028 2120 1300 2183 Ἰουδαίοις
1320 2161 1334 2183 ,
1366 2124 1499 2176 ἀλλά
1533 2126 1651 2188 ταῖς
1686 2131 1941 2197 πατριαῖς
1970 2130 2074 2182 τῶν
2101 2132 2291 2198 ἐθνῶν,

727 2209 760 2276 ἢ
795 2210 934 2262 κατὰ
967 2212 1094 2275 τοὺς
1124 2212 1340 2279 λοιποὺς
1364 2216 1722 2287 ἑρμηνευτὰς,
1768 2220 1894 2286 ταῖς
1920 2226 2295 2291 συγγενείαις

729 2297 848 2352 τῶν
869 2299 1033 2354 λαῶν
1066 2340 1081 2357 .
1119 2342 1133 2356 .
1174 2345 1187 2358 .
1228 2345 1241 2360 .
1278 2305 1368 2359 Διὸ
1398 2310 1492 2362 καὶ
1526 2310 1819 2365 ὠϐέλισται
1846 2313 1994 2385 παρὰ
2020 2316 2143 2379 τοὺς
2179 2316 2294 2367 Ἐδ-

730 2389 1068 2459 δομήκοντα,
1100 2395 1173 2458 ὡς
1210 2396 1283 2468 μὴ
1325 2399 1577 2469 κείμενον
1615 2404 1746 2472 μήτε
1785 2405 1841 2456 ὲν
1883 2404 1958 2471 τῷ
2004 2405 2291 2476 Ἑϐραῖκῷ,

1912 2535 1925 2548 .
1960 2534 1973 2547 .
2008 2534 2021 2547 .
2069 2496 2209 2549 ’Λντὶ
2238 2497 2293 2550 δὲ

730 2571 844 2633 τοῦ,
893 2574 963 2626 ἐν
1010 2575 1171 2644 αὑ.ἶῇ
1221 2578 1355 2646 ἁγίᾳ
1425 2584 1631 2647 αὐτοῦ,
1681 2586 1709 2637 6
1756 2586 1853 2655 μὲν
1909 2586 2157 2653 Ἀκύλας,
2228 2588 2298 2642 ἐν

731 2662 1079 2737 διαπρεπειῇ
1110 2670 1438 2743 ἡγιασμένη
1462 2714 1475 2737 ,
1522 2675 1807 2740 ἐξέδωκεν
1840 2681 1867 2732 6
1902 2678 1956 2732 δὲ
1985 2679 2295 2751 Σύμμαχος,

730 2754 802 2807 ἐν
853 2757 1200 2828 διαπρεπειῂ
1255 2762 1409 2830 ἁγίᾳ.
1453 2766 1707 2819 Βούλεται
1750 2768 1855 2838 γὰρ
1897 2772 2043 2839 ⁴ἡμᾶς
2075 2773 2103 2824 6
2144 2771 2300 2840 λόγος

734 2848 871 2915 μετὰ
905 2851 994 2901 τοῦ
1025 2853 1321 2920 πρέποντος
1348 2856 1547 2923 κόσμου
1586 2858 1675 2909 καὶ
1708 2858 1802 2926 τῆς
1827 2860 1902 2927 τῷ
1926 2862 2042 2929 Θεῷ
2066 2879 2297 2932 προσφι-

732 2938 856 3001 λοῦς
887 2939 1225 3013 δικαιοσύνης
1271 2944 1367 3015 τὴν
1398 2949 1765 3018 προσκύνησιν
1801 2950 2085 3005 ποιεῖσθαι.
2123 2970 2140 3003 ι
2171 2953 2299 3018 Qui-

734 3031 835 3086 bus
870 3048 1000 3089 sane
1033 3037 1398 3105 evangelicam
1435 3042 1658 3109 gratiam
1694 3040 1744 3093 in
1781 3055 1968 3096 clunes
2011 3043 2171 3097 totius
2210 3057 2298 3097 or-

734 3122 816 3175 bis
862 3126 1110 3182 nationes
1156 3128 1400 3184 dill'usam
1454 3133 1822 3201 praenuntians
1858 3172 1873 3187 .
1906 3173 1920 3188 .
1952 3170 1967 3187 .
1998 3173 2012 3189 .
2064 3135 2177 3190 haec
2221 3135 2300 3189 af.

734 2482 869 2549 μήτε
899 2484 1049 2551 παρὰ
1085 2489 1193 2548 τοῖς
1225 2487 1427 2551 λοιποῖς
1462 2492 1825 2560 έρμηνευταῖς
1866 2534 1878 2545 .

2394 2043 2508 2081 rum
2538 2027 2629 2091 σθ’,
2659 2040 2762 2079 non
2802 2025 3001 2096 pigebit
3041 2026 3327 2080 ascribere.
3359 2024 3660 2079 Eusebius:
3694 2024 3968 2094 Καταμά-

2395 2136 2505 2185 rat;
2531 2118 2588 2171 δὲ
2613 2118 2828 2190 εἴρηται
2855 2118 2975 2171 ἀντὶ
2992 2116 3085 2171 τοῦ
3109 2116 3505 2187 ἀρωρισμένως
3533 2118 3679 2186 παρὰ
3713 2117 3779 2169 τὰ
3803 2114 3967 2167 λοιπὰ

2395 2210 2525 2275 ζῶα.
2558 2210 2803 2282 Καρδίας
2830 2210 2885 2263 δὲ
2915 2211 3110 2279 λέγων,
3148 2208 3273 2271 τοὺς
3299 2208 3589 2277 λογισμοὺς
3625 2205 3836 2276 ἐδήλου,
3869 2206 3968 2257 καὶ

2393 2304 2474 2356 ὅτι
2504 2302 2898 2375 ἀφωρισμένως
2943 2302 3170 2364 ἕκαστος
3212 2300 3494 2372 ἄνθρωπος
3526 2297 3713 2369 ὥσπερ
3745 2298 3970 2365 ταμεῖον

2396 2396 2886 2464 ἀποκεκλεισμένοι
2933 2394 3047 2463 ἔχει
3086 2393 3183 2464 τὴν
3220 2393 3410 2447 ἑαυτοῦ
3452 2392 3706 2455 διάνοιαν,
3749 2390 3825 2453 ὡς
3856 2405 3969 2459 μη-

2396 2488 2520 2542 δένα
2551 2487 2806 2541 δύνασθαι
2835 2488 3019 2555 ἑτέρου
3054 2485 3495 2553 καταλαμϐάνειν
3524 2482 3835 2552 λογισμούς.
3868 2480 3969 2533 Οὐ-

2395 2581 2502 2643 δεὶς
2546 2578 2675 2647 γοῦν
2705 2574 2842 2630 οἶδεν
2890 2573 3191 2647 ἀνθρώπων
3219 2572 3290 2626 τὰ
3327 2573 3420 2626 τοῦ
3462 2571 3746 2642 ἀνθρώπου
3792 2607 3806 2623 .
3842 2609 3857 2624 .
3898 2612 3911 2624 .
3951 2608 3967 2623 .

2398 2672 2673 2746 Συνῇπται
2715 2671 2810 2736 τὸ,
2866 2672 2919 2723 '0
2953 2668 3188 2735 συνιεὶς
3218 2665 3412 2720 πάντα
3447 2664 3519 2720 τὰ
3560 2664 3703 2734 ἔργα
3745 2660 3967 2716 αὐτῶν.

2398 2767 2573 2830 Μόνος
2618 2766 2725 2837 γὰρ
2762 2766 2921 2828 αὐτὸς
2963 2765 3204 2835 συνίησιν
3259 2760 3317 2827 ἐξ
3358 2760 3548 2824 ὁποίας
3595 2756 3970 2830 προαιρέσεως

2397 2861 2466 2913 τὰ
2497 2860 2601 2911 τῶν
2632 2856 2933 2928 ἀνθρώπων
2968 2856 3101 2927 ἔργα
3147 2854 3507 2908 ἐπιτελεῖται·
3562 2852 3784 2921 μηδενὸς
3808 2849 3970 2901 ἄλλου

2397 2949 2691 3019 δυναμένου
2727 2947 2985 3009 συνιέναι,
3024 2947 3151 3015 ποία
3189 2946 3441 3015 προθέσει
3482 2944 3575 2996 καὶ
3626 2941 3785 3011 ὁποία
3823 2941 3969 3010 ὁρμῇ

2396 3039 2624 3103 ἕκαστος
2656 3038 2763 3091 τῶν
2802 3036 3101 3107 ἀνθρώπων
3135 3037 3361 3107 πράττει
3402 3036 3437 3088 ἃ
3468 3033 3721 3107 πράττει.
3760 3050 3778 3084 ι
3806 3030 3944 3100 Sigil

2400 3131 2546 3187 latim
2580 3133 2777 3188 dictum
2807 3139 2888 3186 est
2916 3130 3069 3199 quasi
3115 3128 3405 3197 separatim
3439 3136 3490 3181 et
3539 3138 3784 3181 seorsum
3818 3136 3846 3175 a
3881 3135 3973 3177 re-

735 3209 877 3267 ferre
905 3214 1092 3281 jubet,
1132 3233 1234 3271 non
1269 3218 1513 3286 Jud.eos,
1553 3225 1647 3276 sed
1702 3224 1933 3279 familias
1963 3226 2201 3292 gentium
2231 3227 2297 3294 δ’,
2329 3262 2368 3318 C
2402 3224 2561 3295 liquis
2607 3222 2947 3277 animalibus.
2996 3219 3131 3274 Dum
3178 3228 3353 3273 autem
3408 3215 3570 3270 corda
3617 3222 3971 3280 memoraret,

734 3306 1144 3361 autsecundum
1176 3308 1412 3379 reliquos
1459 3312 1802 3381 interpretes,
1850 3318 2179 3381 cognationes
2206 3334 2301 3384 po-

735 3393 978 3461 pulorum
1010 3434 1025 3449 .
1052 3436 1067 3451 .
1094 3439 1109 3454 .
1136 3437 1152 3453 .
1188 3398 1362 3467 Quare
1398 3403 1509 3457 haec
1534 3403 1586 3457 in
1622 3401 1968 3473 Septuaginta
1998 3405 2302 3474 interpreti-

738 3486 837 3539 bus
863 3488 1019 3541 obelo
1064 3502 1337 3557 nOtantur,
1372 3496 1510 3561 quod
1544 3510 1717 3571 neque
1753 3496 1804 3550 in
1830 3495 2094 3552 liebraico
2120 3512 2302 3553 exeni-

736 3582 896 3647 plari,
927 3597 1025 3637 nec
1078 3586 1216 3653 apud
1270 3586 1506 3654 reliquos
1562 3590 1885 3657 interpretes
1933 3599 2297 3658 compareant.

736 3674 877 3729 Loco
921 3685 1099 3731 autem
1148 3678 1322 3746 illius,
1352 3681 1406 3732 in
1448 3679 1570 3733 aula
1606 3692 1785 3733 sancta
1814 3680 1925 3749 ejus
1959 3682 2049 3745 ω’,
2085 3681 2299 3749 Aquila,

737 3770 1003 3824 indecore
1040 3771 1365 3840 sanctiﬁcata
1389 3812 1404 3837 ,
1436 3772 1794 3845 Symmachus
1838 3789 1986 3836 vero.
2033 3776 2083 3829 in
2123 3777 2303 3830 decore

736 3870 939 3927 sancto,
986 3861 1172 3916 edidit.
1210 3860 1335 3915 Vult
1377 3864 1519 3917 enim
1568 3879 1665 3918 nos
1708 3879 1829 3917 eum
1861 3862 2042 3920 debito
2087 3875 2302 3932 ornatu,

738 3966 801 4002 ac
830 3950 937 4003 Deo
963 3951 1153 4007 dilecta
1177 3952 1392 4020 iustitia
1418 3954 1787 4007 adnrationem
1818 3969 2097 4023 peragere.
2127 3975 2143 4006 ι
2180 3956 2304 4010 Πωο

738 4056 866 4097 vero
905 4043 957 4098 in
990 4047 1373 4099 commentario
1401 4064 1413 4099 :
1460 4046 1543 4098 Ἑν
1574 4040 1653 4108 οἷς
1695 4046 1723 4097 ὁ
1760 4045 1917 4113 λόγος
1949 4046 2045 4117 τὴν
2073 4048 2303 4115 εὐαγγε-

738 4140 897 4212 λικὴν
942 4142 1102 4211 χάριν
1134 4140 1252 4193 καθ’
1284 4141 1412 4210 ὅλης
1444 4140 1772 4211 χυθήσεσθαι
1820 4141 2167 4212 προθεσπίζει
2205 4143 2303 4213 τῆς

737 4232 1078 4303 οἰκουμένης.
1127 4233 1469 4303 Παραγγέλει
1513 4234 1619 4306 γὰρ
1649 4234 1715 4287 τὰ
1750 4234 2003 4304 λεχθέντα
2035 4236 2300 4306 κομίζειν,

740 4324 838 4376 οὐκ
871 4324 1159 4388 Ἰουδαίοις,
1189 4325 1323 4379 ἀλλὰ
1347 4328 1463 4389 ταῖς
1485 4329 1735 4397 πατριαῖς
1759 4327 1863 4379 τῶν
1881 4327 2048 4381 ἐθνῶν
2065 4346 2078 4359 ⁸
2111 4330 2143 4400 ἦ
2166 4330 2304 4383 κατὰ

740 4419 865 4480 τοὺς
902 4418 1152 4482 λοιποὺς,
1198 4419 1327 4485 ταῖς
1373 4420 1749 4488 συγγενείαις
1784 4419 1900 4473 τῶν
1926 4419 2109 4475 λαῶν.
2156 4421 2303 4474 Ὧδέ-

739 4507 915 4560 λισται
944 4506 1049 4578 γὰρ
1086 4508 1233 4579 παρὰ
1272 4512 1383 4571 τοῖς
1423 4509 1821 4580 Ἐὖδομήκοντα
1848 4511 1928 4575 τὸ,
1974 4512 2093 4565 υἱοὶ
2134 4514 2300 4577 Θεοῦ,

2405 3316 2759 3386 cogitationes
2788 3312 3108 3385 signiﬁcavit
3133 3355 3146 3374 ,
3183 3310 3306 3381 quia
3352 3308 3578 3379 quilibet
3617 3308 3777 3362 homo
3821 3320 3973 3360 seor-

2402 3420 2521 3459 sum
2576 3415 2809 3459 mentem
2873 3418 3024 3459 suam
3080 3419 3177 3458 ceu
3236 3401 3633 3469 receptaculum
3691 3400 3970 3453 occlusum

2402 3498 2582 3559 habet,
2616 3504 2672 3549 ut
2719 3510 2879 3547 nemo
2926 3495 3146 3548 alterius
3189 3495 3539 3561 cogitationes
3569 3488 3974 3561 deprehendere

2404 3587 2593 3640 valeat.
2666 3584 2852 3638 Nullus
2904 3584 3063 3653 igitur
3115 3583 3390 3636 hominum
3457 3580 3607 3633 novit
3665 3593 3784 3647 qua:
3845 3587 3974 3631 sunt

2402 3676 2633 3733 hominis
2653 3677 2694 3706 ⁶¹
2729 3714 2743 3729 .
2776 3711 2795 3730 .
2828 3714 2841 3727 .
2877 3712 2891 3728 .
2936 3673 3165 3728 Additur
3209 3673 3341 3737 hoc,
3391 3670 3493 3736 Qui
3523 3668 3765 3738 intelligit
3792 3668 3973 3722 omnia

2403 3785 2555 3835 apera
2588 3784 2768 3823 eorum
2798 3767 2889 3821 ‘l‘.
2923 3765 3040 3837 Ipse
3078 3778 3310 3835 namque
3339 3763 3483 3819 solus
3513 3760 3850 3832 intelligitex
3876 3775 3972 3815 cu-

2399 3860 2630 3931 jusmodi
2676 3858 2935 3915 electione
2975 3857 3270 3912 voluntatis
3298 3854 3573 3910 hominum
3605 3867 3767 3923 opera
3802 3842 3973 3906 edan-

2408 3963 2514 4015 tur,
2543 3967 2664 4007 cum
2689 3951 2863 4005 nullus
2890 3950 3026 4003 alius
3050 3948 3347 4015 intelligere
3378 3952 3536 4015 qucal.
3573 3959 3636 3997 ex
3669 3941 3969 4009 cuiusmodi

2404 4044 2698 4111 proposito,
2736 4056 2800 4093 ex
2832 4055 2938 4108 quo
2972 4049 3115 4092 motu
3151 4037 3443 4091 voluntatis
3471 4035 3648 4103 quivis
3691 4033 3969 4086 hominum

2403 4142 2528 4201 agat
2560 4144 2678 4200 qum
2708 4129 2837 4197 agit.
2861 4147 2879 4180 ι
2916 4124 3474 4181 Pseudo-Thcodorus
3505 4137 3673 4175 vero:
3704 4120 3973 4188 Καταμόο

2404 4239 2513 4288 νας
2542 4222 2619 4286 δὲ,
2646 4220 2766 4275 ἀντὶ
2790 4219 2882 4274 τοῦ
2919 4217 3334 4290 ἀφωρισμένως,
3368 4212 3789 4285 κεχωρισμένως
3820 4212 3972 4281 παρὰ

2402 4314 2470 4367 τὰ
2518 4313 2677 4366 λοιπὰ
2721 4312 2871 4377 ζῶα·
2918 4310 3141 4380 καρδίας
3186 4309 3241 4361 δὲ
3283 4306 3430 4375 λέγει
3478 4304 3607 4366 τοὺς
3654 4300 3968 4373 λογισμούς.

2405 4404 2513 4456 Καὶ
2542 4403 2622 4455 ὅτι
2656 4401 3049 4471 ἀφωρισμένως
3076 4399 3302 4459 ἕκαστος
3342 4395 3624 4465 ἄνθρωπος
3658 4392 3845 4462 ὥσπερ
3876 4408 3972 4444 ται

2410 4498 2557 4565 μεῖον
2602 4491 3090 4562 ἀποκεκλεισμένον
3141 4489 3250 4559 ἔχει
3308 4487 3406 4559 τὴν
3465 4483 3657 4539 ἑαυτοῦ
3709 4484 3971 4545 διάνοιαν,

741 4599 815 4661 ὡς
845 4598 917 4670 μὴ
944 4578 1258 4670 ἐγκείμενον
1283 4601 1359 4670 τῷ
1392 4578 1681 4672 Ἐϐραῖκῷ,
1722 4602 1855 4673 μηδὲ
1895 4605 2042 4676 παρὰ
2071 4607 2182 4668 τοῖς
2207 4604 2300 4658 ἄλ·
2331 4624 2377 4679 D
2404 4587 2478 4651 ὡς
2525 4586 2726 4679 ξιτιδέγξ
2760 4583 3058 4679 ᾲδῦνίξσθαξᾼ
3097 4581 3282 4679 ἐτέρογ
3320 4578 3973 4679 *κεξταλαμδάγεξῖθλογμ

743 4691 853 4753 λοις
887 4732 899 4743 .
934 4732 948 4745 .
987 4735 1001 4748 .
1049 4691 1193 4745 Ἀντὶ
1231 4693 1287 4746 δὲ
1326 4691 1442 4756 τοῦ,
1473 4693 1543 4745 ἐν
1574 4692 1737 4760 αὐλῇ
1759 4696 1914 4764 ἀπίῃ,
1950 4698 1978 4747 6
2015 4697 2114 4765 μὲν
2142 4696 2297 4749 Ἀκύς-

742 4782 861 4846 λας,
935 4783 1004 4837 ἐν
1062 4786 1384 4853 εὐπρεπείᾳ
1432 4784 1784 4856 ἡγιασμένη,
1832 4785 2125 4850 ὲξέδωκεν’
2176 4788 2299 4857 ὁςδὲ

742 4874 1053 4946 Σύμμαχος,
1092 4877 1161 4929 ἐν
1184 4876 1501 4945 εὐπρεπείᾳ
1540 4878 1696 4947 ἁγίᾳ.
1737 4876 1989 4931 Βούλεται
2018 4877 2125 4948 γὰρ
2154 4880 2301 4949 ἡμᾶς

745 4968 889 5037 μετὰ
914 4966 1007 5020 τοῦ
1047 4968 1347 5038 πρέποντος
1378 4968 1580 5039 κόσμου
1614 4968 1706 5021 καὶ
1744 4969 1842 5037 τῆς
1871 4967 2195 5038 προσφιλοῦς
2221 4966 2300 5037 τῷ

742 5058 859 5130 Θεῷ
898 5060 1237 5131 δικαιοσύνης
1286 5059 1386 5130 τὴν
1443 5059 1806 5131 προσκύνησιν
1850 5057 2137 5111 ποιεῖσθαι.
2193 5076 2211 5108 ι
2242 5056 2298 5109 ln

742 5151 939 5220 quibus
954 5151 1232 5205 oraculum
1253 5150 1478 5221 gratiam
1494 5150 1855 5217 evangelieam
1880 5164 1971 5220 per
1995 5149 2299 5203 universum

742 5243 927 5296 orbem
959 5240 1358 5312 diﬂ'undendam
1394 5241 1654 5311 praedicit.
1690 5240 1847 5295 lubet
1881 5241 2021 5295 enim
2057 5239 2143 5294 illa
2182 5253 2299 5308 qua:

744 5336 1011 5389 recensita
1049 5343 1171 5389 sunt
1198 5333 1411 5397 allerre,
1437 5349 1541 5388 non
1566 5331 1803 5396 Iudaeos,
1836 5333 1926 5386 sed
1952 5331 2150 5402 patrias
2174 5345 2297 5398 geu-

746 5429 874 5481 tium
903 5466 920 5491 ,
964 5426 1043 5481 vel
1079 5426 1366 5480 secundum
1400 5424 1666 5493 reliquos,
1720 5424 2052 5491 coynationes
2080 5419 2298 5490 populo-

744 5533 876 5569 rum.
924 5516 1076 5583 Apud
1108 5515 1453 5582 Septuaginta
1499 5513 1640 5567 enim
1670 5521 1996 5581 expunctum
2037 5520 2118 5564 est
2147 5510 2293 5573 illud,

741 5606 838 5674 ﬁlii
888 5604 984 5659 Dei
1006 5605 1077 5670 “,
1120 5604 1261 5673 quod
1306 5606 1357 5657 in
1402 5603 1625 5659 Hebraeo
1654 5604 1707 5657 id
1741 5617 1844 5655 non
1892 5603 2172 5665 habeatur,
2202 5615 2297 5654 nec

744 5698 880 5768 apud
924 5699 1076 5752 alios.
1126 5696 1389 5752 Caeterum
1433 5712 1550 5766 pro,
1599 5698 1654 5750 in
1693 5696 1817 5748 aula
1858 5704 2037 5748 sancta
2063 5734 2077 5757 ,
2107 5693 2294 5760 Aquila

813 5811 859 5845 ”
890 5811 1027 5868 L'sat.
1060 5828 1170 5875 xxi.
1202 5813 1293 5867 28.
1430 5815 1495 5844 δυ’
1526 5812 1661 5868 Psal.
1697 5828 1881 5873 uvm,
1914 5812 1982 5875 2;
2022 5824 2136 5867 xcv.
2170 5809 2220 5860 8.

757 5881 839 5937 ll.
921 5884 986 5913 “'
1016 5882 1151 5937 Psal.
1190 5897 1358 5944 nam,
1396 5883 1473 5937 l5.

2372 5806 2387 5826 “
2426 5801 2561 5857 l‘:~a’.
2598 5817 2784 5865 xxvm,
2821 5805 2867 5855 ι.

2407 4677 2595 4746 σμούς.
2626 4675 2811 4737 Οὐδεὶς
2842 4673 2949 4742 γαρ
2984 4669 3085 4726 οἶδε
3118 4671 3225 4723 τῶν
3249 4670 3567 4742 ἀνθρώπων,
3602 4669 3695 4720 καὶ
3726 4665 3883 4736 ἑξῆς.
3916 4708 3927 4720 .
3957 4707 3969 4719 .

2406 4770 2679 4838 Συνῆτιται
2720 4766 2799 4830 τὸ,
2860 4768 2891 4817 ὀ
2944 4763 3175 4828 συνιεὶς
3211 4764 3297 4828 εὶς
3342 4761 3563 4822 πάντα,
3614 4759 3690 4820 ὡς
3741 4756 3973 4831 μηδενὸς

2405 4859 2564 4913 ἄλλον
2609 4855 2904 4927 δυναμένου
2940 4853 3200 4917 συνιέναι,
3244 4853 3330 4923 οἵᾳ
3380 4850 3631 4923 προθέσει
3683 4848 3777 4900 καὶ
3819 4848 3970 4919 ὁρμῇ

2403 4950 2631 5014 ἕκαστος
2647 4949 2753 5002 τῶν
2781 4944 3099 5017 ἀνθρώπων,
3127 4945 3162 4999 ὃ.
3192 4945 3440 5016 πράττει,
3470 4940 3717 5012 πράττει.
3754 4959 3773 4993 ι
3804 4940 3973 5010 Sigil-

2404 5045 2552 5097 latim
2593 5051 2771 5097 autem
2802 5040 2978 5110 posuit
3012 5055 3110 5107 pro
3136 5039 3396 5100 seorsim,
3443 5034 3731 5103 separatim
3765 5049 3793 5087 a
3828 5033 3957 5087 reli-

2408 5138 2531 5206 quis
2565 5135 2929 5191 animantibus
2955 5152 2968 5188 :
3000 5134 3161 5187 corda
3188 5141 3365 5184 autem
3396 5126 3646 5195 intelligit
3672 5124 3964 5192 cogitatio-

2406 5244 2521 5283 nes.
2541 5229 2603 5283 Et
2623 5226 2872 5299 quoniam
2897 5225 3118 5294 quilibet
3141 5223 3297 5277 homo
3321 5218 3637 5291 segregatim
3663 5216 3815 5285 quasi
3839 5229 3969 5268 con-

2405 5323 2609 5376 elusum
2638 5320 2905 5390 quoddam
2941 5333 3079 5387 penu
3112 5324 3343 5370 mentem
3376 5326 3529 5366 suam
3579 5310 3773 5370 habet,
3803 5308 3875 5359 ita
3908 5314 3967 5359 ut

2404 5429 2563 5469 nemo
2588 5412 2807 5467 alterius
2831 5410 3185 5477 cogitationes
3226 5408 3405 5459 valeat
3448 5402 3744 5473 percipere.
3794 5394 3966 5451 Nerua

2401 5506 2541 5558 enim
2576 5506 2670 5558 scit
2706 5519 2820 5573 qua:
2847 5511 2963 5556 sunt
2994 5499 3235 5563 hominis,
3266 5508 3352 5551 etc
3378 5538 3389 5551 .
3420 5535 3436 5553 .
3466 5534 3482 5549 .
3511 5534 3524 5549 .
3556 5536 3570 5550 .
3604 5491 3960 5562 Adjungitur;

2406 5598 2504 5662 Qui
2549 5596 2797 5664 intelligit
2821 5593 3000 5648 omnia
3027 5636 3040 5659 ,
3075 5607 3139 5646 ae
3167 5592 3210 5645 si
3242 5588 3417 5643 nullus
3447 5587 3581 5641 alius
3608 5581 3776 5653 possit
3807 5579 3962 5634 intel-

2406 5692 2590 5759 ligere,
2634 5703 2861 5756 quanam
2899 5684 3190 5741 intentione
3231 5691 3412 5750 etquo
3442 5678 3698 5733 instinctu
3738 5674 3963 5745 quilibet

2945 5801 3006 5827 Μ·
3044 5798 3181 5852 Psal.
3222 5811 3393 5860 χχιιι,
3435 5794 3516 5847 15.
3617 5792 3656 5823 ⁰¹
3691 5788 3858 5846 lCor.
3892 5802 3955 5853 tt,
