4212 6508
1288 441 1349 495 D.
1391 438 1532 495 JUL.
1573 436 1894 495 CARNERII
1940 436 2325 499 ΡΒᾸΞΡΑΤΙΟ.

3294 464 3413 507 CCIX

182 569 453 626 hominum
484 578 615 640 agat
657 579 778 637 qua:
805 567 932 635 agit.
974 586 992 621 ι
1029 563 1162 630 llic,
1192 574 1252 619 ut
1277 564 1432 629 alias,
1476 560 1751 618 obsonari
1782 564 1827 621 Α
1854 561 2115 618 adversus
2142 575 2237 616 cor
2270 563 2606 621 inimicorum
2645 571 2880 632 tuorum,
2901 563 3095 621 deinde
3122 578 3274 633 vero,
3309 564 3415 621 Po-

181 672 366 731 potest,
399 661 752 717 librariorum
794 659 998 714 incuria
1029 656 1227 710 factum
1274 668 1416 717 esse,
1472 661 1564 708 aut
1607 664 1749 724 typo-

182 756 535 825 grapliornm,
568 758 633 804 ut
677 750 804 803 vitia
836 747 1078 819 quedam
1110 748 1249 815 apud
1284 745 1621 799 Theodorum
1651 746 1747 799 de-

182 842 608 913 prehendantur.
657 839 791 894 Nam
830 838 921 891 ubi
964 836 1173 908 legitur,
1206 832 1623 905 ἀφωρισμένως,
1658 852 1749 889 κε-

188 932 584 1007 χωρισμένως,
630 932 916 983 obscurum
960 944 1064 984 non
1094 938 1175 982 est
1222 940 1406 979 vocem
1436 924 1745 981 alterutram

182 1023 510 1094 παρέλκεινς
559 1023 720 1088 idque
753 1033 819 1074 ex
866 1033 930 1074 eo
968 1020 1233 1080 evenisse,
1286 1016 1428 1085 quod
1476 1030 1597 1071 cum
1646 1031 1745 1073 vox

182 1129 286 1165 una
324 1114 377 1167 iu
407 1128 514 1168 uno
536 1112 721 1165 codice
744 1112 1089 1180 reperiretur,
1120 1108 1286 1161 altera
1314 1121 1443 1162 vero
1472 1106 1524 1160 in
1552 1104 1742 1171 altero,

184 1208 439 1262 librarius
481 1202 750 1275 quispiam
801 1212 1084 1268 utramque
1140 1200 1471 1270 apposuerit.
1520 1197 1744 1263 Deinde,

186 1298 273 1351 ubi
319 1298 577 1368 legimus,
603 1295 836 1361 συνιείς
881 1296 966 1357 εις
999 1289 1215 1355 πάντα,
1245 1292 1610 1362 praepositum.
1644 1291 1744 1352 εἰς,

185 1389 496 1443 redundare
528 1400 738 1455 quoque
763 1394 966 1439 certum
995 1394 1079 1440 est
1096 1401 1112 1448 ;
1137 1398 1363 1453 eamque
1391 1383 1592 1439 erroris
1624 1397 1749 1437 cau-

180 1490 296 1531 sam
332 1490 472 1541 esse,
500 1478 639 1543 quod
679 1475 825 1529 vocis
842 1473 1038 1539 συνιεὶς
1064 1474 1267 1546 syllaba
1297 1474 1479 1529 ultima
1509 1474 1747 1529 oscitan-

184 1580 267 1623 ter
299 1568 383 1621 bis
415 1569 553 1621 edita
594 1570 681 1622 sit.
734 1565 972 1635 Denique
1005 1568 1107 1636 legi
1142 1577 1413 1636 oportere,
1449 1569 1677 1639 πράττει
1709 1565 1744 1621 ἀ

182 1658 435 1728 πράττει,
471 1676 572 1715 non
605 1658 641 1712 ἃ
672 1658 899 1731 πράττει
924 1658 1171 1724 πράττει,
1204 1658 1288 1712 vel
1318 1660 1519 1712 tirones
1551 1660 1747 1713 intelli-

182 1755 334 1813 gunt.
392 1749 497 1804 Sed
550 1750 616 1803 ad
662 1748 1001 1818 propositum
1049 1756 1295 1801 nostrttm
1345 1761 1443 1801 nos
1490 1744 1744 1804 feramus.

184 1836 274 1891 Illa
302 1839 490 1907 psalmi
524 1838 779 1893 tricesimi
807 1836 972 1903 tertii,
1003 1834 1201 1891 Timete
1224 1836 1531 1902 Dominum,
1572 1855 1745 1892 omnes

180 1932 350 1982 sancti
385 1929 497 1997 ejus
520 1930 585 1991 ⁶¹,
616 1926 920 1995 Opinionem
956 1938 1201 1983 nostram
1232 1943 1335 1983 non
1384 1943 1573 1998 parum
1618 1945 1749 1984 con-
1778 1912 1821 1967 Β

183 2020 421 2072 ﬁrmant.
473 2017 597 2074 llaec
650 2018 865 2073 Eusebii
921 2018 1081 2073 verba
1131 2029 1307 2076 sunt:
1347 2021 1533 2075 Πάντα
1576 2020 1747 2075 ταῦτα

179 2111 474 2181 γνωμικῶς
503 2111 531 2163 ό
562 2110 723 2165 Δαϐὶδ
746 2112 824 2177 εἰς
841 2109 939 2184 τὴν
964 2111 1165 2185 ἑτέρων
1189 2113 1454 2183 ὠφέλειαν
1482 2112 1750 2186 προφέρε-

178 2219 291 2265 ται,
326 2204 488 2268 αὐτὸς
518 2203 781 2275 πρότερον
813 2204 1126 2266 ἀπολαύσας
1172 2205 1351 2258 αὐτῶν
1389 2247 1401 2260 .
1430 2246 1443 2259 .
1470 2246 1483 2260 .
1510 2247 1524 2261 .
1563 2208 1747 2279 Παραο

181 2293 461 2347 κελεύεται
492 2296 669 2347 τοίνυν
718 2296 806 2348 τὸν
855 2295 1017 2363 φόϐον
1045 2294 1137 2348 τοῦ
1172 2296 1373 2365 Κυρίου
1404 2298 1511 2368 πρὸ
1552 2298 1749 2366 ὀφθαλ-

183 2384 299 2453 μῶν
330 2383 570 2439 τίθεσθαι
596 2385 721 2448 τοὺς
754 2384 939 2453 ἁγίους
970 2385 1134 2440 αὐτοῦ
1159 2404 1174 2417 ·
1204 2386 1308 2440 ὑπὸ
1334 2386 1441 2458 γὰρ
1470 2387 1634 2441 αὑτοῦ
1655 2388 1748 2440 τοῦ

179 2475 346 2543 φόϐου
400 2476 544 2545 ἅγιοι
586 2475 962 2531 ἀνατελοῦνται
1010 2518 1023 2531 .
1056 2518 1069 2530 .
1097 2518 1112 2533 .
1142 2518 1154 2532 .
1211 2479 1272 2532 '0
1315 2480 1497 2548 φόϐος
1529 2480 1751 2549 Κυρίου

177 2567 385 2639 ἁγνὸς,
410 2570 532 2624 ἀντὶ
558 2569 673 2633 τοῦ,
705 2571 991 2640 ἀγνοποιός
1018 2612 1033 2627 .
1067 2614 1080 2627 .
1109 2613 1123 2627 .
1154 2572 1265 2627 Καὶ
1287 2576 1509 2645 σημεῖον
1538 2572 1633 2628 τοῦ
1657 2590 1752 2641 φο-

179 2656 390 2712 ϐεῖσθαι
422 2659 514 2713 τὸν
546 2660 749 2732 Κύριον
780 2662 922 2716 τοῦτ’
952 2662 1018 2715 ἀν
1060 2663 1306 2731 γένοιτο,
1336 2665 1397 2717 τὸ
1430 2663 1750 2735 καθαρεύειν

183 2750 281 2819 μὶν
334 2752 517 2821 πάσης
563 2753 833 2823 ῥυπαρίας
883 2756 1116 2826 αἰσχρᾶς
1157 2755 1424 2825 πράξεως,
1466 2756 1751 2824 φυλάττειν

179 2841 234 2895 δὲ
284 2843 481 2907 αὐτοὺς
526 2844 715 2912 ἁγίους
765 2845 859 2900 καὶ
900 2846 1113 2919 σώματι
1162 2849 1257 2902 καὶ⁵
1299 2848 1599 2920 πνεύματι,
1642 2860 1749 2904 et-c.

186 2949 205 2983 ι
228 2931 356 2989 Hec
379 2937 562 2990 omnia
594 2936 758 2993 David
785 2938 852 2994 ad
881 2938 1110 2995 aliorum
1135 2940 1418 2995 utilitatem
1452 2942 1751 2997 sententia-

184 3041 301 3079 rum
331 3043 485 3082 more
506 3030 736 3098 profert,
759 3046 987 3101 quorum
1011 3033 1160 3103 prior
1178 3035 1290 3104 ipse
1312 3035 1513 3105 potitus
1533 3046 1748 3091 erat....

180 3118 429 3189 Praecipit
467 3122 647 3191 itaque
696 3125 899 3178 sanctis
930 3124 1061 3189 Dei,
1110 3135 1169 3178 ut
1206 3130 1456 3181 timorem
1481 3128 1601 3197 ejus
1642 3143 1753 3197 prae

180 3212 347 3266 oculis
383 3211 620 3269 habeant
650 3231 665 3268 :
712 3214 779 3267 ab
824 3213 918 3267 illo
951 3212 1149 3282 quippe
1198 3213 1389 3267 timore
1423 3216 1597 3269 sancti
1635 3215 1747 3269 elli—
1775 3239 1823 3301 ο

181 3305 424 3360 ciuntur.
457 3341 473 3358 .
503 3345 518 3360 .
551 3342 567 3359 .
598 3303 776 3359 Timor
796 3304 1007 3359 Domini
1034 3314 1209 3360 castus
1236 3305 1324 3369 "‘,
1361 3306 1628 3372 videlicet,
1655 3321 1749 3363 ca-

180 3406 290 3450 stos
340 3395 581 3449 efﬁciens
629 3434 645 3449 .
682 3439 697 3452 .
735 3437 749 3451 .
788 3437 801 3450 .
850 3400 1028 3467 Atque
1076 3399 1290 3469 signum
1348 3398 1476 3453 illud
1530 3400 1751 3457 evidens

183 3484 347 3539 fuerit
382 3485 594 3540 timoris
628 3487 863 3551 Domini,
896 3491 938 3542 si
967 3489 1088 3558 quis
1121 3506 1151 3543 a
1195 3490 1450 3547 sordibus
1482 3502 1536 3547 et
1572 3493 1752 3561 pravis

179 3578 437 3648 operibus
474 3593 640 3649 purus
694 3588 749 3633 et
778 3594 982 3639 vacuus
1020 3579 1221 3644 fuerit,
1255 3596 1484 3653 seseque
1508 3592 1751 3640 sanctum

180 3685 410 3739 corpore
435 3678 492 3727 et
520 3670 715 3740 spiritu
747 3672 1066 3737 servaverit,
1098 3691 1117 3725 ι
1154 3683 1263 3729 etc.
1306 3672 1396 3729 Sic
1429 3689 1553 3730 vere
1584 3675 1755 3748 loqui-

183 3771 268 3814 tur
302 3762 684 3817 commentarii
732 3773 961 3819 auctor:
995 3764 1181 3820 Πάντα
1211 3766 1506 3839 γνωμικῶς
1541 3768 1621 3832 εἰς
1655 3768 1754 3840 τὴν

180 3852 382 3925 mpm
426 3852 577 3920 λέγει
620 3854 917 3923 ὠφέλειαν,
959 3856 1122 3921 αὐτὸς
1160 3858 1422 3930 πρότερον
1444 3858 1755 3923 ἀπολαύσας

178 3945 376 3999 αὐτῶν.
434 3944 547 3998 Kal
594 3946 1030 4018 παρακελεύεται
1076 3949 1168 4003 τὸν
1210 3949 1305 4003 τοῦ
1350 3950 1553 4023 Κυρίου
1594 3950 1755 4021 φόϐον

181 4037 284 4109 πρὸ
309 4036 607 4109 ὀφθαλμῶν
634 4038 876 4093 τίθεσθαι
905 4042 1032 4105 τοὺς
1055 4041 1265 4110 ἀγίους,
1298 4043 1388 4112 ὑφ’
1411 4036 1472 4096 οὗ
1496 4044 1645 4112 ἀγιοι
1672 4060 1758 4097 τε·

180 4131 415 4187 λοῦνται.
434 4133 488 4185 '0
516 4131 827 4206 γάρξςρόϐος
847 4134 1067 4204 Κυρίου
1083 4135 1288 4205 ἁγνὸς,
1314 4135 1433 4189 ἀντὶ
1455 4135 1569 4198 τοῦ,
1600 4137 1759 4205 ἀγνο-

182 4222 354 4285 ποιός.
395 4224 509 4276 Kal.
548 4228 775 4294 σημεῖον
802 4225 897 4280 τοῦ
928 4226 1211 4295 φοϐεῖσθαι
1254 4227 1343 4280 τὸν
1374 4227 1576 4298 Κύριον
1604 4227 1759 4282 τοῦτο

181 4308 243 4363 ἀν
273 4310 505 4378 γένοιτο,
558 4313 620 4365 τὸ
670 4313 1002 4386 καθαρεύειν
1036 4316 1219 4389 πάσης
1262 4318 1622 4388 αἰσχρότητπ
1666 4319 1759 4372 καὶ

184 4401 397 4474 αίιματι
431 4405 526 4456 καὶ
554 4405 853 4477 πνεύματι,
884 4417 990 4463 etc.
1031 4426 1050 4459 ι
1076 4407 1270 4463 Omnia
1313 4410 1651 4466 sententiose
1692 4410 1759 4464 ad

183 4494 410 4549 aliorum
445 4495 655 4565 profert
687 4498 975 4555 utilitatem
999 4540 1016 4564 ,
1065 4515 1186 4556 cum
1219 4500 1449 4571 ipsemet
1498 4499 1650 4570 prius
1694 4501 1760 4555 iis

1848 652 1962 720 puli
1988 650 2082 705 sub
2108 659 2157 704 te
2179 652 2362 705 cadent
2380 653 2470 716 ⁶¹·,
2489 653 2657 724 pulsis
2681 652 3014 713 immissione
3037 655 3266 711 telorum
3300 666 3417 710 tuo-

1848 757 1969 797 rum
2002 740 2258 797 inimicis.
2293 759 2313 794 ι
2374 740 2951 803 Pseudo-Theodorum
2989 747 3299 813 audiamus,
3335 748 3417 803 sic

1848 830 2151 901 loquentem
2191 848 2205 885 :
2250 830 2473 902 Πρῶτον
2500 832 2607 904 γάρ
2637 836 2707 889 τὰ
2733 835 3051 906 ἠκονημένα
3086 835 3215 908 βέλη
3247 838 3415 908 γενή-

1849 939 1997 976 σεται
2043 922 2185 977 κατά
2215 921 2317 993 τῆς
2357 921 2583 995 καρδίας
2625 926 2731 981 τῶν
2778 924 3015 999 ἐχθρῶν,
3068 928 3258 982 ἔπειτα
3299 927 3418 981 λαοὶ

1848 1014 2102 1068 ὑποκάτω
2127 1033 2221 1070 σου
2245 1013 2566 1081 πεσοῦνται,
2601 1014 2933 1074 ιλασθὲντων
2954 1020 3070 1082 τοῖς
3103 1020 3281 1089 βέλεσι
3307 1020 3417 1073 τῶν

1846 1104 2075 1177 ἐχθρῶν.
2131 1124 2151 1157 ε
2182 1106 2419 1161 Primum
2473 1107 2616 1161 enim
2668 1111 2875 1178 sagittae
2932 1111 3068 1167 (ient
3130 1121 3303 1166 acutae
3358 1112 3415 1166 in

1846 1197 2007 1252 corde
2054 1195 2433 1263 inimicorum,
2484 1196 2676 1253 deinde
2724 1200 2901 1267 populi
2945 1203 3047 1258 sub
3093 1211 3144 1257 te
3188 1201 3411 1265 cadent,

1846 1296 2128 1358 postquam
2176 1287 2388 1356 sagittis
2434 1286 2645 1343 subacti
2697 1288 2900 1345 fuerint
2938 1291 3160 1348 inimici.
3189 1311 3210 1348 s
3250 1289 3415 1349 Plura

1846 1376 2285 1433 subministrabit
2309 1381 2546 1445 psalmus
2568 1384 3020 1452 quadragesimus
3044 1396 3294 1451 octavus,
3323 1384 3416 1440 ubi

1846 1471 1934 1527 illa
1973 1486 1989 1523 :
2046 1469 2113 1523 Et
2162 1471 2421 1524 auxilium
2471 1489 2652 1527 eorum
2692 1482 2975 1529 veterascet
3029 1475 3082 1529 in
3128 1477 3332 1545 inferno
3383 1495 3417 1530 a

1845 1562 2015 1634 gloria
2038 1577 2218 1615 eorum
2242 1562 2311 1626 “,
2366 1564 2643 1631 explicans
2676 1565 2968 1634 Eusebius,
3018 1568 3099 1623 sic
3138 1567 3371 1637 loquitur
3400 1588 3414 1623 :

1858 1654 2003 1709 ’Δντὶ
2032 1653 2089 1707 δὲ
2126 1652 2253 1717 τοῦ,
2300 1654 2399 1708 καὶ
2428 1654 2467 1722 ἡ
2507 1656 2759 1723 ,βοήθεια
2784 1696 2797 1711 .
2830 1695 2844 1710 .
2877 1695 2892 1710 .
2920 1698 2938 1716 .
2969 1662 2998 1711 ό
3033 1660 3131 1731 μὲν
3168 1658 3417 1722 Ἀκύλας,

1845 1746 1943 1802 καί
1981 1744 2288 1817 χαρακτὴρ
2314 1744 2514 1800 αὐτῶν
2544 1748 2897 1817 κατατρίψω
2933 1748 3085 1816 ᾅδην
3116 1750 3185 1805 ἐκ
3222 1767 3419 1805 κατοι-

1846 1840 2129 1909 κητηρίου
2156 1835 2370 1893 αὐτῶν.
2416 1838 2474 1891 Ὀ
2506 1838 2614 1909 γάρ
2646 1844 2930 1913 χαρακτὴρ
2959 1839 3137 1894 αὐτῶν
3163 1882 3177 1905 ,
3205 1841 3262 1895 ὃν
3292 1843 3420 1895 ἑαυ-

1848 1935 1957 1995 τοῖς
1988 1932 2364 1999 ὲξετύπωσαν,
2416 1929 2478 1983 τὸ
2516 1931 2614 2001 μὲν
2661 1934 2781 1985 κατ’
2822 1931 3005 1987 εἰκόνα
3044 1932 3137 1986 καὶ
3163 1934 3420 2004 ὁμοίωσιν

1847 2018 1940 2072 τοῦ
1966 2020 2099 2074 Θεοῦ
2140 2020 2202 2086 ἐξ
2228 2020 2407 2076 αὐτῶν
2429 2019 2808 2089 ἀφανίσαντες,
2843 2022 2955 2095 εἴδη
2984 2022 3040 2077 δὲ
3072 2023 3165 2078 καὶ
3201 2022 3417 2095 μορφὰς

1848 2110 2055 2179 ἀλόγων
2082 2110 2232 2175 ζώων
2256 2114 2349 2168 καὶ
2385 2113 2632 2187 ἑρπετῶν
2660 2112 2747 2167 διὰ
2772 2114 2988 2184 τρόπων
3016 2096 3319 2189 μοχθηρίας
3351 2117 3417 2187 τῇ

1847 2206 1991 2277 ψυχῇ
2021 2205 2384 2276 περιθέμενοι,
2420 2205 2878 2279 κατατριϐήσεται
2912 2247 2925 2259 .
2962 2244 2976 2258 .
3017 2246 3030 2258 .
3071 2246 3084 2260 .
3125 2209 3236 2260 Καὶ
3261 2206 3420 2261 τοῦτο

1850 2296 1950 2367 μὲν
1981 2294 2087 2349 τῶν
2113 2294 2325 2348 ἀσεϐῶν
2354 2296 2416 2347 τὸ
2436 2297 2608 2361 τέλος.
2656 2293 2723 2351 Ol
2751 2294 2807 2349 δὲ
2833 2293 3075 2358 εὐσεϐεῖς
3101 2295 3219 2348 κατ’
3246 2296 3420 2348 έκεῖνο

1849 2385 2041 2458 καιροῦ
2073 2385 2286 2459 πρωίας
2314 2383 2632 2449 ἀξιωθέντες
2660 2386 2753 2438 καὶ
2785 2384 2907 2438 νέου
2936 2382 3131 2454 φωτὸς,
3155 2382 3422 2455 ἀνατολῆς

1848 2477 1945 2545 τῆς
1998 2476 2107 2531 τῶν
2152 2475 2363 2532 ἀσεϐῶν
2414 2476 3020 2543 κατακυριεύσουσιν,
3057 2476 3089 2547 ἢ
3140 2476 3283 2530 κατά
3326 2474 3423 2529 τὸν

1864 2566 2111 2631 Ἀκύλαν,
2164 2571 2254 2623 ἐνὶ
2304 2567 2717 2638 κρατήσουσιν
2740 2607 2754 2630 ,
2806 2568 2840 2639 ἢ
2878 2567 3021 2621 κατά
3066 2568 3159 2620 τδν
3194 2566 3425 2638 Σύμμα-

1850 2678 1973 2732 χον,
2019 2659 2431 2724 ὑποτὰξουσιν
2468 2660 2690 2728 αὐτοῖς.
2747 2660 2868 2715 Τῶν
2906 2659 3017 2733 γὰρ
3048 2658 3282 2713 ενταῦθα
3327 2675 3425 2713 τα-

1850 2754 2229 2809 πεινωσὼτων
2264 2754 2388 2817 τοὺς
2421 2754 2595 2817 esea;
2627 2754 2861 2817 ἀσεϐῶν,
2896 2755 3011 2809 ἐκεῖ
3066 2753 3289 2829 ῥύσεται
3321 2754 3423 2825 τὴν

1849 2846 2025 2916 ψυχὴν
2054 2847 2187 2915 πρὸς
2220 2846 2283 2899 τὺ
2318 2845 2392 2919 μὴ
2419 2844 2829 2915 συναπαχθῆναι
2853 2848 2965 2908 τοῖς
2996 2846 3271 2910 ἀσεϐέσιν,
3304 2844 3424 2900 ἀλλ’

1852 2938 1909 2991 ἑν
1948 2938 2153 3008 ἑτέροις
2176 2934 2312 2991 εἶναι
2334 2938 2553 3009 χωρίοις
2582 2953 2640 2990 τε
2665 2935 2759 2989 καὶ
2805 2935 3097 3005 ποιμνίοις.
3134 2953 3156 2986 s
3188 2935 3294 2991 Pro
3332 2936 3424 2990 illo

1852 3038 2056 3091 autem,
2104 3036 2153 3082 et
2196 3028 2550 3081 auxilium...
2587 3026 2803 3095 Aquila,
2856 3038 2905 3080 et
2940 3026 3213 3081 character
3240 3040 3423 3080 eorum

1852 3130 2117 3175 conterere
2136 3118 2397 3187 infernum
2425 3132 2490 3170 ea:
2514 3116 2816 3170 habitacnlo
2840 3132 3041 3171 eorum.
3060 3115 3195 3171 Nam
3225 3117 3420 3171 chara-

1854 3219 1967 3264 cter
1988 3222 2149 3277 quem
2185 3206 2286 3263 sibi
2320 3203 2666 3270 eﬂinxerunt,
2694 3204 2973 3259 eliminata
3001 3218 3067 3261 es
3103 3205 3296 3273 seipsis
3322 3203 3419 3261 Dei

1852 3299 2085 3372 imagine
2126 3314 2189 3354 ac
2220 3298 2589 3364 similitudine,
2637 3308 2799 3367 atque
2825 3297 3272 3353 irrationabilium
3302 3296 3425 3353 anl-

1852 3395 2071 3451 malium
2098 3392 2481 3464 reptiliumque
2514 3390 2705 3445 formis
2728 3406 2822 3460 per
2850 3389 3034 3443 varios
3052 3390 3417 3457 improbitatis

1851 3488 2042 3542 modos
2075 3486 2269 3539 animae
2304 3499 2417 3539 suae
2464 3484 2704 3545 adscitis,
2763 3485 2816 3535 in
2876 3480 3189 3536 habitacqu
3225 3479 3424 3536 inferni

1852 3585 2228 3635 conteretur...
2285 3574 2352 3629 Et
2404 3574 2491 3629 hic
2537 3574 2755 3643 quidem
2814 3573 3099 3643 impiorum
3141 3571 3287 3628 linis.
3341 3571 3425 3627 Pii

1854 3693 2031 3739 autem
2064 3681 2155 3737 illo
2201 3691 2463 3751 tempore,
2494 3678 2755 3735 matutina
2788 3686 2843 3731 et
2876 3691 3011 3731 nova
3060 3675 3179 3731 luce
3210 3676 3416 3741 donati,

1853 3775 2049 3831 orienti
2087 3772 2374 3841 impiorum
2407 3771 2819 3824 dominabuntur
2845 3766 2951 3835 ‘l‘;
2986 3767 3099 3823 sive
3128 3770 3425 3823 secundum

1853 3866 2127 3936 Aquilam,
2159 3862 2527 3931 imperabunt;
2560 3862 2675 3917 sive
2704 3860 2994 3916 secundum
3015 3860 3423 3931 Symmachum,

1856 3955 2131 4027 subjicient
2162 3953 2280 4007 sibi.
2326 3951 2459 4007 Nam
2490 3967 2615 4007 cum
2651 3950 2805 4021 impii
2834 3950 2922 4004 ltic
2971 3951 3260 4019 proborum
3307 3950 3427 4002 ani-

1856 4062 1974 4101 mas
2008 4042 2394 4117 depresserint,
2448 4042 2560 4096 illic
2604 4044 2844 4095 animam
2880 4039 3095 4109 piorum
3154 4036 3422 4099 liberabit.

1855 4148 1917 4197 ut
1948 4154 2018 4196 ne
2048 4152 2152 4196 una
2171 4152 2292 4194 cum
2328 4133 2508 4206 impiis
2533 4134 2908 4200 abducantur;
2944 4132 3037 4189 sed
3071 4131 3123 4186 in
3147 4130 3271 4186 aliis
3294 4129 3431 4185 locis

1855 4251 1912 4299 et
1944 4240 2177 4296 ovilibus
2230 4240 2445 4309 degant.
2491 4253 2509 4287 ι
2546 4235 2638 4289 Sic
2678 4242 2858 4288 autem
2895 4232 3038 4287 ltunc
3070 4232 3317 4286 eumdem
3351 4231 3430 4283 Iu-

1858 4347 1980 4388 cum
2024 4332 2410 4401 interpretatur
2456 4324 3016 4396 pseudo-Thcodorus
3068 4338 3083 4377 :
3128 4322 3291 4376 Ἀλλὰ
3320 4321 3431 4375 τῶν

1862 4425 1959 4497 μὲν
1990 4422 2201 4477 ἀσεϐῶν
2246 4421 2457 4474 τοιοῦτο
2492 4419 2551 4471 τὸ
2585 4418 2757 4481 τέλος.
2811 4417 2875 4470 Oi.
2916 4416 2972 4468 δὲ
3022 4414 3264 4477 εὐσεϐεῖς
3308 4412 3429 4466 κατ’

1860 4518 2036 4569 ἐκεῖνο
2062 4513 2256 4585 καιροῦ
2285 4511 2494 4583 πρωίας
2519 4508 2863 4575 ἀξιωθέντες,
2890 4508 2986 4561 καὶ
3019 4505 3280 4577 ἀνατολῆς
3307 4505 3431 4560 νέου

185 4582 374 4641 frnitus
425 4596 591 4641 esset.
661 4588 725 4644 Et
777 4589 931 4661 jubet
980 4602 1202 4648 sanctos
1252 4592 1501 4647 timorem
1548 4591 1801 4648 Dominil

1866 4605 2061 4676 φωτὸς,
2084 4604 2193 4658 τῶν
2214 4601 2423 4657 ἀσεϐῶν
2450 4599 3064 4668 κατακυριεύσουσιν·
3099 4597 3131 4667 ἢ
3167 4595 3310 4649 κατά
3340 4594 3431 4647 τὸν

186 4685 304 4731 ante
353 4677 546 4735 oculos
576 4679 880 4748 collocare,
928 4696 959 4737 a
1007 4698 1115 4753 quo
1159 4684 1331 4739 sancti
1378 4684 1755 4755 perﬁciuntur.

187 4766 313 4824 Nam
339 4771 503 4825 timor
530 4771 739 4827 Domini
763 4788 1001 4839 sanctus,
1037 4777 1089 4832 id
1120 4784 1224 4840 est,
1262 4776 1627 4831 sanetilicans.
1660 4775 1757 4830 At-

188 4874 290 4926 que
311 4860 418 4916 hoc
454 4863 668 4919 timoris
700 4864 908 4921 Domini
940 4868 1152 4939 signum
1186 4882 1308 4923 esse
1336 4867 1525 4937 possit,
1554 4868 1600 4922 si
1632 4868 1755 4937 quis

189 4965 351 5017 purus
378 4952 454 5007 sit
499 4953 568 5009 ab
601 4955 747 5011 omni
787 4958 1118 5027 turpitudine
1141 4999 1157 5026 ,
1190 4967 1296 5013 tam
1323 4958 1567 5029 corporis
1593 4973 1754 5029 quam

188 5041 430 5109 spiritus,
456 5060 475 5096 ι
513 5055 617 5100 etc.
670 5046 846 5103 Pauca
894 5058 949 5104 et
986 5064 1054 5105 ex
1100 5050 1308 5115 psalmo
1346 5049 1757 5120 quadragesimo

188 5146 377 5200 quarto
407 5134 540 5190 libet
590 5139 846 5208 adjicere.
888 5140 1011 5196 Hiec
1039 5152 1220 5197 autem
1251 5152 1376 5197 sunt
1403 5157 1468 5197 ex
1496 5141 1757 5211 explana-

192 5229 331 5286 tione
361 5231 616 5287 versiculi
655 5236 799 5292 illius
831 5256 843 5292 :
880 5237 1101 5307 Sagittae
1134 5248 1238 5293 tua
1289 5247 1457 5292 acutae
1480 5236 1545 5300 “,
1596 5251 1754 5307 quem

195 5322 289 5377 hoc
324 5324 486 5377 modo
528 5324 909 5397 interpretatur
932 5330 1233 5385 Eusebius:
1268 5328 1490 5400 Πρῶτον
1522 5328 1619 5400 μὲν
1648 5327 1756 5398 γάρ

193 5427 346 5481 φησι-
384 5414 467 5467 Ta
499 5414 626 5486 βέλη
658 5434 749 5470 σου
782 5420 1092 5490 ὴκονημένα
1140 5419 1426 5491 γενήσεται
1476 5417 1619 5473 κατὰ
1659 5419 1757 5489 τῆς

195 5503 413 5575 καρδίας
450 5505 562 5562 τῶν
593 5507 701 5561 σῶν
736 5510 943 5581 ἐχθρῶν
968 5527 981 5541 ·
1034 5511 1225 5566 ἔπειτα
1249 5528 1265 5543 '
1300 5511 1445 5566 Λαοὶ
1482 5509 1757 5565 ὑποκάτω

196 5611 305 5653 σου
328 5601 677 5667 πεσοῦνται,
727 5601 1058 5657 ὲλασθέντων
1096 5607 1211 5668 τοῖς
1260 5607 1371 5668 σοῖς
1430 5603 1604 5674 βέλεσι
1648 5603 1756 5655 τῶν

198 5688 418 5762 ἐχθρῶν.
456 5711 476 5744 ι
501 5692 635 5747 Nam
665 5695 852 5763 primo.
877 5695 971 5753 ait,
1035 5694 1255 5765 Sagittae
1286 5704 1388 5749 ture
1419 5705 1587 5750 acutae
1634 5694 1762 5748 lient

263 5912 307 5947 ⁸³
344 5912 481 5972 Psal.
515 5930 711 5981 sunt,
756 5914 841 5968 10.
918 5917 982 5948 η·
1013 5914 1154 5970 Psal.
1183 5930 1333 5981 xvnt,
1372 5915 1455 5970 ’lO.
1531 5915 1574 5947 "
1608 5913 1746 5970 Psal.
1784 5928 1927 5979 suv,
1964 5912 2015 5967 6.

1870 4693 2118 4757 Ἀκύλαν,
2145 4691 2554 4762 κρατήσουσιν
2575 4708 2589 4722 ο
2614 4688 2806 4763 ἠκατά
2829 4688 2917 4742 τὸν
2934 4687 3249 4758 Σύμμαχον,
3284 4688 3432 4740 ὐπο-

1861 4785 2151 4851 τάξουσιν
2172 4784 2412 4851 αὐτούς.
2436 4784 2556 4838 Τῶν
2580 4783 2688 4854 γὰρ
2720 4780 2953 4835 ἐνταῦθα
2981 4778 3432 4832 ταπεινωσάντων

1857 4878 1983 4942 τοὺς
2012 4876 2185 4941 εύθεῖς
2200 4876 2433 4941 ἀσεϐῶν,
2465 4878 2583 4929 ἐκεῖ
2612 4875 2966 4945 κρατήσουσι.
3000 4868 3195 4941 Κάμοῦ
3245 4869 3301 4923 δὲ
3334 4868 3429 4922 τοῦ

1857 4969 2027 5023 ταῦτα
2051 4969 2300 5039 λέγοντος
2318 4968 2541 5039 ῥύσεται
2569 4967 2670 5037 τὴν
2688 4964 2888 5037 ψυχὴν,
2921 4963 3056 5036 πρὸς
3074 4962 3136 5016 τὸ
3177 4963 3253 5033 μὴ
3307 4978 3435 5015 συν-

1860 5060 2169 5131 απαχθῆναι
2185 5063 2297 5125 τοῖς
2321 5058 2595 5125 ἀσεϐέσιν,
2620 5057 2733 5111 ἀλλ’
2751 5058 2808 5109 ὲν
2823 5055 3026 5126 ἑτέροις
3057 5050 3195 5107 εἶναι
3217 5051 3435 5125 χωρίοις

1861 5166 1919 5202 τε
1941 5150 2033 5203 καὶ
2062 5149 2400 5220 ποιμνίοις...
2432 5148 2491 5200 Ὀ
2523 5147 2580 5200 δὲ
2620 5146 2847 5210 Ἀκύλας
2870 5146 2993 5199 ἀντὶ
3022 5143 3139 5209 τοῦ,
3158 5142 3430 5210 Βοήθεια,

1864 5238 2176 5308 Χαρακτὴρ
2203 5238 2403 5293 αὐτῶν
2434 5239 2779 5307 κατατρίψει
2804 5236 2961 5304 ᾅδην·
2985 5236 3052 5289 ἐκ
3087 5250 3432 5300 κατοικητη-

1855 5330 1992 5398 ρίου
2016 5332 2234 5385 αὐτῶν.
2270 5331 2327 5383 Ὀ
2364 5330 2645 5402 χαρακτὴρ
2676 5329 2880 5391 αὐτῶν,
2927 5328 2986 5380 ὃν
3014 5330 3072 5380 ὲν
3101 5328 3314 5389 ἑαυτοῖς
3346 5322 3434 5392 ἑξ-

1864 5423 2167 5486 ετύπωσαν,
2200 5422 2261 5475 τὸ
2295 5426 2412 5477 κατ’
2436 5424 2616 5477 εἰκόνα
2665 5422 3051 5492 ἀφανίσαντες,
3099 5417 3196 5471 καὶ
3224 5415 3433 5485 ἀλόγων

1870 5514 2169 5587 μοχθηρίαν
2235 5516 2642 5587 μιμησάμενοι,
2702 5514 3145 5586 συντριϐήσεται.
3196 5527 3217 5561 s
3272 5507 3431 5576 Atqui

1868 5605 2155 5675 impiorum
2185 5608 2397 5675 quidem
2442 5606 2563 5659 talis
2590 5615 2674 5659 est
2715 5606 2859 5660 linis.
2894 5603 3164 5658 Caeterum
3214 5598 3314 5652 viri
3355 5596 3432 5665 pii

1869 5697 1972 5751 isto
2021 5706 2261 5765 tempore
2313 5696 2577 5750 matutino
2620 5705 2676 5749 et
2722 5708 2874 5747 novae
2929 5691 3063 5747 lucis
3106 5696 3231 5745 ortu
3285 5686 3433 5753 digni

2085 5914 2150 5946 “'
2187 5914 2318 5969 ibid.
2374 5914 2419 5947 ⁸⁸
2449 5912 2591 5969 Psal.
2632 5928 2817 5979 sum,
2852 5911 2937 5968 15.
3035 5912 3102 5943 ⁸⁸⁸
3136 5911 3249 5966 ibid
