4212 6502
1317 432 1373 483 0.
1420 432 1563 486 JUL.
1606 430 1930 485 GARNERII
1966 432 2352 489 PBJ‘ZFATIO.

1767 430 1930 485 iERll
1966 432 2352 489 ΡΒᾸΞΡΛΤΙΟ.
3310 456 3430 500 eest

204 554 335 615 ὁδὸς.
367 552 427 605 τὸ
443 553 667 621 φεύγειν
699 552 797 605 καὶ
837 551 1335 622 δωκροὺεσθαιτῶν
1360 551 1612 621 πονηρῶν
1642 568 1767 605 συν·
1797 557 1842 612 Α

1797 557 1842 612 Α
1875 568 1993 621 μιον
2040 553 2189 607 deest
2228 553 2281 605 in
2315 554 2723 617 commentario,
2769 553 2861 607 sed
2898 552 2968 606 ita
2999 553 3192 623 legisse
3227 553 3431 611 Conle-

204 644 406 697 ουσίαν.
438 638 611 706 Οὗτος
638 642 747 713 γὰρ
782 642 881 711 τῆς
916 642 1200 711 μετανοίας
1223 644 1251 695 ὁ
1291 642 1522 714 καρπὸς,
1548 644 1640 695 καὶ
1660 644 1767 696 τῶν

1870 642 2029 706 rium,
2066 658 2131 697 ex
2164 644 2605 709 interpretatione
2644 651 2807 711 patet.
2837 641 2985 697 ldem
3010 642 3435 715 Chrysostomns

205 733 455 804 δακρύων
489 733 552 785 τὸ
571 732 785 802 κέρδος.
815 734 884 784 Ἦ
913 730 1143 794 ἐλλιπῶς
1175 730 1351 796 τοῦτο,
1384 732 1503 784 ἀντὶ
1533 731 1647 796 τοῦ,
1680 734 1767 798 δὸς

1870 731 1956 785 illa
2004 732 2119 799 eius
2177 732 2369 802 psalmi
2405 735 2587 801 verba,
2652 732 2905 788 Dominus
2956 734 3215 803 judicabit
3270 756 3436 807 popu-

214 826 387 877 είπεῖν
420 826 533 885 τοῖς
568 822 931 874 ὲπιῦαίνουσιν
982 820 1221 891 ὲχθροῖς’
1284 820 1625 887 Ἂπόστητε,
1667 822 1765 893 ἤδη
1869 830 1877 875 l

1869 823 1946 875 los
1985 823 2051 886 ",
2108 825 2493 892 interpretatur
2548 826 2649 879 hoc
2708 826 2866 878 modo
2933 841 2948 877 :
3007 825 3255 879 Διδάσκει
3310 829 3434 890 τοὺς

212 913 605 984 εἰσηκούσθην.
625 915 704 966 ὅτι
724 911 1365 986 προσεδέχθηνβδιὰοτὴν
1380 912 1650 983 ἁμαρτίαν
1667 914 1769 966 ἀπ·
1869 913 2052 977 ἁπλῶς
2101 916 2194 968 καὶ
2225 916 2300 978 ὡς
2348 912 2503 983 ἔτυχε
2536 915 2853 984 νομίζοντας
2896 916 3108 969 ἅπαντα
3150 916 3435 988 φέρεσθαι,

211 1006 437 1069 ωσθείς.
474 1024 494 1055 ι
532 1006 682 1058 lland
728 1021 887 1074 parva
915 1020 1128 1074 quoque
1157 1006 1223 1058 ad
1274 1005 1525 1058 virtutem
1556 1005 1637 1057 via
1665 1014 1767 1068 est,
1869 1008 1874 1052 ἑ

1869 1005 1949 1058 ὅτι
1983 1006 2203 1075 πρόνοιά
2227 1023 2310 1068 τις
2341 1004 2609 1075 ἐφέστηκε
2629 1008 2742 1067 τοῖς
2768 1008 3106 1076 πράγμασιν,
3130 1008 3436 1061 ἀπαιτοῦσα

208 1095 401 1165 fugere
438 1112 503 1149 ac
527 1096 781 1163 repellere
809 1097 1135 1150 consortium
1183 1096 1468 1150 malorum.
1504 1094 1602 1149 llic
1625 1097 1767 1149 enim
1870 1120 1871 1129 ι

1870 1097 1966 1160 τὰς
1998 1096 2223 1160 εὐθύνας
2250 1097 2359 1149 τῶν
2390 1096 2707 1166 γινομένων.
2750 1113 2768 1146 ι
2793 1099 2953 1152 Docet
2982 1112 3095 1161 eos,
3129 1099 3217 1166 qui
3255 1100 3434 1153 omnia

208 1187 421 1241 l’rnctus
446 1197 527 1240 est
554 1188 899 1254 ptenitentim,
927 1202 989 1241 ac
1014 1188 1219 1239 lucrum
1260 1187 1642 1257 lacrymarum.
1672 1187 1770 1240 Vel
1871 1203 1996 1242 casu
2028 1199 2083 1241 et
2115 1197 2312 1242 temere
2331 1188 2445 1241 fieri
2472 1194 2680 1254 putant,
2706 1186 2863 1240 rebus
2888 1187 3173 1253 quamdam
3208 1201 3436 1255 praeesse

209 1276 375 1327 etiam
408 1285 492 1328 est
537 1277 649 1329 lucc
693 1275 938 1344 loquendi
992 1273 1220 1329 formula
1256 1291 1352 1343 per
1398 1276 1769 1337 amissionem.
1871 1278 2283 1348 providentiam,
2316 1293 2436 1347 qua:
2469 1291 2654 1331 eorum
2700 1290 2818 1346 quae
2859 1276 2991 1329 liunt
3028 1277 3289 1331 rationem
3320 1277 3438 1331 exi.

211 1364 372 1430 quasi
402 1365 605 1417 diceret
641 1382 654 1418 :
686 1365 757 1417 Da
789 1375 847 1416 ut
879 1363 1050 1416 dicam
1099 1364 1477 1418 insultantibus
1525 1364 1655 1417 mihi
1677 1365 1773 1417 'mi-
1872 1371 1967 1439 git.
1994 1389 2011 1421 ι
2050 1369 2203 1424 Haud
2247 1370 2579 1423 dissimiliter
2611 1365 3179 1439 pseudo-Theodorus,
3230 1369 3321 1438 qui
3357 1368 3437 1423 sic

210 1456 373 1508 micis
415 1456 567 1518 meis,
598 1455 856 1508 Discedite
877 1468 895 1506 :
916 1454 1022 1521 jam
1051 1455 1331 1509 exauditus
1354 1470 1490 1517 sum,
1518 1456 1770 1523 quoniam
1872 1486 1873 1511 ξ

1872 1461 2085 1530 scripsit
2118 1479 2131 1515 :
2164 1460 2413 1514 Διδάσκει
2462 1461 2587 1523 τοὺς
2639 1459 2958 1529 νομίζοντας
2994 1459 3179 1522 ἁπλῶς
3227 1460 3321 1514 καὶ
3359 1460 3436 1524 ὡς

211 1546 484 1598 admissus
507 1562 643 1605 smn,
668 1545 757 1612 qui
783 1547 850 1598 ob
886 1554 1165 1612 peccatum
1209 1544 1414 1598 fueram
1452 1545 1713 1613 repulsus.
1749 1560 1767 1592 ι

1873 1549 2059 1619 ἔτυχεν
2088 1548 2297 1601 ἅπαντα
2331 1547 2614 1620 φέρεσθαι,
2647 1549 2728 1600 ὅτι
2763 1548 2983 1618 πρόνοιά
3009 1566 3091 1611 τις
3119 1550 3433 1621 ἐφέστηκεν,

216 1634 561 1689 Institueram
588 1635 736 1702 plura
765 1649 831 1689 ex
859 1635 1138 1689 Athanasii
1180 1635 1235 1687 in
1271 1633 1517 1687 Psalmos
1549 1632 1775 1701 Exposi-
1874 1666 1879 1694 ι

1772 1664 1775 1672 ν
1874 1641 2176 1696 ἀπαιτοῦσα
2202 1642 2428 1704 εὐθύνας
2458 1640 2566 1694 τῶν
2593 1641 2913 1710 γινομένων.
2954 1660 2972 1691 ι
3003 1644 3169 1697 Docet
3200 1657 3313 1707 eos,
3345 1643 3435 1711 qui

217 1729 450 1780 ιὶοηὶίηη
482 1728 752 1798 colligere,
800 1728 946 1781 verbi
991 1727 1185 1794 ετθιίθς
1215 1742 1281 1781 ει
1327 1726 1534 1794 Ρεθίιηο
1566 1725 1775 1779 deCimO
1874 1742 2067 1803 putant
2104 1733 2286 1786 omnia
2314 1740 2516 1786 temere
2542 1742 2596 1786 et
2621 1732 2841 1786 fortuito
2866 1731 3003 1796 ﬁeri,
3037 1733 3318 1788 imminere
3350 1747 3439 1787 re-

218 1821 412 1888 quinto
439 1822 490 1872 in
536 1820 649 1882 illa,
698 1818 1039 1872 Prouidebam
1081 1816 1365 1871 Dominum
1414 1818 1469 1870 in
1500 1827 1773 1885 conspectu
1876 1825 1973 1878 lms
1999 1824 2248 1878 humanis
2272 1823 2655 1891 providentiam
2683 1824 2992 1891 quamdam,
3022 1839 3141 1891 qua:
3172 1823 3435 1879 factorum

218 1929 335 1966 meo
374 1928 575 1980 semper
605 1912 697 1976 ⁸⁷⁸,
727 1924 898 1979 (πιιιιε
948 1908 1162 1963 Psaliuo
1214 1908 1470 1963 vicesimo
1499 1906 1672 1976 primo
1723 1906 1775 1960 in
1807 1892 1850 1947 Β
1879 1930 1881 1981 i

1774 1948 1775 1958 κ
1807 1892 1850 1947 Β
1879 1926 2066 1982 pinnas
2097 1920 2372 1981 exposcat.
2396 1930 2416 1963 ι
2468 1910 3042 1965 Ρεοιιύοοτὴεοιιοτυιιι
3095 1912 3177 1966 vel
3219 1913 3271 1965 in
3323 1913 3437 1981 ipso

216 2004 325 2067 illa,
368 2002 505 2056 Deus
540 2001 679 2055 Deus
710 2016 873 2063 meus,
906 2000 1101 2066 respice
1130 2000 1182 2052 in
1230 2016 1375 2052 me...
1427 1997 1603 2066 Longe
1627 2014 1657 2050 a
1686 2014 1774 2051 sa-

213 2097 323 2148 lute
351 2112 465 2148 mea
498 2094 651 2147 verba
677 2092 978 2146 delictorum
1011 2106 1241 2143 meorum
1278 2090 1346 2154 ⁸⁸,
1384 2098 1438 2142 et
1464 2104 1527 2142 ex
1563 2088 1681 2142 aliis
1707 2087 1780 2142 si-

214 2187 414 2241 militer
441 2185 658 2254 psalmis
685 2199 790 2238 non
828 2182 1053 2252 paucis;
1088 2181 1181 2236 sed
1222 2191 1300 2234 est
1345 2194 1526 2247 causa,
1568 2196 1666 2235 cur
1697 2180 1779 2235 in-

213 2287 391 2343 coepta
413 2275 774 2329 desistendum
803 2284 1002 2341 putem.

285 2367 371 2421 46.
424 2366 661 2420 Accedat
709 2379 839 2432 ergo
868 2365 1303 2435 Chrysostomus.
1350 2361 1455 2416 Sed
1491 2372 1777 2431 antequam

214 2459 456 2527 exempla
510 2458 707 2526 quibus
774 2467 955 2511 nostra
1011 2457 1192 2524 opinio
1223 2457 1532 2510 conlirmari
1576 2455 1768 2524 possit,

215 2552 592 2621 sulijiciatnus,
653 2563 871 2603 monere
920 2547 1136 2616 expedit
1192 2562 1354 2616 grave
1420 2546 1671 2600 mendum
1721 2546 1776 2599 in

215 2642 607 2698 conmentario
632 2639 831 2703 inesse,
864 2639 951 2693 ubi
991 2636 1195 2691 librarii
1240 2637 1579 2705 impudenter
1619 2634 1779 2705 Ἐδὲμ

218 2750 316 2805 pro
355 2734 529 2804 ’Δδὰμ
558 2732 907 2800 scripserunt.
950 2728 1120 2799 Legas
1149 2726 1307 2781 velim
1331 2724 1775 2782 commentarium

222 2826 276 2879 in
309 2826 417 2888 illa,
449 2824 601 2885 Deus,
632 2824 765 2876 Deus
790 2838 953 2883 meus,
988 2820 1180 2888 respice
1199 2821 1254 2872 in
1281 2836 1381 2872 me.
1409 2817 1777 2888 Chtysostomi

222 2928 401 2972 autem
443 2924 569 2970 sunt
612 2915 725 2967 lucc
775 2914 826 2966 in
868 2913 1036 2983 prima
1078 2910 1267 2978 psalmi
1313 2910 1529 2979 septimi
1568 2911 1727 2963 verba
1762 2927 1775 2962 :

218 3008 330 3061 Οὐκ
358 3002 478 3058 εἷπε
505 3020 519 3033 ·
562 3002 769 3065 Κόλαξε
797 3003 886 3055 τὸν
933 3000 1210 3070 ιιολέμιον,
1246 2997 1400 3052 ἄνελε
1447 2998 1536 3051 τὸν
1566 2997 1775 3069 ἐχθρόν.

230 3096 388 3151 Ἀλλὰ
416 3096 470 3150 τί
492 3113 505 3159 ;
546 3095 619 3147 Τὸ
642 3092 831 3148 ἑαυτοῦ
856 3092 1006 3164 ζητεῖ
1036 3092 1213 3161 μόνον,
1244 3092 1338 3143 καὶ
1364 3091 1511 3158 λέγει
1531 3106 1545 3120 °
1571 3088 1779 3144 Σῶσόν

1881 2001 2075 2069 psalmi
2124 2001 2275 2054 initio
2302 2001 2666 2073 Chrysostomi
2700 2001 2857 2055 verba
2903 2000 3223 2069 compilasse
3256 2010 3441 2055 osteno

1877 2093 2054 2147 dimus
2081 2111 2094 2147 :
2124 2107 2263 2147 nunc
2300 2094 2544 2148 eumdem
2592 2106 2624 2145 e
2657 2091 2761 2146 line
2794 2106 3005 2161 quoque
3049 2091 3301 2146 nonnulla
3335 2093 3439 2146 sibi

1878 2184 2189 2253 sumpsisse,
2219 2199 2339 2254 qua:
2368 2193 2663 2252 sequuntur
2708 2183 3032 2253 probabunt.
3065 2183 3443 2253 Chrysoslomi

1878 2274 2041 2342 igitur
2088 2276 2247 2329 verba
2308 2285 2433 2330 sunt
2467 2276 2517 2328 in
2570 2275 2685 2337 illa,
2734 2271 3033 2343 Conﬁtcbor
3080 2274 3302 2326 Domino
3336 2273 3440 2326 "‘z

1878 2365 2391 2437 Εὐχαριστήσωμεν,
2410 2366 2591 2435 φησὶν,
2616 2367 2677 2419 οὐ
2705 2367 2825 2428 ταῖς
2854 2364 3053 2435 ἐτέρων
3078 2364 3281 2435 χαίρων
3306 2381 3443 2431 σφα-

1878 2458 2022 2523 γαῖς,
2053 2455 2187 2509 ἀλλὰ
2226 2456 2318 2509 τοῦ
2366 2455 2499 2509 Θεοῦ
2528 2457 2626 2527 τὴν
2653 2455 2831 2525 ψῆφον
2867 2454 3353 2524 ἀποδεχόμενος....
3378 2454 3443 2505 Τί

1878 2546 2011 2609 ἔστι,
2038 2546 2195 2600 Κατὰ
2220 2545 2333 2613 τὴν
2352 2545 2745 2613 δικαιοσύνην
2774 2544 2958 2598 αὐτοῦ
2974 2560 2993 2607 ;
3038 2544 3180 2595 ’Δντὶ
3207 2542 3323 2609 τοῦ,
3350 2544 3446 2595 επὶ

1878 2640 1942 2708 τῇ
1984 2638 2295 2709 δικαιοσύνῃ
2337 2637 2518 2691 αὑτοῦ.
2556 2636 2807 2692 «Gratias
2833 2649 3070 2704 agamus,
3110 2635 3302 2704 inquit,
3337 2649 3445 2688 non

1877 2730 2099 2781 aliorum
2134 2730 2369 2797 gaudens
2413 2728 2667 2790 cmdibus,
2714 2727 2808 2782 sed
2843 2727 2933 2782 Dei
2978 2727 3297 2781 sententiain
3324 2740 3445 2780 sus-

1877 2820 2221 2889 cipiens......
2266 2818 2404 2885 Quid
2438 2828 2539 2885 est,
2587 2816 2883 2873 Secundum
2925 2818 3193 2887 justitiam
3237 2816 3446 2886 ejus"?

1880 2908 1983 2963 Pro
2013 2925 2077 2964 eo
2105 2909 2244 2978 quod
2272 2921 2376 2970 est.
2423 2908 2650 2979 Propter
2677 2908 2941 2977 justitiam
2969 2909 3105 2977 ejus.
3128 2928 3147 2961 ι
3183 2907 3242 2961 In
3272 2908 3438 2961 Com-

1879 3004 2139 3057 mentario
2163 3012 2342 3057 autem
2370 3003 2448 3057 sic
2478 3003 2680 3057 editum
2711 3001 3017 3056 invenimus
3045 3019 3059 3055 :
3086 3001 3201 3054 Οὐκ
3223 2998 3444 3071 ἐπιχαί-

1881 3110 1985 3163 ρων
2030 3096 2147 3157 ταῖς
2206 3094 2405 3165 ἑτέρων
2453 3096 2776 3161 σφαγαῖς....
2822 3094 3233 3164 Εὐχαριστήσω,
3287 3093 3444 3162 φησὶ,

210 3207 308 3259 με.
337 3187 603 3249 τουτέστι,
631 3186 703 3257 μὴ
731 3187 873 3255 ἀφῇς
903 3201 968 3254 με
996 3183 1178 3245 κακῶς
1204 3179 1416 3237 παθεῖν.
1444 3182 1511 3233 ἐκ
1540 3179 1778 3245 πάντων
1803 3224 1844 3279 C
1876 3183 2268 3252 ἀποδεχόμενος
2310 3184 2407 3253 τὴν
2452 3183 2666 3236 δικαίαν
2714 3182 2874 3236 αὐτοῦ
2926 3184 3124 3253 ψῆφον.
3183 3182 3255 3237 Τὸ
3310 3183 3442 3256 γὰρ,

216 3278 337 3334 τῶν
361 3279 697 3331 διωκόντων
719 3293 814 3345 με,
857 3276 951 3328 καὶ
977 3273 1165 3342 ῥῦσαί
1203 3289 1300 3342 με.
1323 3272 1463 3341 Ὅρα
1504 3269 1623 3332 πῶς
1659 3269 1778 3321 οὐδὲ
1808 3269 1844 3279 ν
1880 3275 2027 3329 κατὰ
2070 3274 2183 3340 τὴν
2218 3275 2631 3343 δικαιοσύνην,
2680 3276 2800 3329 ἀντὶ
2847 3274 2963 3339 τοῦ,
3005 3277 3094 3328 ἐπὶ
3132 3275 3447 3348 δικαιοσύνῃ

219 3371 442 3442 Maximi
482 3369 686 3432 κακῶς,
727 3368 987 3439 ὀνομαστὶ
1027 3367 1296 3437 μέμνηται
1317 3361 1409 3416 τοῦ
1434 3361 1777 3433 πατραλοίου,

218 3466 311 3519 καὶ
342 3467 397 3517 ὲν
432 3467 496 3534 τῇ
522 3463 771 3533 συμφορᾷ
784 3461 883 3532 τὴν
908 3460 1065 3528 φύσιν
1093 3456 1484 3527 ἐπιγινώσκων,
1512 3454 1605 3507 καὶ
1627 3455 1684 3506 ὲν
1704 3452 1781 3523 τῷ

218 3557 440 3625 πολέμῳ
483 3554 576 3607 τὸν
624 3552 735 3605 υἱὸν
768 3551 927 3623 ὁρῶν,
981 3549 1073 3602 καὶ
1106 3551 1163 3603 ὲν
1207 3551 1321 3612 τοῖς
1373 3547 1637 3609 κινδύνοις
1673 3545 1780 3598 τῶν

221 3646 542 3716 σπλάγχνων
568 3645 667 3696 οῦκ
689 3641 1190 3711 ἐπιλανθανόμενος.
1229 3660 1245 3692 ι
1278 3639 1391 3696 Non
1424 3642 1554 3694 dixit
1583 3659 1595 3694 :
1649 3640 1778 3693 Puni

222 3740 453 3803 hostem,
487 3736 609 3789 tolle
638 3735 701 3788 de
757 3734 929 3787 medio
974 3733 1249 3786 inimicum
1285 3751 1297 3787 :
1333 3734 1428 3786 sed
1454 3733 1594 3800 quod
1623 3747 1777 3784 suum

221 3840 301 3886 est
331 3840 538 3882 tantum
585 3826 797 3895 quatit,
829 3834 883 3879 et
931 3825 1104 3879 dicit:
1157 3821 1370 3877 Saluum
1405 3840 1484 3875 me
1524 3822 1631 3889 far,
1678 3822 1780 3875 hoc

220 3933 299 3975 est
328 3938 392 3975 ne
426 3921 711 3989 permittas
754 3927 813 3971 ut
864 3918 1005 3971 male
1042 3916 1235 3985 patiar,
1289 3916 1351 3968 ab
1385 3916 1619 3967 omnibus
1662 3930 1779 3982 per-

219 4010 556 4080 sequentibus
616 4025 697 4061 me
760 4018 807 4062 et
861 4006 1025 4060 libera
1084 4022 1161 4059 me
1201 4006 1287 4057 η’.
1337 4003 1466 4058 Vide
1514 4004 1779 4071 quomodo

220 4117 286 4157 ne
318 4100 459 4155 male
492 4099 707 4169 quidem
740 4099 969 4167 patiens,
1006 4095 1318 4151 nominatim
1368 4094 1611 4149 meminit
1656 4108 1780 4162 par-

219 4194 421 4259 ricidae,
474 4204 531 4248 et
577 4203 823 4246 naturam
871 4191 922 4245 in
959 4189 1263 4244 calamitate
1292 4202 1610 4258 agnoscens,
1637 4192 1690 4239 et
1726 4185 1777 4239 in

218 4286 358 4341 bello
407 4285 702 4355 respiciens
744 4280 930 4345 lilium,
968 4290 1019 4334 et
1051 4280 1103 4333 in
1151 4279 1407 4348 periculis
1440 4293 1544 4331 non
1584 4276 1779 4331 oblivi-

218 4394 376 4434 scens
408 4379 700 4432 viscerum.
723 4393 741 4427 ι
784 4373 1049 4443 Loquitur
1076 4385 1203 4426 vero
1229 4368 1779 4440 pseudo-Theodorus

216 4470 315 4525 hoc
345 4468 506 4522 modo
537 4486 549 4520 :
579 4466 693 4518 Οὐκ
724 4459 874 4516 εἵπεο
918 4460 1183 4524 Κόλασον,
1230 4457 1382 4513 ἄνελε
1428 4456 1518 4510 τὸν
1561 4456 1773 4528 ἐχθρόν.

1886 3384 1980 3418 σου
2010 3366 2185 3434 ψαλῶ.
2219 3385 2237 3417 ι
2261 3366 2375 3420 Non
2402 3368 2543 3436 quod
2565 3367 2790 3420 aliorum
2822 3380 2941 3420 eum
2965 3370 3139 3421 cmdes
3160 3368 3444 3421 delectent.

1878 3459 2115 3521 Gratias,
2178 3458 2369 3527 inquit,
2415 3473 2588 3527 agam,
2621 3459 2737 3528 ejus
2763 3459 2961 3527 justam
3002 3460 3318 3512 sententiam
3354 3473 3446 3527 ap-

1878 3549 2168 3617 probando.
2195 3550 2349 3615 Quod
2378 3550 2520 3603 enim
2551 3549 2647 3611 ait,
2669 3546 2967 3603 Secundum
2998 3547 3276 3613 iustitiam,
3302 3549 3444 3603 idem

1878 3650 1959 3695 est
1988 3655 2051 3694 ac
2078 3642 2120 3695 si
2156 3641 2299 3694 dicat
2338 3656 2353 3694 :
2393 3649 2613 3709 propter
2655 3639 2916 3709 justitiam
2968 3648 3111 3692 tuam
3152 3640 3398 3694 cantabo.
3422 3658 3442 3691 ι

1880 3732 2082 3787 Possim
2128 3741 2183 3788 et
2224 3747 2290 3785 ex
2325 3731 2529 3802 psalmo
2557 3741 2749 3785 octavo
2782 3733 2952 3784 multa
2990 3732 3306 3797 corradere;
3351 3732 3445 3786 sed

1880 3825 1929 3877 id
1961 3840 2176 3879 necesse
2200 3840 2303 3879 non
2332 3837 2448 3878 esse
2475 3823 2597 3886 rati,
2624 3823 3029 3876 admonebimus
3055 3822 3224 3875 solum
3254 3824 3442 3876 eadem

1880 3915 1930 3967 in
1981 3926 2207 3983 utroque
2252 3917 2515 3983 scriptore
2565 3914 2854 3969 identidem
2907 3914 3155 3983 reperiri.
3192 3915 3445 3969 videlicet

1880 4006 1932 4060 in
1950 4006 2034 4060 illa
2054 4024 2066 4059 :
2087 4006 2304 4059 Domine
2319 4004 2575 4058 Dominus
2590 4014 2779 4068 noster,
2795 4021 2948 4073 quam
2968 4004 3294 4070 admirabile,
3315 4015 3443 4069 etc.;

1881 4107 1989 4151 tum
2029 4100 2080 4150 in
2115 4097 2237 4151 illa:
2272 4096 2533 4162 Quoniam
2559 4095 2751 4149 etet-ala
2788 4106 2860 4149 est
2890 4096 3279 4164 magniﬁcentia
3309 4105 3439 4161 tua;

1876 4191 2003 4241 item
2034 4188 2085 4241 in
2124 4188 2211 4241 illa
2242 4206 2255 4241 :
2290 4187 2375 4239 Ex
2408 4204 2496 4241 ore
2536 4188 2817 4254 infantium
2852 4197 2897 4239 et
2933 4186 3235 4240 lactentium
3276 4187 3444 4257 perfe-

1878 4280 1994 4332 cisti
2022 4278 2229 4331 laudem
2255 4289 2465 4346 propter
2488 4279 2727 4332 inimicos
2756 4288 2895 4342 tuos,
2930 4287 2985 4330 ut
3019 4280 3282 4343 destruas,
3307 4289 3438 4344 διας

1879 4368 2006 4423 item
2035 4369 2086 4422 in
2116 4367 2202 4421 illa
2233 4385 2248 4422 :
2279 4368 2539 4432 Quoniam
2569 4368 2744 4421 uidebo
2778 4366 2930 4422 caelos
2960 4383 3114 4435 opera
3140 4368 3429 4437 digitorum

1880 4462 2191 4513 tuorum‘“.
2223 4459 2335 4514 Hoc
2376 4461 2517 4514 idem
2544 4460 2741 4513 dictum
2773 4459 2892 4513 volo
2928 4461 2995 4514 de
3030 4458 3236 4529 psalmo
3274 4474 3436 4522 nono.

227 4560 385 4614 Ἀλλὰ
420 4558 508 4622 τί;
545 4555 750 4610 Σῶσόν
781 4569 875 4623 με.
929 4552 1001 4604 Τὸ
1039 4549 1147 4621 γὰρ
1194 4547 1385 4602 ἑαυτοῦ
1440 4547 1609 4618 ζητεῖ,
1642 4543 1774 4613 οἷον,
1808 4558 1890 4612 Dt

1808 4558 1852 4612 Ι)
1878 4552 2033 4621 cujus
2059 4553 2110 4607 in
2137 4552 2515 4621 explanatione
2549 4553 2734 4606 eadem
2767 4552 3056 4621 aliquando
3090 4552 3340 4605 dicuntur
3372 4552 3440 4605 ab

219 4650 290 4722 μὴ
318 4650 457 4717 ἄφες
501 4663 567 4716 με
597 4644 780 4708 κακῶς
820 4642 1028 4696 παθεῖν.
1073 4641 1179 4693 Καὶ
1212 4641 1274 4692 τὸ
1300 4641 1368 4693 ἐκ
1416 4638 1657 4691 πάντων
1696 4639 1774 4703 δὲ,

218 4740 352 4809 μετὰ
384 4735 623 4806 φειδοῦς.
647 4735 720 4787 Οὐ
738 4734 845 4804 γὰρ
865 4734 1120 4803 ὀνομαστὶ
1143 4732 1410 4804 μέμνηται
1439 4730 1534 4784 τοῦ
1566 4749 1777 4803 πατρα-

1880 4653 2108 4712 utroque
2153 4642 2473 4713 interprete,
2509 4643 2560 4695 in
2597 4641 2682 4695 illa
2725 4641 2971 4696 scilicet:
3000 4641 3298 4709 Con/iubar
3324 4640 3439 4707 tibi,

1883 4732 2131 4799 Domine;
2163 4743 2217 4787 et
2247 4733 2298 4787 in
2327 4733 2443 4786 illa:
2465 4730 2680 4785 Paravit
2703 4733 2969 4799 injudicio
2991 4733 3236 4785 thronum
3261 4746 3439 4794 suum;

213 4830 375 4893 λοίον,
405 4827 540 4882 ἀλλὰ
568 4827 670 4879 κᾶν
696 4827 763 4897 τῇ
802 4825 1055 4895 συμφορᾷ
1085 4824 1183 4895 τὴν
1240 4822 1399 4891 φύσιν
1429 4821 1791 4888 ὲπιγινώσκει’

1779 4830 1791 4883 ξ
1881 4824 1931 4878 in
1973 4825 2059 4877 illa
2093 4839 2304 4892 quoque
2331 4840 2345 4877 :
2371 4820 2571 4877 Factus
2603 4835 2676 4878 est
2712 4823 2963 4876 Dominus
3009 4823 3269 4891 refugium
3313 4839 3442 4889 pau-

213 4923 304 4976 καὶ
332 4919 441 4973 τῶν
470 4916 748 4987 πατρικῶν
783 4914 1100 4985 σπλάγχνων
1133 4915 1231 4967 οὐκ
1266 4913 1577 4968 ἐπελάθετο.
1614 4931 1631 4963 ι
1655 4913 1772 4967 Non

213 5014 383 5067 dixit:
416 5009 552 5063 Puni
605 5009 833 5073 hostem,
870 5007 1111 5063 interlice
1144 5006 1440 5060 inimicum.
1477 5006 1582 5060 Sed
1611 5005 1775 5074 quid?

212 5104 426 5160 Saluum
454 5117 536 5155 me
586 5100 691 5169 fac.
728 5098 879 5166 Quod
921 5098 1063 5153 enim
1112 5112 1171 5152 se
1218 5096 1600 5160 concernebat,
1646 5095 1774 5151 illud

209 5195 423 5266 querit,
448 5194 604 5264 quasi
627 5192 774 5245 dicat
792 5204 806 5242 :
823 5187 898 5242 Ne
923 5188 1069 5242 sinas
1092 5202 1179 5241 me
1199 5184 1379 5256 amigi.
1410 5187 1541 5241 Illud
1567 5196 1771 5251 autem,

211 5287 295 5342 Ex
320 5286 586 5347 omnibus,
613 5298 737 5338 cum
768 5280 1136 5335 moderatione
1173 5279 1481 5345 adiunctum
1516 5289 1620 5335 est.
1657 5278 1772 5333 No-

212 5380 453 5435 minatim
482 5376 628 5432 enim
662 5372 941 5445 parricidae
974 5373 1296 5426 mentionem
1323 5386 1429 5426 non
1462 5369 1611 5435 facit,
1641 5371 1769 5439 quin

212 5472 371 5525 etiam
406 5471 461 5524 in
502 5466 811 5523 calamitate
844 5474 1090 5519 naturam
1121 5462 1390 5534 agnoscit,
1428 5472 1482 5516 et
1516 5474 1771 5531 paterno-

213 5576 328 5617 rum
354 5562 621 5615 viscerum
640 5574 764 5614 .non
792 5557 1143 5613 obliviscitur.
1168 5575 1187 5607 ι
1230 5555 1341 5610 Vox
1371 5556 1586 5626 quidem
1614 5554 1769 5609 πολέ-

278 5744 343 5775 ⁶¹¹⁶
365 5742 505 5796 Psal.
536 5757 624 5802 xy.
653 5743 705 5795 8.
782 5742 828 5772 ⁸⁸
850 5740 1109 5801 Psal.xxr,
1140 5739 1193 5793 ‘2.
1271 5737 1335 5769 "‘
1367 5737 1508 5793 Psal.
1548 5752 1646 5801 vn,
1680 5736 1735 5791 2.
1811 5736 1855 5768 “
1890 5735 2018 5792 ibid.
2060 5736 2113 5792 9.

216 5810 413 5869 ἀνω.
467 5828 539 5879 ιι,
588 5813 643 5880 ι,
691 5811 744 5877 8,
794 5813 877 5865 to.
951 5811 1019 5842 τεο
1047 5810 1172 5865 ibid.
1210 5808 1293 5863 ιο.

1878 4915 2025 4979 peri;
2058 4914 2271 4983 adjutor
2307 4917 2363 4967 in
2392 4915 2883 4993 opportunitatibus,
2923 4914 2976 4967 in
3020 4913 3437 4970 tribulatione".

1879 5004 2052 5074 Atque
2080 5015 2137 5058 ut
2179 5007 2245 5059 de
2275 5006 2395 5059 aliis
2442 5006 2573 5059 locis
2602 5004 2911 5071 conjectura
2945 5005 3060 5058 ﬁeri
3101 5006 3291 5075 possit,
3320 5021 3442 5060 ver-

1878 5092 2067 5147 borum
2100 5094 2332 5158 illorum,
2360 5094 2554 5163 Inﬁxae
2582 5107 2701 5148 sunt
2728 5094 3005 5165 gentes”,
3038 5095 3439 5163 interpretatio-

1879 5202 1999 5242 nem
2052 5188 2146 5253 ita,
2193 5199 2250 5242 ut
2286 5189 2339 5241 in
2388 5198 2613 5257 utroque
2675 5202 2838 5256 apere
2908 5186 3120 5256 legitur,
3169 5187 3441 5240 ascribere

1870 5278 2078 5333 libitum
2111 5289 2215 5335 est.
2258 5280 2627 5350 Chrysostomi
2654 5279 2818 5348 igitur
2855 5280 2967 5333 haec
3004 5286 3171 5331 sunt:
3201 5275 3438 5344 Διαφθο-

1875 5371 1972 5441 ρὰν
2013 5371 2109 5441 τὴν
2150 5370 2346 5425 κακίαν
2397 5371 2566 5439 λέγει.
2601 5371 2767 5426 οὐδὲν
2797 5370 2904 5442 γὰρ
2933 5370 3075 5423 οὕτω
3116 5365 3439 5439 διαφθείροι.

1871 5462 1945 5525 ὡς
1978 5462 2161 5516 κακία.
2183 5463 2346 5515 Οὐδὲν
2373 5462 2480 5535 γὰρ
2505 5462 2889 5534 ἀσθενέστερον
2914 5462 3009 5515 τοῦ
3037 5460 3297 5532 πονηροῦ.
3313 5460 3439 5523 Τοῖς

1870 5554 2087 5616 οἰκείοις
2115 5553 2297 5616 ὅπλοις
2343 5553 2712 5609 ἁλίσκεται....
2758 5555 2869 5608 Καὶ
2919 5554 3021 5623 ὅρα
3071 5553 3187 5616 πῶς
3236 5551 3439 5623 κυρίως

2192 5739 2257 5769 η·
2292 5736 2418 5793 ibid.
2466 5736 2552 5792 is.
2631 5735 2835 5791 "ibid.
2917 5729 3435 5799 το·Ρεει.νιιι.3-ισ
