4212 6488
654 505 656 507 ἱ
734 439 873 485 CCXII

2088 408 2621 467 PROLEGOMENA.

736 540 998 613 κέχρηται
1038 540 1156 602 ταῖς
1201 535 1426 603 λέξεσιν.
1500 533 1799 604 Erl-22mm,
1837 532 1991 605 φησὶ,
2033 531 2299 591 τουτέστι,
2330 535 2372 593 Α
2403 528 2618 600 νητικδν
2664 524 3006 597 παραστῆσαι
3047 524 3384 596 βουλόμενος.
3415 524 3481 579 Τί
3532 526 3678 580 ἐστιν
3702 523 3742 593 ἡ
3769 527 3973 596 μερίςς

735 630 878 689 κατὰ
920 630 1119 703 κράτος
1153 627 1476 698 κατεσχέθη,
1512 625 1781 695 ἇφευκτος
1823 624 1969 695 αὐτῷ
2008 624 2230 693 γέγονεν
2267 624 2301 694 ἡ

735 722 1012 795 ἐπιϐουλή.
1043 722 1153 775 Καὶ
1188 720 1349 774 πάλιν
1372 736 1387 749 ·
1436 719 1539 771 Ἓν
1582 716 1786 785 «aq-(6t
1832 717 2037 783 ταύτῃ,
2064 711 2104 787 ᾖ
2130 715 2305 783 ἐκρυ-

735 815 886 883 ψαν,
920 810 1271 880 συνελήφθη
1317 812 1351 863 ό
1378 808 1533 874 ποῦς
1560 806 1777 863 αὐτῶν.
1804 809 2033 878 Δεσμοζς
2062 804 2302 869 ἀλύτοις,

737 905 920 975 φησιν,
970 904 1020 957 oi
1069 903 1294 975 πονηροὶ
1328 901 1777 974 ,περιπείρονταμ
1822 919 1841 950 ι
1873 898 2151 953 lnteritutn
2194 900 2307 951 sive

737 992 1134 1063 corruptionem
1178 992 1309 1045 dicit
1342 991 1550 1044 vitium.
1612 988 1758 1043 Nihil
1803 989 1948 1045 enim
1987 1003 2140 1057 aeque
2183 1002 2305 1041 cor-

741 1084 943 1153 rumpit
991 1094 1049 1137 ιιι
1084 1082 1295 1136 vitium.
1328 1079 1579 1151 improbo
1608 1081 1753 1135 enim
1790 1080 2007 1135 homine
2054 1080 2186 1133 nihil
2226 1086 2309 1134 est

741 1173 1081 1231 imbecillius.
1118 1172 1359 1243 PrOpriis
1402 1173 1569 1228 armis
1618 1172 1829 1242 capitur
1961 1168 2093 1226 Vide
2128 1178 2306 1224 autem

739 1282 899 1338 quam
944 1266 1159 1335 proprie
1188 1273 1370 1319 utatur
1414 1264 1761 1320 dictionibus.
1798 1262 1995 1331 Inﬁrm
2028 1272 2171 1326 sunt,
2206 1262 2309 1317 ltoc

740 1370 844 1423 est,
870 1373 964 1428 per
984 1360 1090 1412 vim
1112 1368 1335 1413 retentat
1356 1364 1501 1422 sunt,
1525 1366 1649 1412 sunt
1672 1357 1719 1410 ei
1749 1356 2086 1411 inevitabiles
2111 1366 2311 1426 parata

742 1452 967 1506 insidia.
1014 1450 1081 1503 Et
1126 1464 1355 1504 rursus:
1388 1448 1455 1502 In
1499 1448 1683 1516 laqueo
1712 1448 1811 1502 isto
1839 1463 1992 1509 quem
2027 1446 2310 1500 absconde-

741 1551 886 1609 rttat,
910 1542 1304 1610 comprehensus
1327 1550 1404 1597 est
1427 1557 1516 1610 pes
1540 1556 1718 1594 eorum
1742 1541 1811 1593 ".
1832 1537 2091 1600 Vincuiis,
2116 1538 2309 1606 inquit,

742 1650 862 1704 qua!
910 1633 1044 1687 solvi
1096 1642 1385 1703 nequeunt,
1447 1632 1818 1700 astringuntur
1868 1630 2159 1699 improbi.»
2219 1629 2311 1682 Sic

741 1739 872 1780 vero
926 1723 1161 1792 loquitur
1210 1723 1756 1793 pseudo-Theodorus
1795 1739 1807 1775 :
1842 1720 2153 1793 Διαφθορὰν
2206 1721 2308 1792 τὴν

741 1816 936 1868 κακίαν
958 1811 1123 1883 λέγει.
1149 1813 1314 1867 Οὐδὲν
1328 1812 1435 1885 γὰρ
1454 1811 1596 1867 οὕτω
1612 1810 1930 1884 διαφθείρει,
1948 1810 2024 1875 ὡς
2052 1812 2305 1866 κακία....

743 1906 808 1959 Τί
834 1906 942 1977 γὰρ
972 1872 1066 1958 eo}:
1093 1872 1759 1977 πονηροῦρσθενὲστερον,
1786 1872 2017 1968 οίκείοιςν
2031 1904 2217 1966 ὅπλοις
2244 1906 2308 1975 τῇ
2341 1872 2385 1931 Β

744 1998 909 2068 κακίᾳ
937 1996 1325 2068 ἁλισκομένου;
1361 1997 1468 2049 Καὶ
1501 1996 1604 2067 ὅρα
1642 1996 1760 2058 πῶς
1784 1994 1989 2067 κυρίως
2015 1998 2135 2059 ταῖς
2164 1994 2313 2060 λέξε-

744 2104 828 2143 σιν
860 2088 1146 2159 ἐχρήσατο.
1192 2085 1623 2156 Ἔνεπάγησαν,
1656 2085 1797 2138 κατὰ
1825 2083 2025 2155 κράτος
2055 2084 2314 2155 κατεσχέ-

743 2176 936 2250 θησαν,
990 2177 1228 2245 ᾶφυκτος
1276 2162 1457 2239 αὐτοῖς
1511 2175 1733 2244 γέγονεν
1784 2176 1817 2246 η
1866 2175 2145 2248 ἐπιϐουλή.
2205 2176 2314 2229 Καὶ

744 2267 925 2323 πάλιν·
979 2265 1083 2319 Ἐν
1121 2264 1343 2334 πατίόι,
1384 2258 1423 2336 ᾖ
1459 2262 1753 2333 ἔκρυψαν,
1795 2262 2309 2332 συνελήφθησαν·

747 2356 1042 2420 τουτέστιν,
1074 2354 1290 2426 δεσμοῖς
1336 2354 1549 2417 ἀλύτοις
1588 2352 1970 2423 περιπάρησαν
2000 2348 2145 2425 (εἰῖξ).
2182 2370 2201 2404 ι
2228 2352 2313 2405 Ιη-

747 2448 962 2503 teritum
991 2446 1248 2501 malitiam
1278 2454 1449 2499 vocat.
1485 2442 1628 2497 Nihil
1660 2446 1804 2498 enim
1839 2446 1917 2499 sic
1944 2444 2227 2507 interimit,
2258 2450 2316 2497 ut

746 2539 1069 2593 malitia.....
1096 2536 1236 2604 Quid
1276 2537 1419 2591 enim
1468 2535 1786 2591 imbecillius
1812 2546 1895 2590 est
1926 2536 2191 2605 improbo,
2224 2534 2313 2603 qui

747 2630 978 2702 propriis
1024 2628 1212 2695 armis,
1255 2626 1459 2682 scilicet
1493 2624 1780 2694 iniquitate
1822 2626 2070 2695 capitur?
2102 2625 2168 2678 Et
2194 2622 2315 2679 vide

746 2736 906 2792 quam
934 2719 1150 2791 proprie
1173 2717 1393 2773 vocibus
1418 2716 1503 2771 his
1529 2732 1658 2772 usus
1690 2718 1781 2783 sit,
1816 2715 2007 2785 lnﬁm
2028 2725 2169 2779 sunt,
2202 2714 2315 2769 vio—

747 2812 921 2869 lcuter
948 2812 1174 2867 detenta:
1211 2820 1355 2875 sunt,
1390 2809 1791 2865 inestricabiles
1829 2809 1958 2878 ipsis
2002 2807 2159 2862 facta:
2188 2817 2314 2862 sunt

750 2904 977 2960 insidiae.
1025 2903 1091 2958 Et
1128 2917 1351 2957 rursus:
1381 2898 1449 2955 1η
1493 2900 1677 2972 laqueo
1726 2916 1876 2970 quem
1920 2900 2315 2963 absconderant,

748 2995 1103 3065 comprehensi
1134 3001 1276 3058 sunt,
1310 2993 1361 3047 id
1391 3001 1475 3049 est
1504 2992 1731 3048 vinculis
1766 2990 2141 3046 insolubilibus
2174 2988 2315 3043 allisi

749 3097 894 3141 sunt.
919 3104 937 3137 ι
972 3083 1171 3154 Repeti
1201 3083 1397 3138 similia
1430 3083 1483 3136 in
1527 3083 1661 3138 alios
1688 3080 1846 3149 hujus
1878 3080 2069 3152 psalmi
2094 3095 2312 3147 versus;

749 3178 845 3233 sed
883 3190 952 3233 ne
978 3175 1187 3246 longior
1210 3175 1337 3241 sim,
1355 3189 1419 3229 ea
1449 3174 1759 3229 exscribere
1790 3188 1896 3228 non
1924 3186 2166 3240 pergam.
2192 3169 2316 3226 Haec

751 3268 868 3325 loca
890 3268 1093 3334 videre,
1113 3275 1167 3321 et
1191 3267 1331 3323 inter
1355 3280 1475 3321 sese
1499 3279 1813 3334 comparare
1839 3265 1927 3333 qui
1957 3262 2120 3328 volet,
2150 3262 2315 3318 libros

753 3360 900 3432 ipsos
926 3359 1101 3430 legere
1128 3360 1346 3430 poterit.
1377 3358 1623 3429 Scriptor
1653 3360 1723 3411 ita
1752 3358 2143 3427 interpretatur
2173 3355 2316 3423 psal-

754 3465 900 3505 mum
933 3448 1223 3513 decimum,
1250 3457 1309 3501 ut
1349 3447 1517 3502 multa
1563 3460 1629 3501 es
1672 3445 2042 3517 Cltrysostomi
2074 3446 2322 3501 oratione

754 3541 807 3596 in
832 3540 1278 3595 commentarium
1314 3536 1573 3592 translata
1610 3550 1731 3592 esse
1763 3545 1996 3593 constet.
2046 3535 2103 3589 Id
2142 3544 2322 3589 autent

754 3642 901 3703 patet
927 3630 1012 3686 vel
1044 3644 1111 3686 es
1148 3628 1337 3699 primis
1362 3626 1553 3699 psalmi
1600 3626 1807 3693 verbis,
1852 3641 1973 3696 qua:
2021 3626 2123 3681 hoc
2166 3625 2324 3679 modo

752 3721 1172 3792 Chrysostomus
1202 3720 1485 3791 explanat:
1508 3718 1734 3789 Μεγάλη
1762 3718 1861 3789 τῆς
1884 3718 1977 3770 ἐπὶ
2008 3716 2099 3770 τὸν
2120 3714 2324 3787 Κύριον

754 3811 963 3875 ἐλπίδος
1013 3812 1048 3882 ἡ
1088 3809 1336 3883 δύναμις,
1377 3808 1633 3881 φρούριον
1674 3806 1991 3879 ἀχείρωτον,
2043 3805 2326 3877 συμμαχία

753 3900 1214 3972 ἁκαταγώνιστος.
1268 3918 1289 3952 ι
1318 3899 1520 3971 Magnae
1548 3908 1676 3954 sunt
1711 3899 1854 3952 vires
1900 3896 2013 3967 spei
2054 3898 2105 3949 in
2149 3896 2325 3951 Domi-

757 4007 907 4057 num,
932 3991 1241 4062 praesidium
1267 3990 1409 4060 quod
1438 4005 1542 4045 non
1572 3996 1749 4059 potest
1770 3986 2039 4057 superari,
2065 3985 2324 4041 auxilium

758 4081 1141 4154 insuperabile.
1167 4100 1187 4133 ι
1217 4078 1370 4136 Haud
1396 4080 1552 4137 aliter
1582 4078 2155 4151 pseudo-Theodorus,
2176 4075 2327 4145 cujus

760 4174 876 4230 hac
920 4181 1046 4229 sunt
1074 4190 1090 4226 :
1118 4171 1345 4242 Μεγάλη
1385 4171 1482 4241 τῆς
1530 4171 1624 4224 ἐπὶ
1667 4169 1758 4225 τὸν
1798 4168 2003 4241 Κύριον
2045 4168 2256 4232 ἐλπίδος
2292 4170 2327 4239 ἡ

756 4264 1003 4335 δύναμις,
1047 4262 1304 4336 φρούριον
1347 4262 1663 4334 ἀχείρωτον,
1712 4260 1996 4331 συμμαχία
2044 4257 2328 4326 ἀκαταγω-

758 4373 959 4421 νιστος.
1002 4374 1021 4407 ι
1048 4356 1236 4426 Magna
1285 4357 1365 4410 vis
1407 4356 1519 4424 spei
1574 4355 1627 4408 in
1662 4353 2325 4420 Dominum:pra:sidium

758 4458 845 4504 est
870 4445 1304 4518 inexpugnabile,
1346 4444 1607 4499 auxilium
1646 4440 2030 4513 insuperabile.
2056 4460 2075 4493 ι
2127 4440 2329 4497 Omitto

2404 618 2574 671 Τοῦτο
2622 617 2803 679 αὐτοῖς
2846 616 3082 686 κλῆρος,
3130 618 3299 687 φησὶ,
3344 616 3503 670 τοῦτο
3547 617 3755 687 κτῆμα,
3800 616 3979 687 τούτῳ

2404 709 2853 781 ἐνδιατρίψωσιν,
2888 709 2946 761 ἐν
2971 707 3180 771 τούτοις
3209 707 3695 778 δαπανηθησονται.
3725 703 3861 761 Εἶτα
3884 708 3979 760 καὶ

2404 803 2439 873 η
2488 800 2664 855 αἰτίαο
2695 800 2778 852 ὅτι
2823 799 2853 850 ὁ
2896 797 3074 851 πάντα
3108 798 3340 871 ἐφορῶν,
3384 799 3484 852 οὐκ
3519 798 3765 863 ἀνέξεται
3802 797 3980 851 ταῦτα

2407 893 2714 965 ἁτιμωρητὶ
2752 891 3150 963 παραδραμεῖν.
3210 890 3539 959 «Postquam
3586 892 3723 944 dixit
3773 891 3982 959 suppli-

2407 988 2546 1040 cium
2574 984 2715 1054 qnod
2742 998 2807 1037 ex
2836 984 2963 1037 vitio
2983 982 3176 1048 oritur,
3202 982 3451 1051 quoniam
3479 980 3628 1035 multi
3657 981 3709 1035 id
3730 991 3980 1036 contem-

2408 1086 2562 1142 nunt,
2606 1088 2839 1131 mentem
2892 1076 3145 1144 deinceps
3198 1073 3563 1145 improborum
3616 1074 3884 1136 concutit,
3924 1080 3983 1126 et

2410 1169 2516 1223 ictu
2545 1166 2635 1237 qui
2671 1178 2907 1235 superne
2942 1163 3190 1225 infertur,
3216 1163 3522 1232 emphatica
3565 1171 3621 1217 et
3650 1177 3761 1216 rem
3792 1162 3981 1229 expri-

2410 1267 2590 1312 mente
2615 1256 2860 1313 oratione
2892 1263 3070 1316 utens,
3100 1266 3154 1308 et
3180 1269 3275 1322 per
3306 1253 3520 1307 nomina
3556 1254 3818 1308 terribilia
3845 1268 3982 1322 pro-

2410 1349 2625 1403 cedens.
2654 1347 2832 1418 ignem
2868 1347 3012 1400 enim
3038 1355 3089 1400 et
3111 1345 3335 1416 sulphur
3359 1352 3414 1400 et
3435 1346 3681 1413 spiritum
3712 1345 3985 1414 procella-

2412 1454 2529 1493 rum
2553 1449 2606 1494 et
2635 1439 2900 1494 carbones
2925 1437 3057 1492 dicit
3079 1437 3159 1492 eis
3184 1449 3417 1505 superne
3440 1436 3759 1505 pluiturum,
3785 1436 3984 1489 dictio-

2414 1546 2539 1583 num
2601 1531 2949 1585 translatione
2999 1543 3218 1599 poenam
3278 1526 3682 1591 inevitabilem,
3731 1528 3982 1597 supplicii

2413 1620 2796 1689 profusionem,
2841 1618 3063 1673 feriendi
3095 1617 3404 1672 facilitatem
3434 1626 3491 1672 et
3521 1619 3979 1687 consumptrieem

2415 1705 2521 1758 vim
2552 1706 2733 1760 volens
2767 1706 3071 1761 ostendere.
3101 1705 3240 1770 Quid
3265 1714 3369 1766 est,
3403 1723 3524 1773 pars
3549 1707 3728 1760 calict's
3758 1724 3940 1761 eorum
3959 1708 3986 1761 .’

2416 1796 2559 1864 llaec,
2592 1798 2783 1868 inquit,
2815 1807 2899 1852 est
2932 1813 3052 1853 sors
3083 1812 3268 1851 eorum
3297 1815 3313 1853 :
3340 1799 3452 1853 lucc
3480 1799 3749 1869 possessio
3777 1816 3792 1853 :
3834 1799 3887 1853 in
3918 1814 3984 1854 eo

2416 1888 2791 1952 versabantur,
2832 1888 2885 1941 in
2934 1903 3000 1942 eo
3041 1899 3445 1945 consumentur.
3500 1888 3705 1944 Deinde
3756 1904 3981 1944 causam

2415 1992 2627 2050 quoque
2657 1976 2834 2043 affert,
2884 1977 3027 2048 quod
3062 1978 3152 2048 qui
3200 1978 3377 2033 omnia
3426 1980 3668 2049 respicit,
3714 1996 3820 2033 non
3865 1995 3987 2050 per-

2418 2072 2585 2127 mittit
2610 2080 2669 2125 ιιι
2700 2071 2815 2125 haec
2852 2071 3069 2139 impune
3099 2071 3314 2124 abeant.
3337 2088 3357 2123 ›
3387 2070 3698 2125 Audiendus
3728 2086 3874 2125 nunc
3904 2082 3990 2127 est

2416 2161 2975 2234 pseudo-Theodorus.
3008 2162 3100 2229 qui
3129 2163 3207 2215 sic
3232 2160 3468 2231 loquitur
3498 2179 3512 2215 :
3544 2161 3731 2216 Εἰπὼν
3754 2164 3857 2234 τὴν
3878 2162 3991 2217 ἀπὸ

2414 2252 2514 2325 τῆς
2541 2252 2739 2314 κακίας
2770 2250 2947 2320 δίκην,
2971 2250 3093 2303 ἐπεὶ
3124 2249 3306 2302 πολλοὶ
3333 2249 3537 2321 ταύτης
3559 2251 3988 2323 καταφρονοῦσι,

2415 2344 2689 2398 κατασείει
2720 2342 2817 2413 τὴν
2861 2340 3095 2395 διάνοιαν
3134 2342 3239 2395 τῶν
3269 2341 3541 2413 πονηρῶν,
3569 2343 3890 2414 ἐμφαντικῷ
3915 2342 3994 2413 τῷ

2414 2437 2556 2506 λόγῳ
2586 2432 2886 2506 χρώμενος,
2920 2435 3016 2488 καὶ
3054 2434 3143 2487 διὰ
3169 2433 3415 2506 φοϐερῶν
3450 2435 3729 2505 ὀνομάτων
3759 2436 3993 2509 προῖὼν,

2416 2531 2511 2584 καὶ
2552 2529 2692 2582 ὑλῶν
2733 2530 2931 2602 πολλὴν
2977 2529 3215 2600 ἐχουσῶν
3256 2529 3355 2601 τὴν
3399 2532 3688 2602 τιμωρίαν,
3724 2532 3859 2604 πῦρ,
3900 2536 3993 2587 καὶ

2417 2620 2578 2684 θεῖον,
2622 2621 2717 2675 καὶ
2745 2620 2959 2691 πνεῦμα
2987 2620 3321 2688 καταιγίδος,
3352 2620 3445 2673 καὶ
3477 2620 3753 2708 ἄνθρακας
3785 2622 3996 2676 ἄνωθεν

2416 2712 2589 2783 λέγων
2618 2713 2780 2767 αὐτὸν
2809 2712 3035 2768 ὕσεσθαι
3066 2713 3207 2784 (sic),
3238 2716 3304 2783 τῇ
3342 2714 3622 2784 μεταφορᾷ
3656 2715 3754 2783 τῆς
3795 2714 3995 2782 λέξεως

2417 2804 2477 2858 τὸ
2504 2806 2745 2875 ἄφυκτον
2768 2804 2866 2877 τῆς
2888 2806 3176 2877 τιμωρίας,
3209 2805 3270 2859 τὸ
3294 2805 3512 2873 δαψιλὲς
3543 2807 3633 2860 καὶ
3668 2807 3729 2859 τὸ
3770 2806 3997 2862 εὔκολον

2417 2896 2515 2969 τῆς
2535 2895 2768 2969 πληγῆς,
2793 2897 2854 2950 τὺ
2877 2896 3243 2969 δαπανητικδν
3266 2898 3617 2969 παραστῆσαι
3644 2898 3995 2971 βουλόμενος.

2420 2988 2599 3059 Μερίς
2621 2989 2678 3044 δί
2707 2990 2827 3043 ἀντὶ
2868 2989 2963 3043 τοῦ
2999 2989 3218 3061 κλῆρος,
3250 2991 3343 3044 καὶ
3372 2991 3529 3045 τοῦτο
3554 2993 3735 3056 αὐτοῖς
3770 2994 3994 3065 κλῆρος,

2419 3081 2477 3135 ἐν
2515 3079 2724 3145 τούτοις
2758 3081 3250 3153 δαπανηθήσονται.
3285 3079 3421 3137 Εἶτα
3450 3084 3541 3138 καὶ
3579 3086 3612 3155 η
3641 3084 3789 3137 αίτία
3811 3102 3826 3115 ·
3865 3085 3997 3139 Ὀτι

2418 3175 2645 3243 δίκαιος
2663 3176 2877 3245 Κύριος
2896 3193 2909 3207 ·
2939 3176 3059 3229 ἀντὶ
3083 3176 3175 3229 τοῦ
3198 3192 3213 3207 '
3251 3176 3309 3231 Ὀ
3340 3179 3449 3247 γὰρ
3466 3178 3641 3232 πάντα
3665 3177 3877 3250 ἐφορῶν
3897 3179 3998 3231 οὐκ

2424 3266 2671 3332 ἀνέξεται
2736 3266 2909 3321 ταῦτα
2969 3267 3279 3339 ἁτιμωρητὶ
3350 3269 3751 3340 παραδραμεῖν.
3811 3287 3830 3319 ι
3862 3269 3997 3323 Cum

2428 3358 2617 3428 ipsam,
2643 3372 2761 3429 qua:
2782 3372 2849 3411 es
2872 3358 3073 3413 malitia
3102 3358 3369 3427 provenit,
3394 3373 3609 3429 pos-naut
3635 3363 4001 3416 recensuisset

2427 3447 2574 3518 (quia
2627 3447 2780 3503 mtilti
2831 3448 2971 3504 hanc
3020 3450 3415 3518 contemnunt),
3473 3450 3713 3520 percellit
3755 3450 3999 3503 animum

2429 3541 2807 3612 malignorum,
2830 3540 3137 3596 vehementi
3162 3556 3414 3598 sermone
3439 3550 3618 3607 utens,
3647 3550 3703 3595 et
3734 3541 4002 3596 territilia

2428 3632 2641 3687 nomina
2672 3631 2975 3701 proferens,
3003 3648 3068 3688 ac
3097 3636 3354 3690 materias
3383 3650 3505 3706 qum
3534 3650 3788 3706 magnum
3822 3632 4000 3689 inclu-

2428 3722 2561 3778 dunt
2605 3724 2926 3790 cruciatum,
2970 3733 3031 3779 ut
3061 3725 3187 3780 dum
3220 3726 3297 3779 ait
3332 3726 3530 3797 ignem,
3566 3735 3622 3781 et
3666 3725 3917 3795 sulphur,
3946 3735 4004 3781 et

2426 3813 2676 3883 spiritum
2724 3814 2993 3884 procellae,
3030 3817 3405 3887 carbonesqne
3437 3816 3634 3885 ignitos
3663 3831 3826 3884 super
3857 3819 4004 3885 ipsos

2428 3902 2748 3975 pluiturum,
2801 3906 3172 3974 metaphorico
3211 3921 3460 3960 sermone
3505 3905 3848 3961 intolerabile
3880 3922 4005 3976 sup-

2428 3994 2672 4065 plicium,
2701 4002 2756 4047 et
2790 3994 3011 4049 uberem
3062 3994 3387 4065 facilemque
3413 3994 3621 4065 plagam
3659 4010 3723 4051 ae
3753 3996 4005 4052 devasta-

2428 4084 2630 4140 tionem
2674 4098 2979 4154 proponere
3008 4086 3218 4141 volens.
3264 4085 3401 4140 Pars
3437 4096 3613 4141 autem
3657 4087 3744 4142 hic
3783 4090 4005 4157 ponitur

2428 4188 2528 4246 pro
2560 4183 2736 4239 sorte,
2770 4174 2927 4244 quasi
2955 4174 3095 4230 dicat
3121 4192 3133 4228 :
3160 4175 3285 4230 lizee
3312 4176 3520 4229 illorum
3545 4189 3663 4231 sors
3690 4187 3793 4241 est,
3824 4178 3877 4231 in
3920 4179 4006 4232 his

2429 4274 2835 4321 consumentur.
2856 4265 3059 4321 Deinde
3088 4267 3252 4321 etiam
3286 4281 3446 4320 causa
3477 4266 3821 4335 adjungitur:
3852 4266 4002 4332 Quo-

2429 4358 2570 4411 niam
2614 4357 2795 4427 justus
2852 4354 3153 4421 Dominus,
3214 4358 3366 4425 quasi
3423 4356 3800 4424 diceret:Qui
3852 4357 4002 4413 enim

2428 4449 2609 4504 omnia
2638 4447 2805 4513 videt,
2839 4461 2945 4501 non
2979 4448 3119 4502 sinet
3146 4448 3257 4502 haec
3288 4448 3503 4514 impune
3534 4448 3888 4516 pertransire.
3932 4471 3951 4501 ο

760 4554 867 4595 non
896 4552 1085 4607 pauca,
1116 4552 1235 4607 qua:
1263 4536 1329 4590 ad
1368 4534 1591 4590 verbum
1633 4548 1701 4587 ex
1742 4533 1931 4589 eodem
1963 4532 2112 4588 fonte
2140 4533 2193 4586 in
2225 4533 2327 4588 hoc
2357 4555 2405 4614 υ
2500 4540 2589 4593 47.
2620 4537 3080 4594 Commentarium
3113 4540 3238 4593 dum
3266 4539 3441 4605 legere
3470 4552 3656 4609 pergo,
3681 4540 3810 4594 mihi
3843 4540 4004 4596 facile

759 4628 1101 4701 explananda
1126 4627 1334 4699 psalmo
1378 4626 1505 4682 hinc
1550 4624 1676 4680 inde
1705 4622 1894 4679 hausit
1924 4623 2326 4693 pseudo-Theo-

762 4723 963 4788 dorus;
996 4721 1091 4777 sed
1121 4730 1296 4777 tamen
1326 4734 1389 4776 ea
1424 4734 1544 4789 qua!
1573 4719 1641 4773 ab
1666 4726 1897 4788 utroque
1927 4719 2220 4788 interprete
2251 4718 2331 4771 di-

763 4823 960 4871 cuntur
978 4814 1031 4869 in
1057 4812 1144 4867 illa
1164 4830 1179 4866 :
1204 4811 1352 4865 Plut
1367 4826 1521 4879 super
1544 4820 1836 4879 peccatores
1865 4810 2075 4881 laqueos
2092 4810 2184 4875 "',
2200 4820 2329 4871 etc.,

761 4903 1037 4973 praeterire
1067 4917 1174 4959 non
1205 4917 1365 4974 queo.
1401 4901 1771 4971 Chrysostomi
1824 4902 1985 4971 igitur
2016 4901 2128 4957 haec
2160 4910 2328 4983 sunt_:

761 4988 947 5045 Εἰπὼν
972 4992 1070 5064 τὴν
1095 4990 1202 5045 ἀπὸ
1221 4992 1318 5061 τῆς
1344 4989 1541 5054 κακίας
1566 4989 1743 5061 δίκην,
1764 4989 1951 5062 ἐπειδὴ
1973 4989 2177 5062 ταύτης
2204 4989 2332 5043 πολ-

2434 4630 2734 4700 persuadeo
2762 4644 2884 4683 eum
2918 4644 3024 4685 non
3072 4629 3289 4685 aliunde
3328 4630 3495 4700 magis
3521 4646 3681 4699 quam
3710 4646 3741 4686 e
3763 4632 4006 4703 Chryso-

2434 4719 2940 4774 stomiorationihus
2960 4729 3273 4788 excerptum
3293 4734 3433 4774 esse.
3458 4719 3665 4773 Etenim
3681 4720 3751 4774 ita
3770 4723 4003 4791 pseudo-

2437 4810 2752 4867 Theodorus
2800 4811 3062 4879 psalmum
3106 4811 3451 4866 undecimum
3492 4812 3899 4882 interpretatur,
3946 4823 4004 4869 ut

2436 4918 2559 4958 eum
2606 4902 2729 4957 inde
2778 4902 3068 4957 maximam
3122 4918 3233 4959 sua
3282 4904 3740 4973 interpretationis
3792 4915 4002 4973 partem

2439 5003 2737 5049 mutuatum
2760 5009 2885 5050 esse
2904 5002 3135 5051 constet.
3156 4995 3222 5050 Et
3245 5012 3311 5051 ne
3335 4996 3475 5050 hunc
3497 4994 3762 5065 psalmum
3784 4997 4007 5052 omnino

761 5080 844 5135 λοὶ
870 5080 1289 5153 καταφρονοῦσι,
1318 5081 1502 5135 λοιπὸν
1528 5082 1804 5134 κατασείει
1828 5081 1926 5151 τὴν
1949 5080 2059 5136 τῶν
2084 5082 2335 5153 πονηρῶν

2440 5085 2717 5155 praeterire
2757 5086 3063 5147 videamur.
3104 5087 3312 5141 initium
3368 5088 3741 5141 commentarii
3785 5103 3890 5142 non
3926 5089 4007 5156 pi-

762 5172 1000 5229 διὰνοιαν
1032 5176 1143 5227 ἀπὸ
1173 5175 1267 5245 τῆς
1296 5174 1500 5229 ἀνωθεν
1528 5174 1833 5245 φερομένης
1862 5173 2093 5243 πληγῆς,
2122 5175 2331 5243 ἐμφαν-

764 5265 927 5329 τικῶς
947 5262 1024 5334 τῷ
1047 5263 1189 5335 λόγῳ
1211 5265 1509 5335 χρώμενος,
1538 5266 1633 5318 καὶ
1657 5264 1744 5317 διὰ
1767 5263 2012 5334 φοὸερῶν
2056 5265 2335 5335 ὀνομάτων

764 5354 990 5428 προϊών.
1022 5354 1140 5426 Πῦρ
1168 5356 1276 5423 γὰρ
1309 5357 1403 5410 καὶ
1443 5356 1603 5419 Θεῑον,
1630 5356 1724 5409 καὶ
1760 5354 1972 5425 πνεῦμα
1997 5356 2327 5424 καταιγίδος,

765 5446 863 5500 καὶ
895 5445 1165 5518 ἄνθρακας
1194 5448 1375 5511 αὐτοῖς
1418 5446 1619 5501 ἄνωθεν
1650 5447 1796 5515 λέγει
1826 5446 2041 5499 ὖεσθαν
2069 5450 2134 5518 τῇ
2172 5464 2334 5517 μετα-

767 5538 910 5609 φορᾷ
938 5537 1047 5592 τῶν
1070 5538 1264 5605 λέξεων
1296 5540 1356 5592 τὸ
1381 5540 1619 5607 ἄφυκτον
1642 5540 1742 5609 τῆς
1770 5539 2057 5611 τιμωρίας,
2087 5540 2149 5592 τὸ
2179 5539 2333 5607 δαψι-

763 5628 857 5693 λδς
882 5629 981 5701 τῆς
1009 5630 1296 5695 κολάσεως,
1330 5632 1390 5684 τὸ
1430 5631 1647 5689 εὔκολον
1678 5634 1777 5703 τῆς
1807 5631 2040 5702 πληγῆς,
2074 5631 2133 5684 τὸ
2160 5632 2331 5684 δαπα-

840 5809 888 5841 ”
918 5808 1059 5864 Psal.
1093 5827 1167 5873 ιιι,
1199 5810 1282 5862 l6.
1343 5813 1410 5842 "'
1446 5811 1583 5867 [διαί.
1617 5828 1670 5871 x,
1711 5811 1763 5864 7.

2440 5170 2584 5241 gebit
2637 5174 2929 5227 ascribere.
2996 5174 3073 5229 Eo
3132 5176 3289 5245 igitur
3358 5175 3456 5231 loci
3525 5178 3635 5231 lucc
3699 5178 4002 5232 habentur:

2439 5258 2606 5327 Οὗτος
2660 5266 2689 5316 ὸ
2750 5265 3015 5335 μακάριος
3077 5267 3235 5337 μόνος
3293 5267 3699 5340 ἀπειλημμένος
3721 5308 3738 5333 ,
3790 5270 4006 5323 πάντων

2434 5356 2532 5425 τὴν
2556 5359 2801 5411 ἐναντίαν
2831 5356 3170 5427 βαδιζόντων,
3202 5362 3292 5415 ἐπὶ
3319 5361 3416 5434 τὴν
3448 5362 3543 5416 τοῦ
3574 5361 3709 5417 Θεοῦ
3753 5363 4007 5435 πρόνοιαν

2438 5449 2787 5517 καταφεύγει.
2830 5452 2937 5504 Καὶ
2967 5453 3067 5505 οὐκ
3093 5450 3262 5518 εἶπεν,
3296 5454 3379 5507 ὅτι
3422 5455 3642 5523 γέγονεν
3683 5456 3852 5520 ὅσιος,
3892 5456 4005 5510 ἀλλ’

2439 5540 2522 5593 ὅτι
2549 5538 2643 5591 καὶ
2669 5541 2716 5591 οἱ
2744 5540 2893 5603 δντες
2914 5543 3205 5609 ἀπώλοντο,
3234 5546 3354 5599 ἐπεὶ
3383 5547 3683 5617 ἐκράτησεν
3770 5549 4003 5603 κακία...

2441 5632 2652 5702 Ὠσπερ
2695 5632 2800 5686 τῶν
2834 5634 3135 5703 χρωμάτων
3190 5638 3259 5691 τὰ
3306 5640 3403 5708 μὲν
3448 5638 3623 5709 ἁληθῆ
3670 5642 3797 5704 είσι,
3841 5640 3909 5695 τὰ
3950 5640 4004 5693 δὲ
