4212 6488
1334 421 1393 470 1).
1438 420 1584 473 JUL.
1624 421 1952 475 CARNEBII
1994 423 2380 475 I‘RAiFATlO.

3280 436 3441 476 CC\HI

202 536 367 607 ψευδῆ
393 558 402 567 ’
446 541 589 590 οὕτω
624 538 717 586 καί
753 536 939 587 πολλαί
970 538 1104 587 εἰσιν
1130 537 1400 606 ἀλήθειαι,
1426 537 1559 590 ἀλλά
1584 538 1783 607 κυρίως
1817 542 1862 597 Α

1817 542 1862 597 Α
1892 539 2081 603 gcsimi
2136 540 2277 590 tertii
2327 540 2488 591 verba
2540 537 2980 603 interpretantis:
3028 536 3447 601 Ἀνακτωμένων

203 629 427 695 ἀλήθεια
455 628 517 677 τὸ
546 627 716 689 ὅντως
749 628 828 681 ὃν.
874 628 1023 679 Ἐπεὶ
1056 627 1110 678 δὲ
1150 628 1435 681 καὶταῦτα
1462 627 1784 699 διέστραπτο

205 724 296 775 καὶ
322 718 677 787 ὴμαύρωντο,
709 721 770 772 οὐ
805 722 901 788 τὴν
932 720 1229 773 ἀπόστασιν
1268 720 1628 783 ἀπολεσαντα,
1670 720 1783 776 ἀλλ’

203 808 310 861 ἀπὸ
346 805 457 857 τῶν
485 806 785 877 ἀνθρώπων
818 805 1235 873 φυγαδευθέντα.
1268 826 1285 858 ι
1327 806 1423 860 llic
1445 821 1666 863 sanctus
1695 826 1783 863 sn-

206 903 287 951 lus
311 896 629 959 derelictus,
656 895 907 951 omnibus
933 899 1263 952 contrariam
1287 898 1429 951 viam
1458 898 1782 961 ineuntibus,

208 988 271 1037 ad
306 985 403 1039 Dei
438 985 833 1055 providentiam
867 986 1127 1055 confugit.
1170 988 1236 1041 Et
1283 1001 1389 1039 non
1427 987 1562 1041 dixit
1594 1004 1606 1041 :
1638 988 1785 1055 Quo-

208 1076 351 1129 niam
376 1087 600 1133 sanctus
625 1075 745 1139 fuit,
766 1075 857 1128 sed
887 1078 1025 1143 quod
1058 1079 1111 1131 hi
1140 1078 1301 1131 etiam
1326 1077 1416 1145 qui
1439 1081 1609 1133 sancti
1635 1091 1781 1142 sunt,

206 1170 495 1237 perierint,
527 1183 593 1223 eo
632 1167 772 1235 quod
814 1170 1155 1236 prmvaluerit
1202 1168 1474 1227 malitia...
1515 1173 1784 1235 Quemad-

209 1261 430 1317 modum
486 1260 691 1314 colores
738 1260 898 1329 aliqui
932 1264 1145 1333 quidem
1187 1273 1311 1316 sunt
1345 1263 1481 1324 veri,
1532 1263 1621 1315 alii
1658 1279 1783 1319 vero

208 1352 326 1407 fatsi
358 1372 372 1405 :
407 1352 598 1405 eodem
627 1351 785 1405 modo
816 1354 994 1409 multae
1023 1355 1185 1409 etiam
1217 1362 1337 1405 sunt
1380 1353 1653 1419 veritates,
1690 1357 1781 1407 sed

208 1444 425 1511 proprie
453 1443 654 1498 veritas
678 1452 759 1498 est
783 1444 834 1498 id
864 1447 1004 1516 quod
1031 1459 1157 1498 vere
1184 1453 1285 1498 est.
1311 1443 1444 1511 Quia
1470 1459 1597 1499 vero
1620 1445 1783 1500 etiam

210 1537 325 1589 haec
378 1548 634 1602 perversa
680 1544 856 1601 erant,
908 1547 959 1589 et
1008 1533 1300 1600 oﬂiiseata;
1348 1551 1454 1590 non
1486 1535 1628 1605 quod
1658 1536 1784 1588 sub-

208 1625 467 1679 stantiam
501 1626 880 1695 perdidissent,
914 1625 1005 1681 sed
1039 1627 1180 1695 quod
1211 1628 1276 1681 ab
1303 1629 1610 1683 [nominibus
1640 1629 1781 1681 rele-

210 1727 334 1786 gata
370 1728 574 1781 essent,
608 1737 625 1769 ι
656 1727 759 1773 etc.
807 1717 901 1771 His
943 1718 1206 1771 absimilia
1247 1735 1350 1772 non
1385 1729 1513 1771 sunt
1546 1734 1663 1786 qua:
1703 1720 1779 1775 le-

211 1821 412 1875 cuntur
441 1811 580 1878 apud
616 1811 1077 1878 Cbrysostomum,
1114 1811 1215 1864 hoc
1250 1812 1407 1864 modo
1437 1827 1449 1861 :
1486 1806 1653 1877 Οὗτος
1687 1814 1780 1867 ἆτε

209 1905 275 1975 δὴ
315 1906 477 1974 μόνος
509 1905 677 1974 αὐτῆς
702 1906 1117 1977 ἐπειλημμένος,
1158 1905 1374 1959 πάντων
1412 1906 1509 1977 τὴν
1541 1910 1786 1961 ἐναντίαν
1820 1884 1858 1937 Β

213 1996 560 2065 βαδιζόντων,
583 1997 675 2049 ἐπὶ
699 1997 797 2068 τὴν
828 1997 922 2050 τοῦ
946 1997 1079 2049 Θεοῦ
1103 2000 1357 2069 πρόνοιαν
1384 2001 1783 2068 καταφεύγει...

215 2088 325 2140 Καὶ
345 2088 447 2141 οὐκ
475 2084 614 2156 εἷα,
648 2086 857 2144 Σῶσόν
883 2108 979 2160 με,
1008 2091 1087 2144 ὃτι
1114 2092 1175 2145 οὐ
1207 2092 1427 2161 γέγονεν
1454 2092 1617 2156 ὅσιος,
1651 2092 1785 2157 ἀλλ’,

214 2180 337 2233 Ὅτι
367 2180 721 2237 ἐκλέλοιπεν
749 2184 916 2249 ὅσιος
933 2200 947 2213 ’
971 2184 1182 2247 δεικνὺς
1213 2186 1293 2238 ὅτι
1325 2184 1417 2238 καὶ
1437 2186 1484 2237 οἱ
1510 2184 1660 2255 δντες
1686 2186 1789 2238 ἀπ-

211 2272 431 2337 ώλοντο,
467 2276 651 2345 ἐπειδὴ
680 2277 977 2346 ἐκράτησεν
1022 2277 1054 2345 ἡ
1100 2274 1337 2329 κακία...
1390 2275 1656 2345 Καθάπερ
1698 2278 1793 2329 ἐπὶ

212 2361 320 2413 τῶν
346 2364 671 2433 χρωμάτων,
718 2365 811 2417 καὶ
851 2365 958 2415 τῶν
988 2364 1160 2417 ἄλλων
1189 2364 1375 2429 εἰδῶν,
1412 2364 1479 2416 τά
1516 2365 1612 2435 μέν
1642 2368 1789 2419 ἐστιν

212 2453 411 2523 ἀληθῆ,
445 2454 513 2506 τά
538 2453 594 2506 δὲ
618 2454 851 2525 ψευδῆ...
889 2454 1031 2508 οὕτω
1071 2455 1127 2508 δὲ
1170 2456 1261 2509 καὶ
1298 2456 1389 2509 ἐπὶ
1418 2455 1524 2509 τῶν
1557 2456 1787 2529 ἀρετῶν.

227 2544 481 2615 Ἀλήθεια
501 2544 609 2615 γὰρ
638 2545 699 2599 τὸ
728 2547 894 2611 ὅντως
920 2547 997 2610 ὃν,
1030 2547 1221 2618 ψεῦδος
1255 2550 1312 2603 δὲ
1342 2549 1399 2602 τὸ
1430 2550 1503 2621 μὴ
1526 2550 1604 2603 ὅν.
1641 2550 1791 2603 Ἐπεὶ

212 2630 304 2688 οὖν
338 2637 508 2691 ταῦτα
550 2638 873 2710 διέστραπτο
910 2642 1001 2693 καὶ
1042 2641 1385 2711 ὴμαύρωντο,
1424 2643 1485 2694 οὐ
1520 2642 1616 2714 τὴν
1660 2644 1789 2696 ὑπό-

216 2746 404 2781 στασιν
436 2730 775 2783 ἀπολέσαντα
819 2732 877 2797 ἐξ
910 2733 1136 2795 ἑαυτῶν,
1168 2733 1283 2784 ἀλλ’
1316 2735 1421 2785 ὑπὸ
1454 2734 1559 2786 τῶν
1584 2736 1793 2804 ἀνθρὼ-

216 2837 333 2873 πων
368 2820 789 2889 φυγαδευθέντα,
820 2834 925 2877 etc.
973 2842 991 2874 ι
1028 2823 1123 2878 Hic
1150 2840 1363 2893 quoque
1389 2826 1589 2895 justus,
1622 2828 1788 2895 utqui

216 2910 363 2964 solus
405 2926 523 2964 eam
554 2913 1016 2980 apprehendisset.
1063 2916 1274 2969 caeteris
1304 2926 1495 2970 contra
1527 2918 1793 2971 tendenti-

216 3003 338 3063 lms,
367 3002 612 3071 confugit
637 3006 701 3056 ad
734 3004 823 3057 Dei
857 3006 1318 3073 providentiam...
1367 3008 1429 3062 Et
1468 3024 1570 3063 non
1612 3010 1789 3064 dixit:

215 3090 430 3146 Saluum
462 3111 541 3147 me
574 3094 681 3162 fac,
712 3096 964 3163 quoniam
1000 3112 1105 3149 non
1130 3108 1213 3149 est
1245 3110 1486 3163 sanctus,
1520 3102 1611 3154 sed
1646 3100 1791 3165 Quo—

216 3187 357 3238 niam
404 3186 591 3254 defecit
645 3198 856 3241 sanctus
878 3189 923 3220 ⁷⁸
948 3231 962 3256 ,
1014 3190 1302 3245 ostendens
1346 3207 1439 3246 eos
1478 3193 1663 3257 etiam,
1700 3195 1789 3263 qui
1818 3228 1859 3285 Ο

218 3293 396 3347 erant,
441 3282 687 3349 periisse,
723 3295 1006 3353 postquam
1048 3286 1267 3340 invaluit
1301 3287 1554 3342 vitium...
1602 3290 1791 3356 Quem-

220 3374 507 3428 admodum
539 3379 589 3428 in
617 3376 887 3431 coloribus
912 3388 966 3431 et
990 3378 1110 3432 aliis
1132 3381 1419 3449 generibus
1445 3380 1547 3432 alia
1574 3383 1787 3449 quidem

218 3476 343 3521 sunt
374 3482 525 3529 vera,
559 3467 660 3520 alia
693 3466 891 3523 falsa...
922 3469 991 3522 ita
1025 3468 1187 3522 etiam
1214 3469 1265 3521 in
1288 3469 1598 3525 virtutibus.
1634 3470 1787 3525 Veri-
1814 3512 1821 3517 .

222 3568 301 3614 tas
322 3560 467 3613 enim
491 3569 575 3613 est
601 3560 743 3628 quod
768 3576 891 3614 vere
917 3570 999 3615 est
1028 3576 1041 3611 :
1075 3561 1411 3615 mendacium
1442 3573 1620 3617 autem
1647 3566 1788 3633 quod

220 3664 320 3701 non
354 3659 456 3703 est.
507 3648 772 3713 Quoniam
810 3664 940 3718 ergo
969 3650 1081 3705 hate
1127 3650 1358 3715 inversa,
1402 3659 1456 3706 et
1500 3652 1787 3705 obscurata

220 3738 449 3806 fuerant,
501 3756 603 3795 non
652 3743 792 3809 quod
826 3756 975 3796 suam
1011 3742 1359 3811 perdiderant
1405 3745 1784 3809 substantiam,

219 3833 307 3885 sed
340 3832 482 3899 quod
514 3831 581 3885 ab
618 3832 923 3885 hominibus
957 3833 1133 3902 fugata
1168 3834 1401 3895 fuerant,
1442 3854 1459 3885 ι
1499 3847 1607 3889 etc.
1653 3837 1786 3890 Cum

219 3932 321 3976 tam
353 3923 520 3976 multa
545 3923 801 3977 hactenus
829 3925 1118 3993 sumpserit
1149 3927 1697 3992 pseudo-Theodorus
1721 3944 1787 3983 ex

216 4016 549 4069 orationibus
579 4016 969 4085 Chrysostomi,
1001 4017 1194 4070 mirum
1238 4020 1407 4074 videri
1453 4036 1562 4075 non
1604 4022 1785 4088 debet,

217 4108 258 4163 si
283 4110 347 4163 ab
379 4110 473 4163 illo
497 4109 727 4179 plurima
760 4124 974 4177 quoque
1016 4110 1067 4163 in
1106 4110 1447 4177 explanando
1470 4114 1787 4169 duodecimo

221 4200 422 4267 psalmo
455 4210 730 4254 mutuatus
753 4201 842 4254 sit.
878 4199 945 4254 Et
976 4208 1123 4253 certe
1152 4214 1279 4268 pars
1318 4202 1555 4255 maxima
1598 4216 1784 4257 eorum

218 4307 335 4360 qna:
362 4309 391 4345 a
421 4292 936 4362 pseudo-Theodoro
971 4294 1242 4355 dicuntur,
1298 4294 1431 4347 nihil
1482 4294 1627 4349 aliud
1662 4303 1787 4349 sunt

215 4399 371 4452 quam
412 4385 566 4436 varia
612 4384 870 4438 orationis
912 4384 1283 4454 Chrysostomi
1331 4385 1653 4456 fragmenta,
1695 4401 1786 4440 ea-

215 4492 317 4545 que
343 4476 485 4529 male
516 4484 721 4529 assuta.
767 4475 897 4544 Ejus
930 4477 1005 4530 rei
1043 4486 1255 4541 exstant
1284 4479 1529 4546 exempla
1581 4479 1632 4531 in
1670 4478 1785 4547 ipso

1886 629 1933 679 οἱ
1974 628 2119 694 λόγοι
2150 628 2272 690 τοὺς
2305 626 2380 696 τῷ
2410 628 2599 697 πλήθει
2643 627 2736 681 καὶ
2775 627 2840 693 τῇ
2874 625 3013 692 ἰσχύϊ
3045 626 3152 677 τῶν
3182 623 3452 689 nolentium

1888 716 2338 786 καταϐληθέντας.
2382 719 2488 769 Καὶ
2517 717 2793 789 προτροπή
2838 716 2973 777 ἐστι,
3012 714 3071 765 τὸ
3104 717 3206 767 πᾶν
3238 712 3331 766 ἐπὶ
3363 712 3453 761 τὸν

1886 809 2017 862 Θεὸν
2054 807 2203 880 ῥῖψαι
2236 809 2548 871 κελεύουσα,
2589 810 2798 880 καὶτῆς
2822 806 3029 860 ἐκεῖθεν
3060 804 3268 868 ἐλπίδος
3294 803 3453 872 ἐξαρ-

1885 900 2050 969 τῆσαι
2091 902 2191 969 τὴν
2227 902 2401 971 νίκην.
2433 899 2533 953 Διὰ
2572 900 2622 951 τί
2664 900 2719 952 δὲ
2758 904 2869 963 τοῖς
2896 897 3033 962 elici;
3075 895 3179 948 τίνι
3224 897 3329 965 γάρ
3369 910 3454 956 τις

1889 990 2046 1060 μέρει
2082 990 2225 1060 ἄλλῳ
2252 992 2469 1056 ἀκούει;
2516 989 2707 1044 Κοινὸν
2743 990 2857 1053 ἔθος
2894 990 3060 1050 ἐστὶν,
3083 986 3210 1039 ὅταν
3244 1000 3326 1047 τις
3352 1003 3451 1036 πε-

1886 1082 2345 1151 πληροφορημένα
2371 1082 2642 1152 διηγῆται,
2682 1080 2987 1149 προτιθέναι
3017 1080 3127 1141 τοῖς
3156 1076 3287 1127 ὠσὶν
3314 1075 3451 1143 ἀκη-

1884 1174 2132 1227 κοέναι...
2167 1176 2306 1245 Ὅρα
2340 1175 2396 1226 δὲ
2434 1174 2549 1236 πῶς
2574 1172 2723 1227 δεινά
2750 1172 3065 1241 πάσχοντες,
3090 1172 3151 1224 οὑ
3180 1169 3449 1237 λέγουσιν,

1882 1266 1943 1320 τὸ
1976 1267 2067 1319 καὶ
2096 1266 2156 1318 τὸ
2181 1264 2453 1335 ἐπάθομεν
2494 1265 2581 1318 διὰ
2607 1267 2686 1329 σὲ,
2734 1264 2999 1335 βοήθησον
3031 1266 3158 1333 ἡμῖν
3182 1282 3194 1294 ·
3238 1259 3352 1317 ἀλλ’
3380 1258 3453 1319 ὡς

1881 1362 2080 1413 οἰκεῖον
2125 1358 2290 1430 μηδὲν
2321 1357 2532 1427 ἔχοντες
2558 1357 2757 1423 ἀγαθὸν
2806 1358 2885 1418 εἰς
2914 1356 3241 1426 παρρησίαν,
3271 1353 3351 1415 εἰς
3385 1347 3455 1401 τὰ

1883 1454 1992 1512 τοῖς
2061 1436 2364 1521 προγόνοις
2409 1448 2734 1519 ὑπηργμένα
2790 1446 2940 1518 παρὰ
2996 1444 3129 1497 Θεοῦ
3188 1440 3449 1512 καταφευ-

1884 1554 2059 1605 γουσι.
2094 1559 2112 1591 ι
2145 1540 2265 1595 llaec
2301 1540 2463 1595 verba
2506 1550 2633 1592 sunt
2667 1540 2983 1609 erigentium
3011 1552 3124 1603 eos,
3148 1536 3239 1605 qui
3274 1536 3453 1589 multi-

1886 1632 2068 1685 tudiue
2099 1646 2161 1685 ae
2196 1635 2383 1689 robore
2412 1633 2644 1689 hostium
2682 1634 2936 1701 prostrati
2968 1640 3115 1687 sunt.
3155 1628 3221 1684 Et
3254 1627 3454 1681 adhor—

1886 1725 2016 1779 tatio
2041 1734 2143 1788 est,
2174 1739 2292 1793 qua:
2326 1734 2499 1779 totum
2544 1726 2594 1780 in
2625 1723 2793 1779 Deum
2828 1722 3113 1792 projicere,
3152 1729 3207 1774 et
3239 1732 3307 1772 ex
3337 1714 3455 1785 ejus

1885 1828 1980 1873 sue
2005 1815 2279 1870 victoriam
2337 1817 2663 1883 suspendere
2708 1813 2883 1884 jubet.
2938 1813 3007 1865 At
3050 1824 3149 1863 cur
3199 1804 3455 1863 auribus?

1889 1919 2118 1971 quonam
2150 1907 2293 1962 enim
2319 1905 2424 1959 alio
2459 1907 2698 1959 membro
2733 1906 2852 1975 quis
2885 1901 3102 1958 audiat?
3143 1898 3455 1956 Communis

1888 1996 2032 2049 enim
2061 2000 2390 2053 consuetudo
2427 2005 2529 2061 est,
2572 2007 2628 2049 ut
2665 2000 2876 2065 quando
2903 1996 3025 2067 quis
3061 2003 3206 2049 certa
3242 1999 3452 2050 narrat,

1888 2088 2049 2142 addat
2094 2088 2315 2143 auribus
2355 2106 2413 2145 se
2457 2090 2798 2145 audivisse...
2845 2089 3082 2144 Observa
3132 2101 3285 2149 vero.
3322 2098 3458 2153 ψω-

1888 2181 2047 2236 modo
2090 2195 2210 2235 eum
2253 2195 2441 2249 aspera
2478 2197 2727 2252 quaeque
2754 2180 2895 2251 passi
2936 2180 3063 2245 sint,
3104 2196 3207 2232 non
3250 2179 3453 2240 dicant,

1892 2272 2002 2329 Hoc
2042 2283 2095 2328 et
2131 2273 2231 2329 hoc
2270 2274 2410 2343 passi
2452 2289 2635 2327 sumus
2680 2285 2893 2342 propter
2934 2281 3018 2338 te;
3079 2270 3268 2339 adjuva
3312 2282 3455 2323 nos:

1889 2367 1983 2418 sed
2013 2382 2073 2419 ae
2097 2365 2143 2420 si
2175 2364 2303 2420 nihil
2329 2365 2593 2420 haberent
2632 2365 2753 2419 boni
2787 2381 2893 2433 quo
2928 2364 3221 2430 eontidant,
3267 2359 3457 2416 eonfu-

1891 2458 2042 2527 giuut
2075 2461 2140 2511 ad
2175 2474 2233 2512 ea
2272 2474 2391 2528 quae
2424 2457 2719 2527 majoribus
2743 2463 2853 2511 suis
2881 2472 2910 2511 a
2943 2458 3048 2510 Deo
3085 2457 3224 2509 facta
3257 2464 3400 2509 sunt.
3435 2473 3453 2503 ο

1890 2548 2045 2617 Apud
2074 2547 2517 2618 Chrysostomum
2559 2560 2735 2603 autem
2776 2549 2847 2603 ita
2880 2548 3071 2619 legitur
3098 2564 3112 2600 :
3150 2545 3317 2599 Τοῦτο
3350 2546 3459 2617 γὰρ

1890 2642 2015 2705 τοὺς
2042 2640 2423 2711 ἀσθενέστερον
2462 2640 2596 2711 πρὸς
2622 2641 2744 2703 τοὺς
2768 2642 2963 2703 πόνους
2984 2638 3355 2708 διακειμένους
3390 2634 3459 2708 ἦν

1891 2732 2337 2805 ἀνακτωμένου...
2378 2733 2437 2785 Ἦ
2463 2732 2594 2801 εὐχὴ
2625 2730 2763 2801 αὕτη
2795 2734 3073 2804 προτροπὴ
3096 2735 3206 2795 τοῖς
3237 2749 3445 2801 στρατο

1893 2826 2068 2888 πέδοις
2100 2827 2237 2887 ἐστὶ,
2280 2825 2339 2878 τὸ
2383 2826 2490 2878 πᾶν
2538 2824 2629 2877 ἐπὶ
2670 2824 2760 2876 τὸν
2789 2823 2920 2878 Θεὸν
2954 2825 3103 2894 ῥῖψαι
3140 2823 3457 2883 κελεύουσα,

1892 2916 1985 2967 καὶ
2025 2916 2317 2985 ὲξαρτῆσαι
2347 2916 2446 2985 τῆς
2472 2916 2677 2969 ἐκεῖθεν
2706 2915 2917 2980 ἐλπίδος
2938 2915 3033 2988 τὴν
3061 2916 3237 2987 νίκην.
3284 2916 3379 2969 Διά
3408 2916 3461 2970 τί

1890 3005 1945 3058 δὲ
1961 3006 2061 3058 οὐκ
2076 3002 2248 3071 εἶπεν,
2286 3005 2645 3077 Ἦκούσαμεν,
2672 3006 2875 3069 ἁπλῶς,
2900 3008 3031 3067 ἀλλ’,
3052 3009 3146 3059 ἐν
3171 3007 3292 3072 τοῖς
3312 3007 3461 3060 ὠσὶν

1893 3097 2063 3166 ἡμῶν
2089 3098 2471 3168 ἡκούσαμεν;
2499 3100 2635 3167 ποίῳ
2664 3100 2772 3168 γὰρ
2798 3098 2965 3169 ἑτέρῳ
2992 3098 3145 3169 μέρει
3170 3115 3255 3161 τις
3276 3099 3461 3152 ἀκούει

1892 3190 1985 3242 τοῦ
2021 3188 2373 3259 σώματος...
2416 3190 2607 3243 Κοινὸν
2650 3189 2767 3253 ἔθος
2804 3188 2912 3241 τῶν
2952 3189 3253 3261 ἀνθρώπων
3294 3190 3458 3252 ἐστὶν,

1889 3283 2017 3337 ὃταν
2055 3282 2175 3337 τινὰ
2201 3283 2517 3354 διηγῶνται,
2549 3284 2687 3356 ὑπὲρ
2716 3277 2787 3338 ὧν
2819 3285 2923 3337 εἰσι
2961 3282 3460 3355 πεπληροφορημέ-

1889 3392 2034 3427 νοι...
2072 3375 2454 3445 προστιθέασιν
2481 3374 2567 3427 ἀεὶ⁵
2599 3374 2667 3427 τὰ
2691 3369 2824 3438 ὦτα,
2855 3372 3155 3445 φάσκοντες
3184 3377 3296 3438 τοῖς
3325 3373 3461 3426 ὡσίν

1889 3468 2249 3536 ἀκηκοέναι...
2280 3467 2530 3521 Τοσαῦτα
2570 3469 2662 3521 καὶ
2694 3467 2993 3537 τηλικαῦτα
3024 3468 3285 3531 παθόντες
3312 3468 3460 3521 δεινά

1888 3558 1975 3611 διὰ
2000 3559 2089 3611 τὸν
2120 3559 2315 3613 Θεόν...
2348 3562 2497 3614 οὐδὲν
2524 3561 2725 3613 τούτων
2754 3563 2883 3629 φασὶ
2906 3561 3062 3623 τέως,
3096 3562 3175 3612 ὅτι
3205 3560 3265 3613 τὸ
3290 3559 3382 3612 καὶ
3402 3560 3460 3612 τὸ

1889 3650 2163 3720 ἐπάθομεν
2221 3652 2307 3703 διὰ
2367 3654 2446 3713 σὲ,
2502 3651 2765 3721 βοήθησον
2824 3654 2985 3721 ἡμῖν’
3037 3651 3316 3715 ἀλλ’ὡς...
3359 3654 3461 3705 οὐκ

1887 3740 2099 3810 ἔχοντες
2136 3741 2195 3805 ἐξ
2218 3742 2433 3794 οἰκείων
2468 3742 2900 3813 κατορθωμάτων
2934 3746 3264 3816 παρρησίαν,
3289 3744 3459 3805 οὕτως

1889 3835 1969 3895 εἰς
1990 3832 2059 3885 τά
2089 3836 2200 3895 τοῖς
2228 3833 2513 3906 προγόνοις
2539 3835 2865 3907 ὑπηργμένα
2891 3837 3039 3906 παρά
3071 3835 3165 3890 τοῦ
3195 3836 3330 3889 Θεοῦ
3363 3853 3461 3890 κα-

1887 3923 2236 3993 ταφεύγουσι.
2281 3944 2299 3976 ‹
2337 3925 2445 3979 Hoc
2483 3936 2565 3979 est
2604 3927 2747 3983 enim
2777 3926 2893 3992 ejus
2924 3928 3014 3995 qui
3046 3941 3139 3981 eos
3170 3938 3376 3981 recreat
3406 3938 3461 3980 ιιι

1889 4017 2080 4080 reficit,
2133 4020 2223 4086 qui
2259 4028 2384 4071 sunt
2416 4017 2643 4071 molliori
2688 4026 2742 4070 et
2784 4018 3120 4073 imbecilliori
3156 4018 3335 4073 animo
3390 4022 3456 4070 ad

1888 4108 2095 4163 labores
2138 4110 2523 4177 suscipiendos.
2580 4107 2706 4163 Haec
2748 4112 2982 4178 precatio
3035 4120 3117 4166 est
3154 4113 3218 4165 ad
3258 4110 3459 4165 milites

1887 4198 2212 4261 adhortatio,
2247 4214 2365 4267 quae
2400 4200 2553 4265 jubet
2598 4200 2845 4254 universa
2884 4200 2936 4254 in
2974 4202 3136 4255 Deum
3188 4200 3457 4271 conjicere

1888 4300 2231 4360 statuereque
2264 4305 2326 4343 ex
2369 4306 2462 4359 spe
2496 4291 2549 4345 in
2586 4290 2729 4345 illum
2767 4293 2997 4361 pendere
3019 4292 3314 4345 victoriam.
3350 4292 3457 4346 Cur

1887 4392 2064 4436 autem
2110 4398 2213 4436 non
2245 4382 2379 4435 dixit
2421 4382 2680 4446 absolute,
2717 4384 3048 4449 Audivimus,
3091 4383 3205 4447 sed,
3240 4380 3454 4437 Nostris

1887 4473 2103 4527 auribus
2150 4474 2547 4527 audiuimus"?
2597 4490 2829 4544 quanam
2886 4475 3026 4530 cnim
3072 4474 3174 4528 alia
3213 4480 3455 4545 corporis

218 4564 681 4634 interpretationis
719 4565 897 4628 initio;
943 4568 1036 4619 sed
1076 4582 1142 4620 ne
1172 4569 1322 4635 copia
1364 4570 1536 4635 major
1569 4570 1783 4623 lectori-
1816 4575 1859 4630 ι)
1887 4574 2039 4635 parte
2064 4564 2380 4619 audituri...
2427 4562 2521 4619 llic
2556 4576 2640 4620 est
2670 4580 2785 4618 mos
2826 4565 3122 4627 communis
3154 4565 3452 4619 hominum.

218 4657 311 4713 bus
344 4659 563 4712 taedium
599 4655 806 4719 afferat,
841 4658 1000 4710 missa
1044 4674 1103 4712 ea
1133 4660 1377 4713 facimus.
1418 4659 1563 4714 Ordo
1599 4670 1783 4727 postu-

216 4748 354 4804 laret
378 4759 437 4802 ut
462 4750 530 4803 de
554 4748 759 4817 psalmo
787 4749 943 4803 tertio
965 4749 1172 4803 decimo
1198 4749 1447 4803 nonnulla
1482 4749 1786 4817 proferren-

219 4846 340 4892 tur:
373 4842 469 4894 sed
505 4855 625 4893 eum
658 4839 892 4907 psalmus
932 4838 1019 4893 ille
1056 4849 1109 4892 et
1150 4840 1235 4892 alii
1270 4841 1419 4893 multi
1470 4840 1520 4893 in
1558 4840 1789 4910 vulgatis

214 4931 587 5001 Cbrysostomi
624 4930 946 4983 editionibus
978 4930 1373 4992 desiderentur,
1403 4929 1470 4983 de
1506 4930 1589 4983 his
1614 4932 1786 4985 omni-

214 5024 310 5076 bus
360 5020 495 5075 nihil
528 5021 709 5073 dicere
745 5020 1021 5074 habemus.
1054 5022 1121 5073 At
1152 5021 1237 5074 ubi
1270 5034 1459 5074 novam
1503 5035 1652 5073 suam
1674 5020 1787 5074 edi-

215 5113 413 5166 tionem
445 5108 732 5179 perfecerit
756 5108 1181 5163 Montfaueonius
1205 5120 1407 5173 noster,
1433 5112 1484 5163 in
1513 5125 1615 5179 qua
1644 5111 1783 5165 inter

215 5213 407 5258 caetera
448 5201 708 5256 aneedota
750 5201 821 5253 illi
852 5216 1067 5269 quoque
1098 5203 1289 5269 psalmi
1328 5202 1636 5270 prodibunt,
1674 5217 1777 5256 non

217 5296 399 5350 dubito
427 5294 557 5364 quin
596 5294 666 5348 sit
696 5292 951 5358 futurum,
992 5304 1051 5345 ut
1096 5292 1219 5347 hinc
1257 5295 1417 5348 etiam
1466 5293 1659 5347 similia
1697 5294 1779 5349 his

216 5402 329 5456 qua:
367 5387 669 5451 retulimus,
696 5385 922 5441 ubertim
961 5386 1077 5443 erui
1115 5387 1339 5454 possint.
1377 5384 1595 5440 Interim
1622 5400 1782 5455 pseu-

216 5485 645 5539 «lu-Theodorum
694 5485 745 5538 in
790 5484 1134 5553 sequentibus
1185 5484 1405 5554 psalmis
1448 5485 1777 5555 exponendis

215 5590 329 5628 eum
360 5590 505 5637 esse,
536 5575 625 5643 qui
650 5572 749 5628 fuit
775 5575 825 5628 iu
856 5574 1200 5631 exulanandis
1229 5574 1498 5644 prioribus
1522 5576 1779 5629 ostenda-

219 5682 350 5720 mus.
380 5667 508 5735 Ejus
546 5667 709 5735 igitur
748 5665 907 5719 verba
946 5674 1089 5728 sunt,
1116 5666 1283 5734 prima
1315 5666 1502 5733 psalmi
1541 5666 1775 5735 quadra-

288 5842 331 5873 "
370 5842 516 5896 PsaJ.
556 5858 627 5899 si.
668 5841 719 5893 ‘2.
797 5841 843 5871 ’⁸
885 5842 1022 5895 PSul.
1059 5858 1204 5896 xLut.
1234 5839 1323 5893 ‘26.

496 5934 762 5993 PnnuL.
798 5938 911 5995 (in.
954 5934 1188 5995 XXIX.

1890 4658 1980 4727 qui
2011 4657 2224 4726 quando
2253 4657 2428 4725 aliqua
2455 4666 2696 4719 narrant,
2725 4658 2787 4711 de
2826 4658 3015 4727 quibus
3036 4665 3160 4711 sunt
3189 4658 3316 4711 facti
3345 4673 3455 4711 eer-

1894 4751 2125 4804 tiores...
2156 4766 2370 4820 semper
2390 4767 2547 4805 aures
2584 4750 2863 4819 adjiciunt,
2892 4753 3126 4807 dicentes
3149 4768 3207 4807 se
3236 4754 3452 4809 auribus

1893 4846 2227 4900 audivisse...
2262 4845 2394 4900 Cum
2443 4856 2518 4899 tot
2550 4857 2601 4899 et
2630 4856 2772 4901 tanta
2807 4850 2945 4917 passi
2990 4860 3185 4913 essent,
3238 4862 3452 4921 pr0pter

1896 4932 2125 4987 Deum...
2145 4935 2274 4988 nihil
2302 4950 2483 4987 eorum
2506 4936 2713 4989 interim
2734 4938 2936 4999 dicunt,
2956 4938 3233 4994 videlicet:
3269 4939 3376 5017 lloe
3397 4955 3454 4995 et

1893 5025 2019 5078 illud
2046 5027 2186 5095 passi
2216 5041 2401 5079 sumus
2426 5036 2639 5094 propter
2669 5038 2741 5090 te,
2762 5031 2825 5081 da
2857 5029 3011 5083 nobis
3037 5032 3321 5098 auxilium;
3360 5037 3450 5087 sed

1892 5128 2143 5186 tanquam
2171 5117 2415 5170 ﬁduciam
2438 5132 2500 5171 ex
2526 5119 2637 5171 suis
2656 5117 2808 5172 factis
2834 5136 2934 5173 non
2966 5120 3245 5184 haberent,
3272 5123 3335 5174 ad
3366 5137 3449 5183 ea,

1886 5222 2005 5275 quae
2047 5207 2189 5260 Deus
2233 5206 2524 5273 majoribus
2559 5209 2767 5261 illorum
2800 5209 3021 5273 fecerat,
3052 5212 3389 5277 confugiunt.
3427 5234 3444 5265 ι

1886 5298 1961 5351 De
2019 5305 2212 5350 eaatero
2252 5296 2404 5350 velim
2455 5296 2699 5352 conferas
2743 5300 2878 5354 inter
2928 5315 3048 5355 sese
3084 5304 3450 5372 Chrysostmui

1883 5387 2182 5442 orationem
2206 5396 2261 5441 et
2294 5390 2765 5457 commentarium,
2795 5400 2848 5443 et
2879 5391 3160 5458 experiare
3199 5397 3454 5459 quemad-

1884 5481 2098 5535 modum
2125 5481 2263 5537 illius
2284 5482 2424 5538 dicta
2457 5484 2506 5537 in
2536 5484 2636 5539 hoc
2654 5486 2991 5554 explananda
3017 5485 3219 5553 psalmo
3250 5488 3448 5555 passim

1882 5574 2183 5642 compilarit
2240 5576 2799 5644 pseudo-Theodorus.
2858 5578 3051 5647 saepius
3096 5581 3448 5639 contraheus,

1882 5665 2148 5720 interdum
2212 5668 2451 5721 nonnihil
2508 5668 2845 5735 immutans;
2904 5671 2997 5726 sed
3046 5670 3116 5725 ita
3156 5681 3354 5737 tamen,
3390 5681 3449 5727 ut

3124 5934 3167 5975 ιι
