4212 6486
742 437 896 475 C(IXSV

2083 422 2445 474 FROLEGOM
2457 421 2613 473 ENA.

740 550 943 607 partem
973 538 1256 589 maximam
1284 550 1490 597 eorum,
1526 549 1643 600 qu'e
1672 533 1894 602 profert,
1928 552 1955 589 e
1982 538 2293 603 Clirysosm.
2326 540 2363 593 Α
2396 541 2403 582 t

2326 540 2363 593 Α
2396 536 2525 603 θείῳ
2555 534 2703 602 νόμῳ
2729 535 2783 585 τὸ
2812 534 3006 585 οἰκεῖον
3032 534 3237 603 θέλημα
3270 536 3667 603 συναρμόττων.
3703 554 3722 582 ι
3762 533 3973 588 Etenim

739 641 825 678 lilO
845 624 909 675 ad
939 624 1156 675 verbum
1182 632 1452 691 sumptam
1478 637 1597 675 esse
1621 638 1776 677 nemo
1799 638 1903 676 non
1928 626 2125 677 videat.
2155 623 2305 687 Quod

736 717 777 769 si
811 714 1072 783 quispiam
1104 714 1266 767 libros
1306 715 1456 769 adire
1494 714 1649 779 nolit,
1696 712 1923 767 libentes
1954 712 2213 767 addemus
2251 722 2303 767 et

735 824 852 881 qua:
881 808 949 863 ab
983 820 1210 877 utroque
1234 810 1491 878 scriptore
1526 809 1778 863 dicuntur
1803 808 1855 861 in
1884 808 2066 861 ultima
2113 807 2303 875 psalmi

735 903 921 965 verba,
946 915 1050 967 quo
1080 903 1270 956 melius
1292 901 1358 953 de
1385 897 1587 967 reliqua
1611 897 2110 967 pseudo-Theodori
2141 899 2307 952 inter-

737 994 1035 1061 pretatione
1069 994 1375 1049 existimare
1404 992 1590 1061 possit.
1630 987 1753 1046 Haec
1788 1000 1914 1045 sunt
1944 989 2107 1059 igitur
2142 988 2307 1060 Chry-

737 1086 958 1139 sostomi
1009 1085 1168 1138 verba
1223 1081 1276 1134 in
1325 1081 1452 1135 illud
1492 1098 1503 1133 :
1548 1079 1803 1150 Exsurge,
1830 1080 2069 1145 Domine,
2112 1079 2306 1149 adjut'a

738 1195 830 1231 nos
859 1180 903 1209 ⁷⁵
936 1195 950 1231 :
980 1175 1140 1243 Στῆθι
1190 1173 1718 1244 ἀντιλαμϐανόμενος
1766 1172 1941 1243 ἡμῶν,
2004 1172 2098 1225 καὶ
2146 1171 2305 1241 ῥῦσαι

736 1273 882 1339 ἡμᾶς
903 1269 987 1321 διὰ
1014 1267 1075 1319 τὸ
1110 1266 1256 1329 ἔλεός
1285 1283 1397 1320 σου.
1431 1266 1571 1335 Ὅρα
1597 1266 1698 1318 ποῦ
1719 1265 1808 1318 τὸν
1834 1263 1990 1332 λόγον
2019 1262 2305 1317 κατέκλει-

740 1381 856 1414 σαν.
894 1361 1045 1413 Μετᾶ
1077 1361 1240 1430 μυρία
1272 1358 1448 1412 αὐτῶν
1476 1357 1895 1429 κατορθώματα,
1934 1356 2094 1409 πόθεν
2124 1355 2306 1420 ἀξιοῦ-

739 1472 790 1506 σι
818 1452 1117 1517 σώζεσθαι;
1172 1452 1302 1502 Ἀπὸ
1340 1450 1539 1513 ἐλέους,
1583 1450 1690 1501 ἀπὸ
1727 1446 2199 1518 φιλανθρωπίας...
2242 1446 2307 1500 Τί

737 1545 904 1605 ἐστιν,
932 1543 1173 1594 Ἕνεκεν
1201 1538 1303 1592 τοῦ
1338 1539 1627 1607 ὀνόματός
1653 1555 1766 1592 σου
1782 1553 1799 1599 ;
1826 1538 1939 1589 Ἵνα
1967 1537 2041 1608 μὴ
2068 1536 2196 1591 αὐτὸ
2222 1536 2308 1605 βε⁴

736 1634 973 1706 δηλωθῇ.
1016 1649 1032 1680 ι
1074 1630 1167 1684 Sta
1212 1646 1307 1684 nos
1338 1630 1647 1695 defendens,
1677 1640 1730 1683 et
1764 1630 1928 1683 libera
1960 1646 2057 1685 nos
2090 1640 2306 1699 prapter

740 1724 1166 1779 misericordiam
1216 1733 1383 1777 tuam.
1432 1724 1561 1775 Vide
1605 1722 1876 1791 quomodo
1931 1721 2306 1777 concluserunt

736 1820 1056 1874 orationem.
1098 1816 1223 1872 Post
1264 1814 1674 1869 innumerabilia
1706 1830 1826 1884 quae
1858 1817 1924 1869 ab
1958 1814 2037 1867 eis
2074 1822 2219 1865 recte
2251 1821 2305 1865 et

737 1926 803 1963 ex
842 1910 1037 1964 virtute
1069 1910 1207 1962 facta
1240 1904 1476 1968 fuerant,
1521 1906 1787 1961 undenam
1834 1904 2058 1959 salutem
2091 1902 2302 1970 assequi
2336 1897 2379 1953 Β

738 2016 946 2070 aequum
987 1996 1246 2052 censent?
1293 1997 1336 2050 A
1378 1996 1769 2059 misericordia,
1810 2009 1840 2047 a
1872 1992 2204 2060 benignitate
2254 2000 2308 2044 et

739 2094 1089 2147 clementia...
1122 2089 1260 2156 Quid
1286 2098 1392 2153 est,
1426 2086 1647 2155 Pr0pter
1681 2102 1862 2139 nomen
1897 2096 2044 2138 tuum
2067 2086 2087 2137 ν
2112 2084 2188 2139 Ne
2223 2085 2305 2153 ip-

739 2202 855 2239 sum
903 2186 1233 2253 profanetur.
1266 2201 1283 2233 ι
1326 2182 1414 2233 Sic
1462 2190 1636 2230 autem
1674 2177 1875 2231 editum
1908 2178 2211 2233 invenimus
2254 2178 2306 2231 in

740 2275 1165 2328 commentario:
1222 2268 1505 2340 Ἀνάστηθι
1552 2267 2082 2340 ἀντιλαμϐανόμενος
2130 2268 2306 2339 ἡμῶν,

740 2370 833 2424 καὶ
870 2368 1026 2439 ῥῦσαι
1058 2366 1201 2437 ἡμᾶς
1227 2362 1313 2417 διά
1338 2363 1397 2416 τὸ
1429 2362 1571 2425 ἔλεός
1601 2378 1714 2415 σου.
1748 2364 1889 2433 Ὅρα
1910 2361 2010 2415 ποῦ
2036 2362 2126 2414 τὸν
2154 2361 2309 2430 λόγον

740 2460 1101 2513 κατέκλεισεν.
1142 2458 1323 2527 Ἀφεὶς
1344 2456 1450 2526 γὰρ
1476 2455 1542 2507 τὰ
1569 2454 1983 2526 κατορθώματα,
2006 2454 2111 2507 ἀπὸ
2132 2453 2311 2514 ἐλέους

740 2553 832 2603 καὶ
862 2550 1264 2619 φιλανθρωπίας
1292 2547 1430 2609 ἀξιοῖ
1458 2545 1740 2608 σώζεσθαι.
1767 2545 1837 2595 -Τί
1859 2544 1913 2595 δέ.
1946 2545 2115 2604 ἐστιν,
2154 2543 2311 2594 Ἕνε-

741 2660 846 2697 κεν
875 2642 979 2695 τοῦ
1003 2640 1291 2709 ὀνόματός
1320 2651 1472 2699 σου;
1508 2637 1625 2688 Ἵνα
1661 2634 1735 2705 μὴ
1770 2634 1919 2698 αὐτὸ,
1959 2634 2112 2705 φησὶ,
2149 2632 2309 2703 βεϐη-

742 2734 907 2805 λωθῇ.
964 2752 982 2785 ι
1044 2732 1301 2799 Exsurge,
1340 2741 1627 2798 protegens
1679 2742 1812 2792 nos,
1865 2735 1919 2779 et
1979 2726 2144 2779 libera
2211 2739 2308 2779 nos

743 2840 961 2898 propter
992 2824 1417 2881 misericordiam
1445 2832 1610 2879 tuam.
1638 2820 1771 2876 Vide
1804 2818 2071 2891 quomodo
2100 2832 2308 2872 sermo-

742 2934 864 2972 nem
900 2918 1173 2969 clauserit.
1201 2913 1427 2969 Omissis
1451 2916 1595 2968 enim
1622 2913 1776 2967 bonis
1795 2911 2066 2981 operibus,
2092 2918 2308 2979 propter

742 3003 1169 3060 misericordiam
1228 3010 1283 3054 et
1347 3001 1733 3069 benignitatem
1790 3000 2026 3069 postulat
2088 3000 2305 3055 salvari.

743 3095 880 3163 Quid
915 3106 1098 3163 porro,
1135 3087 1353 3159 Propter
1380 3104 1563 3142 nomen
1600 3097 1747 3143 tuum
1767 3092 1792 3141 7
1820 3090 1896 3144 Ne
1926 3090 2075 3153 illud,
2114 3091 2306 3161 inquit,

743 3187 1160 3242 contaminetur.
1183 3202 1202 3234 ι
1222 3182 1510 3252 Postquam
1531 3180 1838 3251 singillatim
1866 3181 1933 3235 de
1956 3182 2175 3249 psalmis
2202 3200 2306 3237 non

743 3277 927 3347 paucis
944 3274 1270 3343 disputatum
1297 3284 1402 3339 est,
1430 3274 1677 3329 universe
1703 3286 1845 3327 nunc
1870 3272 2043 3327 dicam
2069 3272 2308 3340 psalmos

744 3366 1213 3437 quadragesimum
1243 3376 1512 3436 quartum,
1536 3364 2007 3434 quadragesimum
2032 3364 2306 3432 quintum,

744 3456 1212 3526 quadragesimum
1242 3454 1964 3523 sextum,quadragesimum
1998 3455 2305 3522 septimum,

744 3548 1213 3619 quadragesimum
1243 3557 1489 3603 octavum
1526 3556 1579 3600 et
1614 3548 2081 3616 quadragesimum
2109 3561 2308 3601 nouum

746 3638 1069 3706 fragmentis
1100 3638 1226 3692 hinc
1257 3636 1402 3691 illinc
1444 3651 1474 3692 e
1504 3636 1887 3709 Chrysostomo
1927 3639 2197 3707 excerptis
2226 3651 2311 3690 re-

747 3728 951 3783 fcrciri.
994 3727 1074 3781 Ad
1108 3726 1209 3779 alia
1235 3727 1663 3795 properabimus,
1686 3727 1728 3783 si
1764 3727 1911 3796 prius
1946 3727 2311 3783 monuerimus

750 3823 802 3876 in
828 3818 1231 3882 commentario,
1271 3826 1412 3873 torno
1443 3820 1635 3885 primo.
1664 3834 1717 3888 p.
1749 3820 1873 3882 856,
1904 3819 2007 3874 dici
2059 3822 2127 3874 ab
2151 3818 2313 3876 Hele-

749 3930 813 3965 na
850 3912 1186 3979 Eudociaque
1232 3918 1285 3965 et
1330 3908 1397 3963 ab
1440 3909 1557 3963 aliis
1597 3925 1780 3979 regum
1817 3911 2027 3963 filiabus
2070 3911 2315 3979 plurimis

748 4012 1050 4057 constructa
1080 4000 1245 4055 fuisse
1268 4000 1609 4071 lerosolymis
1644 4001 1836 4071 templa
1866 4000 2182 4071 magnifica:
2206 4018 2312 4072 quo

750 4094 919 4163 magis
942 4092 1107 4145 miror
1139 4092 1240 4144 hoc
1270 4106 1404 4158 opus
1432 4090 1713 4145 Theodoro
1748 4089 2075 4147 Heracleota’.
2114 4091 2311 4146 ascribi

748 4185 1006 4257 potuisse.
1082 4181 1213 4234 Nam
1276 4181 1503 4235 libenter
1571 4196 1906 4249 quaererem,
1968 4195 2087 4251 qua:
2153 4181 2315 4237 fuerit

748 4277 982 4334 Eudocia
1006 4275 1116 4337 illa,
1143 4288 1261 4343 qua:
1291 4273 1471 4328 multae
1509 4272 1609 4325 ilhe
1639 4288 1824 4341 regum
1862 4272 2002 4337 tilias,
2033 4287 2151 4343 qua:
2182 4282 2316 4327 tem-

750 4368 833 4439 pla
867 4376 1178 4434 sumptuosa
1208 4362 1475 4419 Theodori
1521 4370 1680 4415 aetate
1701 4361 2052 4431 Jerosolymis
2082 4361 2316 4417 aedifica-

750 4463 877 4515 rint.
912 4460 1069 4523 Nam,
1096 4468 1154 4512 ut
1181 4459 1393 4512 interim
1430 4457 1613 4513 sileam
1661 4457 1725 4510 de
1759 4456 1942 4510 multis
1985 4456 2090 4511 illis
2129 4472 2315 4528 regum

2408 625 2623 678 virtutis
2658 626 2869 679 athleta:
2918 624 3155 679 laborum
3197 625 3410 694 quidem
3459 628 3662 682 fructus
3698 630 3749 681 in
3791 625 3974 678 futura

2408 715 2515 769 vita
2557 717 2972 781 reportabunt...
3014 726 3067 768 et
3099 718 3264 771 animi
3322 715 3676 773 delectatione
3707 719 3955 773 laborum

2409 807 2707 861 molestiam
2738 809 2995 862 fallunt...
3016 805 3159 862 Nihil
3194 808 3522 864 contrarium
3552 808 3980 878 divinislegibus

2408 898 2713 967 huiusmodi
2756 902 2915 955 homo
2946 898 3130 953 facere
3180 900 3343 967 volet,
3402 910 3461 954 ut
3507 900 3597 968 qui
3643 901 3837 958 divina:
3867 902 3974 972 lcgi

2407 1006 2559 1048 suam
2587 992 2752 1059 ipsius
2783 992 3111 1047 voluntatem
3154 992 3545 1046 accommodet.
3578 1008 3596 1041 ι
3637 988 3811 1045 Verba
3848 1007 3978 1045 vero

2408 1081 2910 1155 pseudo-Theodori
2940 1086 3051 1137 haec
3075 1094 3202 1138 sunt
3232 1103 3245 1137 :
3282 1086 3391 1140 Καὶ
3414 1081 3521 1152 γὰρ
3554 1084 3603 1134 οἱ
3634 1083 3733 1151 τῆς
3768 1086 3978 1155 ἀρετῆς

2407 1177 2638 1246 ἀθληταὶ
2653 1178 2775 1239 τοὺς
2816 1177 2913 1246 μὲν
2941 1176 3047 1230 τῶν
3064 1175 3239 1230 πόνων
3267 1177 3510 1248 καρποὺς
3526 1174 3669 1228 κατά
3698 1175 3758 1228 τὸ
3782 1177 3978 1245 μέλλον

2407 1268 2783 1340 κομίζονται...
2825 1269 2918 1322 καὶ
2948 1266 3235 1322 κλέπτουσι
3269 1272 3333 1339 τῇ
3365 1267 3688 1338 ψυχαγωγία
3721 1266 3818 1336 τὴν
3866 1266 3980 1318 τῶν

2408 1364 2585 1417 πόνων
2631 1360 2973 1431 βαρύτητα...
3022 1360 3185 1415 Οὐδὲν
3238 1360 3345 1432 γὰρ
3384 1359 3620 1414 ἐναντίον
3669 1363 3780 1423 τοῖς
3813 1359 3981 1423 θείοις

2407 1459 2590 1529 νόμοις
2632 1456 2986 1525 διενεργήσει,
3022 1455 3099 1526 τῷ
3131 1452 3224 1507 τοῦ
3264 1454 3425 1523 νόμου
3455 1451 3753 1523 βουλήματι
3779 1471 3963 1525 συναρ

2409 1549 2617 1618 μάττων
2668 1547 2727 1600 τὸ
2765 1546 2998 1615 θέλημα.
3030 1567 3046 1597 ι
3089 1543 3360 1614 Siquidem
3395 1543 3607 1597 athleta:
3657 1543 3874 1598 virtutis
3925 1546 3978 1597 in

2408 1640 2583 1693 futura
2616 1641 2830 1709 quidem
2868 1638 2977 1690 vita
3017 1638 3256 1690 laborum
3314 1635 3524 1689 fructus
3581 1632 3817 1687 referent
3850 1672 3865 1685 .
3908 1670 3925 1685 .
3963 1674 3977 1688 .

2405 1741 2568 1798 atque
2595 1730 2756 1784 animi
2788 1727 3064 1782 alacritate
3106 1728 3346 1782 laborum
3378 1725 3676 1780 molestiam
3712 1721 3976 1775 fallunt...

2406 1820 2549 1874 Nihil
2575 1822 2717 1874 enim
2755 1820 2950 1873 divinis
2982 1818 3188 1888 legibus
3233 1817 3569 1873 contrarium
3615 1813 3977 1886 perpetrabit,

2408 1925 2528 1965 cum
2569 1909 2703 1977 legis
2728 1912 2943 1964 decreto
2973 1908 3301 1961 voluntatem
3346 1906 3715 1961 conformans.
3754 1922 3771 1955 ι
3809 1902 3981 1957 Mutat

2409 2000 2628 2055 voculas
2666 2001 2925 2069 quasdam
2966 1997 3513 2069 pseudo-Theodorus
3536 2011 3685 2050 more
3713 2011 3850 2051 suo:
3885 1993 3981 2049 sed

2410 2108 2590 2156 nemo,
2624 2093 2838 2161 opinor,
2870 2092 2969 2145 nisi
3004 2091 3188 2145 volens
3212 2089 3451 2151 falletur,
3482 2105 3601 2141 cum
3635 2091 3980 2157 persp’cuum

2410 2184 2475 2239 sit
2510 2181 2623 2235 haac
2648 2196 2751 2235 non
2786 2181 2997 2233 aliunde
3021 2195 3182 2247 quam
3211 2195 3241 2231 e
3270 2177 3592 2231 Theodoreti
3640 2186 3981 2230 commenta-

2410 2275 2506 2329 riis
2533 2283 2742 2341 sumpta
2772 2287 2911 2328 esse.
2944 2271 3135 2326 Sciens
3182 2280 3442 2339 przctereo
3480 2268 3658 2337 aliqua
3689 2281 3754 2321 ex
3796 2266 3980 2335 expla-

2410 2368 2628 2420 natione
2650 2364 2869 2419 secundi
2902 2363 3114 2432 psalmi,
3165 2372 3218 2417 ct
3250 2361 3499 2431 deinceps
3532 2360 3824 2431 praeteribo
3861 2376 3982 2429 quae

2411 2458 2712 2526 aquolibet
2770 2458 2821 2511 in
2872 2455 3318 2525 interpretatione
3372 2456 3598 2509 aliorum
3645 2454 3982 2523 psalmorum

2408 2547 2508 2616 legi
2544 2557 2805 2616 possunt;
2847 2563 3019 2618 neque
3043 2548 3184 2602 enim
3214 2547 3337 2600 mihi
3376 2546 3702 2615 prapositum
3721 2554 3803 2597 est
3840 2544 3983 2611 (quis

2408 2639 2550 2691 enim
2579 2637 2835 2708 possit?)
2875 2639 3056 2691 omnia
3106 2639 3384 2691 adnotare.
3422 2634 3637 2687 Interim
3678 2644 3879 2695 tamen,
3924 2643 3981 2685 ut

2408 2727 2543 2782 alios
2589 2725 2902 2781 dillicultate
2941 2727 3217 2796 quaerendi
3272 2726 3597 2787 eximamus,
3655 2724 3912 2777 nonnulla
3953 2740 3983 2779 e

2408 2819 2570 2874 tertio
2617 2819 2825 2889 psalmo
2866 2820 3225 2873 asuribemus.
3268 2816 3598 2871 Theodoreti
3648 2817 3811 2885 igitur
3866 2816 3983 2871 lum:

2408 2918 2535 2966 sunt
2591 2909 2644 2962 in
2708 2908 2793 2961 illa
2819 2946 2833 2971 ,
2892 2904 3024 2959 Voce
3066 2922 3177 2959 mea
3214 2907 3282 2958 ad
3318 2905 3598 2959 Dominum
3631 2907 3851 2959 clamavi
3882 2907 3928 2937 ⁷⁷
3964 2922 3979 2957 :

2406 3003 2480 3057 Τὸ
2506 3002 2584 3065 δὲ,
2610 2998 2949 3067 Εῑσήκουσέ
2972 3016 3091 3069 μου
3114 2997 3182 3062 ἐξ
3214 2998 3391 3067 ὄρους
3414 2998 3585 3067 ἁγίου
3611 2996 3816 3059 αὐτοῦ,
3839 2995 3982 3049 κατὰ

2408 3096 2505 3168 τὴν
2529 3096 2695 3150 πάλαι
2718 3094 3051 3164 κατέχουσαν
3075 3091 3482 3163 είρηταιδόξαν.
3545 3090 3837 3159 Ενομίςετο
3872 3088 3984 3156 γάρ

2409 3192 2467 3243 ἐν
2503 3193 2567 3262 τῇ
2604 3192 2776 3261 σκηνῇ
2801 3190 3072 3241 κατοικεῖν
3100 3188 3127 3237 ό
3158 3184 3265 3236 τῶν
3304 3183 3439 3235 ὅλων
3472 3182 3622 3243 Θεὸς,
3658 3180 3845 3249 ἐπειδὴ
3887 3182 3980 3234 vui

2413 3283 2538 3343 τοὺς
2570 3280 2848 3351 χρησμοὺς
2870 3278 3073 3331 ἐκεῖθεν
3095 3278 3205 3337 τοῖς
3234 3273 3468 3345 ἱερεῦσιν
3508 3272 3697 3326 ἐδίδου.
3732 3272 3796 3325 Et
3823 3273 3985 3341 paulo

2414 3380 2535 3439 post
2562 3373 2859 3436 explanans
2890 3371 3041 3433 illud,
3067 3369 3177 3439 Ego
3207 3368 3426 3422 dormivi
3456 3367 3524 3426 ⁷⁸,
3547 3377 3677 3429 etc.,
3705 3367 3782 3420 sic
3810 3367 3976 3435 loqui-

2415 3470 2503 3515 tur
2531 3478 2545 3513 :
2583 3461 2797 3529 Ἐπειδὴ
2825 3461 2899 3522 ὡς
2932 3464 2990 3513 ἐν
3022 3463 3200 3514 σκότει
3232 3460 3438 3529 διάγειν
3458 3457 3767 3529 νομίζουσιν
3795 3460 3844 3510 oi
3872 3460 3985 3522 τοῖς

2414 3555 2550 3622 ἄγαν
2571 3553 2810 3621 ἀνιαροῖς
2832 3553 3339 3621 περιπίπτοντες....
3368 3552 3617 3619 σημαίνει
3641 3550 3819 3600 τοίνυν
3842 3552 3987 3603 κατά

2415 3642 2610 3696 ταυτὸν
2669 3640 2769 3703 τὰς
2813 3639 3018 3708 θλίψεις
3082 3640 3176 3691 καὶ
3234 3638 3331 3709 τὴν
3386 3638 3585 3689 τούτων
3642 3638 3983 3707 ἀπαλλαγήν.

2422 3750 2442 3784 ι
2479 3731 2590 3787 Hoc
2618 3740 2815 3795 autem,
2847 3729 3133 3783 Exaudirit
3172 3745 3252 3783 me
3280 3732 3343 3783 de
3381 3737 3555 3781 monte
3577 3738 3760 3781 sancto
3790 3745 3887 3781 suo
3916 3730 3984 3793 τ’,

2417 3823 2618 3879 dictum
2650 3832 2731 3877 est
2759 3832 2979 3891 propter
3012 3820 3345 3889 opinionem,
3392 3834 3513 3889 qua:
3543 3820 3671 3873 olim
3724 3820 3985 3875 obtinuit.

2423 3914 2855 3969 Existimabatur
2882 3913 3027 3967 enim
3070 3913 3441 3968 universorum
3485 3914 3622 3966 Deus
3646 3913 3696 3965 in
3725 3914 3985 3965 taberna-

2418 4006 2541 4060 culo
2562 4006 2830 4070 habitare,
2862 4005 3114 4073 quoniam
3154 4014 3209 4059 et
3236 4007 3455 4059 oracula
3495 4004 3643 4057 illinc
3678 4004 3986 4059 sacerdoti-

2418 4097 2519 4153 bus
2557 4099 2844 4166 pandebat.
2880 4138 2893 4149 .
2928 4138 2940 4151 .
2990 4098 3127 4165 Quia
3176 4096 3319 4150 velut
3343 4098 3393 4150 in
3430 4096 3668 4150 tenebris
3698 4097 3881 4151 vivere
3927 4112 3987 4153 se

2417 4189 2734 4245 existimant
2763 4188 2861 4253 illi,
2918 4190 3009 4257 qui
3040 4190 3090 4242 in
3124 4202 3210 4241 res
3238 4188 3521 4241 admodum
3558 4188 3743 4242 tristes
3797 4190 3990 4242 incur-

2418 4288 2617 4337 runt...
2654 4278 2766 4335 Una
2804 4279 2968 4349 igitur
2994 4280 3326 4333 demonstrat
3355 4275 3671 4333 alllictioues
3696 4288 3748 4331 et
3777 4280 3848 4332 ab
3881 4279 3987 4331 illis

2420 4370 2813 4427 liberationem.
2848 4389 2867 4424 ι
2898 4369 3070 4425 Verba
3103 4368 3598 4438 pseudo-Theodori
3638 4370 3748 4438 jam
3779 4370 3989 4423 exscri-

2424 4464 2632 4527 bamus,
2677 4478 2793 4531 quae
2846 4473 2971 4519 sunt
3020 4460 3425 4527 ejusmodisz
3474 4460 3587 4525 καὶ,
3652 4459 3988 4524 Ἐπήκουσέ

753 4557 981 4618 ﬁliabus,
1016 4568 1124 4609 non
1150 4553 1282 4607 satis
1313 4552 1549 4622 intelligo
1578 4565 1684 4620 qua
1714 4550 1779 4605 de
1804 4549 2043 4605 Eudocia
2081 4551 2168 4605 hic
2201 4568 2315 4605 ser-
2348 4582 2393 4638 Β

2348 4582 2393 4638 D
2416 4571 2534 4621 μου
2559 4552 2627 4617 ἐξ
2653 4552 2849 4620 ὄρους,
2884 4550 3024 4604 κατά
3061 4550 3159 4621 τὴν
3209 4549 3374 4603 πάλαι
3409 4552 3741 4622 κατέχουσαν
3769 4552 3985 4619 εἴρηται

753 4660 841 4698 tuo
872 4645 1098 4698 habeam
1108 4659 1149 4696 r.

848 4734 938 4788 48.
1007 4734 1084 4788 Ex
1144 4734 1209 4788 iis
1255 4747 1373 4803 quae
1437 4731 1718 4787 retulimus
1784 4730 1943 4787 facile
1999 4730 2312 4800 intelligitur

749 4828 1199 4880 commentarium
1263 4824 1353 4895 qui
1403 4822 1617 4878 nomine
1669 4823 1935 4877 Theodori
1985 4821 2313 4877 Heracleota:

751 4914 1147 4979 circumfertur,
1175 4915 1289 4982 eius
1314 4930 1415 4967 non
1445 4929 1584 4979 esse,
1623 4928 1721 4968 nec
1743 4915 1790 4969 ei
1819 4914 1977 4968 tribui
2013 4913 2120 4969 ullo
2154 4915 2313 4968 modo

754 5019 929 5075 posse.
956 5004 1203 5056 Attamen
1240 5018 1307 5056 ne
1333 5002 1699 5057 Theodoretus
1733 5002 2039 5074 asymbolus
2079 5018 2200 5057 esse
2238 5002 2318 5055 vi-

754 5100 961 5164 deatur,
998 5095 1245 5149 nonnulla
1290 5110 1357 5147 ex
1397 5110 1463 5149 eo
1505 5094 1707 5149 addere
1757 5095 1905 5150 libet.
1950 5094 2319 5150 Theodoretus

756 5194 919 5260 igitur
945 5190 1032 5244 illa
1064 5189 1217 5260 primi
1250 5188 1438 5257 psalmi
1484 5190 1669 5249 verba,
1697 5207 1715 5238 ι
1748 5188 1812 5241 Et
1843 5188 2029 5242 folium
2056 5187 2173 5257 ejus
2213 5202 2316 5241 non

752 5280 949 5334 deﬂuet
972 5280 1040 5342 ",
1084 5298 1101 5328 ι
1144 5287 1273 5341 etc.,
1306 5284 1685 5344 Interpretatur
1715 5276 1817 5330 hoc
1844 5279 2001 5330 modo
2036 5291 2048 5327 :
2078 5275 2185 5327 Καὶ
2212 5275 2319 5345 γὰρ

750 5377 799 5426 oi
832 5373 933 5442 τῆς
960 5371 1159 5442 ἀρετῆς
1196 5368 1423 5439 ἀθληταὶ
1448 5368 1554 5419 τῶν
1584 5366 1681 5437 μὲν
1717 5367 1892 5419 πόνων
1917 5368 2056 5420 κατά
2078 5368 2170 5420 τὸν
2196 5367 2321 5437 μέλ-

750 5468 905 5519 ἶιοντα
940 5463 1051 5533 βίον
1080 5462 1392 5531 κομίσονται
1419 5460 1542 5522 τοὺς
1571 5460 1879 5529 καρποὺς...
1912 5460 2005 5512 καὶ
2039 5458 2235 5512 συλῶσι
2254 5460 2318 5529 τῇ

749 5554 1075 5626 ψυχαγωγία
1097 5554 1196 5623 τὴν
1216 5552 1322 5605 τῶν
1342 5552 1514 5604 πόνων
1534 5550 1875 5621 βαρύτητα...
1905 5551 2069 5604 Οὐδὲν
2086 5551 2321 5605 ἐναντίον

750 5652 862 5711 τοῖς
891 5646 1054 5708 θείοις
1077 5644 1259 5706 νόμοις
1281 5644 1372 5711 ὅγε
1394 5642 1629 5706 τοιοῦτος
1650 5642 1842 5714 δρᾶσαι
1878 5640 2215 5711 βουλήσεται.
2242 5640 2320 5711 τῷ

826 5831 872 5862 ’⁸
913 5828 1050 5883 Psal.
1091 5843 1240 5888 XLIII,
1276 5826 1361 5879 26.
1440 5827 1483 5857 7"
1526 5826 1660 5881 Pard.
1690 5842 1734 5891 t,
1762 5826 1815 5881 ’5.
1894 5828 1935 5857 ⁷⁷
1962 5827 2098 5881 i‘sal.
2138 5844 2215 5891 lli,
2247 5827 2296 5881 5.

2376 5826 2422 5857 ⁷⁸
2460 5826 2586 5880 ibid.
2629 5828 2682 5880 ϋ.

2419 4645 2594 4711 δόξαν.
2627 4644 2929 4715 Ἐνομίζετο
2955 4645 3063 4715 γὰρ
3087 4646 3143 4695 ἐν
3164 4646 3228 4714 τῇ
3262 4646 3433 4715 σκηνῇ
3468 4645 3761 4705 κατοικεῖν,
3798 4642 3983 4713 ἐπειδὴ

2418 4736 2625 4790 ἐκεῖθεν
2662 4738 2753 4789 καὶ
2782 4736 2828 4789 oi
2859 4737 3095 4806 χρησμοὶ
3126 4738 3238 4799 τοῖς
3271 4735 3502 4803 ἱερεῦσίν
3529 4734 3777 4787 ἐδίδοντο.
3803 4774 3819 4789 .
3844 4775 3859 4789 .
3899 4736 3986 4799 Ὠς

2417 4826 2526 4898 γὰρ
2554 4828 2611 4879 ἐν
2642 4826 2815 4896 σκότῳ
2843 4828 2937 4879 καὶ
2978 4826 3129 4898 ὕπνῳ
3175 4827 3379 4895 διάγειν
3410 4826 3712 4896 νομίζουσιν
3742 4827 3793 4879 οἱ
3832 4828 3988 4897 ἀνια-

2421 4920 2535 4988 ροῖς
2566 4919 3005 4989 περιπίπτοντες,
3046 4918 3187 4974 κατά
3228 4919 3423 4974 ταυτὸν
3463 4914 3555 4971 οὖν
3598 4919 3853 4989 σημαίνει
3893 4921 3989 4973 καὶ

2416 5009 2513 5073 τὰς
2572 5010 2802 5080 θλίψεις,
2845 5012 2938 5064 καὶ
2995 5012 3095 5082 τὴν
3150 5012 3356 5065 τούτων
3414 5010 3755 5082 ἀπαλλαγήν.
3792 5031 3811 5063 ‹
3854 5012 3984 5066 Illud

2418 5110 2620 5165 autem,
2655 5102 2936 5155 Exaudivit
2981 5119 3061 5156 me
3090 5103 3153 5157 de
3205 5111 3400 5167 monte,
3456 5102 3656 5156 dictum
3712 5111 3797 5157 est
3828 5102 3983 5170 juxta

2417 5203 2680 5259 veterem,
2700 5208 2817 5261 quae
2842 5205 2967 5248 tunc
2996 5194 3297 5257 obtinebat,
3327 5194 3656 5263 opinionem.
3686 5193 3983 5247 Putabatur

2416 5280 2560 5335 enim
2597 5281 2651 5337 in
2682 5283 3031 5337 tabernaculo
3086 5284 3352 5348 habitare,
3388 5284 3643 5351 quoniam
3676 5283 3747 5336 ibi
3796 5295 3981 5337 sacer-

2418 5372 2633 5428 dotibus
2666 5388 2877 5442 quoque
2920 5376 3135 5429 oracula
3181 5373 3513 5431 dabantur...
3563 5374 3712 5428 Sicut
3744 5373 3891 5427 enim
3930 5375 3982 5427 in

2421 5463 2661 5519 tenebris
2682 5475 2737 5518 et
2767 5478 2960 5519 somno
2992 5466 3196 5521 versari
3246 5479 3306 5519 se
3349 5465 3661 5519 existimant
3701 5462 3792 5531 qui
3824 5462 3985 5517 iures

2421 5554 2602 5609 tristes
2640 5556 2900 5618 incidunt,
2929 5557 3009 5611 sic
3038 5558 3200 5611 etiam
3225 5571 3254 5610 a
3281 5556 3440 5611 simili
3467 5555 3696 5623 explicat
3735 5554 3983 5609 amictio-

2420 5657 2536 5710 nes,
2592 5657 2647 5700 et
2681 5648 2869 5701 harum
2916 5648 3309 5703 liberationem.
3346 5665 3367 5701 ο
3396 5646 3502 5703 Sed
3545 5658 3601 5702 et
3629 5647 3771 5703 aliud
3800 5660 3987 5702 exem-

2781 5826 2824 5858 ⁷⁸
2856 5826 2985 5880 ibid.
3023 5826 3078 5881 5.
