4212 6528
1317 470 1377 524 D.
1416 468 1555 525 IUL.
1604 468 1928 524 GARNER"
1980 466 2370 523 PREFATIO.

3305 481 3439 521 CCXV

210 586 351 653 plant
378 586 699 658 adjiciamus
721 605 751 645 e
782 590 988 658 psalmo
1004 602 1177 655 sexto,
1209 591 1522 660 priusquam
1555 606 1582 642 a
1603 588 1778 643 Theo-
1806 598 1852 651 Α
1882 591 2049 658 quod,
2083 599 2136 643 ut
2166 590 2295 653 dixi,
2352 588 2528 659 plura,
2569 601 2729 657 quant
2764 600 2892 653 opus
2924 594 3061 648 erat,
3112 584 3221 649 jam
3270 587 3435 640 relata

211 679 398 749 dorelo
454 679 771 733 avellamnr.
829 682 993 752 Igitur
1067 681 1144 734 sic
1222 680 1608 748 interpretatur
1669 678 1779 741 illa,

214 767 455 831 Domine,
493 786 557 822 ne
605 772 660 822 in
713 770 891 839 furore
940 784 1027 824 ιιιο
1053 772 1120 836 ⁸⁸,
1152 781 1256 824 etc.
1290 790 1302 825 :
1359 771 1650 841 Πατρικῶς
1688 786 1778 840 με,

211 858 366 927 φησὶ,
393 859 704 923 παίδευσον,
735 863 811 931 μὴ
834 862 1159 924 δικαστικῶς
1180 878 1195 891 ο
1237 862 1515 933 ἰατρικῶς,
1570 862 1643 931 μὴ
1691 876 1781 911 wo-

210 948 515 1010 ὶαστικιτ›ς’
549 948 622 1018 μὴ
652 951 926 1021 μετρήσῃς
960 953 1024 1021 τῇ
1061 952 1303 1020 ἁμαρτίᾳ
1342 951 1441 1020 τὴν
1487 949 1777 1021 τιμωρίαν,

210 1039 345 1091 ἀλλὰ
375 1043 441 1110 τῇ
464 1040 841 1110 φιλανθρωπίᾳ
879 1042 939 1094 τὸ
963 1041 1168 1095 δίκαιον
1204 1043 1452 1113 κέρασον.
1497 1041 1781 1108 Ἐλέησόν

207 1149 303 1199 με,
321 1134 518 1201 Κύριε,
540 1133 625 1186 ὅτι
644 1132 907 1201 ἀσθενής
926 1136 1061 1202 ειμι.
1092 1134 1457 1205 ’Δρμὸττουσα
1479 1137 1590 1196 τοῖς
1611 1135 1781 1205 ἡμαρ-

213 1222 435 1292 τηκόσιν
461 1224 495 1291 ἡ
531 1221 749 1291 τοιαύτη
771 1225 940 1293 φωνή.
995 1224 1287 1287 Δσθενεῐας
1318 1225 1427 1295 γὰρ
1451 1225 1778 1296 ἡγουμένης,

211 1323 321 1365 ιιίο.
355 1332 373 1362 ι
421 1313 655 1367 Paterne
712 1329 813 1376 tne,
858 1314 1048 1383 inquit,
1100 1316 1380 1383 corripias,
1429 1332 1542 1373 non-
1580 1316 1783 1387 judicia

216 1406 359 1467 ritu;
394 1406 591 1459 medici
624 1419 791 1468 more,
821 1422 925 1460 non
973 1407 1225 1468 tortoris;
1272 1422 1340 1460 ne
1380 1407 1622 1461 metiaris
1660 1408 1780 1462 vin-

213 1497 415 1549 dictam
462 1505 703 1564 peccato,
739 1498 831 1551 sed
858 1497 1177 1566 benignitate
1208 1498 1471 1566 justitiam
1523 1509 1777 1569 tempera.

218 1592 470 1646 literae
516 1594 638 1660 mei,
694 1593 931 1660 Domine,
983 1597 1229 1664 quoniam
1279 1598 1520 1663 inﬁrmus
1574 1596 1777 1649 sum".

218 1684 531 1752 llujustnodi
564 1699 665 1738 vox
700 1687 1073 1753 peccttoribus
1122 1688 1393 1742 convenit.
1440 1686 1575 1740 Nam
1633 1689 1783 1741 infir-

215 1776 403 1829 mitate
434 1776 791 1844 praecedente,
818 1796 839 1828 ι
870 1788 976 1832 etc.
1007 1778 1156 1832 Haud
1194 1795 1349 1833 secus
1372 1777 1781 1850 pseudo-Theo-

213 1866 417 1921 dorus:
455 1866 743 1938 Πατρικῶς
787 1887 854 1940 με
905 1871 1190 1925 παίδευσον
1216 1913 1230 1937 ,
1290 1872 1366 1941 μὴ
1414 1870 1738 1933 δικαστικῶς
1762 1887 1775 1900 ·

1883 682 2024 744 sint;
2062 681 2307 744 alterum,
2332 680 2472 748 quod
2501 680 2753 734 catenise
2775 679 2967 747 quibus
3007 678 3268 746 eiusmodi
3290 678 3440 731 testi-

1885 774 2064 827 monia
2095 774 2333 843 depromi
2357 783 2648 842 oporteret,
2683 772 2815 826 lldes
2848 786 3034 840 magna
3065 769 3306 825 adhiberi
3336 785 3439 823 non

1883 866 2074 920 soleat.
2111 866 2246 933 Quia
2282 876 2457 918 tamen
2485 880 2588 919 non
2625 864 2849 918 deerunt
2890 863 3118 916 fortasse
3144 863 3233 931 qui
3260 876 3445 915 exem-

1884 955 2093 1023 plorum
2151 956 2494 1010 multitudine
2531 955 2888 1019 delectentur,
2944 969 3043 1008 nec
3090 955 3155 1008 iis
3205 949 3441 1021 unquam

1881 1045 2067 1100 εειιίπί
2118 1049 2342 1117 possint.
2394 1047 2748 1101 indicabimus
2798 1045 2913 1101 loca
2953 1044 3215 1115 quadam.
3244 1042 3443 1112 quibus

1881 1135 2096 1203 planum
2139 1138 2228 1190 fiat
2277 1136 2463 1192 eadem
2516 1136 2776 1191 interdum
2833 1136 2886 1189 in
2932 1133 3443 1205 pseudo-Theodoro

1883 1221 2006 1292 legi,
2052 1240 2171 1294 qua
2217 1234 2273 1278 et
2320 1225 2372 1277 in
2409 1222 2634 1293 Origine
2672 1233 2726 1277 et
2768 1222 2821 1275 in
2852 1221 3095 1292 Didymo.
3145 1222 3442 1290 Comparas

1880 1317 2038 1370 velim
2086 1317 2332 1386 paginam
2382 1317 2480 1371 2H
2518 1317 2647 1371 tomi
2684 1315 2840 1385 primi
2886 1329 3009 1368 cum
3059 1314 3248 1384 pagina
3295 1313 3439 1376 2H;

1883 1406 2009 1461 item
2042 1408 2292 1477 paginam
2326 1407 2433 1462 225
2475 1423 2597 1460 cum
2647 1408 2837 1478 pagina
2870 1406 3005 1470 2‘26;
3036 1405 3160 1459 item
3192 1406 3440 1473 paginam

1881 1495 1976 1551 39!
2004 1511 2123 1551 cum
2152 1496 2338 1565 pagina
2361 1495 2468 1549 402
2485 1511 2499 1559 ;
2519 1510 2745 1564 quarum
2775 1495 3001 1550 lectione
3020 1494 3195 1549 disces
3213 1495 3444 1564 pseudo-

1882 1586 2221 1642 Theodorum
2253 1595 2308 1637 et
2328 1587 2394 1641 ab
2418 1585 2646 1655 Origene
2674 1600 2886 1655 quoque
2928 1584 3180 1639 nonnulla
3235 1594 3444 1637 mutua-

1883 1688 1991 1731 tum
2020 1693 2158 1734 esse.
2190 1680 2483 1748 Comparas
2507 1694 2694 1732 rursus
2726 1678 2974 1747 paginam
3021 1678 3123 1731 277
3173 1692 3293 1730 cum
3348 1692 3445 1745 pa-

1881 1771 1999 1839 gina
2032 1767 2169 1834 27ος
2202 1770 2325 1822 item
2353 1770 2600 1840 paginam
2638 1770 2741 1826 358
2767 1784 2888 1822 cum
2912 1769 3105 1839 pagina
3128 1768 3272 1831 353;
3316 1768 3441 1821 item

1880 1861 2129 1929 paginam
2182 1859 2286 1914 604
2340 1877 2460 1915 cum
2514 1864 2707 1932 pagina
2763 1861 2901 1925 593;
2952 1860 3144 1931 quibus
3180 1858 3440 1929 perlectis

216 1960 497 2033 ἰατρικῶς,
540 1962 615 2033 μὴ
644 1937 1005 2025 κολαιςτικῶς·
1038 1964 1110 2033 μὴ
1144 1937 1417 2032 turpiter};
1448 1965 1512 2033 τῇ
1539 1961 1781 2034 ἁμαρτίᾳ
1813 1937 1853 1992 Β

1779 2004 1781 2010 ,
1813 1937 1853 1992 Β
1885 1951 2120 2005 fatebere
2166 1951 2729 2021 pseudo-Theodorum
2763 1954 2969 2020 pariter
3002 1964 3055 2007 et
3098 1966 3161 2006 ex
3217 1951 3442 2022 Didymo

212 2050 313 2123 τὴν
339 2054 630 2125 τιμωρίαν,
659 2054 792 2106 ἀλλὰ
831 2053 1206 2124 φιλανθρωπίᾳ
1254 2054 1314 2105 τὸ
1360 2053 1565 2106 δίκαιον
1612 2054 1779 2125 κέρα-

451 2144 739 2211 Ἐλέησόν
775 2159 872 2210 με.
917 2142 1280 2213 Ἀρμόττουσα
1312 2146 1423 2206 τοῖς
1475 2145 1785 2215 ἡμαρτηκό-

217 2251 305 2287 σιν
329 2236 363 2305 ἠ
391 2235 564 2304 φωνή.
606 2233 911 2295 Ἀσοενεῐας
944 2232 1051 2304 γὰρ
1078 2234 1408 2303 ἡγουμένης,
1429 2245 1531 2287 etc.
1554 2253 1571 2283 ι
1600 2233 1784 2287 Pater-

218 2339 287 2379 ne
317 2342 401 2378 me
431 2325 717 2394 corripias,
737 2340 843 2379 non
870 2325 972 2378 ritu
1001 2325 1229 2392 iudicis;
1256 2327 1449 2379 medici
1479 2340 1649 2389 more,
1679 2341 1780 2379 non

218 2417 477 2482 tortoris;
516 2429 583 2468 ne
604 2417 916 2471 admetiaris
958 2417 1249 2471 vindictam
1294 2426 1535 2487 peccato,
1568 2418 1662 2471 sed
1694 2418 1782 2471 beo

218 2506 766 2575 nignitatejustitiam
800 2519 1055 2579 tempera.
1109 2508 1358 2564 Miserere
1405 2509 1540 2570 mei,
1588 2522 1784 2565 conve-

218 2600 372 2653 niens
402 2600 773 2671 peccatoribus
806 2615 905 2655 vox
926 2640 942 2666 ,
977 2600 1101 2653 dum
1146 2599 1291 2653 enim
1343 2599 1627 2654 infirmitas
1649 2614 1782 2668 prte-

217 2690 385 2755 cedit,
424 2710 443 2742 ο
485 2702 594 2747 etc.

286 2778 379 2833 ιθ.
414 2777 575 2831 Plura
601 2794 665 2833 ex
697 2777 1037 2832 Tlteodoreto
1096 2777 1348 2849 colligere
1398 2778 1734 2834 institueram
1767 2798 1779 2833 :

218 2872 311 2923 sed
346 2886 469 2924 cum
503 2885 567 2924 ea
591 2885 711 2939 quae
743 2870 908 2925 relata
940 2881 1087 2939 sunt,
1126 2874 1236 2941 jam
1275 2874 1490 2927 modum
1523 2890 1784 2944 superare

226 2964 532 3029 videantur,
566 2963 632 3017 de
671 2963 773 3018 hac
804 2979 920 3019 mea
947 2963 1154 3019 decessi
1187 2966 1477 3020 sententia.
1511 2967 1775 3033 Quoniam

220 3063 397 3108 tamen
421 3053 745 3111 Theodoreti
777 3056 1096 3109 mentionem
1144 3055 1389 3117 fecimus,
1431 3070 1533 3109 non
1565 3071 1780 3124 possum

217 3144 344 3212 quin
371 3145 544 3199 dicam
569 3146 620 3199 in
638 3145 1042 3199 commentariis
1066 3143 1132 3198 iis
1154 3158 1290 3215 quos
1308 3148 1358 3199 in
1388 3145 1630 3202 Psalmos
1651 3162 1782 3201 con-

219 3236 457 3304 scripsit,
501 3235 726 3303 reperiri
759 3238 920 3288 multa
953 3251 1071 3304 qua:
1102 3239 1242 3305 apud
1288 3239 1577 3294 Eusebium
1605 3240 1783 3296 verbis

219 3325 439 3379 totidem
463 3335 519 3379 et
547 3324 767 3395 syllabis
794 3326 1063 3395 leguntur.
1084 3328 1212 3398 Ejus
1242 3330 1318 3384 rei
1336 3332 1580 3400 exempla
1606 3334 1785 3388 videre

217 3415 306 3485 qui
324 3417 527 3486 cupiet,
555 3430 676 3471 eum
709 3419 885 3488 aliqua
903 3420 1246 3476 inventurum
1274 3421 1509 3489 spondeo
1529 3423 1579 3473 in
1598 3422 1782 3489 expla-

220 3509 434 3562 natione
456 3508 787 3577 psalmorum
812 3512 1002 3565 decimi
1020 3512 1214 3581 quinti,
1234 3511 1428 3566 decimi
1448 3512 1607 3575 sexti,
1644 3513 1786 3565 vice-

220 3600 337 3655 simi
354 3601 539 3669 primi,
556 3599 809 3655 tricesimi
830 3602 985 3669 primi
1000 3614 1054 3655 et
1069 3600 1323 3655 tricesimi
1340 3599 1483 3655 noni.
1504 3600 1684 3670 Neque
1701 3604 1786 3656 ad-

222 3693 435 3746 modum
457 3691 644 3745 dubito
659 3692 784 3757 quin
806 3691 889 3744 his
907 3691 1121 3754 similia,
1142 3690 1184 3745 si
1208 3690 1328 3759 quis
1344 3706 1585 3759 quaerere
1602 3691 1784 3760 vellet,

222 3784 341 3836 alibi
370 3794 592 3849 quoque
622 3780 1008 3836 invenirentur.
1049 3782 1238 3838 Utrum
1284 3791 1461 3836 autem
1494 3799 1613 3852 qua:
1642 3786 1784 3839 indi-

220 3871 496 3935 cavimus,
550 3879 604 3925 et
658 3870 760 3924 alia
805 3887 926 3941 qua:
978 3872 1206 3929 fortasse
1253 3875 1321 3928 ab
1377 3876 1565 3930 harum
1604 3893 1785 3931 rerum

218 3963 475 4017 studiosis
499 3962 827 4031 deprehendi
854 3972 1127 4033 poterunt,
1157 3974 1362 4021 attexta
1391 3968 1498 4021 sint
1536 3966 1785 4022 Theodo-

221 4051 314 4105 reti
345 4052 786 4120 interpretationi
818 4068 848 4107 a
882 4054 1140 4117 librariis.
1172 4072 1238 4110 an
1269 4056 1636 4113 Theodoretus
1675 4059 1784 4127 ipse

218 4158 276 4199 ea
307 4146 414 4201 sibi
458 4148 768 4213 sumpserit,
825 4149 1131 4217 expendere
1181 4163 1358 4202 meum
1411 4164 1514 4201 non
1540 4158 1656 4209 est,
1693 4148 1783 4201 scd

219 4233 357 4301 ejus,
420 4236 513 4303 qui
568 4233 889 4289 Theodoreti
944 4251 1168 4305 operum
1229 4238 1524 4290 editionem
1591 4253 1783 4291 novam

218 4325 501 4394 suscipiet.
533 4320 687 4389 Quod
711 4334 889 4376 autem
913 4324 1046 4387 dixi,
1096 4324 1327 4376 inveniri
1361 4324 1412 4377 in
1446 4324 1785 4381 Tlteodoreto

220 4431 323 4469 non
347 4429 547 4484 pauca,
576 4429 695 4483 qua:
726 4416 944 4470 totidem
1002 4415 1226 4487 syllabis
1260 4414 1486 4485 legimus
1511 4419 1648 4483 apud
1679 4418 1785 4472 Eu-

220 4510 456 4571 sebium,
504 4524 609 4563 non
656 4509 728 4563 ita
762 4520 1040 4577 acceptum
1092 4507 1231 4572 volo,
1289 4519 1345 4561 at
1379 4511 1492 4566 haec
1543 4512 1721 4566 omnia
1755 4527 1785 4565 e

219 4601 630 4655 commentariis
663 4601 876 4655 Eusebii
911 4603 963 4656 in
995 4602 1316 4657 Theodoreti
1367 4605 1785 4659 commentarios

221 4689 485 4741 translata
520 4702 644 4743 esse
668 4698 942 4756 putentur.
980 4692 1073 4746 Est
1103 4693 1248 4747 enim
1277 4692 1405 4747 mihi
1435 4694 1785 4760 persuasissi-

222 4796 388 4843 mum,
426 4778 786 4851 fragmentum
810 4780 935 4833 illud
965 4797 1072 4850 quo
1104 4784 1456 4853 explanantur
1480 4783 1567 4836 illa
1599 4785 1784 4853 psalmi

220 4874 412 4928 decimi
449 4874 611 4935 sexti,
647 4892 665 4926 ι
701 4872 945 4937 Domine,
976 4889 1006 4928 a
1059 4878 1246 4943 paucis
1292 4878 1359 4931 de
1414 4886 1557 4931 terra
1612 4879 1790 4933 divide

221 4977 310 5015 eos
327 4964 394 5023 “,
419 4980 439 5011 ι
464 4972 597 5022 etc.,
632 4963 878 5030 quodque
906 4961 1122 5031 incipit:
1151 4964 1211 5015 Ei
1237 4966 1329 5017 καὶ
1366 4966 1447 5019 σοὶ
1470 4963 1545 5034 τῷ
1574 4964 1788 5037 Θανάτῳ

222 5050 590 5120 παραπέμψαι
612 5051 810 5120 ῥᾴδιον,
833 5063 962 5116 etc.,
986 5066 1016 5105 e
1058 5051 1381 5107 Theodoreti
1405 5058 1791 5111 commentario

223 5148 272 5200 in
324 5146 685 5200 Eusebianum
739 5147 1017 5199 advectum
1072 5160 1209 5198 esse.
1264 5144 1395 5200 Nam
1447 5159 1572 5201 ante
1626 5152 1786 5205 verba

222 5238 332 5299 illa,
359 5239 407 5290 εἰ
440 5237 555 5299 καί,
607 5249 738 5296 etc..
773 5236 1000 5307 legimus
1050 5239 1100 5290 in
1134 5237 1385 5304 Eusebio,
1417 5241 1574 5304 ἄλλος
1602 5242 1785 5313 ψησίν,

226 5349 246 5382 ι
282 5333 356 5386 ait
386 5330 546 5386 alius.
585 5348 606 5381 ι
650 5330 790 5398 Quin
827 5340 1003 5384 autem
1040 5350 1059 5382 ι
1094 5332 1231 5385 alius
1260 5351 1278 5383 ι
1317 5332 1403 5386 ille
1442 5335 1513 5388 sit
1543 5336 1788 5391 Theodo-

225 5434 368 5480 retus
393 5426 531 5495 ipse,
567 5425 708 5491 apud
750 5436 906 5493 quem
939 5424 1125 5479 eadem
1152 5425 1372 5480 omnino
1421 5426 1783 5497 inveniuntur,

225 5514 449 5569 dubitari
479 5531 636 5586 posse
663 5531 767 5568 non
790 5513 1045 5569 arbitror.

287 5608 375 5663 50.
427 5611 541 5664 Duo
587 5609 716 5665 mihi
770 5609 1153 5677 impedimento
1195 5618 1320 5664 sunt
1370 5624 1434 5663 ne
1477 5610 1783 5667 testimonia

228 5697 483 5755 oroieram
519 5712 610 5756 aut
641 5717 707 5755 es
730 5698 982 5770 Origene,
1027 5707 1117 5752 aut
1140 5714 1204 5751 ex
1235 5700 1477 5768 Didyme.
1526 5702 1782 5769 Primum,

1133 5881 1175 5911 "’
1209 5878 1345 5932 Paul.
1389 5896 1498 5944 Mt,
1534 5883 1611 5933 li.

307 5880 593 5948 "Psamt,
623 5882 679 5936 2.
764 5880 806 5912 "
837 5879 965 5933 ibid.
1003 5881 1052 5934 5.

1883 2043 2128 2097 nonnihil
2178 2044 2529 2114 excerpsisse.
2582 2043 2768 2099 Finem
2831 2045 3044 2098 tandem
3093 2045 3298 2099 criticis
3361 2045 3445 2098 his

1884 2136 2023 2187 notis
2054 2136 2412 2203 imponamus.
2448 2134 2586 2190 Nihil
2623 2136 2765 2190 enim
2798 2136 2992 2189 attinet
3038 2136 3220 2189 dicere
3267 2136 3443 2206 plura,

1882 2242 2001 2279 cum
2025 2228 2158 2282 satis
2189 2244 2455 2299 superque
2493 2245 2556 2283 ex
2606 2229 2690 2283 his
2739 2236 2945 2284 constet
2997 2230 3443 2282 commentarium

1881 2331 2002 2371 eum
2036 2320 2127 2389 qui
2163 2306 2378 2375 nomine
2425 2321 2695 2375 Theodori
2745 2320 3075 2375 Heracleota:
3124 2317 3442 2374 circumfer—

1885 2417 1993 2476 tur,
2022 2412 2069 2464 ei
2098 2411 2260 2466 tribui
2300 2427 2405 2465 non
2458 2412 2679 2477 debere,
2728 2427 2825 2465 nec
2864 2426 3039 2479 posse.
3089 2409 3231 2465 Cave
3285 2410 3446 2479 igitur

1886 2516 2040 2574 putes
2096 2503 2399 2556 habendum
2454 2516 2572 2555 esse
2619 2516 2717 2568 pro
2769 2500 3030 2570 plagiario
3070 2500 3346 2564 Basilium,
3381 2516 3447 2553 eo

1882 2596 2024 2665 quod
2082 2595 2134 2647 in
2187 2593 2355 2662 ipsius
2398 2592 2738 2647 orationibus
2793 2594 2845 2645 in
2899 2592 3135 2660 psalmos
3200 2593 3447 2661 legantur

1882 2687 2068 2739 eadem
2097 2700 2203 2738 non
2229 2699 2373 2749 raro,
2419 2699 2539 2753 quae
2592 2684 2642 2736 in
2671 2688 3096 2751 commentario;
3142 2688 3233 2739 sed
3261 2684 3448 2739 existi-

1885 2793 1999 2833 mes
2026 2776 2180 2831 velim
2223 2775 2668 2832 commentarium
2715 2779 2862 2832 illum
2907 2790 2964 2831 nt
2993 2794 3057 2831 ex
3091 2778 3210 2832 aliis
3241 2780 3446 2841 multis,

1888 2871 1959 2924 ita
1996 2884 2026 2924 e
2085 2868 2285 2923 Basilio
2319 2881 2588 2939 sumptum
2612 2885 2748 2925 esse.
2781 2868 2889 2925 Nec
2918 2871 3113 2924 dixerit
3163 2872 3446 2940 quisquam

1888 2976 1990 3015 non
2016 2960 2185 3015 fuisse
2222 2975 2289 3015 ex
2330 2961 2583 3015 omnibus
2621 2962 2843 3030 psahnls
2878 2961 3038 3015 allata
3078 2963 3355 3029 exempla;
3389 2973 3446 3014 et

1887 3050 2001 3103 ﬁeri
2058 3065 2233 3120 posse,
2274 3060 2331 3105 ut
2384 3051 2589 3117 reliqua
2631 3052 3005 3105 commentarii
3036 3067 3157 3120 pars
3185 3052 3301 3120 ejus
3354 3054 3447 3116 sit,

1884 3141 2038 3211 cujus
2068 3141 2281 3196 nomine
2310 3141 2620 3211 insignitttr.
2667 3142 2875 3197 Etenim
2918 3142 3184 3209 conjicere
3211 3142 3337 3196 licet
3383 3161 3446 3197 ex

1889 3234 1952 3289 iis
2006 3249 2124 3302 qua:
2174 3235 2226 3288 in
2285 3235 2517 3290 medium
2561 3236 2917 3301 adduximus,
2967 3236 3447 3302 commentarium,

1887 3337 2115 3396 quantus
2157 3337 2388 3398 quantus
2433 3336 2543 3390 est,
2593 3327 2829 3394 ejusdem
2876 3327 3088 3395 generis
3129 3327 3451 3381 testimOniis

1887 3416 2139 3470 refertum
2180 3433 2316 3481 csse,
2369 3433 2467 3471 nec
2522 3432 2717 3470 nomen
2751 3417 2891 3471 aliud
2925 3417 2971 3472 ei
3023 3417 3192 3486 magis
3253 3432 3450 3473 conve-

1885 3508 2035 3573 nire,
2068 3522 2227 3578 quam
2278 3519 2499 3562 catenae.
2525 3509 2714 3561 Audivi
2744 3509 3013 3563 eruditmn
3048 3510 3318 3564 hominem
3360 3508 3450 3563 lti-

1888 3601 2145 3654 chardum
2201 3601 2386 3657 Simon
2428 3601 2610 3657 dicere
2658 3601 2898 3663 solitum,
2932 3601 3101 3657 videri
3156 3602 3257 3657 sibi
3306 3602 3449 3657 hunc

1888 3691 2156 3746 Theodori
2186 3691 2521 3748 Heracleota:
2550 3693 2995 3748 commentarium
3036 3693 3273 3748 omnium
3318 3709 3453 3763 quos

1889 3783 2088 3852 legerat
2129 3785 2389 3852 optimum
2423 3795 2583 3852 atque
2631 3787 3003 3842 utilissimum.
3055 3786 3211 3853 Nam,
3242 3790 3451 3858 inquie-

1888 3868 2224 3931 bat,omnem
2245 3867 2461 3921 Patrum
2484 3870 2791 3923 Graecorum
2811 3872 3110 3924 doctrinam
3142 3877 3450 3929 summatim

1886 3958 2272 4027 complectitur.
2293 3957 2449 4013 Certe
2462 3959 2563 4013 hoc
2575 3959 2756 4014 dicere
2762 3959 2882 4027 jure
2896 3962 3098 4030 optimo
3111 3964 3301 4034 potuit,
3329 3980 3452 4021 cum

1885 4063 1949 4103 ex
1964 4049 2177 4104 selectis
2193 4048 2406 4104 Patrum
2426 4049 2559 4105 locis
2576 4061 2783 4106 constet
2797 4053 2883 4108 hic
2895 4056 3452 4114 commentarius.Sed

1887 4143 2329 4197 commentarium
2359 4143 2505 4197 illum
2521 4159 2639 4199 cum
2655 4144 2874 4200 Patrum
2901 4157 3109 4215 catena,
3129 4165 3289 4218 quam
3312 4167 3451 4221 quo-

1888 4250 1993 4303 que
2009 4238 2060 4288 in
2076 4235 2260 4289 iisdem
2280 4234 2637 4288 voluminibus
2663 4236 2830 4290 edidit
2851 4236 3193 4292 doctissimus
3213 4239 3293 4292 vir
3314 4239 3450 4293 Cor-

1886 4326 2088 4387 derius,
2114 4340 2427 4394 comparare
2460 4326 2748 4389 debuerat;
2791 4338 3023 4396 tuncque
3056 4329 3199 4385 nullo
3236 4333 3452 4401 negatio

1891 4414 2360 4469 animadvertisset
2399 4429 2462 4469 ea
2510 4430 2630 4483 qua:
2671 4415 2723 4469 in
2756 4425 2951 4471 catena
2985 4419 3331 4488 proferuntur
3356 4438 3451 4476 no-

1889 4508 2029 4559 mine
2058 4504 2294 4571 Eusebii,
2321 4518 2414 4559 aut
2436 4506 2825 4577 Cbrysostomi.
2853 4521 2948 4564 aut
2970 4512 3213 4577 alterius,
3243 4513 3353 4582 ipsa
3385 4517 3450 4565 ad

1887 4598 2107 4652 verbum
2167 4612 2306 4667 saepe
2360 4600 2413 4654 in
2467 4600 2857 4655 columentario
2893 4602 3147 4658 inveniri.
3206 4603 3283 4657 Ex
3344 4620 3451 4673 quo

1892 4691 2001 4758 (res
2030 4690 2170 4742 enim
2214 4690 2324 4760 ipsa
2368 4691 2620 4762 loquitur)
2667 4692 2824 4746 facile
2891 4695 3244 4750 intellexisset
3304 4712 3451 4751 com-

1894 4781 2235 4847 mentarium,
2269 4785 2359 4852 qui
2402 4782 2665 4837 Theodori
2721 4783 3052 4841 Heracleota:
3089 4802 3281 4841 nomen
3310 4803 3451 4859 pra--

1891 4871 2014 4933 fert,
2038 4872 2155 4941 ejus
2192 4891 2298 4929 non
2339 4890 2457 4930 esse
2481 4915 2498 4940 ,
2530 4877 2622 4930 sed
2675 4887 2765 4931 aut
2802 4877 3084 4933 Theodoro
3107 4879 3340 4949 culpiam
3368 4896 3452 4936 re-

1893 4965 2138 5031 centiori,
2180 4967 2444 5020 autaltcri
2478 4968 2648 5024 cuivis
2680 4969 2841 5023 tribui
2882 4981 3152 5038 oportere.

2208 5059 2233 5131 ς
2261 5058 2353 5114 IX.
2401 5060 2476 5114 De
2504 5063 2815 5131 paraphrasi
2841 5066 3109 5135 anonymi.

1963 5152 2052 5208 5|.
2088 5152 2371 5207 Volumina
2399 5155 2524 5217 tria,
2557 5165 2611 5207 ut
2655 5164 2839 5208 notum
2866 5165 2969 5220 est,
2998 5157 3201 5209 edenda
3238 5162 3453 5213 curavit

1892 5248 2292 5301 eruditissimus
2324 5250 2404 5301 vir
2446 5248 2756 5312 Corderius,
2793 5250 2843 5302 in
2874 5247 3065 5318 quibus
3096 5263 3258 5315 opera
3319 5255 3449 5305 toti-

1894 5339 2010 5391 dem
2044 5337 2404 5406 reperiuntur,
2427 5337 2780 5407 Paraphrasis
2806 5339 3079 5410 anonymi,
3107 5340 3454 5397 Commenta-

1896 5432 2008 5485 rius
2031 5433 2096 5486 de
2116 5446 2221 5498 quo
2258 5445 2477 5484 numero
2506 5432 2784 5502 superiore
2820 5443 2928 5485 tam
2977 5433 3141 5486 multa
3194 5434 3452 5495 diximus.

1891 5523 2093 5576 Catena
2120 5522 2347 5592 denique
2376 5521 2683 5575 Graecorum
2736 5523 2978 5578 Patrum.
3010 5525 3246 5597 Contigit
3272 5537 3453 5579 autem

1892 5614 2073 5667 nescio
2090 5614 2375 5682 quomodo,
2398 5624 2453 5668 ut
2473 5616 2595 5669 dum
2621 5615 2941 5671 Theodoreti
2967 5620 3017 5671 in
3042 5616 3281 5673 Psalmos
3310 5632 3429 5673 com

1894 5705 2212 5757 mentariqu
2235 5706 2486 5772 legerem,
2509 5716 2710 5764 temere
2727 5718 2921 5765 etcasu
2947 5709 2999 5763 in
3032 5710 3169 5763 hanc
3202 5710 3453 5783 anonymi
