4212 6486
767 472 915 513 CCXVI

2068 434 2596 492 PROLEGOMENA.

770 571 913 625 illius
938 560 1309 634 paraphrasim
1338 557 1521 613 oculos
1554 554 1902 624 conjecerim.
1946 553 2137 620 Atque,
2178 547 2316 618 quod
2352 560 2394 615 Α
2426 560 2546 599 rare
2597 544 2743 597 velis.
2779 542 2909 597 Nam
2962 542 3098 595 inter
3146 536 3469 605 posteriores
3526 544 3809 587 recensere
3856 528 3989 583 licet

769 676 874 715 non
898 654 1226 726 quaerebam,
1262 650 1434 719 reperi
1488 647 1740 718 anonymi
1778 646 1916 698 illius
1952 642 2322 712 paraphrasim

768 753 939 820 ipsum
973 763 1092 802 esse
1123 742 1443 799 Theodoreti
1490 738 1959 798 commentarium,
2016 750 2118 787 non
2160 743 2325 785 totum

771 842 915 897 illum
963 839 1177 909 quidem
1207 846 1261 890 et
1311 835 1606 901 integrum,
1639 831 1730 886 sed
1782 836 2121 883 contractum
2176 836 2231 877 et
2277 826 2327 876 in

770 933 1037 1002 epitomen
1067 929 1359 982 redactum.
1395 923 1636 979 Psalmus
1668 930 1843 975 autem
1873 920 1925 972 in
1960 931 2113 986 quem
2140 912 2325 977 incidi,

772 1032 908 1087 erat,
959 1023 1011 1075 ni
1056 1020 1229 1080 fallor,
1264 1016 1499 1085 psalmus
1550 1014 1768 1082 quintus
1803 1020 1856 1064 et
1897 1010 2154 1064 decimus.
2193 1008 2330 1059 Rem

771 1131 893 1171 eum
922 1115 1173 1174 mirarer,
1220 1111 1398 1179 legere
1441 1107 1600 1161 statui
1639 1113 1692 1159 et
1736 1104 1870 1157 alios
1899 1102 2155 1170 quosdam
2187 1096 2331 1167 psal-

771 1224 908 1275 mos,
950 1222 1077 1279 quo,
1107 1206 1233 1275 quid
1257 1204 1322 1257 de
1347 1201 1433 1254 illa
1468 1197 1777 1268 paraphrasi
1809 1194 2139 1250 sentiendum
2164 1197 2333 1253 esset,

776 1302 942 1355 tutius
971 1310 1129 1352 nosse
1150 1307 1382 1363 possem,
1419 1300 1594 1345 utrum
1618 1287 1868 1343 videlicet
1900 1293 2007 1338 tota
2040 1280 2336 1353 paraphra-

774 1395 851 1451 sis
879 1391 1109 1461 epitome
1133 1385 1377 1457 quaedam
1403 1390 1543 1438 esset
1564 1376 2066 1434 commentariorum
2090 1373 2336 1427 Theodo-

777 1485 902 1547 reti,
930 1496 996 1535 an
1026 1479 1115 1533 uni
1141 1477 1263 1531 huic
1296 1472 1638 1543 paraphrasis
1670 1470 1787 1523 loco
1842 1468 2018 1535 inepte
2043 1480 2070 1518 a
2102 1462 2336 1517 librariis

779 1568 1153 1641 interpretatio
1189 1562 1509 1618 Theodoreti
1535 1559 1800 1614 inculcata
1824 1552 2036 1609 fuisset.
2071 1551 2218 1620 Coepi
2241 1549 2337 1618 igi-

780 1674 868 1717 tur
897 1662 1099 1733 primos
1144 1657 1381 1727 quinque
1432 1649 1668 1723 psalmos
1704 1647 1880 1716 legere
1942 1660 1957 1698 :
2006 1643 2098 1696 sed
2150 1654 2337 1695 eorum

779 1730 973 1826 quae-in
1000 1751 1339 1806 Theodoreto
1376 1744 1636 1806 videram,
1666 1738 1818 1801 nihil,
1852 1744 1913 1789 ut
1938 1748 2118 1790 verum
2146 1730 2334 1793 fatear,

781 1823 955 1921 reperi
998 1847 1051 1900 in
1086 1836 1428 1909 Paraphrasi.
1469 1835 1537 1887 At
1562 1848 1682 1889 cum
1719 1830 1941 1884 aliorum
1987 1823 2336 1895 quorumdam

2425 638 2714 693 Maximum
2742 636 3124 696 confessorem,
3146 630 3402 685 Joannem
3446 628 3856 685 Damascenum,
3884 622 3954 691 Sy
3984 652 3992 661 -

2428 743 2669 782 meonem
2707 726 3078 791 Logothetam,
3120 720 3407 776 Antonium
3438 718 3725 781 Mclissam,
3772 714 3990 768 Thara-

2428 823 2564 876 sinm
2604 819 2966 872 Patriarcham
2996 810 3669 879 Constantinopolitanum,
3711 818 3992 860 auctorem

2431 911 2764 966 Seholiorum
2816 909 3121 963 Graecorum
3177 908 3230 959 ir.
3306 900 3567 971 Epistolas
3616 899 3992 967 apostolicas:

2431 1003 2624 1073 quibus
2658 1000 2975 1071 adjnngendi
3039 1006 3162 1052 sunt
3226 1005 3277 1051 et
3309 992 3537 1054 librarii,
3592 991 3681 1057 qui
3714 991 3765 1042 in
3817 989 3996 1041 fronte

2433 1095 2750 1162 scriptorum
2781 1108 2938 1145 manu
2971 1091 3213 1145 codicum
3244 1102 3434 1142 nomen
3460 1083 3639 1138 Basilii
3669 1079 3843 1148 Magni
3879 1079 3999 1132 Cae-

2434 1186 2689 1241 sariensis
2734 1183 3122 1252 archiepisc0pi
3159 1178 3438 1246 diligenter
3478 1172 3777 1228 inscribere
3832 1183 3997 1221 cura-

2437 1290 2577 1331 runt.
2610 1275 2718 1331 Nec
2765 1276 2959 1329 mirum
3015 1272 3057 1325 si
3109 1270 3455 1330 recentiores,
3506 1264 3768 1332 majorum
3814 1274 3999 1313 exem-

2437 1369 2542 1439 plo,
2574 1368 2815 1421 eamdem
2865 1363 3095 1433 amplexi
3136 1362 3242 1415 sint
3283 1357 3625 1413 sententiam.
3658 1352 4000 1407 Celebriores

2438 1469 2562 1515 sunt
2590 1458 2922 1521 Tilmannus,
2952 1456 3197 1519 Dueazus,
3228 1448 3602 1511 Comheflsius,
3636 1444 3842 1499 Natalis
3884 1440 4006 1493 Ale-

2437 1551 2657 1614 xander,
2693 1550 2951 1617 Dupinus,
2976 1545 3371 1609 Tillemontius,
3399 1540 3703 1609 chuienus
3730 1559 3742 1592 ;
3769 1548 4000 1602 quorum

2437 1642 2698 1713 opinioni,
2733 1640 2831 1694 nisi
2856 1640 3184 1709 gravissima:
3205 1651 3377 1690 causa:
3410 1633 3716 1702 impediant,
3739 1626 4002 1681 accedere

2438 1748 2650 1803 semper
2680 1731 2965 1802 gloriabor.
3002 1729 3298 1783 Numerare
3350 1724 3559 1778 facilius
3612 1722 3713 1776 erit
3761 1720 4003 1773 adversae

2441 1824 2717 1879 sententia:
2749 1830 3024 1891 patronos,
3065 1834 3184 1874 cum
3223 1827 3332 1871 tres
3360 1828 3451 1869 aut
3485 1825 3715 1885 quatuor
3740 1813 4007 1865 duntaxat

783 1896 955 1921 ην---
1088 1896 1105 1897 κ
1227 1896 1241 1909 .

782 1942 1106 2015 psalmorum
1136 1927 1502 2003 paraphrasim
1550 1922 1793 1978 evolvere
1836 1932 2134 1988 pergerem,
2169 1912 2341 1966 anim-
2370 1896 2413 1951 Β
2444 1915 2795 1979 inveniamus,
2840 1912 3101 1968 Joannem
3140 1910 3517 1979 Drungarinm,
3568 1907 3876 1968 Erasmum,
3912 1902 4006 1955 Ri-

1780 2012 1789 2015 -
1981 2010 1990 2015 -
2056 2008 2066 2015 .
2158 2014 2161 2015 ,
2248 2003 2278 2015 II
2682 2006 2717 2015 κ
2847 2006 2857 2015 .
3025 2005 3105 2015 ιιι...
3278 2003 3290 2015 ο
3418 2010 3428 2015 -
3456 2013 3461 2015 .
3588 2006 3621 2015 ξ.
3673 1995 4005 2015 μΑΙῩ---Α---ηι

786 2003 992 2088 adverti
1016 2022 1380 2098 paraphrasim
1423 2016 1611 2089 psalmi
1657 2012 1816 2077 sexti,
1861 2008 2069 2077 septimi
2116 2014 2170 2059 et
2214 2003 2341 2057 alio-

787 2138 903 2177 rum
935 2097 1213 2184 adusque
1253 2112 1521 2167 decimum
1559 2105 1842 2174 septimum
1874 2099 2001 2155 nihil
2031 2114 2060 2152 a
2092 2097 2340 2152 Theodo-

786 2214 885 2271 reti
919 2210 1291 2279 explanatione
1311 2200 1548 2263 differre,
1578 2198 1677 2253 nisi
1705 2194 1875 2265 copia,
1908 2202 1963 2246 et
1993 2190 2199 2247 voculis
2226 2186 2341 2257 qui-

786 2303 1033 2365 husdam,
1058 2312 1175 2368 quae
1208 2296 1258 2349 in
1288 2292 1453 2348 variis
1490 2289 1727 2357 ejusdem
1770 2284 2049 2352 scriptoris
2070 2280 2345 2335 codicibus

790 2406 1082 2448 occurrere
1140 2386 1329 2441 solent.
1383 2384 1494 2436 lmo
1545 2378 1831 2435 identidem
1888 2371 2137 2442 anonymi
2188 2382 2346 2438 para-

788 2481 998 2556 phrasis
1030 2473 1467 2546 interpretatione
1498 2466 1823 2525 Theodoreti
1860 2464 2025 2519 nihilo
2060 2461 2173 2517 fere
2218 2461 2337 2514 bre-

788 2554 905 2631 vior
946 2582 1027 2629 est
1058 2590 1071 2626 :
1118 2570 1210 2625 sed
1244 2568 1295 2622 in
1327 2576 1553 2634 utroque
1604 2560 1804 2616 nullum
1853 2558 2024 2627 majus
2060 2554 2345 2609 discrimen

792 2665 1095 2725 intercedit,
1125 2674 1282 2730 quam
1315 2657 1452 2726 quod
1493 2654 1816 2725 psalmorum
1862 2648 2024 2703 verba
2052 2660 2261 2713 semper
2296 2643 2347 2695 in

794 2760 895 2812 hoc
927 2751 1301 2824 grandioribus
1324 2748 1514 2802 litteris
1539 2746 1679 2799 edita
1710 2742 1836 2803 sint,
1863 2740 1914 2791 in
1954 2738 2041 2790 illo
2068 2752 2167 2789 non
2201 2736 2347 2787 item.

794 2846 921 2916 Ejus
951 2843 1162 2916 generis
1198 2850 1323 2896 sunt
1368 2836 1558 2907 psalmi
1593 2831 1925 2893 undecimus,
1981 2826 2350 2889 duodecimns,

792 2915 849 2991 et
869 2915 1112 2991 decimus
1150 2938 1392 3000 quartus.
1422 2928 1477 2981 ln
1512 2925 1631 2979 aliis
1669 2937 1802 2993 quos
1835 2920 1943 2976 dixi
1981 2917 2202 2989 psalmis
2230 2915 2349 2969 bre-

796 3028 912 3081 vior
939 3024 1149 3095 quidem
1170 3033 1250 3078 est
1279 3020 1625 3090 paraphrasis
1646 3060 1661 3085 ,
1688 3016 1780 3073 sed
1812 3014 1905 3079 ita,
1934 3022 1990 3066 ut
2014 3010 2269 3081 quidquid
2299 3009 2352 3061 in

796 3134 857 3175 ea
880 3118 1093 3188 legitur,
1111 3129 1271 3169 omne
1298 3114 1349 3165 id
1373 3113 1548 3181 legere
1573 3112 1641 3163 sit
1664 3110 1717 3161 in
1746 3106 2101 3160 Theodoreto.
2130 3103 2355 3156 Prmter-

800 3197 910 3271 ea,‘
943 3220 1049 3275 quo
1076 3203 1250 3256 minus
1275 3202 1325 3255 in
1356 3198 1646 3268 judicando
1680 3195 1915 3259 fallerer,
1953 3192 2163 3245 initium
2200 3203 2355 3257 para-

799 3296 1010 3368 phrasis
1040 3305 1094 3348 et
1117 3294 1273 3346 ﬁnem
1305 3290 1475 3345 oculis
1499 3284 1819 3357 perlustravi
1862 3297 1891 3335 a
1921 3280 2126 3350 psalmo
2151 3278 2358 3331 decimo

797 3396 987 3440 octavo
1027 3396 1195 3451 usque
1240 3380 1303 3433 ad
1338 3379 1694 3441 tricesimum;
1741 3383 1900 3443 atque
1934 3370 2129 3424 factum
2166 3377 2269 3434 est,
2302 3374 2361 3420 ut

801 3492 920 3545 quae
961 3478 1012 3529 in
1044 3488 1108 3529 ea
1151 3472 1407 3543 legeram,
1439 3468 1622 3522 eadem
1659 3475 1713 3519 et
1755 3466 1805 3517 in
1852 3462 2241 3515 Theodoretina
2279 3459 2361 3511 in-

803 3567 1192 3636 terpretatione
1219 3558 1539 3615 invenerim.
1565 3554 1734 3619 Unde,
1769 3554 1895 3623 quin
1930 3554 2117 3607 horum
2151 3566 2362 3621 quoque

801 3657 1060 3713 tredecim
1103 3654 1432 3725 psalmorum
1490 3648 1836 3721 paraphrasis
1884 3662 1947 3701 ex
2006 3645 2186 3699 eodem
2218 3642 2365 3696 ionte

805 3751 994 3804 hausta
1045 3744 1134 3808 sit,
1194 3757 1298 3796 non
1331 3742 1482 3794 valde
1524 3738 1810 3793 admodum
1858 3736 2063 3789 dubito.
2124 3734 2273 3799 Quod
2318 3732 2364 3785 si

804 3839 1067 3909 quispiam
1114 3833 1353 3904 psalmos
1405 3830 1586 3899 plures
1614 3829 1773 3898 legat,
1825 3826 1926 3880 hoc
1966 3826 2101 3878 idem
2140 3822 2366 3877 fortasse

806 3930 930 3982 alibi
961 3940 1172 3996 quoque
1209 3922 1621 3977 animadvertet.
1660 3917 1766 3973 Nos
1804 3933 1915 3971 rem
1954 3916 2082 3968 tanti
2114 3928 2364 3969 essenon

806 4020 1153 4081 arbitramur,
1197 4026 1255 4069 ut
1279 4016 1396 4084 plus
1422 4015 1472 4066 in
1502 4027 1563 4065 ea
1590 4024 1766 4079 opera:
1807 4021 2085 4076 ponamus.
2118 4005 2224 4059 Sed
2251 4018 2369 4072 quae

807 4111 1064 4171 diximus,
1096 4122 1161 4161 ea
1203 4105 1283 4158 vel
1328 4104 1437 4157 sola
1474 4099 1838 4171 paraphrasim
1883 4098 2024 4151 illam
2072 4112 2176 4150 non
2238 4108 2369 4147 ano-

809 4201 953 4273 nymi
980 4198 1278 4267 cujusdam,
1302 4197 1393 4249 sed
1424 4194 1690 4247 variorum
1717 4191 2036 4257 scriptorum
2065 4201 2196 4255 opus
2230 4199 2368 4249 esse,

808 4294 962 4354 satis,
1013 4292 1223 4359 Opinor,
1274 4288 1581 4343 ostendunt.
1637 4283 1881 4352 Scriptor
1934 4280 2074 4334 enim
2123 4276 2211 4347 qui
2262 4284 2370 4329 tam

810 4385 975 4438 multa
1011 4398 1039 4435 a
1070 4382 1403 4435 Theodoreto
1439 4380 1693 4448 sumpsit,
1715 4380 1852 4431 haud
1879 4375 2069 4443 injuria
2109 4371 2253 4427 credi
2279 4384 2371 4435 po-

812 4486 911 4529 test
943 4475 1089 4529 etab
1120 4472 1238 4526 aliis
1260 4472 1362 4525 alia
1396 4486 1606 4541 quoque
1634 4470 1946 4539 sumpsisse.
1969 4467 2190 4520 Videtur
2213 4466 2372 4534 igitur

809 4577 865 4620 et
894 4569 993 4620 hoc
1017 4581 1149 4635 opus
1169 4567 1307 4619 inter
1340 4574 1580 4627 catenas,
1612 4578 1747 4631 quas
1780 4568 1996 4624 vocant,
2040 4559 2229 4612 referri
2260 4571 2371 4612 me-
2404 4594 2446 4649 Β

811 4660 917 4713 rito
964 4672 1116 4724 posse
1156 4674 1169 4710 :
1202 4658 1354 4724 cujus
1385 4669 1510 4724 pars
1554 4654 1655 4705 alia
1693 4670 1722 4707 e
1752 4653 2111 4715 Theodoreto,
2164 4650 2263 4703 alia
2306 4664 2371 4703 ex

812 4754 930 4808 aliis
954 4750 1308 4821 scriptoribus
1337 4759 1548 4817 smupta
1578 4760 1696 4800 esse
1726 4747 1957 4813 putanda
1987 4744 2076 4799 sit.

1093 4842 1120 4914 ᾗ
1152 4840 1219 4896 Χ.
1266 4840 1337 4893 De
1360 4837 1744 4893 Commentario
1772 4837 1823 4890 in
1854 4835 2067 4894 Isaiam.

884 4937 969 4990 5'2.
1003 4934 1118 4988 Etsi
1153 4934 1241 4987 hic
1269 4932 1479 4985 videtur
1506 4945 1623 4984 esse
1650 4930 1797 4983 locus
1835 4928 1897 4980 de
1926 4929 2160 4995 quinque
2182 4929 2235 4981 in
2262 4926 2374 4981 Eu-

815 5030 1042 5081 nomium
1088 5026 1237 5079 libris
1304 5024 1593 5078 disserendi
1649 5041 1661 5075 :
1726 5032 1921 5083 tamen,
1978 5036 2045 5075 ne
2101 5036 2375 5074 sacrarum

816 5122 1213 5188 Scripturarum
1246 5116 1714 5185 interpretationes
1746 5134 1775 5169 a
1808 5133 1865 5171 se
1896 5116 2120 5167 invicem
2157 5113 2375 5167 dive'tle—

815 5222 1021 5274 rentur,
1052 5209 1209 5264 malui
1239 5210 1302 5264 de
1327 5210 1639 5278 imperfecto
1666 5210 1718 5261 in
1746 5208 1945 5261 Isaiam
1980 5207 2377 5261 commentario

815 5304 1110 5371 disputare,
1157 5315 1279 5354 mox
1324 5302 1387 5353 de
1425 5300 1507 5353 his
1543 5314 1677 5367 quos
1715 5299 1822 5353 dixi
1880 5295 2032 5351 libris
2078 5296 2377 5350 locuturus.

815 5392 991 5447 Monui
1022 5400 1199 5445 autem
1245 5390 1437 5445 alicubi
1493 5390 1882 5456 amplissimum
1915 5388 2065 5441 illum
2114 5387 2165 5440 in
2199 5387 2379 5454 priora

814 5485 1085 5539 sexdecim
1124 5482 1273 5536 Isaiae
1311 5484 1483 5549 capita
1511 5480 1983 5543 commentarium,
2015 5481 2116 5531 etsi
2165 5478 2279 5531 fere
2311 5480 2379 5532 ab

815 5574 1064 5626 omnibus
1122 5586 1216 5640 pro
1266 5571 1494 5640 genuino
1548 5569 1726 5622 Basilii
1794 5568 1901 5621 fetu
1966 5568 2211 5630 habetur,
2273 5582 2378 5621 non

817 5664 963 5717 omni
994 5674 1168 5717 tamen
1221 5662 1526 5730 suspicione
1582 5676 1795 5715 vacare.
1858 5654 2105 5712 Invenias
2162 5659 2375 5727 quidem

820 5753 1173 5819 paucissimos
1209 5754 1293 5820 qui
1325 5761 1543 5820 negent,
1584 5752 1625 5803 si
1660 5752 1801 5819 ipsos
1840 5764 1959 5802 eum
1999 5749 2061 5801 iis
2110 5748 2197 5813 qui
2238 5748 2378 5801 hunc

823 5841 1265 5893 commentarium
1295 5856 1418 5893 vere
1450 5841 1628 5893 Basilii
1667 5856 1783 5894 esse
1821 5837 2113 5903 allirmant,
2146 5852 2373 5904 compa-

2446 2015 2645 2071 vetum,
2682 2006 2974 2060 Petavium.
3025 2003 3292 2059 Tilmanni
3345 2010 3521 2055 autem
3574 2006 3627 2051 et
3673 1995 4009 2064 reliquorum

2447 2102 2583 2156 idem
2616 2098 2961 2155 sentientium
2989 2098 3167 2165 Opinio
3199 2112 3303 2151 non
3336 2093 3440 2148 alio
3487 2090 3653 2161 magis
3684 2092 4011 2158 argumento

2448 2194 2656 2258 nititur,
2688 2205 2847 2260 quam
2879 2188 3018 2257 quod
3052 2187 3473 2241 commentarius
3516 2183 3605 2237 ille
3633 2196 3730 2250 pro
3770 2178 4010 2249 genuino

2449 2281 2628 2335 Basilii
2670 2282 2842 2351 Magni
2877 2279 2984 2334 fetu
3037 2279 3104 2331 ab
3139 2276 3527 2345 antiquissimis
3572 2274 3677 2329 illis
3723 2287 3864 2342 quos
3898 2268 4011 2323 dixi

2450 2374 2579 2427 viris
2610 2374 2910 2427 habeatur:
2946 2385 3131 2426 eorum
3163 2383 3289 2424 vero
3330 2368 3419 2437 qui
3475 2368 3753 2420 adversam
3790 2372 4015 2418 tuentur

2451 2464 2791 2528 sententiam,
2842 2472 3154 2533 argumenta
3200 2470 3292 2515 aut
3324 2459 3463 2514 nulla
3495 2467 3641 2523 sunt,
3675 2466 3769 2510 aut
3796 2472 3905 2510 non
3938 2456 4013 2507 ita

2454 2557 2678 2611 multum
2708 2557 2771 2609 ad
2807 2554 3234 2625 persuadendum
3270 2552 3481 2608 idonea.
3525 2549 3781 2603 Erasmus
3821 2546 4015 2599 confu-

2454 2651 2527 2717 git
2556 2648 2618 2702 ad
2657 2647 2784 2702 illud
2814 2661 2995 2706 suum,
3023 2656 3080 2697 ut
3121 2644 3264 2697 dicat
3294 2660 3396 2698 non
3424 2642 3589 2696 videri
3622 2638 3722 2693 sibi
3751 2638 3851 2691 hoc
3879 2651 4019 2704 Opus

2455 2738 2687 2791 divinam
2718 2737 2860 2789 illam
2894 2734 3070 2789 Basilii
3099 2732 3334 2800 phrasim
3370 2744 3576 2799 sapere.
3624 2728 3894 2789 Petavius,
3921 2742 4019 2777 cu-

2452 2829 2538 2899 jus
2568 2829 2618 2880 in
2647 2826 2841 2880 litteris
2873 2824 3164 2879 auctoritas
3206 2822 3346 2891 apud
3383 2835 3569 2874 omnes
3598 2818 3889 2887 plurimum
3924 2830 4021 2864 γυ-

2459 2920 2567 2975 lere
2598 2919 2783 2980 debet,
2820 2918 2894 2971 ait
2924 2915 3137 2986 quidem
3174 2912 3390 2969 disertis
3431 2910 3609 2965 verbis
3643 2906 4019 2976 imperfectum

2458 3012 2603 3067 illum
2635 3016 2690 3066 in
2729 3011 2929 3065 Isaiam
2968 3006 3412 3064 commentarium
3453 3002 3542 3072 qui
3584 3000 3798 3055 nomine
3835 2997 4020 3051 Basilii

2460 3103 2853 3164 circumfertur,
2878 3101 2992 3167 ejus
3019 3116 3124 3153 non
3153 3114 3270 3153 esse
3297 3116 3312 3153 :
3342 3098 3434 3153 sed
3464 3095 3595 3150 nihil
3618 3092 3842 3149 omnino
3864 3088 4025 3143 affert

2463 3196 2527 3246 ad
2558 3208 2706 3247 suam
2762 3190 3084 3245 sententiam
3130 3190 3575 3243 confirmandam.
3603 3185 3807 3242 Petavii
3840 3192 4023 3237 autem
4069 3230 4074 3235 .

2461 3287 2619 3339 verba
2652 3287 2765 3339 haec
2791 3295 2915 3339 sunt
2936 3295 3062 3338 tom.
3081 3281 3144 3336 lll
3166 3280 3339 3335 Τήιοι.
3365 3283 3509 3349 dog.,
3530 3282 3622 3333 lib.
3649 3297 3688 3343 ι,
3714 3296 3762 3335 c.
3789 3279 3846 3341 Ξ,
3875 3295 3930 3332 n.
3954 3280 3986 3331 4
4005 3294 4025 3332 :

2469 3395 2487 3429 ι
2512 3377 2733 3437 Bursns,
2759 3376 2947 3445 inquit,
2967 3385 3150 3429 auctor
3175 3371 3676 3426 commentariorum
3702 3373 3769 3421 ad
3796 3369 4025 3432 Isaiam,

2460 3471 2550 3540 qui
2585 3468 2779 3523 Basilio
2814 3467 2983 3523 solent
3020 3464 3261 3528 inscribi,
3310 3478 3408 3518 nec
3452 3470 3580 3516 sunt
3629 3470 3810 3514 tamen
3856 3461 4027 3517 illius.

2462 3562 2671 3616 videtur
2697 3562 2857 3615 etiam
2896 3569 3208 3627 corporatos
3230 3554 3445 3626 angelos
3471 3554 3671 3609 facere.
3704 3571 3723 3605 ο
3758 3551 4031 3607 Montfau-

2466 3653 2650 3707 conius
2683 3664 2883 3715 noster,
2919 3651 3070 3720 cujus
3112 3649 3262 3702 labor
3294 3658 3351 3701 ut
3382 3647 3537 3713 alias,
3589 3648 3657 3701 ita
3695 3644 3783 3699 ltic
3812 3658 4031 3714 quoque

2468 3744 2750 3796 admodum
2781 3742 2927 3796 utilis
2963 3752 3045 3796 est
3077 3749 3130 3795 et
3159 3740 3483 3802 fructuosus,
3511 3738 3773 3792 edendum
3819 3738 4033 3795 curavit

2469 3832 2741 3900 cujusdam
2772 3832 2990 3887 Joannis
3017 3830 3294 3901 Drungarii
3316 3830 3693 3901 fragmentum,
3722 3830 3863 3898 quod
3883 3840 4034 3884 certe

2469 3927 2534 3978 ad
2569 3939 2679 3978 rem
2727 3923 2807 3975 vel
2858 3923 3091 3975 maxime
3141 3923 3287 3976 facit.
3329 3919 3458 3974 Inde
3497 3923 3639 3975 enim
3686 3921 3897 3975 discere
3951 3932 4035 3972 est

2467 4018 2593 4089 quid
2631 4014 2801 4071 (ἐπ’ωοί
2840 4015 2905 4068 de
2940 4013 3117 4067 Basilii
3154 4013 3207 4065 in
3232 4012 3430 4065 Isaiam
3461 4013 3869 4064 commentariis
3908 4028 4033 4065 sen-

2468 4110 2637 4163 serint
2663 4107 2975 4161 duodecimo
3025 4102 3238 4169 saeclo,
3273 4116 3380 4171 quo
3423 4101 3509 4156 ille
3548 4101 3778 4169 scriptor
3829 4102 4029 4154 vixisse

2469 4201 2723 4255 creditur.
2784 4198 2874 4253 Sic
2920 4208 3095 4253 autem
3157 4198 3210 4251 in
3270 4195 3488 4265 prologo
3546 4192 3799 4261 quodam,
3869 4208 4032 4263 quem

2470 4305 2597 4346 tom.
2651 4290 2690 4344 ll
2738 4289 2870 4345 Coll.
2937 4288 3152 4343 Patrum
3205 4285 3397 4349 Grca,
3446 4299 3498 4354 p.
3542 4284 3646 4339 550
3686 4284 3888 4339 editum
3953 4286 4038 4338 in-

2471 4382 2735 4440 venimus.
2764 4380 2970 4435 locutus
3000 4388 3083 4433 est
3110 4377 3345 4432 Joannes
3372 4376 3700 4447 Drungarius
3731 4392 3745 4430 :
3775 4376 3885 4431 Καὶ
3918 4377 4040 4430 τοῦ-

2470 4492 2526 4527 το
2550 4474 2607 4527 δὲ
2639 4472 2935 4544 κατάδηλον
2976 4472 3112 4525 ποιῶ
3158 4473 3265 4534 τοῖς
3302 4472 3738 4541 ἐντυγχάνουσιν,
3786 4471 3862 4531 ὡς
3909 4472 3938 4521 ὁ
3980 4473 4039 4522 ὲν

2471 4564 2645 4631 ἁγίοις
2677 4561 2971 4624 Βασίλειος,
3016 4560 3177 4630 μέρος
3208 4580 3260 4615 τι
3289 4562 3385 4631 τῆς
3420 4563 3475 4613 ὲν
3503 4560 3655 4632 χερσὶ
3702 4561 4038 4629 προφητείας

2474 4655 2843 4724 ήρμήνευσεν·
2872 4653 2993 4721 ἥτις
3040 4653 3299 4724 ἑρμηνεία
3338 4653 3487 4721 παρὰ
3522 4652 3730 4713 πολλοῖς
3764 4651 4040 4721 ἀμφιϐόλ-

2474 4746 2643 4800 λεται.
2702 4746 2859 4799 «Hoc
2916 4746 3040 4799 item
3098 4747 3355 4799 monitum
3409 4745 3663 4800 lectorem
3717 4744 3878 4810 volui,
3926 4745 4041 4799 Ma-

2476 4849 2637 4904 gnum
2676 4836 2881 4890 scilicet
2905 4834 3160 4905 Basilium
3194 4834 3352 4905 hujus
3399 4835 3689 4904 prophetia:
3716 4846 3921 4903 partem
3954 4837 4038 4888 in-

2481 4938 2824 4999 terpretatum
2855 4943 2970 4983 esse
2999 4946 3012 4981 :
3050 4944 3168 4999 qua:
3199 4938 3374 4983 tamen
3416 4930 3791 4998 interpretatio
3820 4946 3887 4983 an
3926 4931 4042 4998 ejus

2478 5022 2566 5087 sit,
2599 5038 2628 5074 a
2661 5020 2841 5074 multis
2878 5021 2929 5073 in
2956 5022 3170 5074 dubium
3207 5030 3508 5075 revocatur.
3534 5038 3552 5071 ι
3586 5020 3685 5074 Cui
3711 5020 4035 5073 dubitationi

2480 5109 2622 5164 favet
2669 5110 2733 5174 is,
2767 5122 2922 5177 quem
2961 5112 3117 5164 modo
3147 5110 3279 5175 dixi,
3319 5111 3398 5162 vir
3431 5109 3828 5164 eruditissimus
3869 5107 4044 5164 Mont-

2481 5198 2778 5255 fauconius.

2551 5292 2637 5348 55.
2675 5291 2945 5348 Hactenus
2972 5294 3039 5346 de
3061 5292 3285 5345 aliorum
3319 5291 3599 5346 sententiis
3632 5310 3645 5345 :
3673 5307 3814 5346 nunc
3843 5307 4040 5353 meam,

2481 5391 2538 5437 ul
2577 5384 2741 5447 soleo,
2782 5398 3092 5455 proponam.
3142 5384 3268 5437 Mihi
3317 5399 3457 5453 (egre
3490 5391 3569 5436 est
3612 5383 3853 5451 quidem,
3903 5383 4045 5452 quod

2482 5475 2567 5529 hic
2599 5488 2812 5544 quoque
2847 5476 3113 5541 vulgatam
3147 5475 3452 5543 Opinionem
3497 5474 3811 5543 impugnare
3863 5489 4045 5542 cogar,

2481 5568 2572 5622 sed
2594 5566 2844 5636 quoniam
2872 5567 2982 5622 veri
3012 5583 3163 5621 amor
3184 5568 3299 5635 plus
3330 5568 3506 5620 valere
3535 5570 3687 5621 debet
3716 5582 3878 5634 quam
3908 5583 4043 5636 quo-

2484 5659 2734 5711 rumlibet
2779 5658 3052 5712 hominum
3089 5668 3181 5711 aut
3221 5657 3385 5720 fama,
3419 5670 3507 5711 ant
3542 5658 3866 5722 auctoritas,
3890 5659 4045 5713 dissi-

2484 5746 2790 5799 mulandum
2825 5748 3112 5816 quidquam
3161 5762 3279 5801 esse
3323 5762 3425 5800 non
3476 5758 3622 5815 puto.
3669 5747 3811 5816 Ergo
3842 5757 4041 5800 tantum

2485 5837 2653 5901 abest,
2686 5845 2742 5891 ut
2789 5836 3159 5906 imperfectum
3195 5837 3338 5891 illum
3380 5840 3431 5888 in
3471 5837 3665 5890 Isaiam
3718 5849 4044 5892 commenta—
