4212 6516
1306 434 1365 486 D.
1407 432 1551 489 JUL.
1593 429 1910 486 GABNERII
1950 428 2333 486 PREFATIO.

3231 446 3407 488 CCXVII

191 553 318 605 rium
354 550 587 604 tribuam
622 549 838 614 Basilio,
866 558 921 602 ut
950 564 1071 603 eum
1116 548 1275 602 etiam
1305 548 1421 617 ipso
1444 547 1751 617 indignissi-
1779 553 1827 609 Α
1856 550 2050 602 veniet.
2087 545 2218 600 Nam
2255 546 2410 600 obvia
2446 554 2591 611 sunt,
2621 555 2675 602 et
2709 555 2815 601 tam
2860 546 3050 613 multa,
3083 554 3139 601 ut
3167 560 3229 602 ea
3259 563 3408 617 qua:-

193 659 331 696 nium
366 658 493 699 esse
540 644 800 710 iudicem.
856 641 1002 710 Legi,
1059 641 1252 710 perlegi
1287 642 1401 695 hoc
1424 656 1592 710 opus;
1652 654 1752 694 nec

191 735 480 801 quidquam
512 734 834 788 Basilianum
865 748 1087 801 usquam
1121 733 1314 799 reperi.
1349 731 1491 786 Nihil
1516 747 1615 785 non
1645 732 1753 785 olet

192 827 654 895 peregrinitatem.
698 826 1038 894 Quaecunque
1087 824 1356 878 mirantur
1403 823 1747 886 eruditissimi

194 921 388 987 quique
424 920 477 971 in
520 920 739 987 scriptis
767 917 970 983 Basilii,
995 918 1257 971 orationis
1286 915 1747 986 perspicuitatem,

195 1010 527 1077 facundiam,
556 1012 878 1080 singularem
909 1010 1191 1078 quamdam
1233 1007 1750 1078 interpretandarum

196 1098 599 1170 Scripturarum
632 1101 963 1163 facilitatem,
997 1100 1282 1153 verborum
1314 1099 1635 1168 optimorum
1660 1097 1753 1150 de-

194 1190 413 1253 lectum,
448 1192 838 1246 sententiarum
881 1192 1219 1262 gravitatem,
1254 1192 1442 1244 borum
1488 1204 1554 1243 ne
1584 1189 1751 1243 vesti-

197 1283 337 1349 gium
376 1283 595 1350 quidem
641 1282 692 1334 in
748 1283 831 1335 liis
862 1283 1264 1337 commentariis
1293 1290 1485 1335 exstat.
1532 1280 1597 1335 Et
1624 1295 1752 1335 vero

196 1374 450 1441 scriptor,
508 1374 812 1441 quicunque
840 1372 927 1427 ille
970 1372 1091 1438 fuit,
1126 1373 1287 1443 friget
1324 1373 1538 1443 ubique.
1572 1371 1754 1441 Stylus

196 1466 338 1519 illius
366 1481 396 1519 a
415 1464 683 1519 Basiliano
707 1473 813 1518 tam
844 1464 997 1535 longe
1015 1467 1195 1528 distat,
1228 1475 1413 1518 uteam
1443 1463 1753 1531 discrepan—

200 1559 325 1610 tiam
364 1557 454 1624 qui
487 1571 589 1610 non
610 1557 771 1622 videt,
804 1556 934 1610 nihil
972 1557 1145 1610 videat
1176 1570 1393 1610 necesse
1425 1555 1513 1611 sit.
1544 1554 1756 1623 Repetit

198 1662 312 1715 quae
337 1646 617 1714 aliquanto
641 1655 764 1700 ante
790 1648 1037 1700 dixerat:
1070 1644 1415 1699 immodicum
1450 1661 1507 1700 se
1542 1655 1756 1714 praestat

200 1738 248 1787 in
278 1734 725 1802 digressionibus,
766 1736 937 1805 iisque
963 1736 1029 1789 ad
1060 1750 1170 1788 rem
1201 1748 1305 1788 non
1340 1735 1750 1804 pertinentibus.

201 1826 448 1878 Imitatur
498 1826 690 1893 saepius
724 1826 1033 1895 plagiarios,
1072 1824 1185 1892 qui.
1219 1840 1337 1879 cum
1387 1839 1490 1878 non
1526 1824 1757 1877 habeant

201 1919 343 1984 quod
374 1918 632 1983 scribant,
673 1928 725 1973 et
755 1928 929 1973 tamen
969 1918 1202 1973 scribere
1234 1918 1419 1979 velint,
1448 1916 1648 1971 alienos
1674 1916 1756 1971 la-
1785 1888 1831 1947 Β

200 2006 361 2061 bores
402 2018 605 2062 metere
644 2022 747 2062 non
792 2018 1063 2062 verentur.
1117 2007 1188 2060 lta
1229 2006 1516 2076 aliquando
1554 2021 1583 2061 a
1631 2023 1754 2077 pro-

200 2099 374 2165 posito
433 2099 669 2161 aberrat,
703 2107 760 2151 ut
806 2112 926 2151 eum
982 2097 1126 2150 illius
1189 2112 1340 2167 quas:
1388 2098 1610 2152 oblitum
1676 2099 1755 2153 di—

198 2208 326 2251 cas,
366 2203 467 2241 nec
511 2188 684 2257 ipsum
722 2196 875 2256 putes
920 2188 1267 2257 interpretem
1308 2203 1427 2244 esse
1463 2188 1631 2254 Isaiae,
1662 2191 1753 2245 sed

202 2282 433 2336 Davidis.
490 2278 773 2333 Vocabulis
802 2280 947 2334 duris
1003 2280 1201 2350 passim
1238 2282 1428 2345 utitur,
1482 2297 1601 2351 qua:
1650 2281 1759 2335 fru-

199 2383 306 2424 stra
357 2384 573 2439 quaeras
624 2368 677 2422 in
725 2368 1046 2424 suavissimo
1092 2380 1307 2423 oratore
1359 2369 1556 2424 Basilio
1600 2387 1613 2423 :
1663 2372 1756 2426 sed

200 2479 427 2533 quorum
455 2476 579 2531 pars
607 2461 837 2515 maxima
878 2460 1017 2529 apud
1042 2460 1327 2515 Eusebium
1366 2463 1663 2527 invenitur;
1690 2465 1758 2516 ob

198 2560 359 2629 idque
386 2555 532 2611 credi
569 2553 758 2607 merito
811 2560 986 2621 potest
1034 2552 1255 2621 insignis
1296 2552 1511 2619 quidam
1557 2554 1753 2623 plagia-

201 2655 311 2706 rius
359 2651 550 2704 fuisse.
596 2645 806 2714 lneptit,
848 2642 1015 2712 garrit
1056 2658 1245 2713 nugas,
1286 2641 1503 2697 Patrum
1558 2646 1761 2712 gravis-

198 2748 333 2798 simo
388 2738 811 2808 indignissimas,
862 2748 1061 2803 easque
1112 2735 1176 2789 ad
1228 2733 1391 2789 risum
1441 2738 1758 2790 movendum

197 2850 356 2905 quam
396 2834 464 2887 ad
494 2830 791 2886 docendum
826 2827 1362 2883 accommodatiores.
1393 2829 1588 2896 Atque,
1618 2830 1760 2897 quod

198 2947 223 2981 a
278 2926 463 2982 Basilii
506 2923 748 2979 moribus
792 2918 1174 2975 alienissimum
1223 2928 1323 2982 est,
1385 2934 1489 2972 non
1539 2920 1761 2973 absolvit

200 3018 471 3089 periodos,
506 3015 599 3068 sed
625 3010 971 3066 divinandum
1008 3007 1208 3074 aliquid
1237 3007 1507 3075 relinquit,
1534 3010 1761 3076 scripto-

204 3116 274 3164 ris
307 3111 387 3164 sic
420 3116 475 3161 ut
513 3104 695 3159 multis
747 3102 799 3155 in
843 3101 976 3155 locis
1017 3099 1339 3155 sententiam
1383 3100 1637 3170 consequi
1676 3102 1759 3153 vi}:

199 3202 392 3271 possis.
434 3197 671 3264 Denique
699 3194 749 3247 in
781 3193 861 3248 his
884 3193 1285 3248 commentariis
1313 3196 1471 3247 verba
1508 3208 1612 3248 non
1642 3208 1763 3247 raro

199 3297 267 3348 ita
308 3296 450 3347 inter
492 3304 551 3343 se
578 3287 917 3352 ordinantur,
964 3301 1152 3339 eorum
1207 3294 1265 3337 ut
1293 3285 1621 3339 constructio
1646 3284 1761 3339 ﬁeri

198 3387 344 3442 nnllo
383 3385 546 3440 modo
589 3381 779 3451 possit.
820 3378 964 3434 Sane
1016 3384 1093 3432 tot
1137 3386 1260 3431 sunt
1294 3390 1479 3431 eorum
1531 3390 1649 3445 quae
1679 3376 1761 3429 di-

199 3482 379 3535 ximus
416 3475 689 3544 exempla,
732 3480 861 3542 quot
893 3486 998 3525 non
1032 3470 1152 3524 dico
1183 3468 1407 3538 paginae,
1440 3468 1531 3523 sed
1560 3467 1762 3538 pericii

200 3568 731 3626 commentariorum.
790 3563 898 3618 Sed
925 3576 992 3617 ne
1048 3561 1204 3631 copia
1258 3561 1371 3631 ipsa
1400 3561 1621 3615 molesta
1674 3562 1761 3624 sit,

199 3678 368 3733 pauca
414 3676 447 3715 e
490 3657 672 3711 multis
701 3656 767 3709 ad
810 3656 949 3708 hanc
996 3664 1234 3709 nostram
1268 3654 1573 3722 opinionem
1624 3669 1767 3710 com-

201 3752 537 3826 probandam
565 3749 617 3802 in
645 3747 878 3802 medium
907 3744 1199 3815 proferam.

268 3846 357 3900 54.
400 3844 639 3900 Primum
672 3840 743 3894 ita
789 3839 995 3893 auctori
1038 3836 1331 3892 familiares
1357 3846 1483 3892 sunt
1506 3852 1581 3892 eze
1607 3852 1766 3894 voces

202 3957 317 4011 quae
346 3941 398 3995 in
444 3955 540 4002 κος
598 3934 875 3998 desinunt,
940 3941 999 3986 ut
1045 3931 1227 3987 statim
1257 3933 1763 3987 commentariorum

200 4035 490 4107 γνησιότης
537 4032 589 4085 in
622 4029 837 4084 dubium
866 4025 1106 4081 revocari
1139 4025 1330 4077 merito
1354 4025 1541 4091 possit.
1577 4026 1679 4078 Sed
1719 4024 1764 4077 si

200 4131 318 4199 quis
352 4125 575 4183 easdem
607 4135 767 4174 voces
802 4119 1057 4172 attentius
1092 4115 1532 4176 consideraverit,
1558 4117 1763 4184 pleras-

200 4236 299 4287 que
347 4228 455 4270 tam
510 4213 693 4273 duras,
739 4217 844 4261 tam
886 4206 1178 4271 obsoletas,
1230 4215 1449 4275 tamque
1484 4206 1766 4261 inusitatas

200 4309 455 4369 inveniet,
485 4312 543 4356 ut
566 4302 711 4355 hunc
738 4298 1191 4356 Commentarium
1213 4298 1352 4353 male
1380 4297 1576 4352 Basilio
1606 4300 1763 4353 tribui

199 4400 379 4455 statim
408 4391 852 4467 pronuntiaturus
880 4390 968 4445 sit.
997 4389 1172 4455 Quam
1215 4398 1390 4443 autem
1418 4388 1672 4458 frequens
1698 4390 1767 4444 sit

199 4496 248 4547 in
278 4483 684 4547 Commentario
722 4496 849 4536 usus
890 4482 1144 4536 harumce
1176 4494 1389 4544 vocum,
1436 4496 1501 4535 ex
1529 4483 1767 4551 qualibet

1856 655 2000 703 rere,
2045 640 2115 694 sit
2168 654 2385 693 arenam
2418 640 2471 693 in
2503 640 2667 694 maris
2717 640 2895 693 littore
2940 653 3198 709 quazrere.
3232 640 3409 709 Longe

1853 733 2069 804 parcius
2130 732 2277 785 hisce
2333 730 2603 785 vocabulis
2654 732 2727 785 uti
2778 732 2911 785 solet
2938 730 3409 799 eloquentissimus

1853 833 2035 876 orator
2061 822 2314 877 Basilius.
2336 821 2517 889 Neque
2545 836 2672 876 vero
2700 820 2961 889 ejusmodi
2992 836 3150 874 voces
3176 830 3298 875 sunt
3321 836 3409 876 so-

1853 912 1961 967 lum
1997 912 2284 982 plusjusto
2327 912 2619 968 familiares
2648 913 2929 982 interpreti
2966 950 2981 965 .
3016 914 3132 977 sed,
3164 924 3223 967 ut
3272 913 3409 977 disi,

1853 1013 1977 1058 sunt
2007 1018 2110 1057 non
2157 1018 2344 1074 paucas
2371 1004 2443 1057 ita
2472 1004 2633 1068 durae,
2666 1004 2739 1057 ita
2777 1004 3002 1058 insolita:
3023 1043 3037 1065 ,
3077 1014 3131 1057 ut
3156 1012 3412 1071 praestare

1855 1094 2025 1147 ausim
2061 1094 2352 1147 maximam
2388 1109 2573 1148 earum
2600 1104 2806 1163 partem
2836 1097 2975 1163 apud
2999 1094 3252 1148 Basilium
3286 1109 3412 1148 nus-

1854 1201 2013 1255 quam
2044 1186 2292 1253 reperiri.
2315 1185 2467 1251 Quod
2494 1203 2658 1256 genus
2692 1197 2837 1251 sunt,
2859 1186 3243 1256 στοχαπικῶς,
3273 1202 3413 1256 παρ-

1853 1274 2280 1344 εκδατικώτερον
2299 1316 2313 1339 ,
2372 1276 2791 1347 σχετλιαπικῶς
2814 1318 2828 1343 ,
2889 1276 3270 1342 ἀντιϐατικῶς,
3298 1292 3413 1330 σκο-

1856 1368 2129 1432 πευτικὸς,
2190 1369 2584 1438 κατανυκτικῴ,
2623 1370 2989 1437 ἀπιδιαστικὰ,
3021 1378 3074 1424 et
3118 1370 3255 1435 alite,
3299 1384 3415 1439 qua!

1856 1458 2035 1527 plures
2073 1469 2198 1513 sunt
2225 1500 2240 1522 ,
2277 1468 2327 1513 et
2387 1460 2723 1529 frequentius
2781 1462 2985 1529 obviae,
3020 1476 3179 1531 quam
3219 1471 3276 1515 ut
3328 1461 3417 1516 hic

1857 1549 2088 1603 debeant
2126 1550 2338 1605 referri.
2383 1552 2490 1607 Nec
2520 1556 2946 1621 praetereundum
2981 1555 3213 1617 silentio,
3256 1554 3414 1608 innu-

1856 1655 2001 1693 mera
2052 1640 2158 1694 alia
2195 1643 2451 1697 vocabula
2514 1645 2708 1713 passim
2751 1646 2802 1700 in
2865 1646 2951 1702 his
3017 1631 3419 1705 commentariis

1855 1730 2164 1798 occurrere,
2191 1750 2327 1802 quae.
2354 1737 2445 1805 qui
2469 1736 2636 1791 libros
2658 1737 2841 1793 Basilii
2866 1738 3173 1809 diligentius
3207 1738 3416 1809 legerit,

1856 1825 2135 1893 peregrina
2164 1840 2285 1881 esse
2309 1837 2363 1881 et
2401 1844 2429 1882 a
2468 1828 2739 1885 Basiliano
2769 1846 2865 1886 usu
2897 1830 3067 1886 aliena
3098 1829 3252 1886 facile
3282 1831 3418 1885 fate-

1860 1917 2025 1971 bitur.
2063 1916 2250 1983 Qualia
2305 1931 2446 1983 sunt,
2479 1923 3008 1993 ἀπαρακολουθησία,
3038 1922 3418 1990 ἀκατανάγκα-

1863 2024 2018 2071 στον,
2058 2009 2323 2074 οίστικαὶ,
2374 2011 2853 2082 ὲπαμφοτεριστῶν
2888 2053 2901 2077 ,
2952 2011 3416 2083 ἀποτηγανιζομὲο

1860 2116 1956 2168 νης
1980 2100 2076 2165 (a),
2105 2101 2424 2171 τρισάθλιοι,
2457 2105 2792 2174 ἀτιμοποιὺς,
2837 2105 3174 2176 ἀσεϐήματα,
3228 2105 3422 2158 ἀκολα-

1863 2190 2132 2261 στήματα,
2167 2190 2306 2245 κατὰ
2337 2196 2702 2265 συναρπαγὴν,
2739 2197 3264 2267 ἀπαρακολούθητον,
3293 2198 3425 2267 ἀτη-

1867 2282 2094 2354 μέλητα,
2141 2284 2471 2354 οίησίσοφος,
2540 2285 3034 2359 ὲξευγενιζομένης,
3062 2296 3117 2343 et
3173 2288 3273 2342 alia
3304 2303 3424 2358 per-

1864 2376 2053 2437 multa,
2086 2390 2204 2445 quae
2245 2377 2287 2430 si
2318 2376 2539 2431 velimus
2580 2378 2757 2433 omnia
2789 2380 3128 2445 exscribere,
3164 2394 3287 2449 pars
3317 2396 3423 2435 non

1865 2468 2081 2519 minima
2114 2470 2618 2523 commentariorum
2651 2470 3003 2524 exscribenda
3046 2470 3203 2544 nobis
3228 2471 3350 2525 erit.

1933 2558 2024 2612 55.
2059 2556 2167 2612 Sed
2207 2558 2321 2613 haec
2364 2562 2431 2613 de
2466 2561 2624 2615 nudis
2652 2561 2871 2617 verbis:
2902 2576 3045 2617 nunc
3077 2564 3141 2616 de
3168 2561 3297 2631 ipsis
3333 2576 3427 2631 pe-

1867 2650 2032 2706 riodis
2068 2651 2465 2707 disserendum.
2490 2651 2838 2720 Profecto,ut
2872 2656 2999 2708 mihi
3034 2656 3247 2723 quidem
3278 2654 3429 2710 vide-

1869 2752 1975 2808 tur,
2000 2743 2044 2797 si
2077 2743 2209 2797 nihil
2238 2743 2405 2807 aliud,
2447 2755 2595 2799 certe
2631 2745 2868 2816 ineptum
2900 2747 3107 2801 dicendi
3141 2762 3307 2815 genus
3333 2748 3429 2801 liu-

1862 2835 1949 2903 jus
1998 2836 2176 2904 operis
2206 2836 2417 2889 νοθείαν
2465 2847 2653 2907 aperte
2681 2838 2936 2894 ostendit.
2990 2837 3429 2894 Commentarios

1869 2925 1965 2979 hos
2016 2942 2139 2980 cum
2187 2938 2477 2992 verterem,
2520 2929 2660 2981 inter
2725 2938 2920 2986 czetera
2971 2931 3095 2984 vitia
3122 2970 3137 2996 ,
3180 2930 3306 2985 illud
3344 2930 3427 2985 vel

1869 3015 2157 3069 maximum
2184 3018 2311 3071 mihi
2346 3020 2515 3073 visum
2549 3030 2651 3084 est,
2685 3023 2827 3090 quod
2858 3021 3092 3091 scriptor
3134 3022 3428 3091 saepissime

1868 3106 2116 3173 periodos
2145 3121 2251 3161 non
2281 3108 2527 3164 absolvit.
2558 3109 2634 3163 Ex
2664 3125 2771 3179 quo
2808 3111 2869 3165 fit
2903 3121 2980 3176 ut,
3016 3113 3081 3177 si,
3106 3128 3222 3182 quae
3244 3111 3431 3168 Graece

1870 3194 2061 3267 legisti.
2094 3198 2317 3254 reddere
2354 3201 2485 3255 velis
2514 3201 2719 3269 Latine,
2747 3203 2984 3258 auctoris
3020 3210 3248 3258 mentem
3282 3216 3430 3257 asse-

1864 3286 1955 3353 qui
1990 3286 2074 3340 vix
2106 3289 2303 3355 possis.
2336 3288 2635 3359 Pr0ponam
2670 3292 2755 3345 hic
2778 3291 2895 3360 ejus
2916 3292 2994 3347 rei
3020 3292 3221 3361 aliquot
3247 3307 3431 3347 exem-

1867 3376 1979 3444 pla,
2017 3386 2072 3429 ut
2110 3378 2346 3446 quidque
2378 3393 2625 3441 occurret
2653 3396 2667 3433 :
2697 3397 2762 3436 ex
2809 3383 3005 3452 quibus
3036 3384 3101 3439 de
3136 3384 3317 3439 multis
3351 3386 3427 3439 si-

1865 3466 2080 3521 milibus
2132 3469 2437 3538 conjectura
2492 3471 2607 3525 ficri
2673 3476 2887 3542 poterit.
2937 3474 3230 3545 Scriptoris
3268 3477 3432 3545 igitur

1868 3558 2027 3615 verba
2056 3573 2181 3614 sunt
2208 3562 2320 3618 lucc
2352 3563 2403 3616 in
2433 3563 2558 3618 illud
2594 3564 2764 3633 (num.
2800 3566 2921 3634 ΗΞ)
2961 3584 2971 3618 :
3019 3565 3088 3621 Et
3118 3568 3433 3635 respondens

1866 3652 1919 3703 in
1943 3650 2037 3703 illa
2068 3652 2150 3705 die
2171 3652 2239 3715 ⁸³,
2266 3662 2368 3707 etc.
2402 3670 2413 3705 :
2451 3653 2563 3705 Νῦν
2586 3654 2641 3707 δὲ
2672 3654 2937 3726 φοϐοῦμαι
2958 3696 2972 3719 ,
3007 3656 3081 3728 μὴ
3124 3658 3180 3709 ὲν
3212 3660 3276 3727 τῇ
3310 3659 3432 3710 ἰουο

1868 3744 2023 3814 δαῖκῇ
2085 3745 2271 3798 στάσει
2323 3741 2462 3817 ἦσαν
2496 3764 2637 3810 τινες
2686 3750 2734 3800 οἱ
2791 3749 3036 3813 ἀναξίους
3072 3750 3295 3814 ἑαυτοὺς
3324 3751 3431 3804 τῶν

1868 3836 2067 3907 ἐτέρων
2094 3838 2279 3906 ἄρχειν
2319 3837 2629 3907 ἡγούμενοι,
2658 3838 2747 3890 διὰ
2788 3840 2885 3909 τὴν
2937 3840 3281 3911 συναίσθησιν
3331 3843 3430 3913 τῆς

1868 3927 2277 3998 ἐνυπαρχούσης
2312 3929 2493 3991 αὐτοῖς
2523 3929 2819 3999 πτωχείας·
2851 3932 2945 3984 ἐπὶ
2982 3932 3039 3985 δὲ
3065 3930 3172 3984 τῶν
3225 3933 3429 4003 παρόνο

1864 4036 1991 4081 των,
2026 4021 2128 4074 κᾶν
2190 4022 2261 4092 μὴ
2290 4014 2387 4074 ὧσί
2435 4039 2577 4085 τινες
2609 4022 2939 4094 ἐνδεδυμένοι
2993 4023 3245 4096 Χριστὸν,
3300 4024 3431 4096 μηδὲ

1868 4114 2149 4185 σπλάγχνα
2181 4115 2485 4183 οἰκτιρμοῦ,
2519 4115 2657 4167 κατὰ
2688 4116 2776 4167 τὸν
2805 4116 3144 4182 Ἀπόστολον,
3174 4116 3275 4169 κᾶν
3305 4118 3430 4169 ἑπι-

1866 4206 2094 4276 λάεηταί
2131 4224 2213 4269 τις
2248 4207 2345 4259 οὐκ
2385 4207 2743 4275 ἀντιλέγουσι,
2790 4207 2893 4261 κᾶν
2948 4208 3021 4279 μὴ
3080 4208 3426 4279 ἐπιλάϐηται,

1868 4298 2218 4351 είσωθοῢνται
2246 4298 2447 4353 πολλοί.
2480 4299 2632 4367 Quod
2686 4301 2755 4354 ila
2787 4302 2852 4355 ad
2908 4301 3130 4355 verbum
3164 4300 3428 4369 interpre-

1869 4393 2097 4445 tabimur
2122 4410 2133 4444 :
2169 4410 2187 4442 ι
2223 4391 2373 4448 Nunc
2400 4404 2576 4447 autem
2608 4395 2770 4448 timeo
2799 4408 2865 4448 ne
2897 4394 2949 4447 in
2970 4391 3189 4448 Judaica
3217 4390 3429 4460 quidem

1867 4481 2129 4538 seditione
2151 4493 2322 4545 erant,
2354 4485 2443 4553 qui
2480 4484 2728 4554 indignos
2750 4498 2809 4538 se
2850 4484 3166 4553 praefectura
3203 4482 3427 4538 aliorum

200 4585 308 4635 fere
336 4580 531 4650 pagina
558 4593 585 4630 a
622 4574 813 4645 quovis
835 4570 1047 4640 quidem
1071 4570 1225 4624 facile
1257 4570 1504 4640 cognosci
1541 4581 1715 4638 potest
1749 4591 1760 4625 :
1798 4606 1839 4660 Β
1873 4573 1998 4637 rati,
2027 4585 2209 4643 utpote
2232 4592 2340 4630 suae
2388 4576 2623 4644 ipsorum
2667 4576 2997 4647 paupertatis
3041 4574 3278 4639 conscii;
3337 4574 3429 4628 sed

195 4675 285 4727 sed
322 4682 505 4724 tamen
532 4678 589 4721 ut
621 4682 707 4721 res
736 4664 904 4719 oculis
934 4662 1062 4731 ipsis
1094 4661 1457 4729 subjiciamus,
1501 4661 1759 4727 ejusmodi

198 4760 458 4818 vocabula
500 4758 696 4828 quibus
725 4770 853 4810 usus
895 4763 977 4810 est
1024 4754 1285 4820 interpres
1328 4754 1380 4807 in
1411 4752 1759 4822 esplanandis

197 4859 318 4918 illis,
373 4871 392 4905 ι
422 4850 491 4905 Et
538 4855 727 4918 arguet
760 4846 1011 4913 populum
1046 4843 1310 4907 multum;
1375 4852 1429 4898 et
1476 4842 1761 4897 concident

199 4949 399 5018 gladios
447 4957 645 5005 suos”
677 4947 807 5003 etc.,
854 4936 952 4990 hoc
987 4936 1104 4991 loco
1135 4935 1389 4990 adnotare
1452 4935 1615 4989 visum
1656 4945 1757 4991 est.

199 5040 318 5095 Hzec
350 5037 515 5107 igitur
547 5042 671 5087 sunt
693 5046 809 5100 qua:
857 5028 927 5082 ibi
960 5028 1097 5081 intra
1134 5042 1333 5095 paucos
1365 5043 1551 5083 versus
1574 5027 1761 5098 leguu-

200 5146 303 5200 ιιιτ,
348 5126 689 5199 σωματικὸν,
737 5120 1053 5192 πληκτικὸς,
1118 5120 1415 5191 εἰρηνικὴν,
1471 5124 1760 5191 εἰρηνικὸν,

202 5221 555 5294 συμϐατικὸν,
585 5215 906 5287 φθαρτικὴν,
930 5215 1191 5281 Αογικαῑς,
1230 5213 1760 5283 παρασκευαστικὴν,

200 5314 500 5385 ποιητικὸν,
559 5305 898 5369 συνακτικὸν,
954 5304 1276 5367 συνδετικὸν,
1334 5304 1566 5372 λογικόν.
1617 5303 1761 5367 Haec,

200 5409 435 5474 inquam,
464 5412 596 5459 sunt
625 5416 743 5471 qure
791 5398 965 5468 legere
1008 5398 1078 5452 sit
1116 5398 1167 5451 in
1194 5396 1338 5451 brevi
1372 5398 1458 5451 illo
1480 5395 1619 5465 quod
1654 5396 1761 5450 dixi

200 5497 388 5563 spatio.
422 5493 588 5547 Plura
632 5490 722 5559 qui
748 5490 929 5543 videre
954 5489 1117 5551 volet,
1148 5487 1213 5548 is,
1237 5486 1448 5555 opinor,
1490 5488 1533 5540 si
1564 5484 1643 5537 vel
1681 5503 1764 5539 sc-

201 5590 298 5640 mel
339 5588 533 5639 librnm
564 5583 793 5652 aperiat,
836 5580 1073 5648 ejusdem
1108 5579 1324 5650 generis
1354 5578 1456 5633 alia
1495 5578 1657 5631 multa
1686 5580 1760 5632 in-

265 5727 310 5757 ⁸³
340 5727 441 5781 lsa.
472 5741 553 5787 ιιι,
585 5722 635 5775 7.

1873 4664 1971 4719 hoc
1998 4675 2255 4733 tempore,
2284 4666 2492 4721 etiamsi
2531 4682 2634 4723 non
2684 4668 2789 4722 sint
2814 4667 2903 4735 qui
2930 4664 3099 4721 induti
3130 4664 3425 4730 Christum,

1870 4774 2042 4827 neque
2100 4760 2305 4813 viscera
2364 4759 2769 4824 misericordias,
2814 4778 2831 4810 ι
2871 4769 2976 4815 etc.
3040 4758 3197 4813 Certe
3222 4758 3266 4811 si
3311 4757 3430 4826 quis

1870 4851 1939 4904 ita
1971 4850 2159 4905 Latine
2206 4852 2675 4922 interpretaretur,
2708 4854 2871 4907 risum
2928 4850 3270 4905 audientibus
3316 4865 3429 4904 mo-

1868 4951 2045 5002 veret;
2082 4950 2135 4996 et
2180 4953 2355 4997 tamen
2418 4958 2748 5013 unaquaeque
2806 4958 2908 4999 vox
2958 4941 3150 4995 Latina
3212 4940 3430 4997 cuilibet

1868 5032 1983 5085 voci
2022 5031 2220 5087 Graeca!
2256 5034 2409 5101 plane
2456 5035 2761 5101 respondet.
2792 5033 2916 5101 Sed,
2940 5041 3003 5088 ut
3052 5032 3184 5095 dixi,
3230 5032 3425 5086 verbo-

1869 5142 1985 5180 rum
2016 5126 2323 5181 Graecorum
2349 5126 2646 5181 obscuritas
2686 5125 2809 5180 inde
2850 5136 3024 5181 ortum
3074 5124 3255 5191 habet,
3287 5125 3427 5194 quod

1878 5232 1985 5271 non
2024 5218 2267 5272 videatur
2289 5218 2519 5286 scriptor
2566 5218 2816 5287 periodos
2841 5215 3149 5282 absolvere;
3188 5216 3275 5285 qui
3314 5230 3428 5270 mos

1866 5318 1923 5358 ut
1947 5306 2230 5375 plurimum
2260 5306 2455 5360 fastidii
2484 5307 2849 5376 paritlectori,
2880 5306 2954 5361 ita
3007 5307 3295 5359 maximum
3328 5319 3424 5359 ne-

1866 5397 2068 5465 gotium
2104 5397 2379 5465 interpreti
2414 5398 2651 5451 exhibet.
2685 5396 2751 5450 Et
2795 5413 2925 5451 vero
2954 5396 3146 5451 credas
3188 5404 3305 5464 post
3339 5410 3426 5448 vo-

1867 5503 1981 5541 cem
2038 5487 2329 5557 ἡγούμενοι
2382 5498 2689 5542 secuturum
2742 5488 2957 5557 aliquod
2994 5488 3237 5551 verbum,
3285 5484 3424 5555 quod

1867 5583 2170 5636 orationem
2215 5582 2497 5636 absolvat:
2529 5583 2623 5635 sed
2681 5582 2730 5636 id
2763 5584 2980 5637 verbum
3027 5581 3265 5636 additum
3320 5590 3425 5632 non

269 5871 341 5939 (α)
386 5868 623 5923 Verbum
670 5874 849 5919 tamen
904 5858 1395 5932 ἁποτηγανὶζεσοαι
1453 5860 1645 5929 lvgilu:
1688 5860 1737 5914 in
1776 5858 1932 5926 prim:

1092 5858 1395 5929 γανὶζεσοαι
1453 5860 1645 5929 lrgilut’.
1688 5860 1737 5914 in
1776 5858 1947 5926 prima
1974 5856 2214 5911 oratione
2252 5853 2327 5908 De
2360 5854 2575 5916 ieiunio.
2606 5853 2755 5907 Enn.
