4212 6496
779 430 828 473 Cl
843 437 974 480 ινιιι

2131 417 2653 477 PROLEGOMENA.

786 549 890 594 est.
932 539 1044 593 Hoc
1071 547 1247 593 autem
1309 539 1489 594 dicere
1529 538 1734 593 videtur
1781 538 2041 608 interpres
2074 537 2332 594 Graecus:
2366 541 2411 597 Α
2439 540 2487 592 αἰ

2452 536 2816 607 ιίσθανόμενοι
2852 536 2949 607 τῆς
2991 533 3117 605 παρ’
3166 531 3355 585 ἑαυτοῦ
3405 531 3641 601 δωρεᾶς·
3688 534 3738 585 οἱ
3768 533 3859 598 δέ,
3887 541 4001 589 cleo

795 651 813 682 ι
849 630 1004 686 Nunc
1046 644 1223 685 autem
1262 636 1443 697 timeo,
1484 646 1575 697 ne,
1604 641 1663 686 ut
1695 633 1821 687 olim
1856 633 1907 686 in
1946 632 2165 687 Iudaica
2195 632 2337 686 sedi-

785 724 932 777 t20ne
964 732 1122 777 erant
1161 722 1250 791 qui
1288 725 1492 791 seipsos
1526 724 1918 777 arbitrarentur
1950 725 2217 793 indignos.
2245 723 2335 792 qui

787 813 991 866 caeteris
1040 813 1668 883 praeﬁcerenturmtpote
1695 828 1804 867 suae
1836 813 2067 882 ipsorum
2115 828 2342 882 pauper-

786 904 914 958 tatis
972 905 1199 972 conscii,
1253 905 1326 960 ita
1380 907 1482 961 hoc
1534 915 1775 975 tempore
1820 907 1930 961 sint
1958 906 2218 971 nonnulli,
2246 906 2338 976 qui

788 995 911 1050 licet
962 996 1230 1051 Christum
1281 1005 1336 1050 et
1388 996 1751 1051 miserationis
1790 996 1995 1052 viscera
2024 997 2193 1051 induti
2229 1011 2335 1051 non

786 1086 917 1148 sint,
942 1086 1232 1140 secundum
1262 1086 1598 1156 Apostolum,
1628 1088 1673 1141 si
1704 1087 1821 1156 quis
1856 1096 2032 1143 tamen
2064 1103 2156 1143 eos
2216 1102 2341 1157 pro-

792 1185 1024 1238 moveat.
1065 1192 1169 1231 non
1205 1176 1583 1232 contradicant
1620 1193 1634 1228 :
1664 1186 1719 1232 et
1750 1178 1793 1230 si
1822 1186 2133 1247 promoveat
2160 1192 2339 1241 nemo,

789 1276 965 1320 tamen
1009 1265 1221 1335 plurimi
1252 1280 1309 1321 se
1340 1266 1638 1320 intrudunt.
1686 1284 1706 1317 ι
1757 1265 2057 1321 Notandum
2096 1276 2150 1321 et
2191 1266 2341 1331 illud,

787 1356 950 1411 verba
994 1354 1180 1410 Graeca
1228 1355 1555 1425 perturbari,
1605 1370 1704 1411 nec
1746 1370 1843 1409 suo
1913 1355 2029 1411 loco
2073 1356 2218 1425 poni.
2267 1354 2344 1410 Ita

786 1448 928 1501 enim
966 1447 1125 1502 scribi
1155 1456 1466 1515 oportuerat
1496 1462 1510 1497 :
1558 1447 1678 1500 Ἐπὶ
1698 1448 1755 1501 δὲ
1787 1447 1896 1500 τῶν
1923 1448 2220 1519 παρόντων,
2240 1450 2344 1502 κᾶν

789 1526 891 1585 ὦσι
942 1550 1088 1596 τινες
1141 1534 1214 1605 μὴ
1251 1534 1586 1606 ἐνδεδυμένοι
1616 1535 1870 1606 Χριστόν,
1896 1546 2001 1590 etc.
2038 1555 2058 1588 ι
2102 1536 2206 1592 Sed
2244 1538 2344 1593 hoc

793 1635 1052 1693 tempore,
1099 1626 1308 1680 etiarnsi
1348 1627 1686 1680 inveniantur
1732 1628 1819 1696 qui
1854 1627 2122 1682 Christum
2175 1630 2342 1683 induti

792 1728 895 1767 ron
952 1712 1079 1777 sint,
1118 1732 1137 1767 ι
1165 1724 1272 1769 etc.
1326 1713 1598 1785 lnterpres
1631 1717 1925 1786 explanans
1967 1719 2054 1772 illa
2094 1716 2243 1775 Isaiae
2275 1720 2343 1785 “,

791 1798 859 1853 Et
890 1802 1323 1867 humiliabuntur,
1347 1813 1393 1858 et
1429 1804 1673 1873 lugebant
1713 1806 1875 1860 theca:
1922 1817 2142 1861 ornatus
2171 1808 2341 1871 vestri,

2444 628 2587 681 ltlem
2623 625 2831 691 vitium,
2860 625 3002 694 quod
3060 624 3215 677 alias.
3263 621 3551 690 Participia
3606 621 3718 684 illa,
3749 620 3903 686 θντες
3942 631 4003 675 et

2442 716 2843 787 αἰσθανόμενοι,
2874 716 3097 770 verbum
3138 713 3353 781 aliquod
3414 712 3727 781 adjunctum
3769 712 4005 766 habeant

2443 822 2666 864 necesse
2720 816 2821 873 est,
2854 816 2913 860 ut
2966 805 3233 859 sententia
3290 805 3477 859 idonea
3528 802 3813 871 elﬁciatur,
3851 819 4005 859 come

2444 900 2783 970 pleaturque.
2814 897 3063 951 Fortasse
3087 906 3317 950 mentem
3344 894 3627 964 scriptoris
3668 894 4002 964 assequeris,

2444 990 2489 1045 si
2546 990 2619 1043 ita
2681 989 3079 1057 interpretere:
3125 1006 3143 1037 ι
3181 985 3281 1053 Qui
3332 985 3549 1053 quidem
3584 984 3677 1039 Ilei
3727 1001 3829 1055 ope
3866 984 4004 1039 tales

2446 1079 2733 1145 exsistunt,
2764 1076 2960 1131 donum
2986 1075 3112 1129 illud
3140 1075 3209 1129 ab
3224 1090 3291 1130 eo
3313 1072 3611 1143 proliscisci
3642 1082 3998 1143 agnoscunt.-

2448 1168 2617 1235 Quam
2681 1170 2862 1237 inepta
2923 1167 2996 1221 sit
3051 1166 3167 1221 hzec
3230 1166 3483 1237 loquendi
3535 1165 3696 1227 ratio,
3732 1179 4004 1235 quamque

2447 1260 2618 1315 aliena
2649 1276 2677 1314 a
2708 1259 2887 1314 Basilii
2927 1259 3086 1329 stylo,
3115 1258 3197 1312 hic
3226 1259 3405 1312 dicere
3434 1257 3565 1311 nihil
3590 1256 3801 1313 attinet.
3832 1257 4005 1311 Eum-

2448 1353 2567 1408 dem
2594 1354 2661 1407 ad
2705 1352 2921 1406 modum
2969 1350 3152 1403 mutila
3186 1350 3349 1404 dictio
3397 1359 3503 1411 est,
3534 1348 3623 1403 ubi
3664 1348 4007 1415 explicantur

2450 1445 2538 1498 illa
2570 1444 2739 1514 (num.
2759 1441 2882 1512 185)
2907 1457 2920 1494 :
2941 1438 3009 1493 Et
3040 1442 3095 1493 in
3118 1456 3272 1493 manu
3290 1457 3383 1493 sua
3403 1440 3620 1493 habebat
3641 1437 3916 1491 carbonem
3934 1435 4004 1488 ³⁸.

2452 1536 2541 1591 Sic
2573 1536 2712 1590 enim
2747 1535 2979 1604 loquitur
3008 1550 3022 1587 :
3053 1533 3115 1585 El
3161 1532 3288 1603 γὰρ,
3330 1532 3463 1602 ὅπερ
3496 1530 3907 1601 ὲφαντάσθησάν
3934 1545 4012 1583 τι·
4045 1535 4049 1539 '

2451 1644 2558 1691 νες,
2591 1626 2658 1679 τὰ
2686 1626 2777 1679 δύο
2794 1625 2885 1677 τοῦ
2917 1624 3145 1696 οὐρανοῦ
3172 1624 3518 1693 ήμισφαίρια,
3548 1626 3650 1677 ἀνὰ
3680 1624 3844 1695 μέρος
3866 1623 4012 1694 ὑπὲρ

2449 1721 2551 1790 γῆς
2574 1718 2890 1789 φαινόμενα,
2917 1715 2976 1780 ἐξ
3004 1716 3222 1787 μέρεσιν
3249 1714 3542 1783 ἑκατέρων,
3564 1713 3723 1766 οἱονεί
3742 1730 3851 1765 τισι
3884 1730 4012 1766 πτε-

2453 1812 2587 1880 ροῖς,
2611 1807 2747 1878 πρὸς
2772 1806 2869 1877 τὴν
2905 1805 3079 1871 ὀξεῖαν
3126 1805 3338 1876 κίνησιν
3366 1804 3737 1873 κεχρημένων,
3765 1803 3883 1863 πῶς
3904 1806 4013 1857 ἀπ-

792 1896 867 1946 sic
904 1893 1321 1964 loqttitur(num.
1346 1894 1467 1963 I32)
1492 1898 1760 1967 εΧρυσίου
1786 1898 1877 1949 καὶ
1905 1897 2165 1967 ἀργυρίου
2188 1897 2350 1967 θῆκαι
2381 1892 2425 1949 Β
2454 1921 2487 1955 ει

2454 1901 2729 1955 εστέλλετο
2756 1900 2815 1953 τὸ
2837 1899 3018 1972 ἕτερον
3041 1896 3276 1962 eodem;
3317 1897 3442 1951 l’ost
3481 1911 3662 1950 vocem
3714 1895 4015 1964 φαινόμενα

792 1982 885 2035 καὶ
908 1983 1131 2055 ἐσθῆτος
1180 1986 1526 2049 πολυτελοῦς,
1561 1987 1655 2039 καὶ
1704 1986 1864 2040 λίθων
1894 1987 2348 2059 βαρυτίμων,ἓως
2452 2010 2487 2047 ν.

2452 1993 2671 2048 verbum
2698 1990 2911 2060 aliquod
2934 2000 3235 2058 exspectas,
3266 1993 3357 2043 sed
3390 1988 3516 2042 illud
3543 1987 3636 2040 tibi
3662 1986 4014 2040 divinandum

796 2077 894 2145 μὲν
932 2075 996 2129 ἂν
1049 2076 1147 2149 ἔχῃ
1191 2077 1260 2131 τὰ
1304 2080 1585 2149 κειμήλια,
1612 2076 1814 2149 πολλῆς
1847 2078 2086 2145 ἀξιοῦται
2115 2080 2349 2149 σπουδῆς
2454 2101 2487 2139 Π

2454 2085 2666 2153 reliquit
2702 2082 2983 2152 interpres.
3002 2079 3200 2133 Ibidem
3228 2080 3454 2150 legimus
3480 2078 3650 2133 ;Ἀλλ⁹
3674 2077 3812 2147 ὅπερ
3838 2072 4014 2140 εἷπον,

796 2168 887 2219 καὶ
914 2166 1255 2237 ἐπιμελείας·
1290 2170 1347 2221 ὲν
1402 2171 1568 2233 οἴκοις
1616 2171 1828 2241 ὀχυροῖς
1877 2168 2212 2240 ἀποκείμενα
2259 2172 2351 2223 ἐπὶ
2449 2168 2704 2246 δυ’νάμεις
2757 2176 3140 2246 ὑπερκόσμιαι,
3178 2174 3274 2244 τῆς
3328 2174 3610 2243 ἐγγυτάτω
3655 2174 3901 2235 στάσεως
3927 2171 4019 2225 διὰ

792 2258 1007 2328 υψηλῶν
1035 2260 1232 2324 τόπων,
1256 2262 1347 2312 καὶ
1373 2260 1578 2330 μοχλοὶ,
1614 2261 1707 2313 καὶ
1732 2260 1896 2325 κλεῖς,
1919 2260 2011 2312 καὶ
2041 2261 2349 2331 σφραγῖδες,

792 2348 887 2402 sui.
907 2348 1162 2417 φύλακες,
1187 2352 1280 2403 καὶ
1308 2350 1482 2402 πάντα
1505 2349 1573 2402 τά
1591 2350 1725 2420 πρὸς
1746 2349 2040 2419 ἀσφάλειαν
2061 2351 2152 2403 καὶ
2185 2350 2353 2419 φυλα-

795 2440 893 2509 κὴν
916 2440 1292 2512 ὲπινοούμενα.
1340 2441 1585 2495 Ἐπειδὰν
1614 2440 1669 2494 δὲ
1698 2443 1847 2506 κενά,
1881 2450 1984 2497 etc.
2013 2441 2129 2508 Quo
2166 2457 2349 2497 exem-

796 2532 886 2597 plo
908 2533 1188 2600 perspicue
1216 2533 1480 2602 probatur
1527 2535 1875 2601 interpretem
1905 2532 2257 2598 ὲλλειπτικῶς
2279 2535 2351 2589 si-

797 2622 903 2675 moi
942 2632 996 2677 et
1019 2624 1247 2679 obscure
1284 2624 1515 2680 locutum
1568 2624 1760 2681 fuisse.
1817 2624 1949 2680 Nam
1981 2634 2099 2693 post
2126 2625 2233 2688 illa,
2259 2627 2354 2679 καὶ

796 2714 1003 2784 μοχλοὶ,
1041 2715 1134 2768 καὶ
1194 2714 1361 2780 κλεῖς,
1387 2726 1517 2780 etc.,
1572 2715 1773 2784 aliquid
1822 2712 2170 2783 supplendum
2236 2728 2355 2769 esse

794 2822 958 2860 nemo
988 2821 1092 2859 non
1123 2808 1299 2870 videt;
1330 2821 1431 2860 nec
1460 2819 1682 2860 necesse
1713 2804 1885 2858 habeo
1916 2804 1981 2858 de
2022 2805 2355 2860 obscuritate

796 2897 998 2960 dicere,
1029 2912 1149 2951 cum
1202 2910 1268 2950 ea
1320 2909 1417 2967 per
1454 2910 1513 2951 se
1567 2896 1703 2950 satis
1755 2904 1952 2965 pateat.
1989 2894 2140 2950 Alius
2179 2896 2354 2964 quivis

797 2988 1029 3057 scriptor
1058 2989 1286 3058 diligens
1322 2989 1395 3043 ita
1418 2989 1728 3059 scripsisset
1766 3007 1779 3042 :
1813 2990 2049 3059 Χρυσίου
2074 2989 2166 3041 καὶ
2192 2990 2353 3059 ἀργυ·

800 3079 914 3149 ρίου
935 3078 1099 3151 θῆκαι
1130 3057 1222 3133 καὶ
1247 3079 1471 3148 ἐσθῆτος
1506 3057 1846 3139 πολυτελοῦς,
1866 3057 1966 3131 άᾶι
1988 3078 2148 3130 λίθων
2188 3057 2352 3148 βάρυ-

797 3173 992 3242 τίμων,
1046 3173 1153 3232 ἕως
1216 3172 1315 3243 μὲν
1368 3173 1434 3225 ἂν
1489 3170 1652 3241 ἔχωσι
1708 3169 1778 3223 τὰ
1820 3169 2097 3239 κειμήλια,
2145 3169 2354 3231 πολλοῖς

796 3232 1160 3325 ἀξιοῦνται-η.
1216 3232 1666 3331 ἀτωκείμεναι....
1716 3232 2074 3330 ὲπινοοθμ-ενα
2136 3232 2424 3332 προστί-ο

798 3354 987 3408 θενται
1021 3371 1035 3405 :
1095 3354 1237 3424 quod
1284 3353 1356 3407 ita
1399 3353 1741 3423 interpretari
1778 3352 2061 3407 licuisset:
2102 3371 2120 3404 ι
2161 3351 2354 3409 Theca

798 3444 912 3497 auri
937 3453 991 3499 et
1024 3444 1230 3514 argenti
1256 3445 1527 3513 vestisque
1554 3453 1878 3513 sumptuosae
1901 3452 1956 3497 et
1997 3443 2351 3512 pretiosorum

804 3534 1322 3602 Iapidum,quandiu
1372 3532 1725 3602 suppellectili
1783 3534 2014 3601 pretiosa
2062 3532 2352 3599 replentur,

803 3623 979 3677 studio
1040 3623 1204 3676 multo
1235 3632 1393 3691 atque
1436 3623 1709 3691 diligentia
1759 3631 2123 3686 asservantur,
2172 3636 2235 3675 ac
2271 3638 2356 3677 se-

802 3724 1073 3781 ponuntur
1095 3713 1147 3766 in
1182 3716 1313 3768 tutis
1355 3714 1549 3767 aedium
1578 3714 1819 3781 partibus
1841 3721 1895 3768 et
1929 3713 1980 3767 in
2021 3714 2250 3767 excelsis
2276 3712 2357 3769 lo-

801 3808 914 3871 cis;
946 3808 1373 3873 adbibentttrque
1422 3816 1621 3871 vectes,
1658 3806 1852 3871 claves,
1887 3824 1908 3859 ›
1937 3815 2043 3863 etc.
2110 3806 2238 3875 Legi
2271 3819 2359 3874 po-

806 3907 909 3949 test
936 3912 997 3950 ea
1031 3912 1191 3961 quam
1228 3899 1292 3948 ad
1329 3899 1468 3951 hunc
1492 3897 1667 3952 locum
1697 3899 1873 3952 addidi
1907 3907 2051 3952 nota.
2111 3897 2219 3953 Nec
2244 3898 2352 3953 dis-

804 3988 985 4043 simile
1040 3990 1201 4056 illud,
1251 4004 1358 4058 quo
1403 3992 1757 4057 explanantdr
1808 3992 1966 4043 verba
2016 3990 2131 4045 haec
2179 3993 2353 4059 (num.

807 4083 929 4153 155)
973 4100 986 4135 :
1024 4084 1088 4138 In
1117 4086 1199 4138 die
1234 4097 1407 4138 autem
1436 4082 1533 4136 illa
1563 4082 1876 4152 splendescet
1900 4082 1965 4146 ⁸⁸,
1993 4092 2098 4135 etc.
2140 4100 2155 4135 :
2208 4082 2359 4134 Καθὸ

806 4178 943 4229 καὶό
974 4179 1253 4248 προφήτης
1297 4176 1431 4245 πρὸς
1462 4176 1587 4237 τοὺς
1639 4176 1696 4227 ὲν
1745 4172 1926 4245 ἔργοις
1970 4173 2066 4244 μὲν
2105 4174 2357 4244 πονηροῖς

802 4266 981 4329 ὂντας,
1011 4266 1325 4334 ἐπείγοντας
1351 4266 1408 4318 δὲ
1438 4264 1534 4336 τὴν
1566 4263 1776 4335 ἡμέραν
1809 4266 1907 4334 τῆς
1932 4262 2355 4328 ἀνταποδόσεως.

805 4358 943 4419 Ὶνα.
975 4368 1080 4412 etc.
1132 4375 1151 4408 ι
1183 4357 1639 4424 Quemadmodum
1669 4365 1723 4412 et
1772 4357 2030 4427 prapheta
2061 4358 2112 4412 in
2148 4373 2242 4413 eos
2273 4358 2356 4411 in-

801 4450 1034 4515 vehitur,
1063 4449 1151 4519 qui
1179 4450 1385 4504 etiamsi
1434 4452 1487 4505 in
1535 4451 1788 4519 operibus
1835 4445 2115 4517 ﬂagitiosis
2170 4463 2358 4505 versa-

2451 2268 2549 2337 τὴν
2577 2269 2633 2320 ὲν
2665 2268 2919 2337 ἁγιασμῷ
2947 2267 3221 2337 ἀκρότητα
3254 2265 3689 2336 κατηξιωμέναιο
3716 2260 3792 2319 ὧν
3819 2265 3877 2335 ἠ,
3904 2273 4015 2318 etc.

2453 2359 2555 2414 'l'ot
2589 2360 2894 2429 participia,
2924 2363 3088 2415 verbo
3118 2359 3390 2426 destituta,
3427 2358 3558 2412 nihil
3591 2359 3885 2428 quidquam
3910 2355 4015 2410 Ba-

2451 2453 2700 2507 Silianum
2724 2452 3037 2521 prteferunt,
3069 2465 3166 2507 nec
3194 2466 3383 2522 parum
3416 2451 3614 2505 habent
3638 2449 4014 2505 obscuritatis.

2450 2544 2531 2597 Ad
2564 2544 2704 2597 idem
2729 2558 2898 2612 genus
2932 2542 3163 2612 pertinet
3194 2542 3346 2604 illud,
3393 2557 3499 2609 quo
3533 2541 3700 2594 utitur
3734 2541 4013 2608 interpres

2454 2634 2520 2687 ad
2558 2633 2891 2702 explananda
2920 2633 3005 2683 illa
3041 2634 3211 2699 (num.
3241 2631 3367 2699 211)
3397 2649 3409 2684 :
3439 2631 3506 2682 Et
3527 2633 3869 2699 quodcunque
3888 2647 4018 2683 con~

2453 2727 2630 2778 silium
2659 2724 2880 2775 inieritis
2897 2722 2965 2786 ⁸³,
2995 2732 3099 2775 etc.
3131 2738 3145 2774 :
3184 2722 3394 2789 Ὥσπερ
3420 2720 3528 2791 γὰρ
3555 2722 3604 2771 οἱ
3626 2723 3691 2788 τῇ
3728 2721 4019 2791 προσθήκῃ

2453 2817 2550 2886 τῆς
2573 2814 2703 2885 ὕλης
2737 2815 2835 2884 τῆς
2870 2814 3182 2885 καιομένης,
3214 2814 3306 2865 ἐπὶ
3345 2813 3406 2867 τὸ
3435 2811 3617 2884 μεῖζον
3647 2813 3889 2881 αῖροντες
3915 2812 4021 2881 τὴν

2455 2906 2649 2977 φλόγα,
2680 2906 2841 2971 οὕτω,
2870 2918 2977 2961 etc.
3006 2906 3199 2962 Deesse
3232 2906 3433 2977 aliquid
3462 2916 3581 2974 post
3606 2919 3790 2960 vocem
3817 2904 4018 2973 φλόγα,

2456 2998 2640 3050 vident
2696 3011 2905 3051 omnes.
2976 2997 3235 3052 Similiter
3287 3012 3406 3051 cum
3471 2997 3862 3065 interpretatur
3924 2996 4018 3050 illa

2458 3090 2624 3156 (num.
2658 3088 2782 3156 226)
2822 3107 2834 3140 :
2893 3087 3032 3151 Quia
3061 3089 3309 3155 parvulus
3350 3102 3505 3144 natus
3559 3100 3635 3143 est
3662 3091 3807 3144 nobis
3824 3090 3893 3151 ”,
3932 3089 4017 3142 sui

2459 3191 2561 3229 non
2620 3176 2896 3231 dissimilis
2923 3184 3006 3230 est
3056 3177 3346 3246 interpres,
3374 3180 3453 3233 sic
3499 3179 3758 3248 loquens:
3796 3173 3966 3241 Οὗτος
3990 3181 4022 3232 ὁ

2454 3265 2550 3336 τὴν
2588 3268 2829 3337 μεγάλην
2868 3267 3060 3339 βουλὴν
3083 3268 3190 3339 ’τὴν
3222 3269 3712 3339 ἀποκεκρυμμένην
3760 3272 3868 3324 ἀπὸ
3905 3273 4021 3326 τῶν

2454 3356 2663 3412 αἰώνων
2692 3360 2961 3431 γνωρίσας
2990 3363 3110 3423 ταῖς
3150 3361 3361 3431 ἑτέραις
3388 3364 3600 3428 γενεαῖς
3653 3364 3727 3432 μὴ
3770 3380 4017 3433 φανερωεη

2454 3451 2637 3505 θεῖσαν
2663 3469 2675 3481 ⁸
2734 3448 2887 3516 οὗτος
2932 3454 2961 3506 ὀ
3002 3452 3327 3521 ἀναγγείλας
3382 3453 3474 3504 καὶ
3546 3451 3863 3523 φανερώσας
3927 3455 4023 3505 τὸν

2454 3544 2853 3613 ἀνεξιχνίαστον
2882 3544 3073 3598 ἑαυτοῦ
3111 3544 3338 3598 πλοῦτον
3379 3546 3436 3598 ὲν
3472 3547 3585 3608 τοῖς
3613 3544 3843 3607 ἔθνεσιν,
3878 3540 4022 3597 εἶναι

2452 3636 2522 3689 τά
2545 3635 2670 3707 ἔθνη
2704 3638 3111 3709 συγκληρονόμα
3141 3639 3233 3691 καὶ
3269 3638 3557 3710 σύσσωμα·
3585 3636 3747 3691 αὐτοῦ
3768 3636 3879 3708 γὰρ
3898 3636 4027 3689 τού-

2456 3746 2567 3792 του,
2586 3724 2647 3783 οἶι
2674 3732 2707 3801 ἡ
2746 3732 2887 3803 ἀρχή
2930 3733 3043 3785 ἐστι
3074 3733 3164 3785 ἐπὶ
3188 3729 3283 3786 τοῦ
3318 3731 3465 3802 ὥμου
3494 3732 3681 3795 αὑτοῦ,
3714 3731 4021 3795 τουτέστιν,

2456 3818 2490 3887 ἡ
2522 3818 2761 3888 βασιλεία
2815 3824 2905 3875 καὶ
2934 3824 2968 3892 ἡ
3021 3824 3246 3893 δύναμις
3276 3826 3331 3876 ὲν
3362 3825 3437 3894 τῷ
3469 3824 3702 3896 σταυρῷ.
3744 3825 3871 3877 Ἐπὶ
3901 3824 4017 3877 τοῦ.

2456 3907 2610 3964 Nunc
2650 3910 2840 3964 omitto
2892 3913 3169 3981 participia
3216 3914 3323 3976 illa,
3346 3914 3639 3982 γνωρίσας,
3666 3915 4019 3982 ἀναγγείλας,

2458 4003 2945 4077 φανερώσας,ᾳυω
3002 4004 3251 4058 videntur
3313 4005 3589 4059 indetinite
3634 4008 3805 4073 posita
3858 4026 3872 4060 :
3928 4012 4020 4061 sed

2456 4111 2640 4167 quacro
2670 4096 2795 4167 quid
2850 4094 2950 4152 sibi
2990 4096 3117 4150 velit
3153 4096 3300 4161 illud,
3339 4090 3496 4149 εἶναι.
3522 4094 3636 4149 Nan
3667 4096 3810 4148 enim
3865 4097 4022 4149 video

2457 4202 2563 4258 quo
2592 4198 2826 4260 regatur,
2860 4198 2915 4243 et
2942 4190 3011 4243 ad
3033 4189 3174 4257 quod
3202 4188 3389 4241 referri
3416 4188 3605 4257 possit.
3634 4186 3884 4255 Scriptor
3909 4187 4020 4241 for-

2458 4286 2603 4334 tasse
2632 4279 2799 4334 voluit
2849 4280 3084 4348 suppleri
3134 4281 3231 4332 bas
3280 4279 3412 4331 duas
3457 4293 3639 4343 voces,
3675 4280 3753 4343 εἰς
3797 4280 3862 4333 τό
3890 4282 4013 4350 (n):

2456 4370 2595 4439 quod
2635 4369 2706 4423 ita
2737 4369 3159 4438 interpretabere
3194 4382 3210 4421 :
3247 4386 3267 4419 ι
3306 4378 3366 4424 ut
3402 4373 3593 4425 tierent
3622 4381 3809 4438 gentes
3840 4374 4017 4426 cohae-

2461 4459 2621 4513 redes
2654 4470 2707 4512 et
2735 4458 3167 4526 concorporales.
3188 4477 3207 4511 ι
3242 4460 3477 4525 Accedit,
3498 4462 3636 4529 quod
3666 4460 3811 4526 illud,
3854 4462 4020 4515 αὑτοῦ

804 4550 1012 4603 rentur,
1044 4542 1391 4596 nihilominus
1415 4552 1588 4595 tamen
1614 4542 1754 4595 diem
1788 4540 2159 4597 retributionis
2201 4557 2358 4611 urge-
2391 4579 2434 4635 ι)
2465 4552 2567 4623 γὰρ
2592 4551 2805 4613 τούτου⁹
2835 4550 3108 4606 indeﬁnite
3136 4566 3345 4621 quoque
3394 4553 3621 4617 positum
3654 4565 3771 4605 esse
3832 4554 4019 4607 viden-

802 4636 951 4689 bant.
989 4634 1057 4690 Ut
1089 4636 1239 4704 quid,
1282 4655 1299 4686 ι
1337 4645 1443 4689 ete.
1467 4634 1626 4688 Certe
1660 4633 1877 4688 verbum
1924 4632 2139 4702 aliquod
2162 4634 2359 4687 excidit
2391 4632 2420 4635 ’
2464 4653 2574 4697 tur.
2613 4644 2717 4698 Nec
2753 4641 2994 4697 absimile
3022 4653 3123 4709 est,
3151 4642 3296 4711 quod
3362 4642 3585 4711 legimus
3621 4644 3672 4695 in
3704 4643 3788 4695 illa
3840 4645 4017 4714 (nutu.

803 4725 1104 4793 interpreti,
1148 4727 1236 4794 qui
1271 4726 1415 4780 aliud
1460 4725 1703 4796 cogitans
1751 4726 2050 4780 orationem
2108 4724 2358 4795 imperfe-

802 4829 942 4870 ctam
973 4818 1205 4887 reliquit.
1235 4819 1289 4871 In
1331 4818 1662 4887 explicandis
1716 4818 1822 4872 illis
1850 4834 1863 4870 :
1912 4815 2034 4870 Non
2064 4819 2354 4884 putabitur,

802 4924 964 4975 neque
1000 4907 1233 4975 {odietur
1295 4910 1516 4976 amplius
1538 4908 1606 4973 ⁸⁸,
1661 4908 1735 4961 ita
1784 4924 1844 4963 se
1893 4907 2144 4978 exprimit
2180 4910 2351 4978 (num.

802 5000 925 5069 m)
958 5018 971 5054 ε
1004 5000 1097 5064 Et;
1120 4996 1210 5053 οὖν
1237 5002 1337 5072 τὴν
1366 5000 1712 5072 ἀγεώργητον
1741 4998 1917 5071 ψυχὴν
1964 4999 2096 5053 πολὺ
2124 4999 2183 5051 τὸ
2225 5000 2360 5069 πλῆ-

800 5092 890 5155 θος
920 5093 1028 5148 τῶν
1060 5093 1355 5165 μεριμνῶν.
1390 5094 1499 5157 Διό,
1533 5105 1639 5151 etc.
1685 5092 1751 5146 Et
1809 5092 1893 5145 hic
1934 5106 2147 5161 quoque
2208 5101 2357 5146 curta

798 5194 880 5240 est
907 5195 959 5238 et
983 5187 1168 5239 mutila
1201 5186 1395 5241 oratio.
1432 5186 1660 5240 Verbum
1702 5186 1747 5239 si
1772 5184 2042 5254 suppleas.
2076 5185 2151 5237 ita
2184 5182 2355 5237 inter-

796 5279 999 5347 pretari
1058 5279 1285 5333 Hcebit:
1331 5299 1351 5329 ι
1400 5278 1583 5348 Itaque
1630 5279 1815 5347 ingens
1872 5292 2123 5329 curarum
2178 5283 2353 5329 turma

796 5370 1000 5425 invadit
1035 5372 1086 5424 in
1106 5372 1340 5425 animant
1365 5371 1639 5425 incultam.
1680 5388 1697 5419 ι
1729 5370 1818 5422 Illa
1864 5387 1875 5421 :
1930 5366 2020 5419 Va:
2046 5368 2133 5436 qui
2164 5367 2357 5420 intelli-

793 5478 965 5536 gentes
989 5468 1111 5522 estis
1155 5468 1206 5520 iu
1240 5465 1611 5531 nobismetipsis
1645 5463 1710 5526 ‘7,
1754 5463 2087 5529 explicantur
2115 5462 2216 5515 hoc
2246 5476 2356 5511 mo.

794 5560 863 5614 do
889 5562 1059 5627 (num.
1095 5559 1219 5626 I75)
1260 5577 1270 5610 ε
1305 5562 1365 5611 Οἱ
1396 5560 1491 5628 μὲν
1520 5558 1627 5611 ἀπὸ
1650 5553 1785 5611 Θεοῦ
1820 5554 1967 5615 ὄντες
2016 5552 2275 5607 τοιοῦτοι·
2308 5552 2356 5602 οἱ

870 5675 915 5706 ⁸⁵
939 5674 1036 5728 Isa.
1066 5691 1142 5731 Ill.
1167 5674 1255 5728 ‘26.
1332 5675 1375 5705 ⁸⁵
1407 5676 1504 5728 Isa.
1535 5692 1606 5738 tv,
1634 5675 1667 5726 2
1781 5673 1825 5703 ⁸⁸
1852 5670 1950 5725 Isa.
1983 5686 2033 5734 ν,
2075 5669 2128 5723 6.

796 5747 837 5778 ³⁸
880 5745 977 5797 Isa.
1006 5762 1058 5807 κ,
1078 5746 1168 5801 ‘20.

2221 5669 2415 5723 "ibid.
2446 5670 2532 5723 2i.

2464 4736 2615 4804 MS):
2650 4735 2714 4788 Et
2741 4735 2835 4788 erit
2863 4734 2918 4787 in
2949 4736 3031 4789 die
3059 4734 3175 4797 ilia,
3208 4751 3308 4787 non
3332 4735 3471 4786 ultra
3489 4734 3768 4803 adjicietur
3791 4737 3863 4798 ",
3885 4746 4017 4790 etc.:

2461 4828 2682 4889 Τούτοις
2701 4824 3075 4896 προστιθέντες
3103 4824 3288 4896 ὥσπερ
3318 4826 3501 4887 παῖδες
3528 4825 3740 4895 ἀνόητοι
3780 4829 3891 4889 τοῖς
3923 4827 4021 4879 ἀν·

2462 4916 2856 4987 δραποδισταῖς,
2884 4914 2933 4967 οῖ
2965 4913 3237 4977 πολλάκις,
3255 4925 3358 4969 etc.
3383 4914 3578 4968 Ibidem
3599 4932 3612 4967 :
3632 4914 4021 4983 Ιιροστιθέντες

2463 5002 2555 5061 οὖν
2584 5009 2821 5060 κάκεῖνοι
2849 5009 2959 5070 τοῖς
2982 5005 3222 5059 ἀδικοῦσι
3240 5020 3254 5036 ·
3284 5004 3566 5075 καὶὴμεῖς,
3584 5015 3685 5059 etc.
3712 5005 3824 5059 Sub
3858 5004 4019 5057 linem

2465 5102 2657 5168 capitis
2713 5099 2779 5152 14
2824 5100 2899 5154 sic
2954 5100 3193 5168 loquitur
3249 5098 3552 5164 interpres:
3604 5098 3753 5150 υἱόὲ
3783 5097 3875 5148 τὸν
3896 5095 4020 5150 νοῦν

2465 5186 2670 5245 ἑαυτῶν
2694 5190 3095 5263 κεκαθαρμένον
3122 5190 3351 5260 ἔχοντες,
3382 5190 3441 5251 ὃς
3479 5188 3801 5259 ὀνομάζεται
3858 5189 4017 5245 Σιών.

2474 5283 2712 5354 Ἐπειδὴ,
2743 5292 2847 5336 etc.
2882 5282 3041 5336 Plura
3097 5284 3356 5336 adnotare
3382 5279 3537 5333 facile
3566 5290 3671 5344 est,
3710 5294 3835 5333 cum
3867 5295 4018 5334 com-

2461 5376 2761 5427 mentarius
2791 5373 3058 5428 similibus
3079 5372 3336 5440 exemplis
3369 5370 3598 5427 refertus
3619 5371 3715 5433 sit;
3743 5373 3834 5424 sed
3874 5371 4019 5431 nolo,

2463 5478 2519 5515 ut
2556 5465 2807 5533 loquendi
2840 5480 3053 5535 quoque
3078 5465 3143 5519 de
3166 5464 3386 5533 reliquis
3414 5464 3556 5519 vitiis
3590 5464 3823 5531 supersit
3848 5463 4016 5515 locus.

2464 5552 2575 5608 Non
2614 5571 2829 5624 possum
2855 5564 3030 5611 tamen
3058 5555 3184 5625 quin
3214 5556 3460 5621 adjiciam
3497 5554 3671 5608 locum
3704 5551 4019 5622 quemdam,

2638 5673 2681 5703 ‘“
2719 5673 2815 5727 Isa.
2850 5690 2923 5741 vr,
2949 5673 3000 5727 6.
3086 5672 3259 5731 "-lsa.
3287 5689 3406 5740 vm,
3444 5673 3523 5727 l0.
3635 5672 3681 5703 9°
3710 5669 3814 5726 Isa.
3854 5686 3931 5736 ιχ,
3965 5667 4022 5726 0.

872 5837 950 5894 (α)
988 5837 1111 5890 Ἢύε
1142 5836 1507 5891 Praefationem
1540 5838 1663 5891 tomi
1691 5836 1755 5902 ll,
1787 5837 1920 5904 apud
1958 5853 2051 5891 nus
2088 5836 2169 5897 lli,
2199 5836 2224 5903 ﬁ.
2256 5852 2357 5887 \tv.
2397 5834 2551 5887 Evn.
