4212 6506
1316 449 1377 499 1).
1419 447 1562 501 JlIL.
1605 448 1935 503 GARNERII
1976 448 2365 502 PREFATIO.

3298 467 3454 504 (Ζῦῖιί

218 562 307 618 ubi
328 564 693 631 explanantur
727 556 817 613 illa
848 561 1018 630 (num.
1044 559 1170 627 506)
1205 578 1218 613 :
1251 562 1559 615 Audit-imus
1619 574 1795 615 contu-
1826 566 1871 623 Α
1900 563 2104 616 duisset
2129 559 2527 631 perspicuitati.
2582 557 2678 611 llic
2703 560 2852 615 locus
2884 559 2936 613 in
2976 562 3115 612 notis
3142 560 3459 613 illustratur.

218 657 423 711 meliam
453 652 610 705 Moab
634 668 653 705 :
676 655 1076 706 contumeliosus
1128 654 1274 707 valde
1303 654 1369 717 ",
1401 662 1508 707 etc.
1543 654 1634 708 Est
1696 670 1789 707 au-

220 759 329 801 tem
356 744 619 809 ejusmodi
651 761 666 797 :
697 746 804 798 Kal.
842 743 1075 799 ἐνταῦοα
1102 745 1281 797 τοίνυν
1312 743 1512 812 πολλὴν
1538 747 1649 807 τοῖς
1673 746 1790 796 ἐπι-

216 837 515 908 στρέψασιν
559 838 875 908 ἐμφήναντα
917 838 1255 909 χρηστότητα
1280 836 1347 888 τὰ
1390 838 1671 906 εἰρημένα,
1697 839 1790 890 ἀπ’

216 929 383 997 ἄλλης
438 928 615 998 ἀρχῆς
674 930 744 983 τὰ
791 926 1091 997 πικρότερα
1147 930 1306 983 πάλιν
1360 927 1788 983 ὲπανατείνεται.

219 1022 394 1083 Quem
424 1016 605 1071 locum
634 1035 755 1075 eum
796 1017 1040 1072 crederet
1083 1016 1439 1073 Combelisius
1474 1018 1789 1071 mendosum

219 1122 364 1170 esse,
396 1121 523 1161 eum
580 1110 657 1163 sic
707 1108 1097 1162 emendandum
1143 1108 1374 1171 censuit,
1424 1108 1623 1179 πολλὴν
1678 1109 1789 1170 τοῖς

216 1199 611 1271 ἐπιστρέψασιν
669 1198 915 1267 ἐμφήνας
956 1199 1052 1271 τὴν
1109 1198 1451 1270 χρηστότητα
1507 1200 1658 1272 παρά
1700 1198 1787 1261 τά,

217 1290 501 1357 additque,
549 1307 567 1336 ‹
622 1286 711 1341 Sic
759 1289 890 1343 mihi
958 1293 1171 1344 videtur
1225 1288 1409 1343 Basilii
1457 1292 1788 1345 restituenda

218 1381 401 1441 lectio,
431 1394 498 1433 ac
525 1379 831 1435 soloecismo
864 1382 1158 1444 liberanda,
1200 1381 1287 1434 cui
1318 1382 1361 1434 is
1396 1383 1615 1438 minime
1653 1381 1789 1438 solet

217 1486 337 1525 esse
369 1470 659 1525 obnoxius.
691 1490 708 1522 ι
740 1471 872 1529 Τυω
931 1476 1123 1528 deinde
1153 1474 1295 1527 hunc
1321 1473 1493 1529 locum
1525 1486 1691 1540 recte,
1732 1485 1791 1530 ut

219 1564 463 1634 putabat,
505 1564 835 1635 feliciterque
878 1575 1179 1621 correctum
1222 1565 1300 1620 sic
1338 1566 1731 1635 interpretatur
1769 1584 1781 1619 :

227 1673 250 1706 s
279 1652 380 1712 Ubi
406 1671 504 1728 per
530 1673 593 1712 ea
619 1673 738 1728 quae
762 1658 905 1711 dicta
940 1666 1084 1724 sunt,
1119 1656 1209 1723 iis,
1236 1659 1327 1727 qui
1376 1664 1787 1719 convertuntur.

223 1746 448 1801 multam
483 1747 774 1801 insinuavit
804 1746 1077 1801 lenitatem
1094 1762 1157 1803 ac
1187 1747 1552 1809 clementiam,
1585 1747 1652 1801 ab
1684 1748 1789 1803 alio

227 1858 416 1897 rursus
461 1839 728 1911 principio
761 1839 1039 1894 acerbiora
1078 1840 1327 1896 intentat.
1360 1859 1378 1892 ι
1416 1838 1519 1895 Sed
1560 1856 1681 1897 eum
1710 1842 1789 1897 fe-

227 1932 365 1987 fellit
415 1945 553 1984 vana
606 1928 897 1984 soloecismi
937 1931 1137 1999 imago.
1171 1930 1524 1997 Soltecismus
1554 1946 1658 1985 non
1683 1941 1788 1994 est,

224 2021 319 2076 sed
366 2021 601 2090 pessima
657 2020 911 2091 loquendi
956 2021 1113 2085 ratio,
1156 2021 1279 2073 huic
1304 2021 1533 2082 auctori,
1572 2030 1629 2072 ut
1657 2020 1792 2073 vidi-

227 2127 371 2177 mus,
427 2110 851 2182 perfamiliaris:
887 2126 990 2179 qua
1032 2109 1331 2180 participiis
1390 2110 1593 2165 incerte
1630 2120 1793 2178 atque

228 2203 511 2260 indefinite
574 2203 649 2256 uti
694 2202 848 2256 solet.
905 2200 1133 2271 Itaque,
1191 2209 1247 2255 ut
1296 2201 1429 2255 alias
1488 2216 1665 2271 stupe,
1720 2202 1793 2255 ita

224 2298 390 2350 etiarn
449 2296 539 2350 hic
593 2294 933 2366 participium
999 2295 1077 2349 sic
1135 2293 1291 2349 debet
1350 2294 1550 2362 accipi,
1596 2303 1651 2347 ut
1703 2293 1794 2348 ali-

226 2387 353 2456 quid
419 2384 729 2441 necessario
801 2382 1153 2453 supplendum
1229 2381 1299 2436 sit
1363 2381 1431 2434 ad
1491 2380 1792 2436 orationem

224 2478 621 2534 absolvendam.
655 2476 765 2532 Nec
802 2486 1107 2533 erraturum
1158 2482 1307 2543 puto.
1362 2474 1452 2541 qui
1513 2473 1792 2528 existima-

228 2572 298 2623 rit
338 2585 500 2625 voces
550 2570 869 2639 ἐμφήναντα
907 2567 975 2619 τὰ
1012 2567 1298 2636 εἰρημένα,
1346 2567 1433 2619 hic
1462 2567 1513 2620 in
1575 2565 1791 2620 modunt

224 2676 385 2717 casus
441 2660 673 2715 absoluti
731 2660 933 2727 positas
984 2672 1151 2712 esse:
1201 2664 1317 2721 aut,
1358 2658 1403 2711 si
1456 2657 1646 2721 mavis,
1674 2671 1793 2710 mo-

227 2754 326 2807 dus
355 2752 661 2808 indefinitus
691 2751 1009 2822 ἐμφήναντα
1031 2750 1132 2805 hoc
1154 2747 1292 2812 loco,
1328 2756 1385 2802 ut
1416 2747 1540 2802 alibi
1571 2748 1791 2818 passim,

227 2847 434 2915 positus
483 2852 562 2899 est
627 2861 725 2914 pro
780 2844 962 2909 linito,
1025 2843 1312 2915 ἐνέφηναν,
1367 2842 1446 2897 sic
1509 2852 1711 2909 tamen,
1738 2848 1795 2895 ut

228 2937 581 2990 subaudiatur
614 2953 715 2993 vox
750 2938 936 3007 ἐπειδή
960 2975 975 2997 .
1024 2945 1114 2989 aut
1147 2936 1251 2989 alia
1292 2934 1505 2998 similis,
1540 2935 1682 3003 quod
1722 2935 1793 2987 ita

228 3029 366 3082 verti
422 3028 662 3097 poterit:
701 3047 720 3079 t
760 3028 824 3082 Et
853 3029 939 3082 hic
994 3028 1155 3096 igitur
1212 3035 1495 3094 postquam
1543 3040 1627 3090 ea,
1675 3040 1795 3093 quae

229 3121 371 3173 dicta
404 3128 553 3182 sunt,
584 3118 810 3173 multum
841 3118 1192 3174 OStenderunt
1221 3117 1455 3171 lenitatis
1486 3126 1645 3185 atque
1686 3117 1797 3170 cle-

232 3213 468 3277 mentiae,
500 3212 568 3267 iis
603 3212 693 3281 qui
723 3227 781 3267 se
809 3219 1157 3275 convertunt,
1190 3224 1378 3263 rursus
1409 3208 1477 3263 ab
1505 3208 1610 3264 alio
1648 3208 1797 3277 prin-

1898 653 1969 705 lta
2005 654 2197 721 legitur
2232 667 2375 703 num.
2408 648 2507 703 166
2531 648 2575 679 ⁸⁵
2608 664 2621 700 :
2654 648 2819 716 Τήρει
2848 651 2942 703 καὶ
2970 650 3051 702 ὃτι
3085 648 3167 711 τὸ,
3210 650 3267 701 ὲν
3299 647 3459 716 αὐτῇ,

1896 745 2034 797 κατὰ
2068 744 2164 814 τὴν
2195 742 2375 811 κοινὴν
2407 738 2690 810 συνήθειαν
2743 738 2971 807 εἴρηται·
3008 738 3082 801 ὡς
3121 738 3213 789 καὶ
3239 736 3463 788 ἐπὶτῶν

1900 835 2182 890 ἰδιωτικῶν
2208 834 2370 885 οῐκων
2407 833 2661 896 πολλάκις
2692 832 2815 893 τοὺς
2858 830 3218 900 ὑπερέχοντας
3268 829 3462 891 αὐτοὺς

1897 927 2395 1003 προσαγορεύεσθαι
2421 926 2523 978 ὑπὸ
2544 927 2650 977 τῶν
2678 922 3023 979 ἐνοικούντων
3050 923 3291 995 σύνηθες.
3326 920 3463 983 Quid

1893 1033 1997 1085 est.
2053 1024 2099 1078 si
2142 1036 2246 1075 non
2288 1020 2389 1073 hoc
2446 1015 2647 1084 ineptia
2699 1016 2829 1069 est?
2873 1014 3141 1069 Dissimile
3199 1029 3302 1066 non
3355 1020 3461 1075 est,

1895 1114 2035 1181 quod
2069 1113 2273 1168 editum
2322 1108 2628 1164 invenimus
2656 1105 2709 1157 in
2760 1105 2846 1157 illa
2878 1109 3053 1175 (num.
3087 1102 3209 1172 ΠΒ)
3238 1121 3249 1155 :
3278 1102 3342 1156 Et
3384 1104 3463 1156 in-

1896 1204 2140 1272 dignatus
2162 1214 2235 1257 est
2263 1204 2345 1255 ira
2377 1199 2634 1254 Dominus
2658 1197 2724 1260 “,
2766 1206 2871 1251 etc.
2902 1198 2991 1251 Sic
3046 1199 3187 1252 enim
3231 1194 3463 1262 loquitur

1898 1297 2207 1362 interpres:
2254 1294 2391 1363 Xe‘tp
2416 1292 2526 1363 γὰρ
2558 1288 2765 1361 Κυρίου
2794 1292 2827 1359 ἡ
2872 1287 3117 1357 ἁψαμένη
3164 1285 3265 1357 μού
3320 1284 3462 1343 ἐστι.

1895 1384 2005 1438 Καὶ
2050 1385 2106 1437 ὲν
2130 1382 2321 1451 τούτῳ·
2346 1380 2587 1434 διαϐόλου
2636 1383 2791 1451 χεῖρα
2820 1378 3063 1446 λέγοντος
3110 1379 3165 1428 ὲν
3188 1375 3263 1446 τῷ
3288 1372 3465 1443 καιρῷ

1894 1475 1995 1545 τῆς
2029 1474 2320 1537 κολάσεως·
2359 1472 2420 1524 οὐ
2450 1473 2555 1542 μὴν
2585 1473 2662 1530 δὲ.
2689 1471 2822 1524 ἀλλὰ
2852 1468 3165 1522 ἀπόστειλον
3189 1468 3286 1537 τὴν
3307 1463 3467 1535 χεῖρά

1897 1584 2011 1633 σου,
2050 1567 2143 1620 καί
2166 1567 2299 1635 ἅψαι
2324 1564 2430 1619 τῶν
2465 1563 2633 1616 ὀστῶν
2657 1562 2841 1616 αὑτοῦ.
2871 1558 3187 1631 Τοιγαροῦν,
3220 1570 3326 1614 etc.
3358 1555 3468 1610 Nec

1894 1661 2193 1731 elegantius
2216 1659 2407 1714 scribit
2438 1660 2731 1725 interpres,
2755 1670 2875 1707 cum
2902 1654 3155 1721 explanat
3176 1652 3261 1705 illa
3288 1654 3460 1720 (num.

1896 1753 2057 1824 187):
2094 1750 2159 1804 Et
2193 1751 2325 1805 dixit
2356 1762 2374 1800 :
2432 1749 2568 1802 Ecce
2608 1747 2771 1816 tetigit
2816 1744 2911 1797 hoc
2942 1744 3081 1797 labia
3135 1757 3223 1798 tua
3256 1743 3323 1806 ",
3356 1750 3464 1794 etc.

1896 1844 2023 1913 Ejus
2054 1846 2171 1898 htec
2221 1850 2348 1896 sunt
2395 1840 2553 1894 verba
2588 1854 2603 1891 :
2662 1834 2969 1908 Περιαιρῶν
3005 1833 3205 1906 [λόγος]
3242 1833 3311 1886 τὰ
3362 1831 3466 1897 ἔξω

1821 1930 1863 1984 Β
1890 1936 1987 1989 τοῦ
2026 1935 2172 1988 Θείου
2199 1934 2361 2004 νόμου
2399 1928 2814 2000 ἐπιτελούμενα,
2863 1929 2957 1980 καὶ
2988 1928 3051 1979 ὲκ
3076 1926 3184 1979 τῶν
3220 1926 3467 1996 ἁμαρτη-

1890 2026 2061 2089 τικῶς
2098 2026 2487 2096 πραττομένων
2532 2024 2828 2095 καθαίρων.
2880 2020 3124 2089 Scriptor
3181 2017 3341 2086 paulo
3370 2017 3469 2070 hu-

1892 2118 2103 2172 manior
2127 2118 2358 2171 dixisset
2392 2132 2407 2169 :
2448 2115 2559 2168 Kal
2598 2115 2663 2167 τὰ
2705 2113 3091 2186 ἀμαρτητικῶς
3123 2110 3467 2184 πραττόμενα

1892 2209 2185 2280 καθαίρων.
2222 2228 2240 2261 t
2268 2207 2367 2275 Qui
2396 2222 2576 2263 sermo
2604 2221 2824 2276 prorsus
2872 2206 3047 2259 abolet
3071 2220 3190 2274 quae
3222 2205 3473 2258 commit-

1897 2311 2083 2356 tuntur
2110 2310 2303 2371 praeter
2334 2300 2570 2355 divinam
2599 2299 2795 2369 legem,
2834 2308 2995 2367 atque
3023 2304 3243 2367 peccata
3276 2309 3470 2363 expur-

1894 2403 2005 2464 gat.
2049 2414 2069 2445 s
2124 2380 2379 2461 Ejusdem
2436 2390 2653 2459 generis
2713 2400 2793 2443 est
2824 2390 2983 2457 illud,
3030 2402 3137 2458 quo
3166 2386 3473 2456 explicatur

1894 2475 2213 2557 (num.211)
2246 2482 2545 2539 versiculus
2573 2481 2812 2534 decimus
2832 2494 2884 2533 et
2911 2490 3135 2534 octavus
3157 2479 3419 2546 capiunt
3452 2494 3464 2528 :

1902 2599 1919 2631 t
1946 2580 2083 2634 Ecce
2101 2594 2198 2649 ego
2223 2588 2275 2632 et
2294 2576 2443 2646 pueri
2471 2588 2607 2644 quos
2625 2572 2754 2626 mihi
2783 2572 2927 2625 dedit
2948 2571 3103 2633 Deus,
3130 2590 3149 2621 ›
3183 2569 3336 2625 Ἰδοὺ
3356 2563 3479 2622 οὖν’

1896 2669 2010 2737 ἐγὼ
2039 2666 2230 2721 καὶτὰ
2259 2666 2483 2729 παιδία,
2510 2663 2748 2717 δείκνυσι
2775 2664 2899 2725 τοὺς
2935 2660 3223 2722 ἐκλεκτοὺς
3249 2658 3465 2711 ἑαυτοῦ.

1900 2760 2065 2824 Διότι,
2100 2766 2208 2813 etc.
2236 2756 2412 2813 Scribi
2446 2757 2622 2822 potius
2667 2756 2969 2822 oportebat,
2994 2752 3081 2805 διὰ
3102 2750 3315 2815 τούτου,
3360 2738 3487 2805 etc.‘

1899 2851 2083 2920 Itaque
2107 2864 2202 2918 per
2230 2846 2379 2911 illud,
2402 2865 2419 2899 t
2444 2846 2583 2901 Ecce
2610 2859 2836 2915 ego..."
2870 2845 3071 2899 electos
3102 2859 3227 2897 suos
3257 2842 3467 2913 signill-

1898 2953 2004 2998 cat.
2046 2941 2337 2997 Consitnile
2391 2950 2508 3005 est,
2564 2939 2706 3009 quod
2779 2936 2974 2991 dicitur
3045 2935 3097 2989 in
3151 2935 3237 2987 illa
3294 2934 3465 3005 (num.

1896 3036 2022 3103 237)
2056 3054 2069 3089 :
2113 3033 2176 3086 Et
2206 3034 2302 3087 erit
2335 3049 2451 3085 cum
2482 3030 2915 3085 consummaverit
2954 3028 3205 3080 Dominus
3225 3026 3293 3094 ",
3324 3036 3465 3084 etc.;

1898 3125 2050 3178 Μετὰ
2074 3125 2134 3176 τὸ
2166 3124 2463 3194 προστάξαι
2504 3127 2614 3185 τοῖς
2644 3124 2701 3173 ὲν
2740 3119 3115 3193 Ἰερουσαλὴμ,
3156 3122 3379 3183 καὶτοῖς
3411 3122 3469 3174 ὲν

1898 3216 2183 3287 Σαμαρείᾳ
2234 3215 2553 3285 ὀλολυγμὸν,
2621 3216 2713 3267 καὶ
2763 3217 2828 3286 τῇ
2878 3215 2964 3268 ἐπ’
3016 3216 3195 3278 αὐτοῖς
3246 3215 3465 3284 ἀπειλῇ.

228 3306 367 3373 cipio
395 3305 733 3358 intentantur
763 3303 1054 3359 amariora.
1096 3320 1115 3353 s
1142 3302 1383 3368 Quantas
1409 3310 1587 3355 autem
1644 3309 1794 3355 tene-

1899 3274 2043 3368 Οἶόν.
2062 3274 2269 3378 'Quarro
2297 3274 2443 3379 quid.
2469 3274 2570 3364 sibi
2615 3309 2741 3365 velit
2767 3274 2915 3373 illud,
2949 3310 3041 3361 καὶ
3066 3312 3133 3378 τῇ
3160 3274 3245 3361 ἐπ’
3289 3274 3470 3369 uinci;

229 3394 351 3446 bras
386 3394 634 3446 mutilum
664 3394 791 3447 illud
822 3409 885 3447 ac
919 3394 1159 3461 ineptum
1193 3393 1601 3462 dicendigenus
1625 3390 1797 3447 oll‘un-

230 3485 317 3536 dut
345 3484 529 3547 rebus,
556 3485 645 3537 vix
676 3484 781 3538 dici
815 3494 1010 3553 potest.
1042 3484 1291 3539 Profecto
1316 3484 1361 3539 si
1388 3486 1619 3552 scriptor
1642 3500 1795 3539 suum

228 3576 680 3631 commentarium
740 3577 963 3645 intelligi
1027 3577 1294 3646 cupiebat,
1360 3592 1484 3630 eum
1540 3577 1799 3631 debuerat

229 3667 498 3737 aliquibus
552 3669 776 3724 scholiis
811 3669 1107 3724 illustrare.
1138 3670 1300 3726 Certe
1327 3670 1371 3725 si
1403 3683 1510 3724 non
1560 3668 1796 3733 aliunde,

230 3768 283 3811 at
310 3760 445 3814 satis
480 3770 660 3814 tamen
691 3760 848 3830 hujus
892 3762 1269 3817 commentarii
1292 3762 1570 3816 νοθείαεχ
1606 3776 1669 3815 eo
1704 3776 1797 3830 pa-

228 3859 383 3916 teret,
420 3852 565 3921 quod
622 3853 859 3921 scriptor
903 3868 1007 3907 non
1052 3852 1294 3907 absolvat
1346 3853 1672 3916 orationem,
1704 3851 1798 3905 sed

229 3942 433 3996 incerte
462 3952 517 3997 et
544 3945 817 4000 indeﬁnite
840 3946 1113 4014 loquatur.
1147 3942 1281 3997 Nam
1313 3953 1373 3997 ut
1420 3944 1553 3997 nihil
1594 3953 1680 3997 est
1721 3942 1800 3997 fa-

230 4036 495 4091 miliarius
522 4036 649 4091 huic
680 4039 907 4099 auctori,
943 4037 1016 4089 ita
1047 4035 1177 4089 nihil
1207 4045 1291 4091 est
1324 4036 1502 4091 minus
1538 4038 1798 4092 usitatum

229 4132 363 4199 apud
390 4129 651 4184 Basiliam
679 4128 950 4199 Magnum.

295 4224 383 4277 56.
420 4221 695 4293 Quidquid
725 4221 970 4276 vitiosum
996 4234 1080 4275 est
1110 4221 1162 4275 in
1190 4221 1337 4275 hisce
1364 4224 1795 4288 commentariis,

226 4331 383 4370 omne
412 4317 464 4369 id
499 4316 761 4369 adnotare
784 4327 1055 4383 nunquam
1081 4314 1209 4367 mihi
1240 4316 1515 4382 proposui.
1548 4315 1798 4384 Alioquin

226 4407 367 4461 enim
399 4415 548 4460 totus
572 4405 681 4460 fere
707 4404 835 4459 mihi
884 4404 1278 4459 exscribentlus
1308 4402 1499 4459 fuisset
1520 4419 1798 4460 commen-

227 4500 416 4553 tarius.
443 4495 550 4550 Sed
575 4505 751 4550 tamen
775 4495 877 4549 alla
910 4495 1118 4565 aliquot
1143 4495 1260 4551 loca
1287 4494 1558 4565 subjicere
1585 4495 1798 4550 libitum

225 4600 330 4656 est,
361 4602 486 4659 qua
526 4595 633 4640 tam
690 4585 918 4640 obscura
947 4595 1091 4650 sunt,
1149 4597 1363 4655 tamque
1396 4588 1613 4653 vitiosa,
1641 4595 1700 4640 ut
1730 4602 1795 4641 ex

226 4683 290 4735 iis
313 4680 460 4735 nulla
487 4678 710 4733 omnino
738 4678 927 4731 idonea
968 4679 1232 4732 sententia
1274 4680 1495 4733 extundi
1532 4694 1691 4749 posse
1729 4680 1801 4734 vi-

226 4774 438 4829 deatur.
482 4769 613 4824 Tale
635 4777 741 4835 est,
774 4767 915 4839 quod
938 4768 1069 4822 dicit
1102 4769 1369 4838 interpres
1404 4771 1457 4823 in
1488 4770 1580 4824 illa
1616 4770 1798 4841 (num.

226 4865 351 4933 £6):
388 4863 521 4919 Harc
550 4862 677 4916 dicit
725 4859 1023 4914 Dominus:
1061 4857 1165 4915 Pro
1188 4878 1246 4915 eo
1270 4862 1410 4929 quod
1431 4864 1643 4917 elevata:
1682 4873 1802 4917 sunt

224 4966 353 5033 ﬁlia
382 4964 511 5019 Sion
536 4966 603 5029 ⁸⁸,
643 4973 749 5019 etc.
778 4962 1066 5032 Postquam
1100 4966 1243 5019 enim
1269 4967 1563 5021 insectatus
1587 4978 1664 5023 est
1688 4984 1801 5032 eos,

225 5058 316 5127 qui
351 5056 592 5124 reliquos
644 5064 1019 5120 contemnunt,
1067 5058 1262 5110 desinit
1298 5058 1381 5111 his
1436 5059 1648 5112 verbis:
1692 5060 1799 5122 Οὓς

231 5150 378 5223 μένει
412 5151 472 5203 τὸ
506 5149 796 5221 ἀπειληθὲν
827 5149 1024 5219 πτῶμα
1077 5150 1136 5202 τὸ
1165 5150 1249 5202 διὰ
1277 5151 1373 5220 τῆς
1401 5154 1816 5217 ταπεινώσεως,.

229 5244 288 5299 τὸ
331 5244 439 5296 ἀπὸ
482 5239 576 5291 τοῦ
609 5239 795 5308 ὕψους.
835 5240 943 5291 Καὶ
996 5239 1221 5309 Κύριος,
1257 5252 1361 5296 CIC.
1399 5242 1575 5297 Nihilo
1609 5244 1800 5298 melius

230 5336 371 5405 quod
403 5333 601 5403 legitur
634 5348 783 5389 num.
837 5334 900 5385 87
933 5331 999 5383 ⁸⁸.
1038 5330 1129 5386 Sic
1161 5342 1338 5387 autem
1370 5334 1589 5389 scribit:
1626 5334 1689 5387 Τί
1736 5335 1802 5388 ἂν

232 5427 322 5480 ιπὶ
353 5428 420 5497 τῇ
445 5424 636 5477 τούτου
660 5422 757 5494 Θέᾳ
788 5423 977 5477 παθεῖν
1019 5425 1110 5477 τὸν
1133 5423 1346 5494 πτωχὸν
1382 5426 1551 5496 δῆμον
1577 5428 1801 5494 ἐκεῖνον,

234 5518 329 5572 εδδ)
350 5518 487 5581 τέως
508 5515 576 5569 τά
629 5514 801 5586 μικρά
825 5514 1170 5586 θαυμάζοντα
1228 5517 1354 5581 τοὺς
1400 5515 1606 5569 ἑαυτῶν
1640 5518 1805 5587 ὑπερ-

236 5615 469 5683 έχοντας.
503 5608 647 5664 Sane
664 5606 821 5663 aliter
844 5607 1054 5664 locutus
1086 5610 1274 5665 fuisset
1296 5611 1549 5680 scriptor,
1573 5611 1660 5680 qui
1689 5623 1804 5665 stu-

302 5819 347 5849 "
379 5815 481 5871 Isa.
512 5830 626 5877 XVI,
654 5814 708 5869 6.
785 5815 832 5847 ⁹³
865 5815 963 5868 lsa.
1007 5830 1085 5879 Ill,
1142 5814 1226 5868 16.
1302 5812 1471 5866 “lsa.
1525 5829 1577 5866 tt.
1621 5815 1701 5868 ll.

237 5885 283 5920 ’³⁸
311 5888 439 5942 Ibid.
521 5887 609 5941 l7.
692 5884 835 5939 'lsa.
876 5902 950 5948 at,
988 5885 1067 5941 12.
1144 5887 1163 5917 ³
1197 5886 1297 5938 Ιςιι.
1335 5903 1447 5943 λιιι,
1493 5886 1572 5937 ll.

1780 5815 1823 5847 ”
1846 5814 1943 5869 Iba.
1981 5830 2030 5879 v,
2066 5813 2145 5869 Η.
2225 5814 2269 5844 ’δ
2303 5812 2431 5865 ibid.
2461 5810 2548 5864 93.

1896 3400 2116 3475 ἀπειλῇ.
2150 3402 2443 3471 lnterpres,
2499 3401 2545 3454 si
2576 3401 2675 3454 sibi
2709 3411 2961 3454 constare
3004 3399 3182 3461 vellet,
3231 3400 3471 3454 scribere

1899 3495 2191 3560 debuerat,
2220 3495 2315 3548 καὶ
2350 3494 2487 3565 μετὰ
2521 3494 2619 3563 τὴν
2662 3494 2747 3545 ἐπ’
2781 3493 2964 3556 αὐτοῖς
2988 3493 3231 3563 ἀπειλήν.
3266 3512 3283 3543 ι
3325 3492 3471 3545 Post-

1899 3602 2059 3655 quam
2098 3588 2365 3655 sculptilia
2398 3601 2518 3655 qute
2558 3595 2715 3639 erant
2752 3586 2805 3639 in
2852 3584 3152 3639 Jerusalem
3186 3596 3241 3639 et
3287 3587 3337 3637 in
3373 3586 3471 3638 Sa-

1898 3678 2093 3740 maria,
2144 3676 2353 3730 ululare
2392 3676 2542 3745 jussa
2591 3683 2736 3737 sunt,
2792 3676 2979 3743 eisque
3036 3674 3313 3727 intentata:
3346 3683 3472 3727 sunt

1902 3770 2080 3833 minas,
2112 3777 2216 3821 etc.
2254 3786 2272 3819 ι
2318 3767 2634 3834 Exemplum
2666 3766 2808 3820 aliud
2843 3766 3177 3835 proferemus
3202 3780 3265 3821 ex
3302 3767 3472 3819 inter-

1900 3862 2197 3926 pretatione
2224 3861 2513 3912 verborum
2546 3858 2756 3912 illorum
2814 3858 2987 3927 (num.
3032 3856 3201 3927 242):
3256 3854 3321 3908 Et
3372 3856 3469 3908 erit

1900 3950 2071 4003 lumen
2107 3946 2279 4002 Israel
2310 3951 2363 4003 in
2387 3952 2575 4019 ignem,
2600 3959 2647 4004 et
2680 3949 3027 4017 sanctiﬁcabit
3061 3950 3210 4001 illum
3232 3950 3297 4014 ”,
3324 3957 3427 4003 etc.
3454 3970 3464 4003 :

1899 4041 2201 4103 Φάσκοντες
2230 4042 2329 4112 τὴν
2366 4043 2463 4113 μὲν
2492 4041 2712 4095 ἀστείαν
2738 4041 2860 4095 τινὰ
2914 4036 3075 4103 εἶναι,
3122 4039 3215 4092 καὶ
3251 4038 3342 4092 ἐπὶ
3378 4038 3469 4092 τὸν

1901 4134 2183 4187 σπουδαῖον
2211 4134 2427 4187 πίπτειν
2472 4135 2652 4204 γέρως
2698 4130 2862 4185 οὖσαν
2898 4131 3139 4198 ἀξίωσιν·
3169 4132 3230 4184 τὺ
3261 4130 3338 4184 δέ.
3368 4130 3470 4182 Su-

1899 4229 2077 4296 spicor
2106 4242 2211 4281 non
2238 4226 2545 4289 defuturos,
2595 4225 2791 4293 quibus
2823 4224 3055 4280 tenebrae
3082 4226 3188 4279 sint
3218 4225 3333 4277 haec
3366 4224 3469 4275 tria

1899 4321 2058 4375 verba
2087 4357 2103 4383 ,
2130 4317 2311 4389 γέρως
2352 4312 2517 4369 οὖσαν
2556 4315 2799 4379 ἀξίωσιν.
2842 4314 2953 4370 Nec
2986 4309 3273 4369 dilucidius
3301 4315 3470 4382 expli-

1900 4421 2091 4465 cantur
2127 4410 2211 4464 illa
2248 4410 2419 4478 (num.
2453 4408 2577 4479 249)
2611 4423 2626 4462 :
2663 4408 2729 4461 Et
2777 4407 2970 4462 levabit
3000 4408 3205 4475 signum
3246 4408 3299 4457 in
3342 4422 3467 4474 gen-

1900 4518 1973 4557 tes
1998 4506 2036 4559 ί.
2068 4504 2142 4558 Ita
2172 4518 2302 4574 ergo
2346 4505 2534 4559 scribit
2564 4504 2830 4571 interpres
2859 4515 2875 4553 ι
2915 4498 2985 4550 Ἦ
3007 4499 3087 4551 ὅτι
3127 4497 3230 4568 πρὸ
3258 4497 3349 4550 τοῦ
3375 4497 3467 4561 ξς-

1901 4598 2042 4651 λίνου
2077 4597 2309 4669 σταυροῦ
2336 4598 2517 4667 νοητός
2550 4613 2634 4658 τις
2672 4594 2750 4663 τῷ
2779 4594 2968 4661 κόσμῳ
2994 4592 3153 4647 παντὶ
3189 4587 3471 4641 συνεσταὺ-

1908 4707 2099 4762 ρωται.
2125 4692 2205 4745 Ad
2232 4690 2449 4743 verbum
2480 4704 2495 4741 :
2537 4706 2555 4739 t
2588 4687 2715 4740 Sive
2746 4686 2888 4754 quod
2932 4694 3055 4737 ante
3094 4683 3324 4750 ligneam
3356 4694 3470 4731 cru—

1904 4798 2021 4837 cem
2050 4781 2402 4852 intelligibilis
2424 4780 2668 4849 quaedam
2704 4791 2809 4830 una
2840 4791 2958 4830 cum
2989 4784 3103 4828 toto
3126 4770 3323 4825 mundo
3348 4785 3471 4825 cru-

1906 4877 2059 4929 eitixa
2100 4885 2203 4929 est.
2242 4895 2260 4927 ι
2308 4874 2445 4939 Quid
2472 4881 2580 4935 est,
2631 4884 2835 4939 quzeso,
2870 4868 3046 4937 inepte
3075 4865 3240 4933 loqui.
3275 4864 3317 4918 si
3370 4864 3469 4915 hoc

1906 4984 2010 5021 non
2040 4978 2122 5021 cst
2147 4968 2170 5020 τ
2202 4966 2313 5020 Hoc.
2352 4975 2551 5023 autem,
2599 4962 2642 5016 si
2671 4960 2910 5015 divinare
2932 4960 3076 5021 licet,
3102 4957 3280 5012 dicere
3307 4956 3470 5008 voluit

1906 5064 2213 5131 interpres:
2250 5077 2268 5110 t
2307 5058 2435 5113 Sive
2462 5057 2603 5126 quod
2641 5062 2765 5109 ante
2790 5053 3021 5123 ligneam
3058 5049 3200 5103 illam
3231 5061 3469 5109 crucem,

1905 5156 2085 5209 crucis
2112 5152 2388 5218 cujusdam
2415 5148 2769 5217 intelligibilis
2793 5146 2969 5214 imago
3000 5157 3064 5197 ac
3091 5142 3257 5210 ﬁgura
3284 5140 3336 5191 in
3362 5146 3473 5189 toto

1910 5245 2109 5299 mundo
2142 5244 2457 5297 haberetur.
2482 5260 2506 5289 ι
2526 5238 2755 5293 Basilius
2785 5250 2893 5291 non
2919 5235 2989 5289 ita
3013 5233 3154 5302 loqui
3184 5232 3351 5285 solet:
3379 5228 3471 5281 sed

1909 5340 1980 5389 ita
2013 5336 2294 5389 enucleate
2324 5333 2472 5397 dicit,
2506 5342 2563 5385 ut
2591 5327 2723 5383 hihil
2760 5329 2869 5383 ullo
2897 5341 3030 5397 opus
3058 5324 3128 5380 sit
3155 5321 3362 5388 (Εόίρο
3408 5320 3473 5372 ad

1908 5428 2329 5495 intelligendum.
2364 5425 2490 5478 Item
2519 5424 2648 5492 quid
2683 5421 2784 5475 sibi
2811 5420 2976 5473 velint
3004 5432 3124 5487 qua:
3149 5414 3399 5469 dicuntur
3421 5410 3472 5462 in

1907 5521 2034 5573 illttd
2070 5523 2241 5587 (num.
2269 5516 2390 5581 267)
2417 5534 2428 5569 :
2462 5515 2524 5568 Et
2544 5514 2758 5581 perdant
2788 5512 3038 5577 injuriam
3062 5507 3355 5573 iniquorum
3381 5542 3394 5561 .
3423 5510 3471 5552 et

1910 5611 2280 5666 contumeliam
2304 5608 2643 5675 superborum
2670 5603 2959 5657 ltuntiliabo
2986 5604 3349 5670 ’,promptum
3369 5609 3473 5647 non

2628 5811 2669 5839 9’
2700 5808 2799 5864 I‘u,
2840 5826 2908 5875 ιι,
2940 5808 2970 5860 7
3090 5805 3133 5836 ³⁸
3169 5803 3270 5854 Isa.
3301 5816 3353 5864 ι,
3389 5799 3474 5853 11.
