4212 6500
765 448 899 487 αἶκῖ

761 557 844 598 est
875 556 1197 612 conjectare.
1261 543 1381 595 "me
1418 554 1594 596 autem
1649 554 1767 596 sunt
1811 563 1822 595 :

760 634 1491 707 αμαρτήματος.διατατικῶς
1516 636 1600 700 ἐφ’
1624 634 1721 686 ὅλα
1756 633 1823 685 τὰ
1862 634 1974 707 εἴδη
2010 634 2109 704 τῆς
2135 638 2328 699 κακίας

762 727 1041 792 ὲέακοὺειν
1076 727 1340 797 προσήκει
1374 725 1473 793 τῆς
1530 725 1757 796 ὕϐρεως.
1800 728 1863 777 Οἱ
1892 729 2018 799 γάρ,
2053 735 2156 780 etc.
2201 729 2331 781 Rur-

764 837 877 887 sus,
900 822 943 875 si
983 820 1326 887 interpretari
1366 818 1520 881 velis,
1554 819 1620 871 ad
1671 817 2012 885 conjecturas
2051 819 2329 887 confugias

767 926 987 966 necesse
1025 922 1128 965 est.
1187 910 1296 964 Nec
1333 909 1474 964 forte
1508 910 1647 963 male
1694 913 2056 980 augurabere.
2106 910 2150 963 si
2187 913 2331 965 dicas

767 1002 917 1064 illud,
945 1000 1007 1054 τὸ
1058 1000 1382 1071 ἁμάρτημα,
1426 1000 1777 1068 supplendum
1827 1017 1947 1055 esse
1970 1008 2092 1052 ante
2122 1014 2327 1064 vocem,

767 1092 994 1165 ὒὸρεως,
1024 1107 1080 1146 ut
1108 1094 1287 1145 verbis
1340 1093 1423 1148 his
1450 1094 1534 1147 hic
1562 1091 1733 1145 subsit
1762 1107 1950 1148 sensus
1986 1109 1998 1143 :
2040 1110 2057 1141 ι
2103 1090 2206 1146 Sed
2238 1108 2331 1160 par

766 1197 849 1238 est
879 1184 1213 1239 contumeliae
1238 1197 1512 1253 peccatum
1538 1184 1611 1237 ita
1644 1184 2005 1254 interpretari,
2043 1194 2099 1236 ut
2129 1185 2197 1239 ab
2227 1200 2332 1238 uno

768 1287 985 1345 peccato
1009 1276 1074 1329 ad
1101 1278 1283 1332 omnia
1314 1276 1564 1344 nequitia:
1590 1292 1785 1344 genera
1815 1276 2137 1329 extendatur
2162 1279 2329 1344 signi-

769 1366 966 1419 ﬁcatio.
1003 1385 1023 1417 ι
1058 1366 1162 1420 Sed
1194 1382 1374 1436 qua'ro
1425 1380 1490 1418 an
1534 1368 1757 1430 homini,
1795 1381 1901 1420 non
1951 1367 2070 1420 dico
2122 1364 2331 1430 erco,

766 1458 860 1509 sed
898 1458 1153 1521 barbaro,
1190 1460 1259 1511 ita
1295 1457 1436 1524 loqui
1472 1456 1678 1512 liceat?

835 1549 925 1602 57.
958 1551 1165 1603 Addam
1193 1558 1245 1601 et
1271 1547 1396 1613 alia,
1423 1564 1540 1618 qua:
1569 1546 2006 1618 peregrinitatem
2042 1545 2114 1599 ita
2148 1554 2332 1615 aperte

764 1635 929 1695 olent,
966 1651 1027 1687 ea
1081 1644 1131 1684 III
1170 1648 1357 1694 nemo.
1414 1636 1509 1689 nisi
1547 1634 1889 1703 prtejudicata
1925 1635 2105 1703 Opinio
2134 1635 2328 1698 obstet,

769 1722 1037 1774 ltasiliaua
1068 1724 1285 1777 dixerit.
1320 1725 1385 1777 Et
1411 1724 1662 1794 quoniam
1687 1723 1753 1775 de
1776 1724 1963 1777 ordine
1990 1724 2040 1775 in
2068 1722 2328 1791 ejusmodi

768 1815 926 1867 rebus
981 1830 1084 1867 non
1140 1817 1362 1869 multum
1419 1814 1771 1869 laborandum
1820 1828 1935 1878 est;
1998 1825 2057 1869 ut
2098 1815 2333 1884 quidque

2130 432 2660 487 I’IIOLEGOMENA.

1894 546 2028 597 Ἀλλ’
2063 546 2170 597 ἀπὸ
2214 550 2331 608 ἑνὸς

2435 546 2657 599 recurrit
2718 546 2768 597 in
2832 542 3266 595 commentario.
3332 552 3386 593 ut
3446 541 3751 595 satietatem
3815 554 4006 593 creare

2433 649 2622 702 possit.

2501 724 2590 780 58.
2630 724 2915 792 Postquam
2977 722 3041 775 de
3076 724 3252 776 verbis
3300 721 3474 787 deque
3526 736 3713 777 eormn
3750 728 4007 772 COﬂSlrll~

2431 816 2609 869 ctione
2640 817 3076 882 disceptavimus.
3128 815 3388 883 reliquum
3424 824 3586 868 estut
3626 818 3691 872 de
3714 815 4005 871 sententiis

2433 905 2561 971 ipsis
2592 907 2790 972 aliquid
2821 907 3083 959 dicamus.
3139 902 3275 957 Sunt
3322 912 3495 957 autem
3542 908 3797 960 nonnulla
3824 948 3840 968 ,
3883 919 4004 972 quae

2432 998 2511 1052 sic
2536 997 2769 1051 fabulam
2818 1000 3051 1064 sapiunt,
3105 1004 3255 1049 utea
3289 996 3431 1049 Patri
3465 996 3784 1063 gravissimo
3840 997 4003 1051 tribui

2433 1103 2536 1140 non
2574 1102 2729 1156 posse
2775 1088 3075 1143 videantur.
3112 1087 3325 1156 Insigne
3354 1098 3455 1149 est,
3486 1088 3625 1155 quod
3657 1100 3913 1142 narratur
3939 1089 4006 1140 de

2433 1177 2793 1233 daunouibus.
2832 1180 2934 1232 Sed
2974 1182 3315 1245 interpretem
3343 1180 3512 1246 ipsum
3542 1176 3727 1230 audire
3758 1188 4000 1247 praestat,

2434 1275 2561 1330 illud
2596 1279 2765 1346 fnum.
2814 1272 2906 1340 25)
2932 1293 2943 1327 :
2970 1274 3159 1328 Plenus
3191 1288 3305 1325 sum
3337 1273 3378 1339 ³,
3410 1272 3805 1340 eXpIanantem.
3847 1292 3865 1323 ι
3888 1273 4005 1325 Dsc-

2434 1383 2619 1422 mones
2646 1367 2862 1437 quidem
2906 1379 3090 1437 utpote
3117 1367 3482 1435 voluptatibus
3514 1362 3900 1434 aﬂ'ectibusque
3922 1368 4001 1418 in-

2433 1459 2736 1528 dulgentes,
2765 1474 2827 1511 ex
2865 1459 3101 1514 victimis
3129 1473 3233 1512 non
3294 1458 3423 1510 nihil
3454 1457 3670 1524 capiunt
3712 1456 4004 1526 voluptatis

2434 1565 2498 1603 ac
2523 1549 2887 1605 emolumenti.
2928 1549 3133 1619 Quippe
3174 1549 3297 1603 dum
3332 1548 3710 1608 incenduntur,
3782 1549 4004 1617 sanguis

2434 1658 2529 1711 per
2552 1643 2884 1698 adustionem
2934 1644 3266 1697 convertitur
3298 1642 3349 1693 in
3388 1654 3639 1707 vaporem
3666 1676 3681 1699 ,
3734 1638 3921 1706 sicque
3950 1642 4002 1691 in

2434 1737 2704 1805 ejusmodi
2764 1734 3001 1789 minutas
3059 1744 3240 1801 partes
3275 1732 3542 1787 resolutus
3578 1731 3629 1784 in
3654 1745 3839 1784 eorum
3873 1736 4003 1784 sub-

2434 1830 2685 1883 stantiam
2713 1826 2875 1883 subit.
2911 1843 2928 1876 ι
2956 1822 3009 1876 Id
3044 1825 3261 1892 quidem
3301 1823 3580 1878 ridiculum
3604 1830 3686 1875 est
3720 1836 3816 1890 per
3846 1834 4001 1883 sese;

767 1904 995 1967 primam
1039 1907 1089 1957 in
1125 1915 1353 1958 mentem
1387 1906 1614 1969 venerit,
1667 1907 1738 1960 ita
1791 1909 2020 1978 primum
2071 1920 2333 1973 propone-

2440 1922 2533 1976 sed
2561 1920 2715 1991 longe
2749 1917 2919 1986 magis
2960 1915 3183 1968 ridicula
3211 1928 3290 1969 εει
3318 1915 3652 1983 comparatio
3679 1928 3763 1977 ea,
3798 1926 3908 1981 qua
3939 1913 4005 1965 ad

767 2012 909 2051 nius.
958 1998 1081 2050 Dico
1112 1998 1270 2065 igitur
1298 2011 1457 2051 voces
1507 1996 1810 2055 desinentes
1849 2001 1899 2052 in
1930 1996 2068 2059 τέον,
2099 2013 2336 2067 σημειω-

766 2089 905 2150 τὲον,
938 2088 1174 2157 νοητέον,
1209 2090 1524 2161 χωριστέον,
1562 2102 1614 2146 et
1646 2092 1746 2146 alia
1802 2091 1851 2144 id
1876 2105 2041 2158 genus
2072 2092 2333 2159 permulta

768 2182 964 2245 passim
1016 2195 1303 2235 occurrere
1353 2182 1402 2234 in
1444 2183 1546 2236 hoc
1582 2180 2010 2243 commentario,
2049 2182 2099 2235 in
2137 2181 2336 2238 Basilio

771 2287 896 2325 vero
944 2274 1097 2342 longe
1145 2276 1335 2329 rarius.
1388 2273 1615 2329 Basilius
1654 2274 1735 2345 lita
1784 2272 1961 2347 jungit
2014 2276 2333 2329 infinitivum

770 2365 1153 2432 prapositioni,
1191 2376 1246 2416 ut
1279 2380 1341 2417 eo
1377 2363 1628 2433 loqnendi
1688 2380 1883 2435 genere
1922 2378 2084 2432 parce
2107 2373 2330 2417 utatur:

770 2466 821 2506 at
859 2457 1063 2509 auctori
1095 2465 1277 2510 nostro
1303 2457 1403 2512 hac
1440 2458 1649 2512 dicendi
1674 2458 1900 2511 formula
1933 2457 2065 2509 nihil
2105 2454 2334 2508 familia-

771 2547 899 2599 rius.
932 2546 1096 2615 Cujus
1158 2549 1370 2616 generis
1415 2557 1499 2603 est
1547 2548 1716 2601 illud:
1763 2547 1914 2597 Ἐπεὶ
1959 2542 2051 2600 οὖν
2099 2546 2158 2597 οὐ
2207 2563 2335 2616 μετ-

767 2636 1071 2709 εϋλήθησαν
1103 2639 1211 2691 ἀπὸ
1236 2638 1328 2692 τοῦ
1358 2638 1529 2691 ἄδικοι
1564 2633 1722 2697 εἶναι,
1756 2639 1851 2691 καὶ
1879 2638 2066 2693 σκολιὰ
2093 2639 2236 2711 ἔχειν
2266 2638 2335 2692 τὰ

768 2730 1067 2783 ἐπιϐούλια.
1108 2730 1232 2783 Item
1289 2732 1447 2787 illud:
1487 2730 1642 2803 Παρὰ
1693 2730 1774 2798 τὸ,
1829 2732 1923 2785 καὶ
1959 2732 2024 2785 ἐκ
2075 2732 2337 2803 στόματος

766 2818 858 2875 τειίῖ
880 2820 1013 2872 Θεοῦ
1042 2820 1292 2887 λέγεσθαι
1331 2822 1770 2893 προεληλυθέναι.
1799 2821 1928 2877 Item
1959 2822 2086 2878 illud
2119 2841 2133 2878 :
2169 2824 2337 2896 Ὑπὲρ

765 2908 861 2963 τοῦ
886 2912 1050 2963 πᾶσιν
1090 2911 1265 2963 αὐτῶν
1293 2912 1362 2964 τὰ
1397 2916 1662 2983 πρόσωπα
1681 2909 1817 2966 εἶναι
1855 2918 2159 2986 καταφανῆ.
2204 2916 2334 2970 Item

771 3002 899 3056 illud
930 3024 942 3058 :
969 3003 1217 3056 Τοσαῦτα
1247 3006 1326 3069 εἰς
1357 3004 1418 3059 τὸ
1468 3005 1795 3077 σαφέστερον
1825 3006 2147 3076 νοηθῆναι...
2195 3007 2335 3060 κατὰ

769 3094 898 3150 τὸ...
927 3099 1005 3160 εἰς
1026 3096 1104 3163 τὸ,
1124 3097 1335 3169 ἡμέρας
1362 3099 1456 3169 μὲν
1483 3095 1724 3161 σκιάζειν
1748 3099 1943 3162 αὐτοὺς
1964 3097 2060 3169 τὴν
2080 3098 2330 3169 νεφέλην.

772 3188 897 3240 Item
938 3190 1063 3241 illud
1102 3208 1114 3242 :
1147 3192 1301 3243 Κατὰ
1350 3192 1411 3243 τὸ
1441 3191 1941 3261 ἐμπεριειληφέναι.
2006 3190 2134 3245 Item
2168 3190 2328 3244 illud:

2438 2013 2488 2065 id
2530 2008 2863 2075 probandum
2892 2007 3077 2060 utitur.
3110 2006 3238 2075 Ejus
3286 2007 3398 2059 Inec
3425 2007 3581 2059 verba
3616 2018 3735 2060 sunt
3766 2025 3781 2061 :
3822 2025 3842 2058 ι
3872 2004 4005 2061 Om-

2438 2102 2566 2153 nino
2605 2102 2748 2153 eniin
2802 2099 2895 2153 toti
2936 2096 3225 2167 vaporibus
3267 2094 3521 2158 aluntur,
3575 2112 3679 2147 non
3720 2096 3863 2163 quod
3909 2111 4006 2149 eos

2435 2190 2714 2253 rnandant,
2764 2201 2855 2243 aut
2880 2188 3125 2256 injiciant
3176 2186 3228 2239 in
3259 2194 3498 2238 ventrem
3522 2223 3537 2248 ,
3562 2184 3655 2238 sed
3686 2185 3911 2251 perinde
3946 2194 4005 2236 ut
4050 2252 4058 2259 β

2435 2281 2743 2337 animalium
2792 2282 2906 2353 pili,
2942 2297 3181 2351 ungues,
3231 2288 3287 2335 et
3332 2290 3663 2348 quazcunque
3712 2282 3840 2329 sunt
3882 2274 4005 2342 ejus

2436 2377 2682 2445 generis,
2718 2376 2784 2429 ad
2821 2390 2971 2429 suam
2996 2384 3161 2428 totam
3188 2371 3618 2426 constituendam
3646 2366 4003 2423 substantiam

2436 2462 2750 2521 alimentum
2809 2466 3107 2533 excipiunt.
3182 2462 3516 2529 Quapropter
3564 2460 3717 2512 avide
3766 2458 4006 2525 gaudent

2438 2559 2743 2625 nidoribus,
2773 2572 2835 2611 ac
2862 2557 3064 2612 fumum
3091 2571 3155 2611 ex
3182 2557 3339 2610 thure
3358 2552 3707 2624 prodeuntem
3745 2562 4004 2618 tanquam

2433 2650 2535 2705 sibi
2567 2649 2632 2703 ad
2654 2648 2964 2703 alimoniam
2985 2646 3444 2703 accommodatum
3469 2642 3776 2700 exsorbent.
3801 2641 3867 2695 Et
3892 2639 4005 2695 for-

2438 2754 2579 2798 tasse
2604 2743 2655 2797 in
2684 2742 3006 2797 animalibus
3048 2741 3189 2794 inest
3212 2739 3387 2809 aliqua
3428 2753 3551 2793 cum
3582 2733 4004 2791 daemonicorum

2438 2850 2723 2904 corporum
2787 2832 3205 2904 proprietatibus
3250 2829 3611 2884 necessitudo.
3683 2828 3855 2879 Porro
3907 2824 4002 2891 qui

2438 2928 2575 2979 votis
2623 2926 2924 2977 daemonum
2969 2922 3247 2990 explendis
3294 2920 3535 2983 student,
3577 2915 3668 2970 alii
3698 2914 3839 2967 aliud
3868 2910 4005 2966 olfe-

2440 3025 2584 3078 runt,
2619 3023 2868 3082 tanquam
2897 3013 2976 3067 eis
3000 3013 3066 3065 ad
3100 3011 3409 3065 alimoniam
3452 3007 3937 3063 accommodatius.
3962 3016 4001 3059 ἱ

2439 3104 2647 3169 Grmca,
2680 3120 2744 3159 ne
2769 3104 2976 3173 longior
2999 3117 3192 3165 essem,
3230 3117 3335 3156 non
3392 3100 3645 3169 apposui;
3697 3099 3788 3153 sed
3813 3115 3841 3151 a
3870 3113 4007 3168 quos

2441 3199 2571 3254 libet
2612 3198 2711 3267 legi
2760 3206 3072 3267 possunteo
3119 3209 3278 3265 quem
3322 3193 3431 3247 dixi
3471 3194 3609 3247 Ioco.
3653 3191 3812 3257 Quid,
3858 3192 4007 3259 quod

773 3272 918 3340 Ἐξω
958 3278 1123 3347 ἐσμὲν
1182 3279 1277 3330 τοῦ
1318 3248 1699 3341 ταλανίζεσθαι
1895 3285 2008 3344 τοῖς
2053 3282 2333 3345 τοιούτοις.

2442 3304 2630 3358 parum
2663 3248 2849 3342 habruit
2892 3248 3432 3355 scriptorlprteclara
3459 3282 3547 3337 illa
3599 3281 3766 3336 semel
3824 3280 4007 3335 eﬂ‘uti-

771 3369 901 3424 Iteltt
928 3369 1056 3424 illud
1080 3388 1092 3424 :
1124 3370 1221 3424 Διὰ
1244 3370 1348 3442 γὰρ
1369 3369 1428 3422 τὸ
1444 3369 1730 3441 χαίροντας
1748 3374 1941 3435 αὐτοὺς
1968 3372 2062 3423 καὶ
2085 3372 2334 3442 ὑϐρίζον-

724 3447 726 3449 ’
771 3477 870 3525 τας
896 3464 1129 3532 τρέχειν.
1154 3465 1232 3517 Ad
1258 3464 1395 3518 idem
1428 3479 1615 3534 genus,
1659 3478 1778 3517 cum
1807 3464 1873 3517 de
1905 3463 2172 3516 intinitivo
2197 3478 2333 3531 quo-

770 3566 871 3619 que
903 3565 1117 3621 agatur,
1149 3555 1378 3621 pertinet
1407 3557 1637 3623 quodam
1664 3556 1822 3608 modo
1853 3566 1905 3608 et
1935 3555 2060 3606 illud
2092 3576 2103 3608 :
2138 3554 2335 3607 Οὐκέτι

771 3643 925 3713 ἡτοῦ
972 3644 1383 3712 ἐγκαταλείπειν
1437 3646 1529 3699 τὸν
1560 3646 1762 3717 Κύριον
1816 3646 2058 3717 ἁμαρτία
2110 3647 2328 3718 ἐνεργη-

774 3738 1039 3808 Θήσεται..
1100 3739 1222 3794 ﬂare
1274 3740 1453 3803 retuli,
1514 3754 1619 3793 non
1664 3738 1807 3809 quoII
1856 3748 2035 3809 putem
2070 3737 2332 3807 ejusmodi

770 3830 1012 3895 exempla
1042 3832 1186 3885 nulla
1229 3842 1442 3887 exstare
1469 3832 1610 3901 apud
1654 3834 1885 3901 optimos
1923 3847 2166 3902 quosque
2185 3832 2334 3888 scri-

769 3930 950 3987 plores
980 3937 994 3971 :
1029 3923 1124 3977 sed
1158 3923 1299 3990 quod
1334 3923 1525 3977 horum
1557 3939 1685 3978 usus
1709 3924 2043 3992 frequentior
2066 3924 2231 3978 multo
2264 3924 2335 3978 sit

768 4005 822 4058 iu
857 4016 1041 4061 nostro
1071 4016 1305 4069 auctore,
1337 4024 1496 4078 quam
1539 4012 1591 4063 in
1628 4010 1845 4065 Basilio.
1893 4012 1960 4065 Et
1986 4014 2128 4081 quod
2161 4014 2332 4082 magis

770 4112 984 4153 morere
1005 4099 1180 4164 debet,
1206 4114 1308 4153 nou
1345 4115 1517 4169 pauca
1543 4111 1672 4155 sunt
1709 4102 1779 4154 ita
1814 4116 1974 4165 nova,
2001 4103 2072 4155 ita
2100 4104 2329 4164 insolita,

769 4201 824 4242 ut
849 4191 1042 4244 similia
1084 4191 1209 4245 alibi
1241 4193 1483 4246 nancisci
1532 4192 1745 4248 ditIlcile
1771 4195 1863 4248 sit.
1891 4193 2079 4261 Qualia
2102 4194 2331 4251 fortasse

772 4282 856 4335 illa
897 4306 907 4336 ;
950 4281 1108 4351 Παρὰ
1139 4283 1222 4347 τὸ,
1252 4285 1346 4336 καὶ
1385 4285 1449 4337 ὲκ
1480 4285 1743 4356 στόματος
1788 4286 1882 4339 τοῦ
1912 4285 2046 4340 Θεοῦ
2080 4286 2331 4355 λέγεσθαι

770 4374 1185 4443 προεληλυθέναι
1212 4392 1227 4406 ο
1267 4374 1371 4439 ἔξω
1422 4378 1590 4446 ἐσμὲν
1645 4377 1738 4430 τοῦ
1772 4378 2166 4442 ταλανίζεσθαι·
2213 4381 2240 4432 ὁ
2277 4380 2333 4432 δὲ

766 4468 1083 4535 ἐπιστήμων
1140 4467 1279 4521 κατὰ
1331 4467 1392 4520 τὸ
1453 4470 1935 4541 ἐμπεριειληφέναι
1965 4471 2032 4525 τὰ
2067 4473 2333 4541 ἀναγκαῖα

2440 3381 2623 3434 visse?
2660 3379 2819 3434 Dicas
2881 3393 3002 3432 eum
3058 3377 3159 3433 hoc
3190 3386 3497 3433 commento
3526 3389 3864 3446 summopere
3902 3374 4002 3427 de—

2439 3468 2690 3521 Icclatum
2718 3483 2838 3523 esse
2860 3508 2875 3532 ,
2905 3477 2959 3521 et
2981 3468 3247 3532 timuisse,
3263 3482 3331 3522 ne
3354 3468 3398 3521 si
3426 3468 3591 3521 semel
3611 3475 3813 3519 tantum
3838 3463 4005 3517 dixis-

2438 3568 2537 3622 set,
2573 3560 2802 3612 lectores
2827 3559 3054 3627 fugeret.
3082 3558 3185 3613 Sed
3212 3575 3397 3613 rursus
3434 3558 3733 3612 audiendus
3753 3565 3853 3608 est.
3873 3554 4006 3622 Ejus

2438 3651 2599 3720 igitur
2631 3650 2743 3704 hate
2766 3660 2910 3715 sunt,
2957 3650 3043 3703 illa
3083 3652 3253 3719 (num.
3297 3650 3461 3720 236):
3497 3648 3732 3710 Ululate,
3783 3647 4005 3713 sculpti-

2436 3741 2529 3806 Iia,
2556 3742 2605 3793 in
2637 3738 2933 3793 Jerusalem
2952 3740 2995 3802 ⁸,
3013 3749 3143 3801 etc.,
3162 3739 3570 3808 interpretantis
3594 3756 3606 3791 :
3636 3758 3655 3788 ι
3674 3737 3999 3803 Quoniam,»

2440 3832 2630 3899 inquit,
2686 3830 2886 3901 ilignis
2940 3831 3005 3884 ab
3064 3830 3316 3884 humanis
3364 3827 3612 3882 manibus
3658 3828 3886 3883 formam
3937 3843 4004 3881 ac

2441 3925 2665 3992 figuram
2710 3924 3119 3978 habentibus...
3152 3933 3245 3977 aut
3278 3922 3497 3991 reliquis
3533 3920 3707 3986 idolis,
3739 3936 4001 3989 quacun-

2437 4031 2540 4084 que
2571 4017 2673 4069 alia
2712 4026 2931 4071 suntex
2974 4016 3204 4085 pretiosa
3240 4015 3320 4069 vel
3362 4015 3448 4069 vili
3487 4016 3707 4070 materia
3731 4015 3895 4078 facta,
3933 4025 3991 4071 et

2436 4121 2556 4174 quae
2580 4121 2608 4158 a
2637 4107 2885 4174 gentibus
2918 4109 3235 4172 adorantur,
3271 4106 3500 4160 latenter
3527 4106 3770 4160 assident
3822 4107 4007 4175 praesi-

2435 4197 2528 4251 des
2550 4196 2765 4264 quidam
2796 4198 3088 4257 daunones,
3112 4211 3175 4250 ex
3208 4198 3432 4265 impuris
3474 4198 3646 4251 sacris
3676 4198 4005 4267 voluptatem

2433 4288 2729 4356 capientes.
2786 4284 3250 4350 Quemadmodum
3289 4287 3428 4340 enim
3466 4289 3517 4340 iu
3565 4288 3699 4342 locis
3752 4290 4006 4344 macello-

2435 4395 2573 4441 rum,
2610 4378 2697 4431 ubi
2726 4392 2888 4431 cruor
2921 4387 2973 4430 et
3005 4379 3222 4448 sanguis
3251 4380 3363 4448 jam
3394 4390 3680 4449 corruptus
3709 4382 4004 4446 invenitur,

2436 4484 2599 4523 canes
2650 4468 2892 4537 cupediis
2937 4469 3107 4523 dediti
3154 4481 3601 4527 commorantur:
3638 4472 3707 4526 ita
3731 4476 4007 4527 et‘dmmo—

767 4556 843 4619 εἰς
876 4558 1251 4629 μακαριότητα
1272 4557 1626 4631 θεωρήματα,
1658 4560 1796 4629 μετὰ
1828 4562 1951 4624 τοὺς
1986 4562 2084 4632 ἤδη
2102 4562 2333 4625 ἑκτικῶς

2438 4577 2531 4617 nes
2564 4561 2699 4632 gula:
2726 4562 3048 4628 servientes,
3092 4562 3417 4630 voluptatem
3457 4577 3523 4617 ex
3561 4565 3820 4633 sanguine
3841 4578 3905 4615 ac
3928 4564 4005 4616 ni-

768 4648 859 4699 καὶ
888 4648 1095 4716 παγίως
1124 4650 1367 4719 συνέχειν
1422 4651 1478 4703 ὲν
1513 4649 1709 4720 ἑαυτῷ.
1752 4650 1903 4715 Quod
1936 4660 2115 4704 autem
2151 4654 2328 4707 notavi

766 4737 953 4791 ultimo
979 4738 1113 4799 Ioco,
1151 4739 1330 4792 οὐκέτι
1389 4743 1421 4811 ή
1454 4740 1546 4794 τοῦ
1574 4739 1984 4809 ἐγκαταλείπειν
2009 4741 2100 4793 τὸν
2127 4743 2329 4813 Κύριον

764 4827 1005 4898 ἁμαρτία
1036 4829 1481 4901 ἐνεργηθὴσεται,
1509 4835 1573 4887 de
1596 4848 1661 4887 eo
1688 4832 2138 4904 habeofpolliceri,
2170 4835 2326 4888 talem

764 4918 1013 4987 loquendi
1067 4923 1278 4973 modum
1329 4924 1381 4974 in
1422 4925 1670 4993 genuinis
1703 4923 1882 4978 Basilii
1914 4926 2169 4993 operibus
2194 4939 2327 4977 nus-

762 5023 922 5075 quam
948 5012 1193 5078 reperiri.
1227 5013 1370 5070 Leve
1406 5015 1670 5069 videbitur
1694 5017 1833 5085 quod
1868 5016 2094 5081 addam;
2131 5016 2327 5069 addere

764 5111 939 5154 tamen
960 5098 1266 5172 libet,quod
1292 5105 1355 5156 ad
1382 5120 1494 5159 rem
1522 5106 1717 5166 faciat:
1738 5122 2142 5177 nempe,vocem
2168 5123 2329 5160 κατα-

762 5191 944 5263 νόησις
984 5206 1108 5247 raro
1132 5196 1439 5249 ‘admodum
1486 5198 1731 5252 adhiberi
1763 5213 1794 5252 a
1832 5198 2060 5265 Basilio,
2102 5214 2164 5253 ea
2200 5216 2327 5255 vero

762 5298 893 5337 voce
946 5284 1290 5355 interpretem
1343 5290 1417 5342 uti
1474 5305 1634 5358 quam
1687 5290 2142 5361 frequentissime.
2215 5292 2325 5349 Iloc

763 5375 900 5429 idem
932 5375 1041 5428 fere
1092 5379 1294 5429 dictum
1326 5380 1567 5434 volumus
1595 5383 1658 5435 de
1682 5381 1793 5445 illo,
1838 5382 2161 5453 διορατικός.
2220 5384 2327 5439 Nec

760 5464 915 5517 aliter
948 5467 1282 5521 sentiendum
1309 5470 1375 5523 de
1409 5485 1537 5524 voce
1579 5472 1920 5541 ἡγεμονικὸς.
1965 5473 2089 5525 Scio
2110 5472 2323 5540 quidem

761 5555 900 5609 hanc
928 5570 1119 5611 vocem
1151 5569 1207 5612 ut
1237 5576 1263 5613 a
1298 5559 1513 5621 Basilio,
1550 5562 1619 5614 ita
1653 5578 1682 5615 a
1710 5564 2045 5630 politioribus
2094 5565 2325 5632 scripto-

760 5650 909 5703 ribus
938 5648 1171 5707 Iibenter
1206 5655 1450 5721 usurpari
1483 5669 1495 5705 :
1527 5655 1619 5709 sed
1659 5670 1719 5708 ea
1756 5671 1855 5710 vox
1888 5664 1995 5709 tam
2023 5656 2327 5725 frequenter

830 5840 847 5868 ³
878 5837 1037 5899 Isim.
1086 5841 1164 5894 ll.
1232 5846 1250 5871 ’θ
1286 5840 1383 5893 lsa.
1420 5855 1472 5907 ι,
1505 5840 1584 5916 ιι).

2437 4655 2565 4709 dore
2599 4655 2989 4709 sacrificiorum
3022 4664 3326 4722 captantes,
3363 4656 3505 4708 circa
3536 4669 3658 4708 aras
3688 4662 4005 4721 statuasque

2434 4744 2535 4799 sibi
2564 4756 2913 4800 consecratas
2938 4744 3267 4798 volutantur.
3323 4743 3487 4798 Forte
3511 4745 3651 4798 enim
3686 4743 4006 4797 nutriuntur

2434 4837 2594 4892 etiam
2630 4851 2814 4891 eorum
2844 4850 3071 4902 corpora
3098 4874 3112 4897 ,
3163 4848 3282 4901 quae
3323 4834 3468 4886 aeria
3515 4843 3639 4887 sunt
3687 4843 3780 4887 aut
3812 4834 3999 4902 ignita,

2433 4940 2525 4983 aut
2573 4944 2637 4982 ex
2683 4939 2908 4996 utroque
2960 4924 3227 4979 elemento
3277 4924 3666 4993 composita....
3724 4924 3863 4979 llinc
3910 4927 4000 4995 qui

2437 5030 2724 5075 vescuntur
2758 5016 3066 5086 idolothytis
3094 5059 3107 5081 ,
3170 5016 3458 5085 participes
3515 5017 3767 5070 dicuntur
3800 5032 4001 5072 mensa:

2433 5110 2839 5163 dtemonioruio.
2868 5107 2998 5163 Cum
3028 5108 3171 5161 enim
3191 5106 3407 5160 victima
3439 5105 3659 5160 offertur
3682 5107 3843 5171 idolo,
3871 5122 3994 5175 por—

2434 5201 2507 5253 tio
2542 5199 2719 5267 aliqua
2743 5200 2905 5253 etiam
2934 5196 3193 5251 assidenti
3218 5198 3448 5250 daamoni
3477 5197 3807 5250 destinatur:
3833 5212 3977 5265 quan

2432 5292 2718 5359 doquidem
2766 5289 3086 5344 daemonium
3137 5297 3192 5341 et
3217 5302 3284 5341 ex
3328 5287 3590 5358 sanguine
3622 5288 3712 5356 qui
3737 5286 3903 5339 veluti
3942 5286 3997 5338 in

2432 5398 2611 5435 aerem
2643 5398 2831 5435 versus
2852 5390 2953 5445 est,
3003 5388 3057 5434 et
3084 5393 3150 5433 ex
3209 5380 3363 5446 adipe
3393 5377 3790 5449 sulfumigante,
3848 5386 3903 5431 et
3932 5391 3996 5431 ex

2434 5474 2652 5541 reliquis
2674 5472 2999 5527 holocaustis
3023 5480 3225 5541 partem
3263 5475 3553 5541 quamdam
3582 5470 3681 5525 sibi
3709 5468 3990 5530 assumit,t

2434 5574 2535 5617 etc.
2572 5563 2746 5631 Legas
2780 5563 2940 5615 velim
2965 5562 3153 5616 Graeca
3186 5562 3238 5614 in
3272 5562 3391 5630 ipso
3427 5558 3837 5615 commentario.
3874 5558 3997 5613 Hac

2433 5656 2645 5725 quidem
2714 5666 2986 5725 utcunque
3049 5653 3321 5710 toleranda
3378 5661 3557 5710 essent
3615 5652 3754 5723 apud
3787 5661 3994 5723 poetas,
