4212 6486
1302 445 1359 495 D.
1404 446 1549 498 JUL.
1593 448 1919 502 CARNERII
1960 453 2345 509 ΡΒᾹΞΡΑΤΙΟ.

3294 482 3446 523 CCXXI

212 564 301 607 aut
333 560 480 625 apud
499 558 743 624 jocosum
778 556 1095 622 scriptorem
1132 556 1424 611 Lucianum
1462 579 1477 613 :
1511 572 1563 612 at
1602 566 1789 618 eadem
1822 572 1865 625 Α
1898 568 2067 633 ipsum
2104 571 2372 638 coarguit.
2418 568 2589 624 Filias
2629 574 2781 641 genui
2816 582 2866 624 et
2896 578 3120 629 exaltari
3146 580 3187 629 ⁸.
3218 578 3455 631 Genera—

214 650 262 696 iu
293 646 517 701 Patrqu
572 646 893 715 gravissimo
924 645 1121 701 Basilio
1154 648 1276 715 quis
1307 650 1441 703 ferat
1467 650 1490 701 ?
1525 649 1647 705 Scio
1667 654 1784 721 qui-

214 742 329 793 dem
356 738 603 793 celestia
634 740 875 807 quasdam
912 754 1138 807 corpora
1175 742 1377 809 angelis
1412 756 1441 795 a
1470 742 1783 811 quihusdam

213 832 471 885 Patribus
529 827 733 884 Graecis
785 833 989 887 tribui:
1041 832 1133 885 sed
1178 833 1374 896 nullus,
1423 834 1565 902 quod
1595 836 1784 904 sciam,

215 919 483 985 qusntudi
527 935 697 989 nugas
742 935 976 989 unquam
1033 924 1282 989 garrivit.
1332 925 1582 979 Arbitror
1606 937 1783 985 autem

214 1011 475 1064 BJSiillﬂn
527 1026 557 1064 a
617 1018 781 1067 tantis
833 1014 1200 1069 deliramentis
1259 1019 1493 1073 maxime
1544 1024 1782 1078 omnium

217 1104 591 1161 abhorruisse.
634 1106 730 1161 Vir
771 1120 1013 1162 summus
1041 1124 1107 1163 ne
1156 1110 1357 1177 Optima
1384 1110 1621 1179 quidem,
1665 1132 1785 1183 qua:

218 1206 336 1249 erat
373 1197 493 1265 ejus
559 1198 819 1250 mirabilis
849 1200 1004 1267 copia
1044 1200 1274 1262 dicendi,
1331 1212 1578 1270 repetere
1627 1208 1782 1261 solet.

220 1288 503 1353 Quomodo
532 1304 660 1356 ergo
687 1290 767 1339 sui
804 1300 909 1342 tam
963 1290 1236 1346 dissimilis
1263 1308 1380 1347 esse
1403 1295 1595 1363 potuit,
1623 1308 1677 1351 ut
1702 1312 1783 1353 se-

219 1380 321 1430 mel
353 1389 408 1433 et
433 1380 625 1431 iterum
650 1376 817 1430 aniles
841 1376 1051 1434 fabulas
1083 1384 1431 1437 narraverit?
1460 1382 1589 1455 Legi
1620 1387 1783 1442 etiam

218 1476 442 1534 possunt
462 1507 478 1531 ,
533 1481 651 1533 qua:
697 1468 948 1521 dicuntur
977 1471 1042 1525 de
1071 1470 1333 1527 Calvaria:
1358 1474 1477 1528 luco
1499 1487 1659 1544 atque
1690 1495 1785 1531 uo-

217 1561 388 1621 mine,
422 1574 529 1611 non
564 1558 747 1628 procul
780 1560 846 1614 ab
881 1560 1032 1616 initio
1064 1563 1260 1631 capitis
1298 1565 1491 1631 quinti.
1524 1565 1617 1620 llis
1640 1578 1784 1624 certe

214 1650 348 1701 nihil
377 1650 625 1718 lepidius,
653 1652 784 1706 nihil
814 1651 1062 1707 facetius.

282 1740 371 1795 59.
399 1740 549 1797 Hunc
578 1744 665 1810 qui
694 1745 745 1795 in
785 1742 1033 1794 manibus
1058 1750 1141 1795 est
1173 1746 1619 1801 commentarium
1652 1762 1772 1804 cum

215 1833 625 1902 interpretarer,
667 1848 695 1885 a
733 1833 992 1901 plagiario
1042 1835 1348 1889 confectum
1381 1853 1501 1892 esse
1540 1825 1782 1909 suspica-

213 1925 331 1978 har.
364 1924 574 1976 Etenim
611 1938 715 1976 non
749 1938 869 1976 raro
895 1927 1081 1978 eadem
1116 1925 1390 1994 prophetae
1418 1930 1533 1983 loca
1570 1929 1650 1983 bis
1695 1940 1788 1985 aut

217 2026 298 2067 ter
333 2014 589 2083 explanat
638 2016 902 2084 scriptor;
953 2018 1023 2070 ob
1076 2017 1237 2087 idque
1286 2018 1415 2074 mihi
1462 2019 1515 2073 in
1550 2031 1783 2075 mentem

214 2108 468 2163 veniebat
495 2124 617 2163 eum
647 2110 749 2163 alia
772 2110 983 2165 aliunde
1015 2114 1326 2183 sumpsisse.
1359 2113 1635 2187 Exempla,
1661 2133 1782 2171 cum

213 2201 371 2255 obvia
406 2203 537 2269 sint,
589 2204 777 2257 inutile
811 2204 972 2259 fuerit
1013 2206 1193 2273 aliqua
1237 2208 1499 2275 proferre.
1541 2212 1785 2279 Augebat

214 2295 599 2363 suspicionem,
652 2296 796 2362 quod
830 2296 1142 2361 scriptionis
1182 2311 1349 2363 genus
1378 2298 1593 2351 Eusebii
1644 2300 1784 2368 ston

215 2402 376 2451 quam
411 2386 657 2453 proxime
684 2386 911 2439 accedit.
943 2384 1150 2439 Norunt
1182 2387 1323 2441 enim
1360 2390 1451 2457 qui
1497 2389 1783 2443 Eusebium

218 2480 297 2532 vel
334 2479 686 2548 primoribus,
719 2487 777 2532 ut
806 2479 1027 2549 dicitur,
1057 2482 1222 2537 labris
1260 2482 1573 2552 attigerunt,
1623 2497 1782 2553 quam

215 2573 261 2625 i-i
294 2572 562 2629 fatiiiliare
590 2574 663 2629 sit
688 2574 992 2631 nominibus
1038 2580 1090 2632 in
1136 2594 1230 2641 κος
1280 2577 1645 2631 desinentibus
1672 2577 1783 2643 uti;

219 2667 268 2718 i:l
300 2669 469 2735 quod,
510 2670 915 2732 utmonuimus,
947 2687 1051 2727 non
1079 2670 1316 2723 insolens
1338 2668 1465 2721 facit
1494 2670 1781 2737 interpres.

221 2761 390 2813 Voces
451 2744 651 2811 multas
693 2775 829 2827 quas
865 2762 1151 2813 inusitatas
1200 2758 1337 2826 apud
1370 2758 1624 2812 Basiliam
1666 2774 1786 2814 esse

218 2862 268 2903 et
312 2867 481 2906 novas
535 2852 813 2919 putabam,
845 2852 897 2906 in
935 2852 1167 2906 Eusebio
1200 2852 1379 2922 legere
1412 2853 1783 2906 memineram.

220 2942 342 3008 Ejus
376 2943 593 3013 generis
632 2952 760 2996 sunt
790 2957 965 3007 voces,
1002 2942 1348 3014 ἀσεϐήματα,
1395 2941 1538 2995 κατὰ
1587 2958 1784 3015 συναρ-

219 3035 417 3107 παγὴν,
452 3034 817 3106 δεκάπληγος,
845 3044 949 3089 etc.
983 3034 1093 3089 lmo
1134 3051 1240 3089 non
1280 3035 1443 3089 verba
1472 3034 1663 3098 solum,
1692 3035 1784 3088 sed

220 3128 514 3182 sententias
552 3130 715 3181 etiam
773 3128 913 3196 ipsas
965 3127 1031 3180 ab
1087 3126 1315 3180 Eusebio
1371 3127 1602 3179 mutuari
1654 3127 1783 3179 mihi

221 3221 522 3275 videbatur.
549 3220 638 3285 Et,
666 3229 719 3273 ut
755 3219 923 3284 multa
946 3217 1212 3279 omittam,
1245 3216 1477 3285 scriptor
1508 3216 1582 3269 ita
1618 3216 1785 3271 inter-

222 3321 463 3375 pretatur
493 3311 581 3365 illa
617 3312 789 3377 (num.
828 3307 956 3375 273)
991 3326 1004 3361 :
1036 3304 1102 3358 Et
1120 3308 1216 3360 erit
1240 3305 1473 3375 Babylon
1502 3322 1616 3376 qum
1642 3322 1792 3358 voca-

221 3413 304 3452 lur
324 3402 527 3471 inclyta
553 3404 574 3432 '
615 3411 749 3465 etc.,
774 3410 834 3459 ut
856 3400 1072 3454 dubium
1108 3414 1214 3453 non
1252 3400 1506 3453 haberem
1536 3397 1664 3466 quin
1691 3412 1789 3451 no-

224 3494 429 3546 minum
466 3494 823 3562 quorumdam
854 3490 1322 3560 interpretationes
1361 3488 1674 3558 sumpsisset
1724 3487 1792 3542 ab

223 3587 474 3640 Eusebio.
510 3586 646 3653 Quid
673 3584 859 3655 plura?
909 3582 1365 3637 Commentarium
1408 3595 1553 3645 eum,
1578 3581 1667 3649 qui
1698 3596 1791 3634 no-

225 3681 366 3733 utine
424 3679 608 3734 Basilii
644 3676 1047 3741 circumfertur,
1082 3674 1343 3729 attentius
1368 3689 1489 3727 cum
1537 3672 1790 3743 legerem,

224 3775 583 3839 eumdemque
631 3786 751 3823 cum
802 3769 1020 3824 Eusebii
1066 3766 1458 3822 commentario
1507 3766 1792 3835 diligenter

225 3873 619 3927 compararem,
673 3859 814 3912 illius
859 3868 1131 3912 auctorem
1174 3863 1554 3923 purumputum
1588 3855 1794 3924 plagia-

228 3953 364 4005 rium
397 3965 524 4005 esse
567 3951 825 4019 comperi.
864 3948 995 4018 Ejus
1024 3950 1101 4003 rei
1129 3961 1272 4001 nunc
1302 3945 1582 4012 subjiciam
1610 3960 1794 3999 exem-

225 4043 305 4109 pla
343 4042 535 4105 multa,
588 4056 654 4093 ex
684 4040 881 4109 quibus
916 4040 1190 4095 constabit
1236 4037 1609 4108 imperfectum
1646 4035 1791 4088 illum

224 4134 274 4186 in
332 4134 527 4187 Isaiam
583 4132 1031 4185 commentarium
1064 4146 1167 4184 non
1230 4144 1424 4199 magno
1474 4127 1549 4181 illi
1594 4125 1793 4180 Basilio

221 4223 542 4276 Cesariettsi
585 4222 863 4291 episcopo,
904 4220 999 4275 sed
1028 4220 1182 4275 alteri
1211 4220 1384 4274 cuivis
1408 4217 1655 4286 scriptori
1696 4215 1795 4291 tri.-

224 4314 496 4366 huendum
530 4327 669 4365 esse.
697 4311 977 4367 Neminem
1010 4313 1153 4368 enim
1196 4321 1323 4381 puto
1356 4310 1626 4365 hominem
1656 4309 1789 4374 fore,

223 4393 311 4473 qui
347 4415 456 4458 tam
512 4404 728 4472 iniquus
758 4405 827 4457 sit
861 4421 1038 4458 rerum
1080 4405 1396 4469 aestimator,
1426 4412 1485 4457 ut
1534 4401 1791 4456 Basilium

223 4499 474 4568 Magnum
530 4498 671 4550 inter
703 4497 939 4566 insignes
981 4496 1266 4565 plagiarios
1318 4509 1599 4549 recensere
1640 4494 1787 4549 velit.

1897 658 2058 710 tionis
2087 661 2205 712 duae
2228 660 2436 725 species
2462 671 2605 722 sunt,
2644 677 2872 730 quarum
2905 663 3008 715 alia
3034 676 3113 716 est
3148 668 3235 719 illa
3261 682 3457 721 secun-

1888 747 2015 800 dum
2042 746 2206 804 Deum
2248 750 2442 814 forma,
2474 766 2592 819 qua:
2615 768 2681 807 ex
2711 751 2965 823 operibus
2991 762 3044 805 et
3075 768 3139 805 ex
3170 759 3458 811 mandato-

1890 855 2009 894 rum
2043 844 2386 912 perceptione
2412 842 2691 911 perficitur
2721 864 2734 900 :
2760 861 2862 915 qua
2896 846 3104 899 ratione
3140 845 3331 903 Paulus
3372 850 3423 903 di

1888 931 2123 997 scipulos
2158 950 2284 989 suos
2316 948 2411 1002 per
2444 932 2789 1004 Evangelium
2830 936 3018 1007 gignit.
3068 954 3087 987 ι
3139 935 3336 991 Eadem
3377 955 3460 992 re-

1888 1022 2067 1089 peries
2098 1038 2197 1078 suo
2231 1026 2349 1079 loco
2378 1025 2515 1092 apud
2542 1025 3027 1093 pseudo-Basiliam
3059 1027 3109 1077 in
3129 1028 3313 1079 eadem
3339 1042 3461 1095 pro-

1887 1114 2061 1182 phetat
2081 1118 2239 1169 verba
2263 1121 2432 1186 (num.
2452 1115 2564 1183 15),
2583 1114 2750 1170 Filios
2770 1119 2919 1185 genui
2937 1128 2983 1170 et
3009 1118 3257 1173 exaltari.
3275 1117 3461 1173 Moneo

1888 1216 2089 1268 tamen,
2140 1208 2228 1261 ubi
2277 1210 2475 1279 legitur
2502 1206 2553 1260 in
2589 1206 2841 1270 Eusebio,
2877 1210 3180 1281 μαρτυρίαν
3228 1209 3458 1279 ἐλέγχει,

1887 1302 1991 1369 legi
2043 1301 2182 1370 apud
2216 1302 2727 1372 pseudo-Basilium,
2778 1302 3049 1372 ἁμαρτίαν
3075 1304 3308 1373 ἐλέγχει.
3353 1300 3461 1356 Sed

1886 1395 2133 1449 mendum
2155 1410 2272 1450 esse
2298 1397 2532 1450 arbitror
2566 1394 2929 1449 librariorum.
2961 1393 3075 1447 Non
3108 1398 3249 1449 enim
3278 1396 3461 1451 dubito

1884 1486 2013 1555 quin
2050 1485 2331 1554 legendum
2359 1487 2451 1551 sit,
2477 1487 2774 1558 ἁμαρτίαν,
2807 1496 2917 1539 ιυηι
2947 1484 3088 1554 quod
3116 1501 3176 1538 ea
3204 1502 3304 1539 vox
3336 1502 3461 1542 seu-

1889 1576 2111 1631 tentiam
2141 1578 2312 1643 magis
2336 1579 2583 1631 idoneam
2610 1578 2824 1642 etIiciat,
2846 1587 2954 1630 tum
2986 1578 3126 1647 quod
3146 1577 3458 1646 Proc0pius,

1883 1670 1971 1740 qui
2002 1678 2057 1724 et
2107 1670 2221 1738 ipse
2266 1683 2482 1738 quoque
2530 1668 2830 1721 Eusebiana
2882 1670 3078 1737 passim
3126 1669 3459 1738 compilavit,

1884 1765 2165 1831 scripserit
2198 1764 2385 1817 eodem
2429 1762 2609 1823 modo,
2639 1761 2915 1831 ἁμαρτίαν
2960 1760 3191 1830 ἐλέγχει.
3244 1761 3459 1816 Eusebii

1886 1853 2079 1907 iterum
2111 1854 2277 1908 verba
2312 1863 2456 1921 sunt,
2499 1854 2627 1909 illud
2658 1872 2672 1910 :
2708 1850 2904 1905 Eversa
2954 1869 2982 1903 a
3016 1851 3221 1920 populi:
3249 1852 3459 1913 alienis.

1890 1944 2021 1995 sicut
2048 1944 2436 1995 tabernaculum
2458 1946 2510 1995 in
2538 1945 2739 2009 vinea',
2762 1954 2894 2009 etc.,
2914 1943 3347 2009 interpretantis:
3367 1942 3461 2005 Είς

1893 2033 2135 2107 φρουρὰν
2184 2034 2293 2086 τῶν
2321 2035 2377 2086 ὲν
2415 2037 2534 2097 ταῖς
2578 2036 2841 2103 ἀμπέλοις
2887 2036 3112 2105 καρπῶν
3161 2038 3215 2089 αἱ
3267 2036 3463 2107 σκηναὶ

1890 2128 2209 2198 πήγνυνται.
2244 2127 2409 2179 Ὅταν
2452 2126 2547 2195 μὲν
2572 2122 2664 2177 οῦν
2688 2125 2886 2195 εῦθηνῇ
2922 2128 3033 2187 τοῖς
3072 2127 3288 2188 οἰκείοις
3324 2144 3460 2198 καρ-

1890 2222 2075 2291 ποίςή
2130 2219 2405 2290 ἄμπελος,
2449 2217 2872 2287 σπουδάζεταιή
2916 2216 3106 2287 σκηνὴ,
3148 2217 3240 2269 καὶ
3285 2217 3465 2287 πάσης

1890 2311 2135 2375 ἀξιοῦται
2192 2310 2528 2380 ἐπιμελείας·
2582 2310 2721 2363 ὥστε
2753 2310 2847 2362 ἀπ’
2888 2309 3059 2377 αὐτῆς
3114 2307 3465 2362 κατοπτεύειν

1889 2402 1979 2453 τὸν
2015 2401 2250 2469 φύλακα,
2292 2402 2497 2469 μήποτε
2527 2401 2798 2469 τρυγῶσιν
2828 2401 2993 2469 αὐτὴν
3009 2402 3058 2451 οἱ
3098 2400 3467 2469 παραπορευό-

1894 2510 2040 2563 μενοι
2070 2490 2165 2563 τὴν
2192 2490 2327 2542 ὁδόν.
2356 2490 2522 2543 Ὅταν
2547 2490 2604 2542 δὲ
2638 2490 2881 2559 ἄκαρπος
2905 2485 2961 2561 ᾖ,
2993 2487 3273 2557 ἀμελεῖται
3298 2490 3466 2557 ἀναγ-

1890 2584 2060 2647 καίως
2104 2583 2200 2653 τῆς
2230 2580 2478 2652 ἀμπέλου
2520 2580 2587 2633 τά
2634 2578 2997 2649 φυλακτήρια.
3038 2578 3137 2631 Διὰ
3172 2576 3331 2630 τοῦτο
3371 2576 3464 2630 τοῦ

1902 2674 2292 2747 Ἰσραηλιτικοῦ
2326 2672 2455 2727 λαοῦ
2502 2671 2597 2742 τὴν
2624 2670 3008 2739 ὲγκατάλειψιν
3034 2668 3267 2732 ἀπειλεῖ,
3297 2668 3370 2731 ὡς
3390 2668 3465 2740 μὴ

1892 2765 2363 2836 καρποφοροῦντος
2382 2764 2451 2815 τά
2472 2762 2847 2815 ἐπιϐάλλοντα.
2866 2762 3192 2832 Φοϐηθῶμεν
3216 2755 3307 2815 οῦν
3326 2756 3465 2813 εἶναι

1890 2857 2147 2925 ἄκαρποι,
2205 2854 2277 2924 μὴ
2322 2852 2837 2925 ὲγκαταλειφθῶμεν
2880 2853 2983 2906 ὑπὸ
3028 2853 3125 2921 τῆς
3162 2852 3330 2921 ὀργῆς
3370 2850 3464 2903 τοῦ

1890 2948 2041 3003 Θεοῦ.
2077 2948 2149 3001 Τὸ
2188 2947 2454 3017 φυλάσσον
2484 2947 2727 3018 ἡμᾶς,τὸ
2759 2945 2982 3015 Πνεῦμα
3009 2944 3069 2996 τὸ
3100 2944 3256 3012 ἅγιόν
3297 2946 3461 2998 ἐστιν.

1893 3043 2059 3095 Ὅταν
2080 3040 2176 3111 μὲν
2190 3037 2282 3093 οὖν
2328 3042 2651 3111 καρποφορῇ
2680 3041 2713 3107 ἡ
2751 3036 2896 3107 ψυχὴ
2928 3036 3054 3102 ἀξια
3082 3036 3194 3089 τῶν
3232 3032 3467 3089 αίωνίων

1890 3133 2200 3202 ἀποθηκῶν,
2238 3133 2544 3201 παραμένει
2596 3130 2692 3182 καὶ
2727 3129 3008 3199 φυλάσσει,
3046 3130 3140 3183 καὶ
3184 3128 3467 3200 πόρρωθεν

1891 3222 2143 3292 ἀπείργει
2170 3222 2268 3283 τὰς
2307 3220 2399 3273 τοῦ
2438 3220 2617 3290 μονιοῦ
2654 3220 2745 3273 τοῦ
2778 3221 2975 3291 ἀγρίου
3002 3219 3313 3282 ὲπιδουλάς·
3338 3220 3467 3272 ὅταν

1890 3314 1946 3367 δὲ
1978 3312 2252 3384 σταφυλὴν
2290 3312 2450 3382 χολῆς
2477 3315 2715 3383 γεωργῇ,
2748 3312 2841 3364 καὶ
2878 3311 3071 3381 βότρυν
3112 3310 3329 3380 πικρίας
3377 3313 3467 3363 ὲκ-

1892 3405 2051 3478 φέρῃ,
2076 3404 2539 3475 ὲγκαταλιμπάνει
2572 3404 2671 3475 τὴν
2712 3404 2960 3474 ἄκαρπον
2990 3402 3188 3472 ψυχήν·
3227 3402 3320 3455 καὶ
3342 3400 3465 3454 τότε

1890 3499 1993 3550 ὑπὸ
2035 3497 2233 3560 παντὸς
2282 3496 2540 3567 λογισμοῦ
2582 3495 2878 3567 θηριώδους
2914 3495 3006 3548 καὶ
3054 3496 3233 3564 πάσης
3272 3492 3465 3562 ἀλόγου

1890 3588 2183 3656 ἐπιθυμίας
2218 3590 2621 3639 καταπεσεὴαι.
2649 3586 2919 3655 Πολλαχοῦ
2951 3589 3044 3637 καὶ
3059 3584 3333 3656 τροπικῶς
3362 3585 3471 3654 ἁμ-

1892 3679 2107 3731 πελῶνα
2144 3678 2233 3730 τὸν
2275 3677 2491 3747 Ἰσραὴλ
2541 3678 2568 3727 6
2603 3678 2759 3744 λόγος
2807 3677 3220 3746 προσαγορεύει*
3265 3676 3339 3739 ὡς
3382 3677 3463 3729 τό·

1894 3770 2191 3837 Ἄμπελον
2230 3766 2299 3830 ἐξ
2328 3769 2627 3837 Αἰγύπτου
2666 3767 2948 3836 μετήρας·
2987 3769 3098 3830 καὶ,
3160 3767 3469 3836 Ἀμπελὼν

1891 3858 2142 3929 ἐγενήθη
2170 3856 2251 3924 τῷ
2288 3858 2667 3929 ἠγαπημένῳ·
2696 3860 2810 3923 καὶ,
2887 3860 3031 3929 Ἐγὼ
3068 3858 3135 3912 δὲ
3162 3858 3469 3927 ἐφύτευσὰ

1890 3968 1964 4005 σε
1987 3950 2259 4019 ἄμπελον
2290 3952 2690 4019 καρποφόρον,
2724 3950 2929 4004 πᾶσαν
2964 3950 3281 4016 ἀληθινήν.
3320 3950 3383 4002 Et
3411 3950 3467 4001 δὲ

1889 4045 1917 4095 ὁ
1966 4042 2181 4113 Ἰσραὴλ
2214 4041 2495 4112 ἀμπελὼν,
2551 4041 2725 4111 σκηνὴ
2762 4040 2861 4109 τῆς
2901 4041 3146 4109 ἀμπέλου
3194 4041 3395 4112 ταύτης
3438 4043 3468 4093 6

1890 4131 2037 4198 οἶκος
2067 4135 2205 4203 τάχα
2225 4136 2253 4187 ὁ
2273 4133 2383 4185 τοῦ·
2403 4130 2865 4198 ναοῦ.”Σκήνωμα
2890 4132 2997 4200 γὰρ
3028 4130 3209 4201 δόξης
3230 4133 3466 4201 ἐλέγετο,

1896 4224 1992 4276 καὶ
2043 4222 2353 4290 σκήνωμα,
2399 4218 2470 4276 οὖ
2511 4221 2975 4289 κατεσκήνωσεν
3008 4224 3078 4276 ἐν
3114 4222 3464 4290 ἀνθρώποις.

1893 4317 2042 4379 Ἕως
2085 4315 2185 4386 μὲν
2211 4310 2303 4367 οὖν
2335 4316 2424 4366 ὅτε
2454 4313 2625 4365 ἐποίει
2643 4314 2853 4383 καρπὸν
2887 4314 3075 4377 πολὺν,
3109 4314 3202 4365 καὶ¹
3228 4315 3261 4383 ἡ
3296 4314 3468 4385 σκηνὴ

1892 4407 1982 4461 διά
2003 4408 2103 4477 τὴν
2127 4406 2235 4459 τῶν
2273 4404 2503 4476 καρπῶν
2532 4405 2776 4477 φυλακὴν
2806 4409 3169 4475 συνειστήκει·
3195 4406 3316 4458 ἐπεὶ
3357 4405 3413 4459 δὲ
3440 4409 3468 4459 ὁ

1897 4498 2170 4567 φυτεύσας
2192 4498 2361 4568 αὐτὴν
2384 4498 2562 4568 ἔμεινε
2600 4498 2691 4551 τοῦ
2726 4499 2949 4567 ποιῆσαι
2984 4499 3273 4570 σταφυλὴν,
3291 4500 3471 4571 ὲποίηο

223 4588 540 4655 Exemplum
578 4588 809 4655 primum
846 4602 910 4638 ex
943 4587 1059 4654 ipso
1098 4584 1382 4637 Eusebiani
1415 4585 1786 4638 commentarii

1892 4610 1950 4645 σε
1997 4594 2091 4645 καὶ
2135 4591 2397 4653 ἀκάνθας,
2434 4587 2522 4655 αἷς
2554 4592 2645 4643 τὸν
2694 4590 2901 4661 Κύριον
2936 4591 3334 4659 ἐστεφάνωσαν,
3375 4594 3470 4644 καὶ

221 4680 372 4732 mitio
407 4689 607 4745 petam.
650 4675 741 4730 Sic
771 4675 935 4744 igitur
967 4675 1203 4743 loquitur
1242 4672 1502 4728 Eusebius
1539 4691 1552 4725 :
1588 4672 1789 4727 Σύνθε-

216 4788 304 4832 τος
338 4772 367 4821 ὁ
393 4768 683 4839 ἄνθρωπος
716 4769 779 4820 ὲκ
808 4767 982 4837 ψυχῆς
1011 4766 1103 4819 καὶ⁵
1143 4765 1409 4834 σώματος·
1440 4767 1473 4835 ἠ
1505 4766 1641 4837 σάρξ
1687 4767 1795 4819 ἀπὸ

214 4863 311 4932 τῆς
336 4862 465 4931 γῆς,
496 4862 530 4929 ἡ
565 4859 711 4929 ψυχὴ
752 4859 1000 4929 οὐρανία.
1046 4858 1199 4911 Ἐπεὶ
1232 4852 1325 4909 οῦν
1352 4857 1488 4926 πρὸς
1511 4857 1794 4929 ἀμφότερα

214 4953 397 5006 αὐτῶν
423 4954 458 5020 ἡ
479 4952 767 5017 συγγένειά
794 4954 960 5015 ἐστιν,
998 4950 1089 5002 ἐπὶ
1114 4949 1222 5001 τῶν
1255 4949 1598 5002 οἰκειοτάτων
1630 4948 1794 5002 αὑτοῦ

215 5047 311 5117 τὴν
332 5042 642 5115 μαρτυρίαν
669 5042 895 5111 ἐλέγχει.
922 5042 1091 5107 Υίσὺς
1105 5040 1401 5111 ἐγέννησα
1428 5040 1527 5095 καὶ
1554 5042 1789 5109 ὕψωσα.

218 5139 529 5208 Γεννήσεως
562 5135 675 5207 εἴδη
696 5134 807 5197 δύο,
834 5137 865 5204 ἡ
903 5135 999 5203 μὲν
1034 5136 1067 5204 ἡ
1101 5135 1241 5187 κατά
1263 5135 1394 5187 Θεὸν
1426 5134 1705 5204 μόρφωσις
1736 5131 1794 5199 ἐξ

217 5228 394 5298 ἔργων
454 5228 551 5279 καὶ
592 5225 902 5295 παραδοχῆς
951 5225 1235 5293 δογμάτων
1267 5224 1677 5295 ἐπιτελουμένη·
1720 5225 1795 5288 ὼς

217 5320 380 5390 γεννᾷ
427 5317 640 5381 Παῦλος
702 5317 769 5370 δι’
806 5317 1139 5385 Εὑαγγελίου
1194 5319 1315 5380 τοὺς
1391 5318 1636 5387 μαθητάς
1691 5319 1791 5370 αὐ-

219 5409 331 5461 τοῦ.
367 5428 385 5460 ι
422 5409 596 5463 llomo
623 5423 689 5460 ex
731 5408 910 5461 anima
949 5420 1002 5461 et
1032 5423 1261 5472 corpore
1290 5410 1614 5463 constitutus
1662 5420 1786 5463 est:

224 5514 344 5551 raro
393 5513 458 5551 ex
518 5508 685 5560 terra,
722 5498 900 5550 anima
943 5498 1179 5552 ccelestis
1223 5500 1455 5553 exsistit.
1494 5501 1630 5566 Quia
1664 5516 1790 5555 vero

225 5606 337 5642 ιιιιυ
355 5602 590 5659 utroque
614 5605 805 5643 eorum
839 5592 1213 5657 cognationem
1248 5590 1410 5642 habet
1436 5592 1615 5655 homo,
1641 5591 1785 5645 circa

227 5697 283 5734 ca
319 5698 435 5751 qua:
482 5684 580 5753 ipsi
613 5682 852 5737 maxime
891 5682 1107 5751 propria
1150 5690 1295 5745 sunt,
1330 5682 1637 5737 testimonio
1690 5700 1784 5739 suo

290 5864 429 5920 δίδη.
484 5882 599 5930 xm,
649 5864 730 5917 i9.
813 5864 831 5893 ⁶
870 5863 969 5917 isa.
1010 5880 1047 5928 l,
1082 5864 1134 5917 ‘2.
1216 5866 1401 5919 ’zibid.
1454 5865 1507 5920 8.

1893 4680 2137 4751 ἐστράφη
2192 4682 2339 4733 πᾶσα
2391 4681 2470 4743 είς
2502 4680 2747 4750 πικρίαν·
2792 4679 3012 4748 ἐποίησε
3055 4678 3163 4750 γάρ
3197 4678 3470 4748 σταφυλὴν

1894 4774 2057 4845 χολῆς
2082 4774 2175 4826 καὶ
2208 4773 2404 4844 βότρυν
2426 4772 2673 4843 πικρίας.
2701 4771 2791 4823 Διὸ
2822 4771 2915 4823 καὶ
2932 4772 3009 4831 είς
3035 4772 3095 4823 τὸ
3126 4770 3323 4843 βρῶμα
3340 4769 3470 4823 ἔδω-

1895 4884 1996 4919 καν
2047 4866 2124 4936 τῷ
2177 4866 2366 4938 Κυρίῳ
2418 4866 2601 4935 χολήν.
2653 4864 2751 4916 Διά
2798 4862 2955 4916 τοῦτο
3008 4862 3466 4933 ὲγκατελείφθηή

1897 4957 2067 5026 σκηνὴ
2104 4955 2197 5009 τοῦ
2236 4956 2579 5026 ἀμπελῶνος.
2636 4952 2791 5007 Ἰδοὺ
2840 4954 2969 5022 γὰρ,
3021 4955 3207 5023 φησιν,
3237 4953 3470 5021 ἀφίεται

1893 5049 2034 5117 ὑμῖν
2062 5052 2094 5101 ὀ
2118 5042 2287 5113 ὀἶκος
2318 5048 2484 5112 ὑμῶν
2513 5047 2750 5113 ἕρημος.
2772 5044 2902 5097 Τότε
2925 5042 3217 5114 ἐπληρώθη
3250 5045 3282 5113 ἡ
3316 5045 3471 5096 ἀπει-

1893 5139 1957 5207 λὴ
1995 5138 2156 5207 αῦτη·
2183 5137 2651 5207 Ἑγκατελείφθη
2695 5134 2803 5203 γὰρ
2838 5133 2917 5198 ὡς
2946 5130 3148 5198 σκηνὴ
3181 5131 3250 5182 ἐν
3285 5131 3473 5198 ἀμπε-

1892 5230 2059 5285 λῶνι.
2086 5230 2177 5296 Ἐξ
2205 5231 2414 5283 ἐκείνου
2441 5229 2624 5281 λοιπὸν
2643 5228 2735 5281 καὶ
2763 5230 2879 5289 ταῖς
2898 5226 3149 5295 νεφέλαις
3173 5222 3471 5276 ἐνετείλατο

1890 5320 1985 5374 τοῦ
2018 5320 2093 5391 μὴ
2123 5319 2309 5389 βρέξαι
2346 5320 2437 5371 ἐπὶ
2463 5320 2553 5371 τὸν
2607 5317 2921 5389 ἀμπελῶνα.
2967 5315 3069 5367 Διὰ
3098 5313 3257 5366 τοῦτο
3284 5312 3467 5365 οὐκέτι

1893 5413 2167 5484 προφῆται
2207 5413 2336 5481 παρ’
2378 5412 2581 5473 αὐτοῖς,
2611 5408 2793 5461 οὐκέτι
2846 5406 3075 5477 οὐρανία
3112 5404 3291 5474 χάρις·
3334 5403 3470 5456 άλλά

1895 5505 2116 5574 γέγονεν
2168 5506 2247 5565 εἰς
2280 5503 2470 5574 χέρσον
2504 5505 2595 5555 καὶ
2639 5500 3035 5568 καταπάτημα,
3062 5497 3115 5549 οἵ
3142 5514 3199 5550 τε
3228 5493 3468 5567 φραγμηὶ

1894 5595 1988 5647 τοῦ
2030 5593 2160 5647 ναοῦ
2192 5596 2399 5647 ἐκείνου
2434 5594 2839 5665 καθῃρέθησαν,
2874 5593 2903 5643 6
2928 5587 3339 5661 ὑπερασπισμὺς
3364 5586 3470 5639 τῶν

1895 5686 2064 5755 ἁγίων
2092 5686 2390 5757 δυνάμεων,
2430 5686 2530 5741 κάν
2548 5704 2597 5739 τι
2633 5684 2973 5757 ἐργάσωνται
2996 5680 3133 5735 κατά
3170 5679 3260 5732 τὸν
3280 5677 3464 5748 νόμον»
