4212 6492
726 470 902 510 (ΞΕΞΧΙΙ

2080 444 2613 503 PROLEGOMENA.

723 577 803 641 ei;
835 572 1109 627 ἀπώλειάν
1138 572 1273 625 ἐστι.
1313 569 1444 637 Qua:
1471 571 1547 625 sic
1580 570 1772 624 Latine
1809 568 2037 624 reddidit
2060 572 2143 625 vir
2196 569 2298 621 im-
2328 574 2373 628 Α

2409 572 2621 618 tuantur
2658 578 2670 614 :
2716 580 2733 611 ι
2762 560 2958 615 deinde
2984 558 3126 627 quod
3172 557 3398 625 legimus
3433 552 3482 609 in
3511 550 3761 611 Eusebio,
3790 568 3966 605 κατα-

727 682 910 721 meusa
935 666 1167 733 quadam
1199 663 1457 718 doctrina:
1506 662 1661 730 c0pia
1700 663 2016 725 instructus,
2066 661 2155 731 qui
2182 673 2294 711 ma-

728 770 888 826 gnam
925 754 1213 809 Eusebiani
1255 752 1628 810 commentarii
1670 764 1876 822 partem
1906 765 1972 805 ex
2004 752 2185 806 multis
2206 764 2296 803 ca-

730 847 868 901 tenis
897 845 1178 900 collectam
1217 846 1360 900 haud
1403 846 1476 898 ita
1521 843 1729 912 pridem
1776 844 1986 900 edidit:
2034 862 2052 895 ι
2086 844 2167 897 Ad
2200 856 2294 896 cu-

726 937 953 992 stodiam
1006 937 1275 994 fructuum
1322 938 1376 991 in
1433 936 1609 992 vineis
1666 937 2004 994 nascentium
2062 936 2297 1006 figuntur

730 1030 978 1086 tentoria.
1002 1032 1137 1086 Cum
1167 1044 1295 1101 ergo
1325 1030 1478 1085 vinea
1534 1031 1770 1101 propriis
1817 1027 2085 1081 fructibus
2134 1027 2297 1097 probe

730 1123 994 1178 instructa
1037 1132 1140 1186 est,
1182 1124 1328 1178 omni
1356 1137 1487 1191 cura
1520 1132 1577 1178 et
1614 1120 1974 1179 sollicitudine
2008 1122 2296 1176 tentorium

730 1225 1009 1279 servatur;
1069 1216 1141 1269 ita
1190 1224 1247 1269 ut
1278 1225 1460 1272 custos
1506 1216 1790 1285 diligenter
1847 1213 2161 1283 prospiciat,
2208 1226 2294 1278 ne,

732 1308 821 1376 qui
858 1309 909 1361 in
943 1308 1026 1361 via
1062 1318 1409 1374 prattereunt,
1434 1310 1641 1363 fructus
1670 1305 1788 1375 ejus
1811 1306 2120 1374 decerpant.
2163 1304 2295 1359 Cum

729 1407 909 1452 autem
957 1400 1113 1453 vinea
1171 1399 1505 1457 infructuosa
1544 1406 1646 1465 est,
1683 1397 1815 1452 illud
1869 1414 1900 1451 a
1940 1396 2182 1461 custode,
2240 1402 2299 1449 nt

729 1498 1151 1544 consentaneum
1182 1500 1283 1555 est,
1330 1490 1639 1561 negligitur.
1688 1488 2297 1558 Quamobrem‘lsraeli-

732 1578 897 1634 ticum
925 1581 1175 1650 populum
1205 1580 1518 1635 derelictum
1555 1581 1621 1634 iri
1674 1580 2075 1643 interminatur,
2111 1588 2299 1648 utpote

731 1670 821 1739 qui
860 1678 1277 1725 consentaneum
1306 1668 1541 1725 fructum
1576 1686 1681 1727 non
1708 1672 1941 1727 emittat.
1978 1670 2297 1725 Timendum

731 1760 911 1829 itaque
944 1761 1097 1815 nobis
1129 1770 1231 1826 est,
1261 1775 1330 1816 ne
1361 1762 1681 1819 infructuosi
1712 1764 1902 1828 simus,
1936 1772 1995 1817 ut
2031 1776 2098 1815 ne
2130 1777 2193 1816 ex
2221 1763 2300 1815 ira

731 1848 828 1905 Dei
853 1851 1187 1907 deseramur.
1206 1850 1437 1923 Spiritus
1468 1863 1685 1908 sanctus
1708 1864 1790 1908 est
1817 1853 2023 1923 quinos
2044 1853 2296 1908 custodit.

2394 658 2665 717 πεσεῖται,
2710 670 2727 701 ι
2765 652 2996 717 decidet,
3047 666 3065 700 ι
3099 648 3237 716 apud
3286 640 3775 715 pseudo-Basiliutn
3810 657 3965 706 vero,

2393 747 2817 806 καταπατεῖται,
2854 761 2873 793 ι
2904 740 3269 799 conculcatur.
3312 757 3328 789 I
3384 738 3489 792 Sed
3515 748 3568 793 et
3609 736 3721 790 ba‘c
3749 745 3968 797 quoque

2394 840 2535 897 inter
2573 837 2914 895 librariorum
2938 844 3119 888 errata
3157 832 3485 888 numeranda
3511 844 3630 885 esse
3655 834 3804 897 puto.
3827 819 3966 874 Nam

2394 932 2439 986 si
2488 932 2559 985 ita
2606 928 2772 984 verba
2816 925 3034 980 Eusebii
3061 923 3357 979 secundum
3384 933 3572 973 eorum
3598 921 3703 974 vim
3726 915 3966 972 nativam

2395 1021 2741 1089 interpretari
2772 1018 2927 1081 velis,
2976 1033 2995 1065 ι
3030 1026 3090 1069 ιιι
3120 1030 3186 1070 ne
3232 1016 3298 1070 ab
3332 1012 3413 1066 ira
3447 1009 3540 1063 Dei
3570 1010 3907 1069 deseramur,
3940 1021 3959 1054 ι

2394 1113 2449 1169 id
2479 1112 2662 1166 nescio
2682 1110 2950 1180 quomodo
2968 1106 3106 1162 male
3132 1117 3308 1161 sonat.
3335 1105 3419 1171 Et,
3446 1103 3586 1172 quod
3622 1102 3841 1169 gravius
3859 1106 3966 1161 est,

2394 1207 2606 1261 videtur
2632 1202 2897 1258 Eusebius
2926 1216 3032 1257 non
3066 1199 3224 1253 aliter
3248 1199 3488 1253 scribere
3509 1193 3967 1260 debuisse,quam

2396 1294 2723 1364 ἐπισκοπῆς,
2772 1303 2831 1347 ιιι
2883 1291 3145 1348 orationis
3202 1298 3383 1358 partes
3439 1286 3651 1357 possint
3716 1284 3859 1337 inter
3910 1298 3973 1338 se

2397 1390 2693 1443 cobacrere.
2745 1382 2966 1439 Dixerat
3011 1383 3155 1437 enim
3206 1378 3358 1449 prius
3432 1376 3637 1432 servari
3692 1372 3970 1428 fructuum

2399 1488 2642 1547 tempore
2679 1474 2971 1530 tentorium
3020 1474 3212 1535 vineze,
3250 1480 3484 1536 tuncque
3525 1469 3802 1523 custodem
3837 1480 3969 1533 pro-

2398 1572 2628 1641 spicere,
2681 1581 2770 1631 ne,
2808 1566 2900 1636 qui
2934 1566 2986 1619 in
3023 1564 3181 1617 vinea
3210 1567 3555 1631 praetereunt,
3605 1559 3817 1614 fructus
3850 1558 3971 1627 ejus

2399 1663 2737 1731 decerpant:
2790 1658 2989 1727 negligi
3041 1670 3174 1709 vero
3222 1653 3391 1706 vinea:
3447 1648 3778 1705 munimenta
3844 1658 3972 1721 post

2399 1752 2763 1810 vendemiam.
2805 1748 3109 1805 Verisimile
3147 1745 3310 1816 igitur
3339 1744 3397 1797 tit
3425 1758 3571 1807 eum,
3610 1741 3654 1794 si
3687 1741 3786 1794 sibi
3838 1758 3973 1795 con-

2401 1856 2545 1902 stare
2559 1844 2748 1907 voluit,
2777 1842 3080 1911 scripsisse,
3098 1838 3426 1908 ὲπισκοπῆς,
3444 1851 3508 1891 eo
3539 1834 3744 1889 scilicet
3766 1848 3931 1886 sensu
3954 1850 3969 1884 :

732 1947 865 2001 Cum
896 1946 1058 2015 igitur
1079 1945 1259 1998 anima
1304 1945 1509 2000 fructus
1538 1956 1869 2001 aeternorum
1915 1945 2295 2013 penuariorum
2328 1923 2374 1984 Β
2404 1935 2863 2006 Quemadmodum
2907 1933 2951 1988 si
2984 1933 3141 1986 vinea
3191 1931 3523 1986 infructuosa
3566 1937 3668 1993 est,
3706 1942 3815 1981 non
3841 1940 3965 1992 pro-

732 2040 923 2103 dignos
958 2036 1183 2105 profert,
1215 2046 1328 2090 tum
1362 2047 1646 2105 permanet
1675 2036 1763 2092 ille
1790 2046 1993 2101 custos,
2026 2046 2080 2092 et
2108 2038 2298 2108 singu-

729 2123 861 2177 laris
890 2122 986 2178 feri
1025 2124 1247 2181 insidias
1292 2126 1476 2193 procul
1527 2126 1727 2192 abigit;
1765 2140 1887 2179 cum
1917 2136 2097 2182 autem
2136 2143 2294 2182 uvam

731 2214 876 2270 fellis
898 2225 953 2270 et
983 2215 1199 2271 botrum
1232 2216 1609 2270 amaritudinis
1635 2217 1865 2285 profert,
1910 2219 2297 2274 infructuosam

733 2310 965 2363 animam
1003 2310 1090 2363 ille
1134 2310 1376 2363 deserit:
1412 2319 1466 2364 et
1503 2318 1631 2364 tunc
1682 2310 1737 2365 in
1788 2313 2038 2382 quemvis
2080 2313 2297 2365 brutum

731 2398 1050 2468 cngitatum,
1101 2398 1239 2452 etin
1286 2400 1533 2467 quamvis
1568 2401 1995 2455 irrationabilem
2040 2403 2301 2472 concupi-

738 2492 1003 2545 scentiam
1041 2492 1242 2547 decidit
1294 2494 1402 2549 illa.
1444 2494 1767 2561 Plerumque
1815 2507 1977 2563 porro
2024 2492 2301 2563 Scriptura

734 2581 988 2637 lsraelem
1020 2584 1232 2638 vineam
1283 2585 1487 2653 tropice
1525 2592 1831 2653 nuncupat;
1884 2595 1962 2651 ut,
1999 2583 2217 2640 Vineam
2242 2603 2305 2642 ea:

738 2672 969 2744 .Egyplo
996 2676 1312 2729 transtulisti
1339 2677 1391 2740 ’ς
1424 2686 1477 2731 et
1510 2695 1525 2734 :
1564 2674 1728 2732 Vinea
1756 2680 1897 2748 facta
1926 2690 2000 2734 est
2033 2681 2222 2734 dilecto
2246 2682 2301 2743 9;

738 2777 793 2821 et
824 2784 838 2819 :
867 2766 981 2834 Ego
1009 2776 1181 2820 autem
1205 2768 1438 2839 planlaui
1465 2778 1513 2823 te
1550 2773 1751 2824 vineam
1776 2772 2122 2839 fructuosam,
2142 2782 2303 2824 totam

738 2874 909 2911 veram
939 2858 1007 2912 ¹⁰.
1043 2857 1192 2924 Quod
1228 2860 1270 2913 si
1300 2859 1465 2914 Israel
1498 2863 1649 2915 vinea
1681 2862 1862 2927 fuerit,
1897 2862 2304 2917 tabernaculum

735 2965 868 3005 sane
898 2948 1012 3018 ejus
1048 2952 1236 3006 domus
1289 2952 1469 3022 templi
1513 2953 1619 3007 erit
1660 2971 1675 3007 :
1722 2970 1846 3009 nam
1890 2952 2307 3008 Tabernaeulum

740 3041 924 3110 gloria:
965 3042 1007 3073 “
1039 3043 1269 3108 dicitur;
1304 3054 1359 3099 et
1394 3061 1408 3099 :
1460 3042 1895 3111 Tabernaculunt,
1928 3047 2013 3099 ubi
2052 3046 2305 3101 habitavit

739 3132 793 3183 in
842 3132 1135 3185 hominibus
1189 3134 1252 3188 ¹¹.
1310 3134 1492 3188 Donec
1548 3136 1728 3206 itaque
1790 3137 2015 3191 multum
2073 3138 2305 3192 fructum

737 3218 976 3288 protulit,
1007 3219 1409 3274 tabernaculum
1435 3224 1500 3277 ad
1544 3223 1815 3278 fructuum
1847 3226 2145 3280 custodiam
2176 3228 2304 3281 sub-
2333 3261 2375 3315 ε

740 3313 911 3378 stitit;
942 3314 1067 3383 quia
1101 3330 1231 3399 vero
1270 3312 1360 3385 qui
1414 3315 1676 3387 plantavit
1698 3331 1841 3383 eam,
1873 3318 2209 3387 exspectavit
2247 3326 2306 3373 ut

740 3404 945 3461 faceret
977 3423 1158 3471 uvam,
1192 3406 1320 3463 fecit
1354 3418 1533 3464 autem
1566 3411 1773 3479 spinas,
1804 3413 1999 3481 quibus
2027 3412 2308 3466 Dominum

744 3503 1161 3557 coronaverunt,
1216 3504 1322 3548 tota
1356 3511 1613 3551 conversa
1649 3509 1732 3553 est
1764 3500 1816 3553 in
1856 3501 2307 3554 amaritudinem:

741 3580 873 3636 fecit
898 3583 1041 3636 enim
1073 3598 1227 3636 uvam
1262 3583 1404 3640 fellis
1453 3596 1504 3640 et
1550 3588 1765 3641 botrum
1809 3590 2185 3644 amaritudinis
2226 3591 2308 3643 ηε

746 3673 975 3742 ideoque
998 3672 1050 3726 in
1086 3684 1266 3742 potum
1304 3673 1530 3731 Domino
1578 3675 1648 3730 fel
1680 3677 1975 3743 dederunt;
2009 3693 2068 3731 ea
2094 3694 2223 3733 sane
2246 3681 2312 3732 de

745 3782 910 3821 causa
966 3768 1370 3822 tabernaculum
1419 3770 1541 3824 vita:
1592 3770 1904 3826 derelictum
1956 3775 2110 3825 est':
2165 3786 2310 3837 nam,

750 3857 901 3920 ft‘cce,
934 3859 1123 3926 inquit,
1147 3862 1469 3929 relinquetur
1484 3864 1620 3917 vobis
1644 3867 1826 3919 domus
1844 3874 2009 3918 uestra
2027 3866 2228 3919 deserta
2246 3863 2311 3919 “.

742 3946 896 4003 Tunc
930 3964 1053 4003 vere
1084 3951 1297 4019 impleta
1339 3962 1424 4005 est
1459 3954 1547 4007 illa
1588 3957 1968 4024 comminatio;
1997 3960 2196 4013 etenim
2224 3960 2317 4014 de-

748 4042 933 4096 relicta
984 4040 1079 4096 Est
1105 4044 1238 4096 sicut
1282 4045 1677 4099 tabernaculum
1707 4050 1765 4101 in
1812 4051 1961 4103 vinea
2006 4051 2071 4102 ¹¹.
2113 4051 2321 4107 Exinde

748 4149 880 4188 vero
912 4136 1144 4189 nubibus
1182 4136 1458 4190 mandavit
1490 4153 1555 4191 ne
1591 4138 1839 4207 pluerent
1880 4155 2041 4209 super
2080 4142 2313 4197 vineam.

745 4223 953 4279 Idcirco
984 4241 1089 4279 nun
1120 4224 1257 4279 ultra
1294 4227 1567 4296 propheta:
1607 4244 1772 4298 penes
1828 4229 1949 4283 illos
2005 4240 2151 4295 sunt,
2212 4248 2316 4285 non

750 4316 990 4372 caelestis
1017 4318 1222 4387 gratia;
1264 4318 1357 4373 sed
1401 4334 1656 4375 conversa
1682 4330 1765 4375 est
1799 4322 1849 4374 in
1899 4322 2107 4375 aridam
2160 4331 2215 4376 et
2263 4322 2315 4376 in

754 4409 1216 4464 ronculcationem
1240 4428 1254 4476 ;
1284 4425 1439 4479 sepes
1466 4412 1647 4481 templi
1682 4411 1827 4467 illius
1856 4412 2147 4467 destructa:
2173 4422 2317 4478 sunt,

753 4517 855 4555 nec
904 4517 1012 4555 non
1063 4512 1370 4557 sanctarum
1403 4506 1661 4559 virtutum
1709 4503 2207 4575 propugnaculum:
2259 4521 2321 4562 ac

2400 2028 2561 2097 spicit
2588 2033 2790 2088 custos,
2821 2022 2914 2077 sed
2940 2037 3059 2076 eam
3087 2021 3263 2091 potius
3286 2020 3486 2075 deserit
3511 2034 3524 2071 :
3560 2020 3632 2072 ita
3661 2017 3967 2071 timendum

2400 2130 2502 2184 est,
2533 2132 2600 2172 ne
2645 2132 2761 2183 nos,
2791 2115 2835 2170 si
2887 2114 3206 2171 infructuosi
3254 2114 3442 2175 simus,
3489 2109 3823 2175 inspectione
3873 2107 3971 2160 Dei

2401 2210 2775 2265 destituamur.
2812 2207 3117 2263 Lectionem
3162 2204 3389 2257 alteram
3425 2200 3636 2255 defendi
3674 2214 3780 2253 non
3810 2213 3976 2265 posse

2403 2300 2657 2355 arbitror.
2691 2298 2844 2366 Quod
2900 2309 2957 2351 ut
3001 2293 3353 2363 intelligatur,
3403 2292 3536 2345 satis
3585 2297 3671 2344 est
3720 2289 3764 2341 si
3805 2289 3974 2340 verba

2401 2390 2619 2445 Eusebii
2663 2390 3013 2448 ascribamus,
3042 2398 3163 2453 quae
3196 2384 3310 2437 haec
3334 2392 3459 2436 sunt
3491 2400 3504 2436 :
3541 2382 3649 2435 Καὶ
3682 2380 3806 2432 τότε
3856 2378 3970 2431 ὑπὸ

2403 2480 2601 2542 παντὸς
2649 2476 2906 2545 λογισμοῦ
2940 2473 3236 2545 θηριώδους
3268 2473 3363 2527 καὶ
3405 2473 3586 2543 πάσης
3610 2470 3809 2538 ἀλόγου
3860 2470 3982 2520 tm-

2404 2570 2603 2640 θυμίας
2654 2568 3063 2621 καταπεσεῖται.
3119 2565 3253 2620 Nam
3300 2564 3430 2618 illud
3482 2562 3733 2630 loquendi
3782 2574 3980 2629 genus,

2403 2662 2792 2713 xaramositat
2839 2658 2945 2712 ὑπὸ
2990 2654 3275 2727 λογισμοῦ,
3300 2672 3318 2704 ι
3353 2654 3552 2707 incidet
3590 2651 3643 2704 in
3688 2651 3979 2719 cogitatio-

2405 2768 2549 2815 nem,
2590 2770 2608 2802 ι
2644 2752 2882 2816 ineptum
2917 2762 3036 2803 esse
3056 2758 3111 2801 et
3146 2748 3397 2799 vitiosum
3426 2741 3630 2806 vident,
3662 2751 3721 2795 ut
3755 2742 3978 2808 opinor,

2403 2858 2615 2898 omnes.
2675 2840 2851 2895 Scribi
2906 2838 3257 2907 oportuisset,
3310 2835 3704 2887 καταπεσεῖται
3755 2833 3838 2895 εἰς
3894 2831 3984 2883 λο-

2405 2936 2622 3007 γισμόν.
2656 2932 2879 2995 Contra,
2908 2946 3122 2996 vocem,
3144 2930 3558 2991 καταπατεῖται,
3590 2926 3715 2981 huic
3743 2925 3863 2978 loco
3884 2938 3987 2990 op-

2410 3029 2537 3083 time
2566 3024 2879 3089 convenire,
2921 3037 3101 3088 nemo,
3151 3023 3195 3078 si
3232 3022 3472 3076 animum
3507 3016 3819 3077 attenderit,
3844 3012 3987 3067 diii-

2410 3119 2629 3175 tebitur.
2676 3116 2880 3171 Caetera
2931 3127 3338 3184 persequamur.
3393 3109 3545 3174 Quod
3595 3107 3839 3173 sequitur
3869 3105 3987 3157 fra-

2409 3220 2683 3278 gmentum
2738 3207 2902 3259 breve
2958 3204 3174 3271 quidem
3213 3209 3295 3255 est
3338 3218 3351 3251 :
3415 3197 3465 3250 id
3511 3206 3689 3249 tamen
3722 3195 3988 3249 adnotare

2411 3314 2516 3353 non
2553 3297 2778 3366 pigebit.
2814 3294 3076 3348 Eusebius
3116 3292 3245 3345 illud
3280 3306 3293 3342 :
3328 3288 3606 3356 Principes
3632 3288 3710 3340 tui
3744 3302 3848 3340 non
3889 3285 3987 3338 ob-

2409 3399 2691 3459 temperant
2724 3388 2791 3452 ",
2828 3387 3211 3454 interpretans,
3246 3383 3435 3437 'verbis
3474 3381 3582 3436 illis
3606 3381 3825 3434 utitur:
3864 3377 3988 3447 Θεῷ

2409 3482 2743 3547 ἀπειθοῦσιν,
2796 3480 3135 3542 ἐκκλίνοντες
3173 3478 3267 3531 ἀπ’
3301 3474 3489 3539 αὑτοῦ,
3541 3474 3634 3528 καὶ
3662 3475 3774 3536 τοῖς
3806 3472 3988 3525 διατε-

2411 3574 2702 3645 ταγμένοις
2760 3574 2849 3625 ὑπ’
2878 3570 3042 3625 αὑτοῦ
3093 3568 3169 3640 μὴ
3208 3567 3555 3638 ἐμμένοντες,
3608 3582 3626 3614 ι
3671 3565 3777 3617 Deo
3830 3577 3992 3630 repu—

2412 3675 2598 3737 gnant,
2626 3666 2962 3720 declinantes
2990 3663 3058 3715 ab
3087 3676 3174 3726 eo,
3207 3670 3259 3714 et
3304 3661 3357 3712 in
3402 3656 3690 3725 pratceptis
3717 3656 3836 3721 ejus
3883 3669 3989 3706 non

2416 3763 2719 3809 manentes.
2749 3770 2767 3802 ι
2798 3751 2920 3805 Hzec
2948 3750 3013 3803 ad
3040 3748 3262 3801 verbum
3282 3745 3459 3813 legere
3487 3751 3569 3797 est
3590 3741 3729 3810 apud
3753 3738 3991 3809 pseudo-

2417 3847 2675 3903 Basilium
2700 3847 2754 3899 in
2780 3844 2924 3897 hunc
2950 3843 3122 3911 ipsum
3147 3838 3297 3892 Isaia:
3321 3837 3503 3913 locum
3530 3839 3699 3901 (num.
3730 3831 3843 3901 49).
3881 3830 3993 3883 Eu-

2417 3940 2603 3997 sebius
2638 3940 2690 3991 in
2721 3932 3055 4005 explicandis
3083 3931 3189 3987 illis
3220 3947 3236 3985 :
3266 3928 3404 3995 Quid
3428 3944 3515 3981 vos
3554 3925 3752 3994 injuria
3788 3922 3994 3992 aﬁicitis

2418 4032 2665 4102 populum
2724 4044 2894 4081 meum
2926 4027 2990 4090 ιδ,
3029 4034 3159 4088 etc.,
3196 4023 3275 4077 sic
3336 4020 3570 4089 loquitur
3611 4033 3625 4069 :
3667 4015 3827 4079 Ἔθος
3878 4017 3995 4079 τοῖς

2420 4100 2663 4178 actuosa.
2696 4121 2790 4174 καὶ
2809 4116 3224 4187 ἀποστεροῦσιν,
3241 4112 3455 4166 ἐπειδὰν
3482 4108 3815 4178 ἑγκαλῶνται
3843 4106 3996 4178 παρὰ

2418 4214 2527 4267 τῶν
2559 4212 2924 4281 ἠδικημένων,
2954 4208 3084 4277 ῦϐρε
3098 4224 3146 4257 τι
3175 4206 3269 4258 καὶ
3291 4201 3577 4272 λοιδορίαις
3615 4197 3997 4267 καταισχύνειν

2420 4305 2638 4365 αὐτοὺς,
2657 4299 3076 4365 ὲξευτελίζοντες
3106 4297 3200 4347 καὶ
3223 4294 3433 4362 πληγὰς
3462 4290 3830 4351 ἀπειλοῦντες.
3859 4289 3997 4342 Τοῦ·

2422 4412 2483 4448 το
2517 4390 2611 4446 οὖν
2649 4407 2807 4462 φησι,
2841 4387 2939 4458 τὴν
2966 4387 3093 4456 ὑμῖν
3139 4386 3519 4455 προσήκουσαν
3551 4382 3615 4432 ὲκ
3654 4383 3753 4447 τῆς
3782 4379 4000 4439 ἀδικίας

2422 4484 2683 4555 αἰσχύνην
2717 4478 2942 4548 ταύτην,
2968 4478 3033 4528 ἐκ
3057 4476 3153 4544 τῆς
3186 4472 3496 4544 τυραννίδος
3523 4468 3673 4539 ὑμῶν
3710 4471 3820 4532 τοῖς
3854 4486 4002 4521 πτω-

751 4592 963 4646 etiamsi
995 4592 1271 4663 quidpiam
1295 4596 1588 4649 secundum
1619 4562 1791 4666 legem
1809 4562 2005 4669 negant,
2038 4597 2093 4651 id
2129 4597 2233 4652 illis
2268 4598 2320 4651 in
2354 4598 2375 4653 1

2423 4582 2537 4649 χοῐς
2565 4574 2949 4646 περιτρέπετε.
2990 4589 3008 4622 ι
3047 4569 3163 4623 Mos
3202 4577 3285 4621 est
3318 4566 3383 4619 iis
3430 4567 3522 4632 qui
3565 4562 3815 4632 injttriattt
3862 4562 3999 4616 infe-

754 4682 1047 4752 perniciem
1096 4686 1280 4739 vertit.
1329 4702 1348 4736 ι
1411 4684 1611 4739 Eodem
1665 4685 1824 4753 plane
1877 4688 2038 4742 modo
2086 4686 2324 4757 loquitur

762 4775 1227 4843 pseudo-Basilius
1284 4777 1456 4845 (num.
1489 4777 1581 4837 ΞΟ)
1641 4777 1694 4830 in
1749 4776 1941 4833 iisdem
1989 4777 2327 4845 explicandis

753 4868 903 4923 Isaia:
929 4868 1106 4923 verbis
1137 4867 1202 4923 ¹⁶.
1232 4867 1329 4922 Cui
1360 4878 1560 4933 autem,
1605 4884 1808 4939 quaeso,
1855 4872 2169 4938 persuaderi
2230 4886 2329 4924 un-

748 4974 911 5027 quam
962 4960 1155 5029 poterit
1196 4968 1475 5015 oratorum
1520 4961 2012 5032 eloquentissimum
2067 4961 2324 5016 Basilium

751 5048 837 5103 vel
871 5050 989 5119 ipso
1014 5051 1385 5104 commentarii
1419 5051 1501 5104 sui
1528 5051 1681 5106 initio
1706 5050 1773 5105 ab
1793 5050 2021 5105 Eusebio
2053 5049 2327 5118 fragmen-

755 5151 868 5193 tum
894 5148 1105 5195 tantum
1123 5141 1221 5195 sibi
1252 5143 1588 5211 sumpsisse?
1606 5143 1908 5197 Notandum
1930 5142 2148 5196 variare
2177 5155 2325 5195 com-

758 5234 1050 5288 mentarios
1103 5234 1156 5286 in
1213 5233 1442 5287 duobus.
1500 5235 1763 5299 Primum,
1819 5236 1961 5304 quod
2023 5233 2217 5301 legitur
2266 5231 2319 5285 in

757 5322 1010 5389 Eusebio,
1045 5325 1136 5397 Μὴ
1184 5325 1698 5398 ὲγκαταλειφθῶμεν
1736 5327 1840 5380 ὑπὸ
1878 5329 1975 5399 τῆς
2013 5326 2179 5397 ὀργῆς
2226 5321 2320 5377 τοῦ

756 5413 915 5480 Θεοῦ,
952 5418 1017 5472 ad
1050 5420 1293 5485 verbum,
1334 5436 1354 5470 ι
1391 5434 1455 5473 ne
1488 5419 1554 5472 ab
1590 5419 1669 5471 ira
1717 5420 1810 5472 Dei
1845 5419 2180 5480 deseramur,
2218 5433 2237 5465 ι
2267 5414 2320 5467 in

758 5504 866 5558 alio
897 5520 1024 5562 vero
1046 5508 1363 5579 interprete,
1396 5510 1487 5581 Μὴ
1516 5508 2037 5579 ὲγκαταλειφθῶμεν
2076 5506 2181 5559 ὑπὸ
2230 5503 2329 5573 τῆς

760 5595 1069 5668 ἐπισκοπῆς
1096 5600 1191 5653 τοῦ
1215 5601 1373 5666 Θεοῦ,
1410 5620 1428 5654 ι
1466 5612 1524 5655 ιιι
1556 5616 1623 5656 ne
1651 5601 1744 5656 Dei
1785 5600 2119 5669 inspectione
2168 5594 2333 5650 desti-

1826 5800 1867 5830 ‘°
1897 5797 2005 5852 Jer.
2049 5812 2102 5853 tt,
2136 5793 2188 5847 2.

1752 5870 1791 5902 ¹⁸
1833 5870 1963 5925 ibid.

1406 5801 1424 5832 ’
1454 5800 1551 5853 lsa.
1590 5801 1727 5856 v.1.

1346 5871 1389 5903 ⁸⁸
1417 5872 1520 5926 lsa.
1561 5888 1597 5936 ι,
1620 5869 1671 5925 8.

835 5801 857 5831 ⁸
903 5799 1040 5855 Psal.
1071 5801 1323 5857 vatx.9.

765 5868 811 5901 “
856 5870 965 5927 Luc
1020 5885 1141 5936 xm,
1171 5868 1257 5926 55.

2268 5794 2304 5823 ¹¹
2350 5787 2487 5843 l’sal.
2517 5803 2644 5851 xxv,
2674 5785 2725 5839 8.

2044 5868 2083 5897 ¹⁷
2114 5864 2240 5921 ibid.
2268 5860 2356 5919 25.

2430 4674 2576 4727 runt,
2625 4672 2679 4716 et
2729 4660 3023 4729 abripiunt,
3064 4664 3123 4710 ut
3171 4671 3292 4710 cum
3325 4669 3353 4706 a
3386 4652 3529 4707 laesis
3566 4650 3997 4721 expostulantur,

2430 4753 2777 4813 contumeliis
2825 4762 2882 4806 et
2917 4748 3181 4806 conviciis
3208 4748 3353 4814 ipsos
3389 4742 3746 4806 confundant,
3772 4741 4002 4810 vilipen-

2433 4852 2622 4906 dentes
2643 4865 2705 4905 ac
2731 4849 2914 4918 plagas
2935 4845 3350 4900 comminantes.
3387 4840 3501 4895 Hoc
3528 4840 3690 4909 igitur
3721 4839 3795 4893 ait
3822 4854 3836 4890 :
3862 4839 4003 4893 Con-

2436 4953 2719 5016 gruentem
2752 4940 2903 4995 vobis
2941 4954 3005 4991 ex
3038 4937 3183 4991 illata
3213 4933 3406 5002 injuria
3440 4934 3722 5003 pudorem,
3752 4930 4000 5001 tyranni-

2435 5051 2498 5091 ca
2530 5036 2580 5087 vi
2609 5041 2819 5087 utentes
2849 5031 2901 5082 in
2927 5042 3189 5099 pauperes
3213 5025 3548 5080 refunditis.»
3578 5024 3693 5086 Illa,
3719 5021 3879 5075 τοῦτο
3907 5016 4001 5073 οὖν

2435 5143 2590 5197 φησι,
2618 5125 2661 5178 si
2702 5121 2961 5190 excipias,
3009 5128 3204 5173 caetera
3236 5116 3301 5170 ad
3326 5116 3548 5169 verbum
3582 5113 3823 5166 invenies
3861 5108 4000 5178 apud

2430 5214 2928 5290 pseudo~Basilium
2994 5211 3167 5281 (num.
3224 5208 3372 5278 122),
3426 5206 3670 5261 eamdem
3724 5202 4002 5272 prophetae

2428 5308 2754 5367 sententiam
2804 5302 3209 5373 explanantem.
3272 5299 3544 5359 Invenies,
3593 5297 3836 5362 inquam,
3892 5305 4001 5345 non

2432 5401 2781 5456 continenter
2807 5394 3045 5464 quidem,
3064 5392 3158 5447 sed
3182 5390 3361 5445 verbis
3382 5386 3652 5443 nonnullis
3679 5382 3999 5448 interiectis.

2437 5492 2504 5545 Et
2538 5487 2794 5558 quoniam
2827 5483 2992 5537 statui
3025 5482 3159 5536 nihil
3192 5480 3470 5552 prmterire
3503 5489 3713 5538 eorum,
3759 5486 3885 5542 qua:
3914 5488 3999 5525 re-

2438 5581 2615 5653 perire
2646 5587 2853 5645 potero,
2880 5574 3130 5645 adjiciam
3176 5587 3342 5642 pauca
3374 5571 3555 5624 verba.
3590 5565 3809 5621 Eusebii
3843 5564 4003 5634 igitur

2810 5786 2849 5816 ¹¹
2884 5783 3022 5839 Psal.
3052 5798 3254 5844 Lxxvu,
3301 5779 3386 5835 60.
3472 5777 3509 5807 ⁸³
3537 5778 3688 5830 Deut.
3719 5787 3892 5835 xuii,
3915 5767 4003 5823 3‘3.

2437 5858 2477 5889 ³⁸
2500 5860 2597 5913 lsa.
2635 5874 2713 5923 ιιι,
2744 5854 2830 5910 15.
