4212 6496
1328 448 1388 504 D.
1428 448 1574 507 JUL.
1613 449 1938 506 CARNERII
1980 448 2359 507 ΡΒᾸΞῈΑΤΙΟ.

3269 473 3468 516 CCXXIII

242 564 346 617 hinc
366 571 517 625 sunt,
550 561 681 617 illud
714 579 727 615 :
772 560 861 617 Ve
902 564 991 627 iis,
1019 564 1109 632 qui
1140 581 1291 620 mane
1326 578 1543 635 surgunt
1568 569 1634 633 ¹⁹,
1667 577 1797 635 etc.,
1829 575 1871 631 Α
1901 605 1905 619 ς

1829 575 1871 631 Α
1901 568 2208 632 εὔξασθαι·
2248 566 2345 619 καί
2372 568 2443 621 οὐ
2474 567 2560 635 μὴ
2594 565 2883 619 δύνωνται
2922 565 3234 631 ἐξελέσθαι
3262 572 3467 634 αὐτὸν,

242 654 589 720 exponentis:
620 652 732 724 Τῆς
753 654 1109 727 ἀποστολικῆς
1126 655 1322 722 λέξεως
1345 657 1442 728 τήν
1464 658 1720 732 ἐξήγησιν
1741 660 1802 712 τὸ

244 744 408 814 παρὸν
446 745 607 797 τοῦτο
631 745 795 815 μέρος
816 745 915 816 τῆς
955 748 1288 819 προφητείας
1320 748 1582 820 περιέχει.
1610 768 1628 801 ι
1662 753 1802 820 Apo—

244 836 409 891 sinlici
431 837 560 891 dicti
590 838 1015 907 explanationem
1049 854 1173 909 pars
1204 839 1318 894 hate
1341 840 1634 911 prophetia:
1666 856 1797 897 con-

246 925 393 979 tinet.
425 944 445 977 ι
477 925 630 980 Haud
667 928 825 983 aliter
856 927 1191 998 exprimitse
1231 929 1495 998 interpres
1526 930 1684 990 alter.
1709 928 1799 983 ubi

241 1014 423 1067 eadem
478 1017 753 1085 prephetze
794 1019 957 1071 verba
1003 1017 1393 1087 interpretatur
1439 1022 1607 1089 (num.
1650 1018 1795 1089 154).

246 1099 504 1155 Eusebius
549 1102 791 1158 eumdem
838 1106 991 1160 Isaia
1024 1105 1199 1163 locum
1245 1108 1533 1177 explanare
1563 1109 1643 1163 sic
1674 1123 1797 1177 per-

243 1193 315 1257 git
373 1206 389 1244 :
444 1190 762 1259 Τουτέστιν,
830 1196 878 1246 oi
934 1196 1059 1266 ἀρτι
1122 1196 1224 1267 τὴν
1281 1197 1346 1248 ὲκ
1409 1198 1505 1267 τῆς
1548 1198 1797 1268 νεότητος

240 1281 420 1335 ἄνοιαν
460 1282 805 1353 ἀποθέμενοι,
850 1287 944 1339 καὶ
999 1288 1118 1341 ἀντὶ
1165 1286 1323 1358 [adde
1381 1301 1445 1352 ex
1506 1303 1585 1358 ps.
1633 1288 1793 1344 Basil.

240 1372 327 1424 τοῦ
356 1371 466 1443 διὰ]
514 1374 613 1444 τῆς
653 1375 747 1428 τοῦ
779 1375 936 1446 λόγου
972 1378 1250 1448 δυνάμεως
1285 1378 1515 1443 εὐτόνως
1548 1396 1797 1433 καταπα-

242 1464 406 1518 λαίειν
438 1464 509 1519 τά
532 1466 699 1536 πάθη,
721 1468 1145 1539 ἀνατρεπόμενοι
1169 1471 1299 1541 παρ’
1326 1470 1524 1534 αὐτῶν,
1548 1473 1643 1525 καὶ
1685 1467 1795 1524 οἶόν

239 1572 354 1608 τινα
395 1556 567 1629 μέθην
620 1558 690 1610 τὰ
733 1559 880 1628 πάθη
912 1560 1359 1629 μεταδιώκοντες.
1402 1580 1420 1613 t
1456 1562 1509 1615 Id
1550 1572 1651 1629 est,
1702 1564 1793 1633 qui

243 1647 475 1699 nonduin
494 1647 794 1715 iuventutis
812 1647 1175 1717 insipientiam
1202 1651 1586 1721 deposuerunt,
1611 1663 1663 1709 et
1679 1654 1792 1722 qui,

239 1750 361 1789 cum
413 1736 749 1794 turbulentos
782 1740 952 1793 animi
1005 1751 1183 1797 motus
1236 1752 1456 1799 strenue
1487 1759 1795 1814 Oppugnare

240 1827 516 1890 deberent,
559 1826 628 1879 ab
654 1828 721 1882 iis
742 1839 929 1885 contra
961 1832 1369 1898 subvertuntur,
1393 1844 1447 1887 et
1478 1849 1574 1889 ceu
1601 1848 1791 1901 quam—

1907 661 2042 728 τάχα
2096 657 2190 712 τὸν
2256 658 2347 710 ἐπὶ
2406 656 2549 710 τέλει
2606 656 2908 727 ἀφανισμὸν
2951 658 3130 727 πάσης
3190 659 3471 713 εἰδωλολα-

1904 748 2111 821 τρείας,
2163 750 2226 802 ἐκ
2256 748 2355 818 τῆς
2399 747 2494 800 τοῦ
2531 746 2703 817 Λόγου
2748 747 3085 816 ἐπιφανείας,
3135 752 3469 821 προφητεύει

1905 843 1933 895 ό
1980 841 2223 904 Ἠσαῖαςο
2280 842 2363 894 δτι
2416 840 2634 911 μάταιοι
2686 841 2886 904 πάντες
2929 841 2979 893 οἱ
3043 840 3133 893 ἐπὶ
3184 843 3306 905 ταῖς
3358 858 3469 895 κα-

1903 936 2194 997 τασκευαῖς
2227 932 2333 986 τῶν
2392 931 2538 986 ναῶν
2566 931 2774 1002 μόχθοι.
2821 932 2913 985 καὶ
2947 930 3239 1002 ἀνωφελεῖς
3270 933 3326 985 ai
3388 935 3469 996 είς

1903 1025 1973 1079 τά
1994 1026 2342 1097 χειροποίητα
2395 1024 2630 1088 ἐλπίδες.
2679 1024 3121 1091 Προσεύξονται
3149 1024 3279 1095 γὰρ,
3312 1024 3462 1095 φησί·

1903 1116 2002 1169 καί
2028 1118 2099 1170 οὐ
2150 1116 2236 1186 μὴ
2281 1115 2572 1169 δύνωνται
2604 1114 2913 1179 ἐξελέσθαι
2960 1116 3163 1169 αὐτόν.
3216 1114 3386 1169 Τοῦτο
3410 1115 3468 1169 δὲ

1904 1206 2000 1261 νῦν
2041 1208 2135 1259 ἐπὶ
2159 1209 2258 1278 τῆς
2295 1206 2534 1279 Χριστοῦ
2569 1206 2862 1278 ἐπιδημίας
2908 1206 3281 1277 πεπλήρωται.
3321 1204 3468 1261 Ἀντὶ

1903 1300 2179 1354 σκοπέλων
2219 1300 2316 1369 μὲν
2363 1299 2474 1370 γὰρ
2524 1299 2817 1369 ἑστήκασιν
2867 1299 2917 1351 οἱ
2968 1298 3087 1352 ναοὶ⁵
3133 1297 3464 1369 περιϐόητοι.

1902 1390 2173 1443 υὺκέτιδὲ
2215 1391 2271 1443 ai
2325 1389 2434 1443 ἀπὸ
2475 1388 2581 1441 τῶν
2623 1389 2890 1459 δαιμόνων
2935 1389 3159 1443 ἀπάται·
3200 1388 3466 1457 φυγαδευ-

1901 1482 2083 1554 θείσης
2105 1481 2207 1551 τῆς
2235 1481 2618 1552 ἀντικειμένης
2641 1480 2921 1551 δυνάμεως
2955 1480 3043 1533 διὰ
3071 1479 3134 1533 τὸ
3172 1482 3467 1551 μυστήριον

1901 1573 1994 1627 τοῦ
2040 1572 2273 1645 σταυροῦ
2323 1572 2421 1627 τοῦ
2479 1571 2623 1625 κατά
2660 1575 2837 1625 πᾶσαν
2878 1571 2975 1643 τὴν
3019 1571 3344 1644 οἰκουμένην
3374 1588 3467 1626 κε-

1901 1664 2268 1736 κηρυγμένου.
2304 1684 2323 1717 ι
2358 1664 2497 1732 Quid
2523 1680 2655 1736 ergo
2681 1665 2784 1719 sibi
2835 1662 2953 1718 vult
2982 1662 3129 1729 illud,
3159 1664 3303 1732 quod
3334 1676 3468 1717 sane

1901 1764 2103 1811 temere
2138 1756 2338 1810 dictum
2385 1756 2652 1821 videatur,
2715 1753 2836 1808 Erit
2865 1763 2923 1807 ut
2959 1765 3006 1807 te
3027 1743 3359 1807 revereantur
3384 1754 3469 1808 ⁸ίῖ

1899 1845 2043 1912 Ideo,
2070 1846 2267 1924 inquit,
2303 1847 2492 1903 ﬁrmas
2524 1848 2655 1901 mihi
2690 1848 2837 1902 intus
2872 1846 3233 1917 cogitationes
3267 1844 3465 1914 elargi-

240 1916 354 1969 dam
383 1913 720 2011 ebrietatem,
753 1919 917 1973 animi
950 1920 1167 1976 morbos
1203 1930 1500 1975 sectantur.
1535 1939 1553 1971 ι
1589 1920 1657 1973 Et
1681 1921 1795 1975 hac
1823 1930 1869 1986 Β
1898 1947 1984 1994 ωε
2012 1952 2100 2005 es;
2137 1913 2211 1994 {ia
2251 1948 2310 1994 υι
2336 1940 2427 2011 qui
2450 1953 2570 1995 sese
2593 1940 2659 1994 ad
2682 1947 2734 1994 ιθ
2770 1913 2992 1993 minim},
3013 1944 3363 1999 convertunt,
3387 1913 3466 1990 ίυί

238 2020 452 2075 quoque
474 2006 723 2077 leguntur
744 2011 812 2065 ad
832 2012 1054 2067 verbum
1087 2014 1142 2066 in
1171 2023 1354 2067 nostro
1384 2012 1792 2069 commentario.

241 2096 368 2151 Tam
404 2100 553 2154 varie
589 2112 783 2158 auctor
805 2114 989 2160 noster
1018 2106 1251 2173 explicat
1283 2105 1414 2159 illud
1440 2103 1591 2160 Isaia:
1618 2107 1794 2175 (num.

241 2188 360 2257 160)
394 2207 408 2243 :
450 2188 539 2245 Vc
559 2194 648 2259 iis,
672 2194 762 2261 qui
784 2211 936 2247 mune
960 2206 1203 2265 surgunt,
1225 2203 1358 2260 elc.,
1399 2205 1619 2268 tamque
1651 2212 1794 2266 sape

248 2276 688 2351 harc'Scripturai
727 2283 889 2337 verba
932 2286 1147 2354 repetit,
1182 2293 1242 2339 ut
1276 2299 1340 2340 ea
1372 2302 1439 2341 ex
1470 2300 1527 2341 re
1567 2286 1650 2339 vel
1684 2284 1796 2340 sola

246 2378 456 2424 constet
482 2370 629 2423 illius
668 2373 1114 2428 commentarium
1147 2374 1283 2429 nihil
1313 2374 1457 2429 aliud
1507 2388 1650 2439 esse,
1690 2373 1797 2427 nisi

232 2461 529 2517 alienorum
557 2462 881 2530 scriptorum
904 2464 1358 2533 compilationem.
1384 2465 1645 2520 Eusebius
1669 2464 1794 2520 illa:

235 2551 370 2616 Quia
403 2550 641 2605 ablatum
672 2561 750 2608 est
763 2554 950 2626 jugum
974 2557 1100 2624 ipsis
1123 2557 1425 2622 impositum
1452 2558 1522 2622 '°,
1546 2566 1677 2625 etc.,
1711 2558 1797 2613 in-

234 2649 561 2711 terpretans,
598 2644 817 2713 scripsit
869 2646 971 2699 hoc
1020 2646 1177 2703 modo
1228 2665 1243 2702 :
1292 2648 1673 2701 Ἀπεσείσαντο
1708 2648 1799 2701 τὸν

232 2729 401 2803 βαρὺν
449 2730 612 2801 ζυγὸν
657 2733 752 2787 τοῦ
792 2738 858 2805 τῇ
905 2735 1118 2807 δουλείᾳ
1157 2737 1256 2806 τῆς
1289 2738 1557 2809 ἁμαρτίας
1605 2738 1799 2800 αὑτοὺς

231 2823 643 2893 ὑποζεύξαντας,
676 2829 770 2880 καὶ
801 2828 979 2897 ῥάϐδῳ
1008 2829 1097 2880 τὸν
1134 2830 1399 2899 τράχηλον
1429 2831 1605 2883 αὑτῶν
1634 2846 1799 2883 κατα-

231 2918 592 2989 κάμπτοντος’
632 2919 721 2972 ἵνα
750 2917 809 2971 τὸ
834 2920 1186 2973 ἀποστολικόν
1210 2922 1467 2993 κήρυγμα
1502 2923 1600 2993 τῆς
1624 2923 1799 2995 ψυχῆς

231 3009 680 3073 καταϐάλλοντες,
714 3009 787 3080 μὴ
822 3010 1136 3079 ὑποκύψωσι
1180 3015 1244 3082 τῇ
1270 3012 1479 3083 δουλείᾳ
1499 3014 1595 3085 τῆς
1622 3014 1802 3084 ἀμαρ-

230 3102 375 3165 τίας.
389 3101 598 3158 εει-τινε
609 3104 789 3173 jugum
805 3104 930 3157 illud
949 3116 1325 3169 excusserunt,
1342 3107 1577 3177 ejus,qui
1593 3106 1798 3175 peccati

231 3194 479 3250 servituti
508 3208 567 3249 se
603 3193 910 3263 colligabat,
948 3194 1148 3265 quique
1173 3196 1322 3267 virga
1367 3204 1526 3266 caput
1562 3196 1798 3263 ipsorum

1896 2031 2259 2084 reverentiam
2296 2031 2559 2095 habeant;
2595 2031 2666 2084 oh
2688 2035 3001 2099 argumenta
3023 2040 3090 2081 ex
3119 2026 3306 2080 inditis
3332 2025 3465 2080 mihi

1896 2119 2201 2189 praevalidis
2230 2120 2651 2190 cogitationibus
2684 2120 2816 2189 ipsis
2855 2117 3056 2175 oblata.
3090 2116 3255 2172 Deest
3285 2117 3467 2185 itaque

1896 2210 2049 2276 illud,
2084 2212 2207 2280 ipsi,
2244 2220 2305 2265 ut
2352 2226 2480 2265 sana
2511 2212 2801 2266 verborum
2851 2211 3119 2265 sententia
3160 2210 3418 2264 reddatur
3447 2227 3466 2265 :

1898 2300 1969 2356 Et
2004 2303 2103 2355 erit
2143 2311 2202 2356 ut
2234 2302 2333 2371 ipsi
2369 2302 2704 2356 reverentiam
2720 2301 2799 2355 tui
2824 2301 3067 2356 habeant.
3100 2299 3465 2368 Quemadmo-

1898 2395 2026 2450 dum
2056 2394 2199 2450 enim
2247 2394 2338 2463 qui
2382 2394 2434 2448 in
2478 2393 2635 2449 bellis
2674 2393 2901 2448 adversa
2943 2392 3083 2447 facie
3136 2392 3464 2457 consistunt,

1899 2486 2137 2554 quandiu
2188 2500 2343 2555 sequo
2400 2493 2571 2539 marte
2628 2492 2920 2553 pugnatur,
2968 2499 3075 2538 non
3110 2492 3257 2552 terga
3313 2482 3465 2546 dant,

1899 2591 2076 2646 neque
2104 2576 2292 2646 pedem
2328 2574 2604 2640 referunt;
2628 2590 2751 2630 cum
2774 2584 2953 2630 autem
2979 2574 3147 2630 altera
3192 2589 3316 2645 pars
3331 2587 3471 2641 prte-

1900 2668 2064 2733 valet,
2118 2677 2244 2721 tunc
2269 2666 2443 2738 fugam
2468 2666 2705 2721 faciunt:
2740 2666 2816 2721 ita
2846 2676 2902 2721 et
2923 2666 3102 2721 anima
3129 2666 3470 2736 impudenter

1898 2761 1954 2815 in
1985 2760 2100 2816 acie
2139 2759 2337 2824 stabat,
2378 2773 2477 2814 nec
2516 2758 2905 2822 reverebatur;
2948 2758 3114 2812 verbo
3139 2766 3317 2811 autem
3350 2755 3467 2810 elli-

1899 2852 2013 2906 caci
2044 2852 2311 2915 convicta,
2353 2849 2408 2902 in
2435 2849 2689 2917 pudorem
2716 2856 2771 2901 et
2802 2846 3161 2901 reverentiam
3198 2845 3453 2899 vertitur.

1900 2946 2103 3016 thuia
2129 2947 2180 2999 in
2211 2942 2422 2998 occulta
2452 2941 2686 2997 hominis
2708 2949 2864 3010 parte
2894 2944 3010 2995 hinc
3035 2939 3323 2995 conversio
3350 2936 3457 2993 elli-

1899 3035 2332 3107 οἰιυτ,ὲντροπή,
2365 3036 2479 3089 sive
2509 3032 2758 3089 confusio
2788 3038 3150 3100 nuncupatur.
3188 3026 3315 3082 Ideo
3336 3040 3469 3094 ergo

1899 3136 2087 3182 venter
2109 3126 2342 3189 sonabit,
2369 3136 2427 3180 et
2449 3124 2711 3178 interiora
2742 3121 2895 3190 quasi
2926 3134 3135 3183 murus,
3186 3132 3347 3188 quem
3379 3116 3468 3169 in-

1902 3219 2119 3275 novavit
2144 3220 2283 3274 Deus
2310 3218 2617 3288 prophetaa;
2648 3221 2707 3266 ut
2733 3220 3028 3275 mutentur,
3059 3218 3113 3263 et
3133 3208 3470 3263 confundan-

231 3282 607 3351 deprimebat;
630 3282 1051 3351 utapostolicam
1073 3284 1508 3353 praedicationem
1532 3284 1585 3338 in
1620 3285 1798 3339 anima
1826 3291 1871 3349 ο

1826 3291 1871 3349 C
1904 3320 2010 3375 tur,
2043 3282 2693 3376 Deumqne‘revereantur
2732 3319 2745 3354 :
2798 3300 3031 3355 antehac
3063 3298 3207 3353 utilis
3245 3296 3469 3366 pudoris

231 3369 544 3433 fundantes,
580 3386 639 3426 se
686 3374 896 3443 peccati
950 3375 1194 3431 servituti
1243 3389 1348 3430 non
1381 3373 1734 3431 inﬂectereni.
1776 3394 1796 3428 ι

232 3462 436 3517 Eadem
471 3462 652 3534 legere
693 3476 848 3536 potes
876 3468 927 3523 in
975 3467 1437 3538 pseudo-Basilio,
1488 3469 1578 3523 ubi
1614 3470 1799 3522 eadem

229 3554 512 3623 propheta
534 3556 697 3612 verba
715 3558 967 3627 explanat
983 3559 1153 3631 (num.
1173 3559 1322 3630 εει).
1340 3558 1471 3614 Illud
1488 3558 1638 3615 Isaia
1657 3580 1670 3613 :
1689 3558 1799 3612 Καὶ

229 3643 404 3700 ἕσται
430 3649 518 3712 είς
540 3648 605 3700 τό
625 3650 990 3716 ἐντραπῆναί
1021 3666 1115 3713 σε,
1172 3652 1251 3703 sic
1282 3650 1669 3718 interpretatur
1692 3650 1799 3705 Eu-

230 3741 457 3793 sebius:
506 3740 570 3791 Τί
601 3734 691 3793 οὑν
725 3739 973 3809 βούλεται
1016 3739 1077 3792 τὸ
1109 3740 1394 3811 τολμηρῶς
1431 3739 1618 3793 δοκοῦν
1653 3741 1803 3812 εἰρῆ-

231 3830 376 3895 σθαι,
406 3829 467 3881 τὸ
505 3831 707 3884 Ἔσται
746 3834 831 3897 είς
864 3832 930 3885 τὸ
966 3830 1332 3901 ἐξα-τραπῆναί
1361 3845 1471 3897 σε;
1510 3832 1607 3885 Διά
1648 3832 1805 3885 τοῦτό

232 3939 344 3990 μοι,
394 3922 582 3992 φησὶν,
628 3924 879 3994 ἰσχυροὺς
927 3924 1167 3994 ἐχαρίσω
1210 3923 1418 3977 ἔνδοθεν
1469 3924 1595 3987 τοὺς
1630 3923 1804 3978 διαλο-

228 4015 487 4083 γισμοὺς,
513 4014 653 4066 ὥστε
684 4016 808 4075 τοὺς
827 4014 920 4066 νῦν
943 4015 1017 4082 μὴ
1047 4015 1470 4083 ἐπιστρέφοντας
1496 4016 1586 4066 ἐπὶ
1610 4016 1690 4073 σὲ,
1720 4016 1803 4065 ὲν-

227 4107 509 4180 τραπῆναί
556 4122 636 4169 σε,
670 4105 759 4158 διὰ
794 4105 901 4157 τῶν
949 4091 1344 4173 ἐλέγχωνπῶν
1384 4105 1803 4177 προσαγομένων

228 4201 415 4261 αὐτοῖς
438 4201 504 4250 ὲκ
530 4196 629 4266 τῆς
654 4196 761 4249 τῶν
799 4195 1095 4268 δεδομένων
1127 4215 1216 4268 μοι
1241 4198 1513 4268 λογισμῶν
1538 4198 1800 4261 εὐτονίας.

227 4285 530 4347 Λείπειοὺν
552 4289 633 4356 τὸ,
672 4289 914 4357 αὐτοὺς,
947 4291 1033 4345 ἵνα
1077 4290 1243 4359 ὑγιῶς
1273 4292 1300 4342 ό
1325 4291 1447 4353 νοῦς
1478 4291 1586 4344 τῶν
1624 4292 1803 4361 ῥημά-

227 4404 336 4439 των
366 4384 603 4455 ἀποδοθῇ
628 4400 640 4413 ·
666 4385 775 4437 Καὶ
802 4384 974 4437 ἔσται
998 4387 1086 4448 εὶς
1107 4383 1171 4437 τὸ
1202 4382 1564 4451 ὲντραπῆναι
1586 4385 1806 4449 αὐτούς

226 4495 322 4532 σε.
358 4478 574 4545 Ὠσπερ
620 4475 727 4546 γὰρ
772 4476 906 4529 eli-1v
961 4477 1072 4537 τοῖς
1117 4475 1372 4545 πολέμοις
1404 4474 1805 4542 ἀντιπρόσωποι

228 4566 486 4630 ἑστῶτες,
519 4564 623 4627 ἕως
654 4564 752 4634 μὲν
786 4566 1058 4628 ἰσοπαλεῖς
1093 4564 1339 4619 δοκοῦσιν
1389 4561 1549 4627 εἶναι,
1578 4563 1638 4615 οὑ
1676 4562 1804 4631 τρέ-

230 4676 424 4714 πονται
444 4656 567 4711 οὐδὲ
600 4655 956 4709 ἐκκλίνουσιν·
989 4656 1209 4711 ἐπειδὰν
1237 4657 1331 4711 καὶ
1359 4657 1601 4730 ὑπερέχῃ
1625 4654 1801 4709 αὑτῶν

226 4753 289 4806 τὸ
312 4753 499 4823 ἕτερον
524 4748 706 4820 μέρος,
734 4748 1028 4820 τραπέντες
1058 4750 1364 4817 φεύγουσιν
1386 4747 1527 4801 οὓτω
1550 4746 1805 4818 καὶψυχὴ

230 4845 335 4898 ὑπὸ
359 4841 637 4903 ἀναιδείας
687 4839 1144 4913 παρατεταγμένη
1187 4840 1442 4913 ἔστηκεν,
1479 4841 1580 4894 οὐκ
1623 4842 1805 4910 ἐντρε-

230 4936 447 5008 πομένη
478 4951 492 4963 ·
527 4933 852 5001 ἐλεγχθεῖσα
870 4934 927 4987 δὲ
960 4933 1064 4987 ὑπὸ
1099 4932 1257 5000 λόγου
1284 4932 1691 5002 καθαπτομένου
1707 4931 1804 4985 αὑ-

226 5030 349 5100 τῆς,
381 5028 645 5100 τρέπεται
669 5026 803 5096 πρὸς
834 5026 1115 5097 αἰσχύνην.
1145 5026 1254 5079 Καὶ
1282 5026 1467 5094 ἐπειδὴ
1489 5026 1544 5076 ὲν
1575 5024 1652 5093 τῷ
1680 5040 1806 5095 κρυ-

235 5122 358 5192 πτῷ
386 5122 483 5173 τοῦ
511 5118 802 5191 ἀνθρώπου
836 5119 1043 5187 γίνεται
1070 5120 1103 5186 ὴ
1138 5118 1334 5189 τροπὴ,
1360 5117 1592 5187 ἐντροπὴ
1639 5133 1804 5189 προσ-

229 5217 547 5285 ηγόρευται.
589 5212 687 5266 Διά
715 5212 874 5265 τοῦτο
925 5208 1017 5265 οὖν
1043 5213 1076 5281 ἡ
1106 5210 1280 5264 κοιλία
1326 5212 1539 5281 ἠχήσει,
1583 5212 1676 5263 καὶ
1733 5210 1801 5263 τὰ

230 5308 399 5371 ἐντὸς,
423 5306 560 5359 ὡσεὶ.
582 5308 760 5375 τεῖχος
778 5303 808 5358 ὃ
836 5305 1164 5358 ἐνεκαίνισεν
1185 5304 1213 5355 ὁ
1231 5304 1362 5366 Θεὸς
1382 5300 1475 5367 τοῦ
1499 5304 1799 5373 προφήτου,

232 5399 318 5451 ἵνα
351 5397 703 5468 μεταϐάλωσι
732 5397 826 5451 καὶ
858 5397 1185 5467 ὲντραπῶσι,
1209 5394 1303 5447 τοῦ
1329 5395 1587 5449 αἰδεῖσθαι
1609 5397 1800 5469 πρότε-

234 5506 326 5557 ρον
377 5491 481 5542 οὑκ
529 5490 881 5558 ἐπιστάμενοι
930 5487 1027 5557 τὴν
1056 5488 1327 5557 ὠφέλιμον
1378 5488 1658 5559 αἰσχύνην.
1703 5486 1801 5540 Διά

236 5581 418 5650 μέντοι
470 5579 587 5645 τοῦ,
616 5582 735 5632 Ὅτι
763 5579 1048 5632 ἐκοπίασε
1074 5580 1252 5632 Μωὰϐ
1279 5578 1375 5630 ἐπὶ
1408 5579 1528 5644 τοῖς
1554 5580 1799 5649 βωμοῖς,

233 5675 329 5728 καὶ
350 5674 763 5728 εἰσελεύσεται
788 5674 873 5738 εἱς
912 5672 981 5726 τὰ
998 5674 1401 5741 χειροποίητα,
1429 5672 1580 5727 ὥστε
1620 5689 1803 5743 προσ-

309 5874 349 5905 ¹²
389 5873 467 5929 lsa
522 5888 572 5937 v,
608 5873 687 5927 ll.
768 5875 811 5904 ¹⁰
848 5875 948 5929 lia.
985 5889 1057 5941 ix,
1096 5874 1125 5929 Ι
1226 5875 1269 5907 ⁸⁸
1318 5874 1415 5931 lsa.
1458 5892 1564 5942 xu,
1602 5878 1685 5931 1‘2.

1902 3402 2092 3473 ignari.
2129 3400 2231 3455 Per
2254 3397 2383 3453 illud
2404 3411 2556 3461 sane,
2596 3395 2735 3461 Quia
2769 3394 3087 3463 defatigatus
3121 3400 3197 3445 est
3230 3389 3386 3444 Moab
3412 3389 3467 3441 in

1901 3491 2175 3557 altaribus,
2192 3498 2241 3544 et
2267 3490 2589 3559 ingredietur
2610 3490 2666 3541 in
2690 3486 2997 3555 manufacta
3020 3485 3087 3537 ad
3116 3484 3395 3545 orandum,
3418 3494 3467 3533 ei

1905 3600 2005 3637 non
2043 3590 2284 3652 poterunt
2336 3596 2517 3634 eruere
2563 3579 2714 3631 illum
2740 3617 2754 3641 ,
2791 3577 3019 3630 fortasse
3045 3574 3219 3629 omnis
3248 3570 3471 3626 idolola-

1906 3677 2023 3730 tria:
2052 3673 2493 3734 destructionem,
2528 3672 2580 3723 in
2627 3671 2733 3723 fine
2764 3684 2829 3722 ex
2862 3669 3096 3722 adventu
3132 3664 3290 3720 Verbi
3325 3664 3468 3718 futu-

1905 3780 2041 3827 ram,
2074 3762 2399 3817 vaticinatur
2419 3758 2608 3827 Isaias,
2639 3760 2763 3829 quia
2790 3773 2980 3814 omnes
3007 3760 3058 3811 in
3085 3754 3469 3811 construendis

1906 3858 2116 3926 templis
2142 3854 2398 3925 insumpti
2435 3854 2645 3908 labores
2688 3853 2807 3906 vani
2851 3860 2995 3915 sunt,
3024 3849 3468 3915 infructuosaqne

1903 3962 2027 4016 spes
2081 3947 2133 3999 in
2170 3942 2496 3999 manufactis
2538 3942 2733 4011 posita.
2768 3940 2931 4003 Nam,
2979 3941 3173 4007 inquit,
3220 3937 3466 4001 orabunt,

1906 4046 1955 4091 et
1985 4052 2087 4090 non
2113 4045 2352 4105 poterunt
2380 4050 2559 4088 eruere
2607 4033 2778 4088 illum.
2817 4030 3082 4086 Caeterum
3116 4030 3217 4084 huc
3252 4027 3363 4096 jam
3412 4029 3466 4082 in

1908 4128 2146 4181 adventu
2195 4126 2400 4181 Christi
2446 4123 2771 4193 completum
2817 4134 2900 4178 est
2933 4140 2946 4176 :
2987 4122 3076 4176 illa
3112 4123 3309 4191 quippe
3337 4120 3465 4172 oliin

1905 4221 2109 4275 famosa
2144 4219 2335 4288 templa
2386 4232 2484 4287 pro
2513 4216 2748 4285 scapulis
2799 4215 3065 4269 habentur
3100 4229 3114 4265 :
3172 4227 3271 4266 nec
3315 4211 3458 4264 ultra

1905 4313 2008 4367 illze
2040 4312 2341 4366 daemonum
2385 4308 2614 4362 fallacia:
2648 4307 2976 4370 consistunt,
3021 4303 3329 4359 adversaria
3372 4302 3463 4355 illa

1904 4412 2164 4474 potestate
2196 4415 2294 4469 per
2320 4400 2635 4470 mysterium
2672 4398 2846 4452 crucis
2872 4399 2925 4449 in
2958 4405 3070 4449 toto
3096 4397 3228 4449 orbe
3273 4393 3467 4464 prasdi-

1905 4505 2080 4552 catum
2104 4492 2157 4547 in
2182 4492 2359 4563 fugam
2384 4506 2558 4547 versa.
2596 4508 2616 4542 ι
2648 4488 2716 4543 Ει
2740 4489 2855 4542 hinc
2885 4485 3069 4541 videre
3097 4486 3224 4540 licet
3251 4485 3317 4537 ad
3347 4499 3465 4537 vcr-

1905 4589 2028 4642 bum
2061 4587 2114 4639 in
2138 4584 2561 4656 pseudo-Basilio
2585 4582 2760 4650 (num.
2791 4579 2938 4651 3M).

1978 4676 2066 4731 60.
2103 4674 2236 4741 Quae
2268 4676 2525 4729 hactenus
2553 4686 2618 4726 ex
2650 4670 2883 4726 Eusebio
2921 4666 3242 4739 protulimus
3281 4678 3465 4719 exem-

1904 4771 2014 4841 pla,
2038 4768 2145 4822 vim
2181 4764 2469 4821 maximam
2505 4764 2573 4819 ad
2604 4776 2946 4819 communem
2983 4758 3291 4828 opinionem
3314 4768 3463 4809 ever-

1905 4860 2121 4917 tendam
2159 4858 2296 4926 apud
2335 4857 2559 4912 idoneos
2605 4854 3008 4911 existimatores
3041 4849 3288 4903 habitura
3316 4843 3464 4899 arbi-

1904 4967 2019 5010 tror
2047 4970 2060 5007 :
2090 4952 2183 5007 sed
2213 4966 2372 5022 spero
2406 4950 2543 5013 fore,
2571 4955 2630 5001 ut
2662 4960 2725 5001 ea
2749 4958 2868 5014 quae
2897 4957 3021 4997 mox
3050 4938 3356 5009 subjiciam,
3383 4939 3463 4990 vi-

1902 5049 2128 5103 deantur
2170 5045 2302 5115 ipsis
2332 5044 2485 5112 longe
2514 5038 2736 5108 majoris
2778 5036 3032 5091 momenti
3068 5046 3211 5087 esse.
3248 5029 3462 5084 Etenim

1901 5137 1949 5190 si
1977 5133 2236 5189 credibile
2275 5147 2381 5186 non
2439 5138 2522 5184 est
2556 5126 2965 5184 disertissimum
2999 5130 3269 5176 oratorem
3309 5117 3461 5172 Basi-

1901 5225 2053 5288 liuin,
2090 5238 2212 5277 cum
2238 5222 2428 5277 lsaiam
2461 5212 3117 5289 interpretaretur,multa
3138 5211 3203 5264 ad
3239 5208 3460 5262 verbum

1899 5331 1965 5373 ex
1993 5316 2207 5371 Eusebii
2237 5315 2289 5369 in
2316 5312 2507 5368 Isaiam
2524 5306 2932 5367 commentariis
2952 5304 3076 5360 hinc
3104 5302 3228 5356 inde
3250 5312 3461 5355 mutua-

1905 5417 2016 5460 tum
2045 5420 2198 5471 esse;
2252 5402 2497 5471 profecto
2543 5402 2697 5469 longe
2750 5398 2928 5453 minus
2970 5390 3248 5465 probabile
3292 5389 3458 5444 videri

1904 5498 2085 5561 debet,
2115 5496 2361 5552 eumdem
2386 5492 2626 5565 ejusdem
2662 5492 2717 5546 in
2748 5488 2987 5544 Psalntos
3017 5482 3460 5543 commentarium

1907 5584 2254 5654 compilasse.
2305 5583 2372 5638 Et
2415 5580 2629 5651 quidem
2684 5582 2730 5635 si
2782 5579 2931 5647 prius
2968 5579 3188 5648 egisset,
3234 5576 3461 5630 fortasse

1910 5679 2259 5735 excusatione
2285 5677 2474 5749 dignus
2502 5684 2648 5732 esset
2679 5672 2747 5731 ob
2779 5672 3156 5730 nonnullorum
3183 5668 3457 5737 exempla:
