4212 6536
713 478 902 520 εςιχιν

2058 471 2585 529 PROLEGOMENA.

712 587 803 638 sed
829 586 872 638 si
906 585 1188 653 posterius,
1219 586 1434 648 nullius.
1474 590 1615 657 quod
1655 593 1901 662 equidem
1941 596 2129 661 sciam,
2173 611 2267 650 es-

2369 595 2567 665 κτανθῇ
2605 596 2665 645 ἐκ
2713 594 2812 660 τῆς
2838 593 3011 663 ψυχῆς
3043 594 3201 646 οἱονεὶ
3256 593 3395 660 ξίφει
3432 592 3536 645 τινὶ
3574 590 3653 661 τῷ
3688 591 3940 662 τμητικῷ

712 676 945 744 emplum
1000 691 1119 730 eum
1173 690 1477 735 excusaret.
1536 682 1666 749 Quis
1708 686 1873 751 enim,
1926 701 2123 755 quaeso,
2161 700 2266 743 tam

714 765 1031 828 ineruditus,
1069 775 1175 819 tant
1226 769 1398 833 rudis,
1436 781 1649 841 tamque
1684 775 1895 829 dicendi
1945 776 2096 846 inOps
2146 778 2263 841 fuit,

712 861 770 903 ut
798 869 918 905 cum
962 854 1110 908 lsaiaz
1161 857 1413 911 vaticinia
1459 862 1791 930 explanaret,
1838 867 1907 919 ob
1942 866 2265 937 imperitiam

709 945 776 995 ad
826 944 1043 998 Eusebii
1094 946 1147 998 in
1204 946 1446 1003 Psalmos
1491 956 1937 1009 commentarium
1988 972 2269 1012 recurrere

707 1042 930 1087 coactus
961 1036 1067 1089 sit?
1094 1037 1244 1103 Quod
1271 1048 1472 1104 tamen,
1505 1043 1717 1111 opinor,
1753 1048 1987 1100 nondum
2027 1049 2268 1103 auditum

705 1132 808 1188 est,
843 1140 937 1180 nec
968 1136 1149 1194 postea
1179 1130 1452 1195 audietur,
1485 1132 1536 1187 id
1563 1136 1880 1205 scriptorem
1917 1148 2155 1193 nostrum
2188 1139 2270 1194 fe-

706 1218 846 1271 cisse
870 1228 1102 1273 constat.
1131 1222 1386 1291 Exempla
1410 1226 1779 1294 supponimus.
1808 1230 2069 1288 Eusebius
2108 1233 2271 1302 igitur

706 1308 758 1360 iu
807 1313 1210 1367 commentariis
1257 1314 1323 1368 iis
1372 1330 1506 1384 quos
1552 1318 1608 1372 in
1660 1318 1895 1374 Psalmos
1942 1326 2267 1394 composuit,

704 1401 789 1454 illa
818 1401 972 1457 :lllic
1002 1421 1154 1459 naves
1190 1418 1547 1474 perlranseunt
1575 1412 1640 1481 ”,
1686 1414 1996 1481 explanans,
2022 1416 2101 1470 sic
2130 1417 2268 1471 scri-

703 1496 810 1562 psit
840 1511 853 1547 :
901 1498 1012 1549 Καὶ
1060 1498 1203 1551 ἐστιν
1236 1501 1599 1572 ἐπαινούμενα
1637 1503 1793 1555 πλοῖα
1837 1506 1904 1557 τὰ
1931 1506 2271 1562 διαϐαίνοντα

699 1588 798 1657 τὴν
844 1588 1140 1654 Θάλασσαν,
1190 1592 1326 1645 ἀλλά
1366 1593 1439 1663 μὴ
1488 1595 1889 1665 ἐναπομένοντα
1933 1599 2092 1667 αὐτῇ,
2138 1599 2270 1668 μηδὲ

702 1677 1217 1751 καταδαπτιςόμενα
1264 1684 1377 1744 τοῖς
1435 1682 1690 1755 κύμασιν.
1740 1687 1800 1737 Οί
1845 1685 1952 1755 γὰρ
2010 1688 2067 1738 ἐν
2109 1688 2271 1757 σαρκὶ

698 1770 870 1833 ὄντες,
907 1772 1001 1823 καὶ
1065 1773 1137 1843 μὴ
1188 1774 1326 1826 κατὰ
1379 1775 1554 1845 σάρκα
1609 1778 2039 1847 στρατευόμενοι,
2098 1796 2268 1832 κατα-

701 1860 997 1925 πατοῦντες
1023 1862 1113 1915 τὸν
1142 1863 1383 1917 κλύδωνα
1410 1866 1503 1918 τοῦ
1530 1866 1663 1936 βίου,
1701 1870 1795 1920 καὶ
1826 1868 2141 1940 ὑψηλότεροι
2177 1869 2268 1922 αύο

699 1949 795 2003 τοῦ
826 1950 996 2013 ὄντες,
1030 1952 1271 2005 ποιοῦσιν
1308 1955 1566 2024 ἐργασίαν
1604 1958 1659 2007 ἐν
1692 1956 1846 2008 ὕδασι
1879 1957 2091 2020 πολλοῖς
2144 1975 2265 2026 συγ·
2298 1930 2340 1990 Β

700 2042 1115 2106 καταὸαίνοντες
1178 2046 1270 2096 ἐπὶ
1320 2045 1397 2114 τῷ
1443 2045 1702 2115 κερδῆσαί
1746 2062 1899 2110 τινας
1957 2047 2064 2100 τῶν
2110 2048 2267 2118 βεϐυ-

700 2134 991 2205 θισμένων.
1028 2155 1046 2187 ι
1077 2135 1387 2189 Laudantur
1416 2150 1576 2205 porro
1614 2152 1776 2191 naves
1817 2153 1936 2207 qua:
1967 2154 2116 2193 mare
2138 2155 2265 2208 per-

706 2238 1010 2290 transeunt,
1044 2242 1149 2282 non
1209 2243 1335 2283 vero
1368 2244 1487 2298 qua:
1518 2229 1589 2282 ibi
1629 2239 1967 2295 permanent,
2012 2231 2096 2285 vel
2145 2248 2266 2300 ουκ

700 2319 952 2374 fluctibus
976 2320 1380 2389 demerguntur.
1421 2319 1554 2374 Nam
1595 2324 1683 2388 qui
1711 2323 1761 2375 in
1797 2337 1959 2377 carne
1991 2333 2133 2388 sunt,
2165 2340 2264 2379 nec

697 2410 995 2465 secundum
1026 2426 1245 2466 carnem
1280 2411 1533 2475 militant,
1570 2413 1693 2465 vitae
1721 2411 1937 2467 ﬂuctum
1974 2416 2262 2481 calcantes,

697 2518 873 2572 eoque
921 2505 1261 2575 superiores,
1330 2503 1531 2559 faciunt
1582 2506 1951 2574 Operationem
2006 2507 2057 2559 in
2112 2511 2265 2578 aquis

696 2602 903 2666 multis,
934 2615 997 2654 ac
1026 2600 1375 2665 descendunt,
1409 2607 1467 2654 ut
1512 2615 1579 2654 ex
1619 2600 1884 2655 demersis
1927 2600 2133 2669 aliquos
2169 2602 2265 2656 lu-

696 2701 935 2744 crentur.
975 2709 995 2742 ι
1031 2690 1153 2745 llaec
1183 2691 1235 2744 in
1261 2688 1677 2759 pseudo-Basilii
1710 2692 2115 2744 commentariis
2164 2690 2265 2745 hoc

694 2786 810 2849 ipso
828 2784 879 2838 in
899 2783 1168 2837 volumine
1183 2784 1341 2838 editis
1355 2783 1614 2849 invenies,
1630 2784 1673 2837 si
1696 2783 1837 2851 legas
1854 2801 1971 2855 quae
1988 2787 2127 2841 dicta
2142 2797 2264 2843 sunt

692 2877 746 2931 in
779 2876 905 2930 illud
945 2875 1115 2943 (num.
1147 2874 1237 2942 93)
1264 2895 1275 2928 :
1302 2872 1365 2926 Et
1389 2888 1543 2942 super
1576 2891 1777 2928 onmem
1799 2894 1976 2932 navem
2015 2881 2260 2939 utaris".

695 2968 959 3024 Eusebius
979 2982 1164 3023 rursus
1188 2966 1278 3020 illa
1304 2982 1318 3019 :
1344 2965 1408 3020 In
1426 2969 1681 3019 matutino
1704 2969 2073 3034 interﬁciebam
2090 2987 2263 3026 omnes

690 3070 985 3126 peccatores
1045 3068 1199 3113 terra:
1246 3058 1328 3122 “,
1403 3058 1767 3126 interpretans
1823 3061 1903 3114 sic
1954 3060 2192 3130 loquitur
2248 3082 2261 3117 :

693 3150 862 3203 Παντί
908 3167 1009 3203 που
1048 3150 1235 3220 δῆλον,
1276 3151 1357 3205 ὅτι
1399 3152 1457 3203 ἐν
1492 3150 1772 3221 αἰνίγματι
1819 3152 2245 3222 κεκαλυμμένως

2368 685 2511 755 λόγῳ
2546 686 2640 739 καὶ
2669 684 3004 753 ἀφανιστικῷ
3035 684 3139 736 τῶν
3172 682 3373 745 παθῶν,
3401 684 3493 735 καλ⁸
3529 683 3686 736 τοῦτο
3714 683 3939 753 γένηται

2370 780 2426 831 ἐν
2456 778 2656 848 πρωίᾳ,
2678 776 2942 839 τουτέστι,
2971 777 3109 829 κατά
3137 776 3233 845 τὴν
3262 778 3341 839 είς
3378 775 3439 828 τὸ
3464 776 3691 847 φανερὸν
3723 778 3939 831 ἀποκά-

2368 868 2525 938 λυψιν
2548 870 2677 939 (πᾶν
2698 868 2805 937 γὰρ
2831 867 2890 919 τὸ
2918 866 3313 937 φανερούμενον
3340 868 3454 934 φῶς
3478 868 3637 933 ἐστι),
3671 868 3807 936 μετά
3839 867 3939 937 τὴν

2368 960 2426 1012 ἐν
2447 958 2643 1029 καρδίᾳ
2667 958 2927 1028 μοιχείαν,
2950 958 3043 1009 καὶ
3066 957 3157 1009 ἐπὶ
3177 956 3273 1027 τὴν
3300 958 3515 1027 μείζονα
3534 958 3734 1026 ταύτης
3752 960 3938 1029 ἀμαρ-

2366 1052 2484 1105 τίαν
2511 1052 2733 1119 προάξει
2762 1051 2852 1103 τὸν
2879 1049 3181 1120 ἄνθρωπον,
3218 1051 3351 1121 πρὸς
3376 1051 3473 1121 τὴν
3499 1051 3588 1104 διὰ
3616 1050 3711 1103 τοῦ
3746 1051 3936 1121 σώμα-

2368 1161 2457 1208 τος
2478 1144 2757 1214 ἐνέργειαν
2783 1142 2942 1196 αὑτὸν
2962 1140 3373 1212 ἐκκαλούμενος.
3405 1162 3422 1194 ι
3444 1142 3650 1197 Nemini
3682 1160 3749 1212 pu
3760 1152 3812 1197 to
3830 1159 3933 1197 non

2372 1237 2713 1291 manifestum
2750 1249 2869 1289 esse
2905 1236 3016 1289 haec
3047 1235 3379 1304 aenigmatice
3423 1236 3563 1290 dicta
3600 1236 3806 1301 fuisse;
3841 1251 3936 1290 ne-

2372 1343 2473 1397 que
2500 1329 2637 1381 enim
2678 1343 2738 1383 ea
2769 1339 2850 1381 est
2880 1327 3009 1381 dicti
3035 1328 3299 1381 sententia
3319 1366 3334 1391 ,
3366 1342 3449 1382 me
3484 1328 3791 1383 ineuntibus
3824 1327 3938 1381 sin-

2370 1420 2509 1488 gulis
2536 1420 2722 1473 diebus
2746 1420 2979 1473 humano
3001 1419 3260 1486 sanguine
3287 1432 3476 1471 manus
3497 1417 3725 1473 ftedasse
3747 1433 3930 1473 meas:

2371 1510 2420 1563 id
2458 1510 2598 1563 enim
2632 1518 2986 1579 praeterquam
3017 1512 3155 1579 quod
3179 1511 3552 1564 detestandum
3571 1521 3732 1573 esset,
3761 1511 3933 1563 nulla-

2371 1612 2526 1657 tenus
2556 1601 2809 1656 credibile
2850 1610 2949 1655 est.
2981 1604 3255 1669 Quomodo
3284 1602 3423 1656 enim
3461 1600 3687 1669 singulis
3715 1604 3934 1655 matuti-

2370 1693 2452 1746 nis
2487 1708 2676 1747 omnes
2700 1702 3012 1762 peccatores
3039 1703 3192 1747 terra:
3226 1708 3382 1747 manu
3416 1694 3626 1762 propria
3661 1691 3933 1747 conficere

2371 1786 2633 1855 potuisset
2657 1786 2680 1838 ?
2708 1782 2891 1853 Neque
2912 1784 3053 1837 enim
3084 1798 3221 1837 unus
3246 1798 3430 1838 omnes
3456 1797 3712 1852 superare
3736 1782 3933 1835 valui5«

2368 1886 2469 1943 set,
2503 1892 2646 1942 cum,
2670 1887 2727 1932 ut
2752 1876 3043 1931 verisimile
3074 1884 3175 1939 est,
3201 1891 3391 1943 magna
3420 1884 3561 1930 esset
3583 1884 3928 1943 peccatorum

2366 1968 2649 2023 multitudo
2683 1988 2696 2019 :
2730 1984 2791 2021 ac
2816 1968 2859 2021 si
2899 1980 2991 2021 eos
3015 1967 3067 2020 iu
3103 1964 3239 2018 bello
3270 1965 3518 2030 vicisset,
3569 1980 3674 2021 uno
3715 1968 3768 2019 in
3804 1982 3913 2019 ma-

2368 2059 2535 2111 tutino
2564 2074 2751 2114 omnes
2776 2057 3153 2119 interfecisset,
3189 2069 3363 2124 neque
3390 2054 3615 2122 singulis
3644 2058 3927 2111 matutinis

2367 2149 2507 2215 ipsos
2536 2150 2745 2217 propria
2783 2164 2943 2201 manu
2973 2148 3353 2202 interemisset.
3382 2145 3519 2210 Quid
3544 2145 3732 2213 itaque
3763 2146 3931 2215 signi-

2366 2239 2489 2293 ficat
2533 2240 2695 2291 illud?
2729 2240 2997 2293 Attentius
3027 2248 3081 2292 et
3131 2237 3447 2307 prudentius
3493 2236 3632 2289 dicta
3665 2236 3930 2307 intelliga-

2368 2342 2507 2391 mus,
2545 2340 2611 2380 ne
2658 2327 2966 2394 prophetica
3012 2326 3226 2382 oracula
3276 2326 3539 2381 mendacii
3588 2341 3927 2393 accusemus,

2365 2420 2507 2487 quod
2537 2416 2691 2473 nefas
2718 2424 2880 2471 esset.
2913 2417 3115 2471 Civitas
3150 2417 3358 2471 Domini
3384 2428 3471 2472 est
3503 2418 3749 2473 humana:
3785 2429 3929 2473 stru-

2364 2520 2530 2563 ctura:
2576 2506 2925 2576 compositio;
2963 2517 3269 2575 peccatores
3302 2519 3480 2563 autem
3511 2519 3668 2563 terra:
3700 2508 3734 2562 ii
3776 2519 3924 2573 sunt,

2364 2605 2427 2658 de
2454 2601 2648 2671 quibus
2675 2598 2926 2655 Salvator
2958 2599 3031 2652 ait
3062 2616 3076 2651 :
3114 2598 3188 2649 Ab
3208 2600 3344 2651 intus
3365 2616 3427 2652 ex
3447 2601 3600 2653 corde
3627 2609 3818 2654 exeunt
3838 2617 3929 2654 co-

2362 2694 2636 2762 gitationes
2670 2693 2823 2747 mala:
2847 2732 2861 2755 .
2891 2690 3198 2756 homicidia,
3226 2689 3508 2753 adulteria,
3534 2690 3928 2761 fornicationes,

2364 2784 2535 2854 furta,
2580 2784 2717 2853 falsa
2771 2783 3100 2845 testimonia,
3154 2780 3481 2845 blasphemia:
3503 2782 3569 2837 “.
3622 2782 3748 2835 Han:
3806 2794 3928 2839 sunt

2361 2872 2479 2946 qua:
2508 2875 2842 2946 coinquinant
2885 2876 3160 2929 hominem.
3216 2872 3323 2927 llos
3388 2882 3566 2927 autem
3614 2885 3943 2953 peccatores

2362 2983 2427 3021 ex
2456 2977 2594 3021 terra
2622 2976 2793 3030 ortos,
2819 2964 2869 3019 id
2903 2974 3008 3028 est,
3041 2979 3105 3019 ex
3140 2975 3357 3018 terrena
3387 2978 3549 3017 carne
3582 2963 3924 3032 prodeantes,

2366 3058 2488 3109 dum
2528 3056 2747 3123 singulae
2794 3056 2859 3109 de
2904 3054 3013 3109 Deo
3063 3054 3415 3125 cogitationes
3456 3054 3811 3117 exoriuntur,
3860 3072 3923 3110 ex

2366 3147 2578 3216 propria
2610 3156 2877 3199 structura
2906 3146 3064 3211 tollit,
3087 3148 3177 3215 qui
3215 3163 3333 3201 sese
3359 3156 3571 3216 purgat.
3606 3146 3926 3201 Matutinum

690 3244 935 3314 εἴρηταιδ
980 3242 1041 3295 ού
1083 3242 1191 3314 γὰρ
1224 3244 1305 3296 ὅτι
1356 3244 1477 3297 καθ’
1524 3245 1758 3315 ἑκάστην
1794 3245 1967 3317 ἀρχὴν
1999 3246 2095 3317 τῆς
2132 3247 2264 3317 ἡμέ-

2367 3250 2545 3296 autem
2570 3249 2626 3294 et
2648 3238 2936 3292 diluculum
2968 3240 3019 3292 in
3052 3243 3227 3294 anima
3272 3250 3387 3309 est,
3422 3245 3630 3312 quoties
3672 3244 3928 3300 salutaris

693 3351 792 3403 ρας
833 3335 1020 3405 αἵματι
1061 3334 1361 3405 ἀνθρώπων
1413 3335 1511 3399 τὰς
1552 3339 1736 3408 χεῖρας
1797 3339 2165 3412 ἑμολυνόμην,
2203 3342 2262 3394 ού

690 3420 847 3476 τοῦτό
892 3439 1054 3493 φησιν
1097 3426 1125 3476 ὁ
1167 3425 1342 3492 λόγος.
1379 3425 1548 3477 Τοῦτο
1590 3425 1731 3497 γὰρ,
1773 3430 1907 3498 πρὸς
1942 3430 2019 3500 τῷ
2062 3434 2262 3499 ἐναγεῖ,

690 3511 769 3564 ἔτι
816 3511 909 3564 καὶ
962 3512 1023 3565 τὸ
1054 3512 1319 3566 ἀπίθανον
1369 3511 1501 3583 ἔχει.
1549 3513 1671 3575 Πῶς
1732 3515 1839 3585 γὰρ
1893 3518 2107 3571 πάντων
2142 3521 2265 3589 ἡδύ-

690 3621 818 3657 νατο
860 3605 983 3658 καθ’
1027 3606 1263 3679 ἑκάστην
1302 3607 1515 3679 πρωίαν
1555 3606 1808 3679 αὐτόχειρ
1861 3609 2103 3678 γίνεσθαι
2157 3613 2265 3668 τῶν

688 3696 1025 3765 ἁμαρτωλῶν
1063 3698 1161 3766 τῆς
1198 3698 1335 3767 γῆς;
1364 3700 1438 3752 Οὐ
1474 3698 1580 3770 γὰρ
1632 3701 2002 3770 περιγίνεσθαι
2039 3704 2262 3759 πάντων

687 3786 910 3839 δυνατὸν
928 3789 1044 3855 ἕνα,
1078 3789 1285 3843 πολλῶν
1318 3793 1425 3844 τῶν
1464 3791 1946 3861 ἐξαμαρτανόντων
1968 3796 2041 3857 ὡς
2091 3798 2150 3849 τὸ
2186 3800 2261 3849 εί-

689 3878 784 3944 κδς
813 3879 1001 3946 ὄντων,
1048 3882 1142 3933 καὶ
1175 3884 1222 3934 εἰ
1266 3883 1482 3953 πολέμῳ
1510 3882 1688 3936 αὐτῶν
1730 3885 2133 3956 κατεκράτησεν
2155 3926 2171 3951 ,
2204 3889 2261 3941 ἐν

692 3974 788 4043 μιᾷ
821 3972 886 4027 ἂν
920 3974 1202 4027 ἀπέκτεινε
1231 3975 1409 4047 πρωίᾳ
1441 3977 1566 4039 τοὺς
1615 3976 1932 4047 σύμπαντας
1954 4016 1968 4041 ,
1997 3977 2115 4032 ἀλλ’
2142 3979 2261 4050 ούχὶ

688 4064 810 4115 καθ’
847 4066 1081 4135 ἑκάστην
1131 4068 1343 4136 πρωίαν
1386 4069 1636 4139 αὐτόχειρ
1687 4069 1863 4122 αὐτῶν
1914 4072 2138 4139 ἐγίνετο.
2194 4073 2259 4126 Τί

686 4153 781 4209 οὖν
806 4156 961 4209 τοῦτό
1004 4159 1157 4221 ἐστι;
1212 4156 1578 4229 Συνετώτερον
1614 4161 1721 4213 τῶν
1760 4162 2066 4232 λεγομένων
2094 4164 2256 4217 ἀκού-

688 4267 888 4319 σωμεν,
918 4250 1003 4302 ἵνα
1034 4250 1107 4321 μὴ
1141 4252 1608 4322 κατηγορήσωμεν
1644 4254 1731 4307 ἐπὶ
1774 4254 1963 4324 ψευδεῖ
1989 4254 2098 4306 τῶν
2127 4272 2258 4322 προ-

686 4338 930 4408 φητικῶν
962 4339 1189 4407 λογίων,
1239 4342 1266 4393 ὃ
1304 4341 1375 4412 μὴ
1423 4341 1598 4412 θέμις.
1653 4342 1811 4404 Πόλις
1844 4344 1939 4397 τοῦ
1986 4345 2189 4417 Κυρίου
2222 4348 2255 4416 ἠ

688 4426 945 4491 σύστασίς
989 4431 1104 4482 ἐστι
1145 4430 1246 4499 τῆς
1290 4430 1633 4503 ἀνθρωπίνης
1670 4437 2047 4505 κατασκευῆςο
2080 4437 2257 4506 ἀμαρ-

672 4517 841 4575 ,τωλοὶ
868 4518 962 4571 καὶ
985 4519 1108 4589 γῆς,
1146 4521 1271 4590 περὶ
1300 4514 1375 4573 ὧν
1410 4538 1572 4592 φησιν
1614 4525 1642 4574 ὁ
1682 4521 1906 4593 Σωτὴρ,
1942 4524 2025 4577 ὃτι
2067 4527 2256 4579 Ἕσω-

2366 3334 2630 3404 dogmatis
2653 3340 2804 3388 ortus
2828 3330 3049 3399 accidit,
3079 3345 3186 3399 quo
3216 3349 3404 3390 omnes
3425 3338 3780 3405 cogitationes
3810 3354 3929 3407 qua:

2365 3436 2654 3496 sperantur
2694 3424 3070 3494 iniquitatem,
3101 3423 3166 3477 de
3193 3426 3368 3478 medio
3410 3427 3521 3479 tolli
3553 3440 3783 3497 Oportet.
3815 3432 3928 3487 Nisi

2365 3517 2507 3569 enim
2538 3516 2695 3586 primi
2725 3517 2917 3571 animae
2943 3524 3119 3571 motus
3148 3516 3213 3570 ad
3243 3516 3496 3569 malitiam
3524 3522 3926 3591 exscindantur,

2366 3605 2724 3661 necessarium
2781 3617 2865 3661 est
2934 3608 3213 3677 cupidines
3266 3610 3333 3661 ad
3401 3622 3537 3678 opus
3612 3614 3926 3678 procedere.

2362 3696 2601 3767 Exempli
2632 3711 2816 3765 causa,
2861 3708 3111 3768 peccator
3140 3710 3297 3755 terrae
3345 3710 3429 3757 est
3475 3702 3727 3772 cogitatio
3756 3702 3929 3760 forni-

2360 3788 2623 3841 cationem
2664 3802 2976 3857 suggerens,
3006 3805 3126 3858 quae
3170 3790 3331 3845 eﬂlcit
3376 3801 3433 3845 ut
3476 3794 3598 3862 quis
3643 3795 3926 3851 mulierem

2362 3875 2614 3942 respiciat
2658 3875 2725 3928 ad
2767 3877 3252 3945 concupiscendum
3308 3892 3424 3930 eant
3462 3882 3507 3912 "
3542 3898 3554 3933 :
3599 3882 3715 3939 hac
3762 3901 3927 3955 porro

2361 3966 2461 4020 nisi
2499 3966 2551 4019 in
2583 3966 2761 4020 anima
2797 3967 3097 4030 occidatur,
3125 3980 3189 4021 ac
3220 3968 3428 4021 ratione
3454 3984 3550 4023 ceu
3582 3972 3760 4040 gladio
3783 3978 3929 4030 scin—

2358 4058 2517 4111 dente
2547 4066 2601 4112 et
2627 4054 2851 4112 allectus
2871 4056 3088 4112 tollente
3110 4057 3365 4121 caedatur,
3396 4058 3553 4127 idque
3576 4059 3628 4113 in
3659 4065 3926 4119 matutino

2358 4134 2639 4214 efﬁciatur,
2668 4150 2875 4205 scilicet
2904 4164 3027 4204 cum
3056 4149 3289 4218 primum
3316 4149 3400 4203 illa
3433 4151 3607 4221 palam
3632 4154 3926 4222 deprehen-

2357 4242 2497 4294 ditur
2531 4240 2685 4312 (nam
2710 4242 2924 4310 quidvis
2953 4242 3303 4311 conspicuum
3333 4242 3422 4297 lux
3446 4255 3528 4298 est
3551 4253 3591 4310 ),
3630 4258 3749 4313 post
3778 4247 3921 4303 illam

2357 4331 2409 4385 in
2445 4335 2605 4389 corde
2628 4332 3068 4397 fornicationem,
3106 4334 3171 4385 ad
3202 4334 3419 4402 gravius
3452 4336 3611 4389 etiam
3642 4352 3921 4405 peccatum

2357 4422 2443 4476 illa
2490 4424 2757 4479 hominem
2806 4423 3067 4485 deducet,
3104 4421 3157 4475 id
3206 4430 3287 4476 est
3334 4424 3400 4477 ad
3435 4438 3752 4495 corporeum
3789 4444 3923 4497 Opus

2352 4515 2617 4571 evocabit.
2656 4534 2675 4566 ι
2722 4512 2846 4567 Haec
2874 4514 2940 4568 ad
2974 4513 3189 4568 verbum
3241 4512 3490 4583 leguntur
3526 4518 3664 4587 apud
3700 4521 3926 4587 pseudo-

684 4614 788 4663 θεν·
817 4610 885 4662 ἐκ
911 4608 1021 4677 τῆς
1047 4604 1293 4676 καρδίας
1316 4611 1658 4680 ἐξέρχονται
1680 4614 1957 4683 λογισμοὶ
1983 4617 2253 4684 πονηροὶ,

2361 4605 2610 4660 Basilium
2679 4618 2743 4658 eo
2785 4605 2835 4658 in
2890 4604 3039 4669 loco,
3115 4604 3202 4658 ubi
3258 4605 3445 4661 ultima
3495 4608 3613 4664 vice
3670 4612 3923 4681 explanat

683 4703 875 4767 φόνοι,
901 4700 1176 4771 μοιχεῖαι,
1230 4702 1514 4769 πορνεῖαι,
1560 4705 1807 4770 κλοπαὶ,
1841 4706 2250 4777 ψευδομαρτυ·

672 4792 819 4860 ρίαι,
846 4792 1248 4863 βλασφημίαι.
1288 4793 1477 4848 Ταῦτά
1511 4795 1641 4848 ἐστι
1671 4797 1743 4849 τὰ
1792 4797 2105 4853 κοινοῦντα
2146 4798 2253 4853 τὸν

679 4884 1012 4952 ἄνθρωπον.
1054 4885 1285 4948 Τούτους
1316 4886 1380 4958 δὴ
1420 4885 1546 4949 τοὺς
1580 4888 1642 4939 ἐκ
1684 4888 1783 4958 τῆς
1814 4892 2006 4961 γηϊνης
2054 4890 2253 4962 σαρκὸς

680 4978 984 5045 προϊόντας,
1026 4978 1143 5030 καθ’
1188 4980 1422 5046 ἐκάστην
1453 4979 1661 5033 ἔννοιαν
1698 4978 1796 5051 τὴν
1830 4984 1958 5055 περὶ
1999 4982 2133 5035 Θεοῦ
2167 4982 2251 5048 ἐξ-

679 5068 928 5137 αφανίζει
950 5072 1013 5122 ἐκ
1027 5069 1126 5140 τῆς
1145 5069 1278 5131 ἰδίας
1298 5071 1607 5135 συστάσεως
1628 5074 1655 5125 ὁ
1676 5073 1865 5125 ἑαυτὸν
1889 5074 2249 5145 ἐκκαθαίρων.

680 5159 865 5228 Πρωία
889 5155 981 5213 οῦν
1010 5163 1101 5213 καὶ
1123 5161 1315 5233 ὄρθρος
1344 5163 1400 5215 ἐν
1425 5162 1569 5233 ψυχῇ
1598 5164 1717 5217 καθ’
1734 5165 1971 5236 ἑκάστην
1997 5166 2253 5237 ἀνατολὴν

680 5250 944 5319 σωτηρίου
1001 5250 1239 5321 γίνεται·
1289 5256 1346 5307 ἐν
1477 5255 1888 5325 ἐξαφανίζεσθαι
1932 5259 2009 5311 δεῖ
2047 5258 2251 5323 πάντας

676 5343 801 5404 τοὺς
831 5343 1227 5414 ἐργαζομένους
1255 5348 1354 5418 τὴν
1397 5349 1625 5419 ἀνομίαν
1677 5348 1983 5420 λογισμούς.
2038 5351 2101 5402 Et
2144 5350 2250 5420 γὰρ

681 5434 755 5503 μὴ
788 5433 855 5486 τὰ
906 5435 1095 5505 πρῶτα
1140 5436 1274 5508 πρὸς
1308 5440 1570 5509 πονηρίας
1616 5442 1891 5512 κινήματα
1932 5440 2031 5509 τῆς
2070 5440 2247 5511 ψυχῆς

677 5523 992 5596 ἐκτμηθείη,
1022 5526 1232 5598 ἀνάγκη
1267 5531 1346 5591 είς
1376 5529 1529 5598 ἔργον
1574 5535 1924 5603 προχωρῆσαι
1960 5530 2055 5594 τὰς
2089 5530 2243 5581 ἐνθυ-

682 5614 890 5682 μήσεις-
923 5611 1063 5671 Οἷον-
1092 5618 1196 5687 γῆς
1240 5621 1557 5691 ἁμαρτωλός
1596 5624 1744 5677 ἐστιν
1778 5625 1806 5675 ό
1852 5626 1948 5693 τὴν
2004 5620 2244 5693 μοιχείαν

680 5705 992 5760 ὑποϐάλλων
1025 5710 1298 5780 λογισμὸς,
1334 5715 1478 5776 ὅστις
1511 5714 1722 5786 ἐνεργεῖ
1753 5717 1813 5769 τὸ
1850 5716 2113 5786 ἐμϐλέψαι
2151 5732 2246 5783 γυ-

680 5795 827 5849 ναικὶ
858 5798 991 5867 πρὸς
1014 5801 1074 5853 τὸ
1096 5803 1427 5875 ἐπιθυμῆσαι
1457 5807 1622 5877 αὐτῆς
1646 5826 1659 5839 ο
1690 5801 1839 5871 οὗτος
1868 5810 1960 5861 ἐὰν
2003 5810 2076 5878 μὴ
2111 5810 2243 5860 ἀπο-

2354 4698 2441 4755 illa
2475 4699 2645 4764 (num.
2678 4696 2841 4767 163):
2881 4696 3069 4765 Itaque
3098 4712 3172 4750 viz
3202 4697 3269 4752 iis
3312 4701 3400 4769 qui
3435 4712 3652 4770 surgunt
3681 4720 3835 4759 mane
3851 4708 3917 4771 ",

2355 4799 2455 4845 etc.
2486 4788 2713 4844 Necesse
2770 4805 2874 4844 non
2931 4798 3059 4857 puto
3112 4793 3402 4861 quidquam
3470 4794 3693 4849 addere.
3748 4798 3920 4865 Spero

2356 4881 2501 4937 enim
2519 4896 2705 4936 omnes
2729 4882 2975 4936 homines
3002 4881 3133 4936 mihi
3161 4897 3496 4947 assensurus,
3524 4885 3917 4951 ineptissimam

2356 4973 2501 5028 illam
2547 4971 2934 5042 interpretandi
2984 4973 3243 5027 rationem
3291 4988 3394 5027 non
3435 4976 3625 5030 decere
3668 4992 3916 5047 magnum

2356 5066 2502 5120 illum
2534 5064 2783 5121 Basilium
2805 5104 2819 5130 ,
2843 5080 2942 5119 nec
2979 5068 3026 5119 ei
3054 5065 3160 5119 ullo
3195 5067 3351 5120 modo
3385 5068 3543 5122 tribui
3575 5084 3754 5136 posse.
3786 5072 3919 5127 Pro-

2358 5158 2523 5213 feram
2562 5166 2739 5213 tamen
2767 5166 2821 5212 et
2855 5158 2997 5212 aliud
3037 5159 3398 5213 testimonium
3431 5176 3460 5213 c
3501 5160 3706 5227 psalmo
3735 5176 3917 5220 ceme-

2359 5250 2496 5305 simo
2534 5250 2690 5305 tertio
2738 5251 2811 5318 (ν.
2868 5250 2983 5318 54),
3034 5249 3122 5302 ubi
3176 5250 3443 5304 Eusebius
3486 5250 3538 5303 in
3588 5255 3917 5322 explicandis

2355 5341 2535 5398 verbis
2563 5342 2688 5407 illis,
2719 5342 3021 5397 Iucundum
3050 5342 3117 5395 sit
3156 5344 3204 5396 ei
3245 5344 3503 5412 eloquium
3543 5360 3741 5410 meum,
3782 5360 3910 5410 etc.,

2351 5433 2453 5487 hoc
2481 5447 2538 5488 se
2588 5434 2747 5488 modo
2787 5432 3042 5501 exprimit
3089 5453 3103 5489 :
3152 5432 3342 5486 Πολλοὶ
3379 5436 3519 5488 κατὰ
3560 5440 3913 5509 συναρπαγὴν

2350 5522 2817 5593 παρηλλαγμένως
2846 5523 2944 5585 τὰς
2978 5526 3184 5595 κρίσεις
3213 5525 3521 5595 ἐκφέρουσι,
3552 5527 3654 5595 πρὸ
3682 5510 3913 5600 καταλῖς-

2348 5614 2489 5683 ψεως
2506 5618 2601 5686 τῆς
2621 5616 2678 5681 ἐξ
2703 5616 2882 5669 ἱκανοῦ
2904 5616 3080 5684 λόγου,
3108 5617 3199 5669 καὶ
3224 5617 3496 5671 ἐπιπλείον
3519 5621 3910 5691 ἑρευνηθέντος,

2348 5710 2719 5779 ἐγγινομένης,
2753 5710 3126 5771 ἀϐασανίστως
3157 5712 3291 5763 κατὰ
3319 5711 3642 5781 προπέτειαν
3670 5716 3767 5776 τὰς
3790 5718 3912 5784 περὶ

2349 5801 2575 5853 ἑκάστου
2618 5801 2883 5873 δόγματος
2923 5801 3233 5870 ῥιπτοῦντες
3265 5805 3701 5867 συγκαταθέσεις.
3750 5806 3811 5859 'l!
3856 5808 3908 5858 δὲ

752 5910 795 5940 ”
820 5908 955 5965 Psal.
992 5929 1100 5981 ‘.llt,
1129 5915 1215 5971 ‘26.
1294 5919 1337 5950 ³³
1374 5918 1472 5976 lsa.
1510 5937 1566 5988 ιι,
1598 5920 1680 5976 l6.
1760 5923 1803 5952 "
1828 5920 1967 5977 Psal.
2008 5938 2056 5989 ο,
2082 5921 2130 5974 8.
2210 5922 2283 5973 ’⁵.

2371 5921 2467 5975 ιιΙι.
2498 5934 2583 5978 xv,
2620 5920 2703 5972 l'J.
2781 5918 2825 5949 ³⁵
2853 5916 3035 5972 Matth.
3069 5930 3119 5980 ν,
3152 5916 3241 5971 ‘28.
3321 5919 3361 5946 ”
3390 5916 3488 5971 lsa.
3524 5934 3571 5982 v,
3612 5918 3692 5971 ll.
