4212 6516
1313 452 1373 507 D.
1416 451 1555 506 IUL.
1597 446 1920 502 GAIINEHII
1962 445 2343 499 PR/EFATIO.

3269 450 3436 489 CCVVV

212 584 303 651 τῆς
344 580 689 649 διαλεκτικῆς
741 578 899 647 φύσις
944 575 1170 646 μάλιστα
1223 574 1569 624 πεπίστευται
1611 568 1780 621 ταῦτα
1810 577 1853 632 Α

1775 565 2155 632 ιΑεθηιοείηιὶ
2208 563 2324 616 fuse
2385 570 2438 615 et
2488 558 2864 627 intempestive
2909 554 3006 610 sibi
3069 554 3438 622 explicandam

214 674 464 745 παρέχειν
495 670 788 735 δύνασθαι,
820 671 1043 738 διαιρεῖν
1072 666 1312 738 ἀκριϐῶς
1355 664 1449 725 τὰς
1495 662 1601 714 τῶν
1650 678 1781 730 πραο

213 766 428 835 γμάτων
457 765 666 831 φύσεις,
701 764 793 815 καὶ
818 762 884 813 τὰ
908 762 1066 830 ὃμοια
1100 758 1403 828 γνωρίζειν,
1437 754 1530 806 καὶ
1562 752 1629 804 τὰ
1658 754 1781 804 ἐαυ-

211 858 302 927 τῆς
351 856 667 927 διακρίνειν.
718 855 915 923 Διόπερ
964 850 1214 911 συνειδὼς
1262 845 1437 915 ἐαυτῷ
1478 844 1576 914 τὴν
1629 842 1778 894 Θείαν

212 950 550 1018 διαλεκτικὴν
592 949 799 1017 ἔχοντι,
838 947 1020 1013 ἔλεγεν
1065 946 1091 997 ὁ
1139 940 1298 994 Δαϐὶδ
1342 940 1421 999 τὸ,
1463 935 1774 1001 Ἡδυνθείη

215 1062 303 1096 σοι
338 1045 373 1107 ἡ
398 1042 645 1112 διαλογὴ
672 1060 807 1111 μου.
856 1042 917 1092 'H
942 1040 1047 1108 γὰρ
1078 1038 1182 1089 τῶν
1205 1033 1488 1105 ἐριστικῶς
1516 1032 1609 1083 καὶ
1640 1029 1779 1097 φιλο-

214 1141 405 1200 νείκως
452 1135 886 1207 ἐπεμϐαινόντων
934 1136 1041 1193 τοῖς
1101 1127 1387 1198 πράγμασι
1447 1120 1775 1187 διαλεκτικὴ.

215 1230 309 1299 οὐχ
356 1230 529 1299 ἡδεῖα,
574 1228 706 1279 ἀλλᾶ
735 1219 1240 1295 παραπικραίνονσὰ
1265 1218 1347 1280 τίς
1374 1217 1539 1268 ἐστιν.
1580 1232 1595 1263 ι
1631 1211 1778 1267 Multi

216 1332 452 1389 qumstus
482 1334 639 1374 causa
674 1328 921 1387 perverse
948 1312 1148 1381 judicia
1186 1309 1405 1371 ferunt,
1453 1305 1547 1360 sed
1592 1314 1641 1357 et
1677 1317 1778 1355 an-

219 1425 428 1483 tequam
462 1429 557 1480 per
594 1418 900 1464 accuratum
948 1419 1173 1458 examen
1215 1413 1268 1454 et
1312 1397 1778 1469 perquisitionetn,

217 1515 316 1566 qua
352 1499 416 1553 de
467 1513 523 1551 re
565 1508 753 1567 agatur
785 1492 1105 1561 intelligant,
1150 1500 1356 1544 temere
1392 1485 1615 1555 singulis
1656 1497 1781 1536 sen-

218 1591 400 1644 tentiis
433 1602 708 1643 assensum
741 1585 1000 1654 prazbent.
1044 1584 1113 1635 At
1161 1596 1221 1636 ea
1255 1579 1549 1634 dialectica:
1589 1585 1778 1629 natura

217 1690 316 1747 est,
353 1691 408 1733 ut
439 1694 615 1733 rerum
646 1686 862 1729 naturas
887 1683 1139 1728 accurate
1171 1668 1552 1738 distinguendi,
1576 1677 1625 1721 et
1659 1681 1780 1734 quae

220 1775 282 1826 ad
330 1790 386 1827 se
440 1770 747 1837 pertineant
792 1766 1129 1821 discernendi
1177 1761 1482 1815 facultatem
1528 1769 1779 1829 praestare

219 1880 373 1937 posse
412 1871 641 1930 putetur.
694 1858 1051 1926 Quamobrem
1106 1855 1269 1909 David
1321 1868 1443 1909 cum
1490 1865 1551 1906 se
1597 1850 1775 1904 divina

1882 657 2259 725 propesuisse?
2280 654 2402 708 Haec
2431 664 2579 707 certe
2606 649 2856 719 scriptori
2888 646 3090 701 ultimas
3120 645 3305 704 sortis.
3336 658 3439 695 non

1880 748 2076 802 oratori
2110 747 2295 817 primae
2330 753 2469 799 nota:
2496 744 2545 797 in
2578 751 2809 796 mentem
2858 737 3042 792 venire
3079 744 3386 806 potuerunt.

1950 926 2039 980 6i.
2076 925 2292 981 Eusebii
2326 921 2745 978 commentarios
2791 928 2844 973 et
2876 915 3287 987 pseudo-Basilii
3316 929 3435 968 cum

1880 1019 2192 1081 considero,
2241 1030 2345 1068 non
2376 1029 2593 1082 possum
2650 1013 2779 1082 quin
2826 1010 3039 1065 credam
3076 1008 3219 1062 hunc
3259 1006 3325 1059 ab
3352 1006 3439 1057 illo

1880 1114 2166 1164 maximam
2197 1108 2283 1162 sui
2309 1108 2488 1175 operis
2527 1114 2733 1174 partem
2767 1106 2834 1157 ad
2867 1100 3086 1156 verbum
3123 1098 3435 1167 sumpsisse.

1881 1204 2052 1257 Tanta
2079 1213 2162 1255 est
2181 1204 2324 1256 enim
2355 1200 2409 1255 in
2439 1208 2667 1268 utroque
2691 1194 3077 1251 commentario
3107 1191 3440 1246 convenien-

1883 1295 1957 1348 tia
2000 1293 2156 1363 styli,
2206 1300 2463 1359 tantaque
2500 1287 2830 1348 similitudo,
2880 1286 2930 1339 id
2968 1294 3027 1338 ut
3056 1282 3185 1338 milii
3221 1281 3441 1335 minime

1881 1383 2100 1437 dubium
2132 1397 2254 1436 esse
2290 1380 2555 1434 videatur.
2585 1376 2691 1432 Sed
2732 1390 2853 1430 cum
2880 1389 3006 1444 pars
3042 1374 3298 1427 duntaxat
3332 1370 3441 1424 Eu-

1881 1473 2085 1528 sebiani
2124 1470 2497 1527 commentarii
2538 1469 2603 1523 ad
2653 1482 2750 1521 nos
2785 1466 3129 1536 pervenerit,
3163 1478 3323 1535 quam
3373 1478 3443 1515 ex

1880 1565 2086 1617 catenis
2138 1563 2399 1617 edendam
2468 1560 2675 1615 curavit
2743 1557 3209 1623 Montfauconius,
3264 1558 3440 1611 omnia

1879 1653 2293 1725 pseudo-Basilii
2348 1654 2487 1720 furta
2545 1654 2800 1721 detegere
2850 1652 3048 1705 frustra
3101 1664 3438 1708 conaremur.

1878 1749 2125 1801 Attamen
2162 1754 2355 1813 praeter
2382 1760 2444 1798 ea
2473 1760 2594 1810 qua:
2617 1744 2724 1813 jam
2759 1743 3084 1807 notavimus,
3109 1750 3162 1796 et
3188 1740 3288 1795 alia
3308 1755 3443 1809 quo.

1879 1851 1985 1905 que
2028 1852 2131 1889 non
2172 1851 2337 1906 pauca
2380 1836 2568 1890 eodem
2612 1851 2677 1889 ex
2726 1834 2876 1890 fonte
2918 1835 2984 1889 ab
3037 1834 3218 1888 eodem
3252 1832 3443 1887 hausta

219 1929 497 2008 dialectica
551 1954 870 2005 instructum
912 1964 1030 2003 esse
1084 1954 1466 2017 cognosceret,
1519 1941 1773 1994 dicebat:
1808 1930 1850 1984 Β
1878 1946 1998 1987 esse
2041 1931 2187 1985 nullo
2226 1930 2471 2001 negotio,
2519 1931 2621 1983 nisi
2678 1930 2831 1984 valde
2878 1930 3071 1990 fallor,
3115 1929 3442 1998 pervincam.

218 2044 520 2098 Jucundnm
550 2042 613 2093 sit
660 2041 753 2093 tibi
797 2040 1054 2105 eloquium
1091 2053 1296 2099 meum,
1340 2035 1452 2088 sive
1494 2030 1776 2086 dialectica

221 2150 360 2191 mea.
394 2133 529 2188 Nam
562 2132 840 2187 dialectica
879 2145 1062 2185 eorum
1103 2128 1193 2196 qui
1225 2122 1519 2179 altercandi
1554 2138 1618 2179 ac
1648 2136 1779 2177 con-

222 2229 469 2284 teudendi
504 2227 680 2281 animo
708 2240 792 2279 res
822 2220 1200 2293 aggrediuntur
1220 2230 1369 2282 ,‘non
1393 2214 1648 2286 jucunda,
1685 2214 1777 2268 sed

220 2324 395 2393 potius
420 2333 748 2386 exasperans
775 2327 875 2369 est.
913 2332 930 2365 ι
968 2313 1033 2366 Et
1060 2313 1169 2365 liaec
1194 2324 1409 2380 quoque
1443 2307 1777 2377 pseudo-Ba—

222 2416 371 2470 silius
404 2416 456 2467 in
482 2425 639 2465 suum
670 2405 1115 2461 commentarium
1158 2404 1451 2458 transferre
1493 2416 1595 2455 non
1625 2399 1778 2453 dubi-

222 2506 355 2561 tavit
392 2506 562 2573 (num.
600 2500 744 2569 I73),
786 2514 905 2552 cum
949 2496 1059 2558 illa,
1107 2493 1199 2549 Va:
1245 2495 1335 2563 qui
1364 2492 1538 2545 dicitis
1582 2491 1778 2542 malum

222 2606 406 2653 bonum
424 2595 490 2659 ’⁸,
520 2600 647 2657 ctc.,
672 2590 982 2660 explicaret.
1006 2586 1317 2655 Exemplum
1339 2584 1581 2636 ultimum
1603 2590 1777 2651 petam

223 2705 251 2741 e
279 2686 487 2758 psalmo
514 2683 808 2737 centesimo
838 2681 1104 2743 secundo,
1150 2677 1304 2744 cujus
1344 2675 1552 2727 initium
1583 2673 1659 2726 sic
1695 2673 1778 2724 iti-

223 2789 551 2849 terpretatur
593 2775 895 2829 Eusebius:
937 2772 1059 2832 Τοῖς
1109 2768 1257 2832 ἐντὸς
1306 2764 1467 2820 αὐτοῦ
1514 2763 1783 2836 προστάσο

224 2889 301 2925 σει
365 2869 609 2935 εὐλογεῖν
656 2864 716 2917 τὸ
761 2863 926 2932 ὄνομα
968 2860 1193 2931 Κυρίου,
1240 2858 1484 2911 τουτέστι
1519 2860 1583 2926 τῇ
1626 2854 1782 2922 φύσει

221 2962 325 3015 τῶν
371 2958 573 3012 ἔσωθεν
620 2952 981 3023 ἐξερχομένων
1024 2947 1413 3016 διαλογισμῶν,
1455 2940 1529 2997 ὧν
1566 2942 1783 2995 διπλοῦν

223 3056 335 3106 ἐστι
391 3051 453 3104 τὸ
511 3048 717 3118 τάγμα.
767 3046 829 3097 Ol
879 3044 975 3113 μὲν
1034 3041 1140 3109 γὰρ
1190 3036 1449 3107 μοχθηροί
1502 3035 1641 3094 είσι,
1692 3033 1785 3103 φό-

222 3164 318 3206 νοι,
344 3144 612 3214 μοιχεῖαι,
651 3136 874 3190 κλοπαί·
929 3134 975 3184 oi
1014 3131 1069 3182 δὲ
1109 3130 1310 3180 ἀστεῖοι
1367 3126 1461 3179 καὶ⁸
1509 3124 1783 3195 σωτήριοι,

224 3237 632 3307 φιλανθρωπία,
681 3227 997 3298 σωφροσύνη
1017 3266 1029 3287 ,
1062 3222 1121 3275 τὸ
1151 3221 1479 3275 κοινωνικόν.
1516 3214 1585 3290 ᾯ
1610 3220 1787 3271 τοίνυν

1882 2024 2086 2079 Monuit
2122 2023 2173 2077 in
2205 2023 2343 2077 notis
2368 2024 2481 2077 suis
2512 2022 2649 2077 idem
2671 2021 2775 2085 ille,
2801 2035 2959 2090 quem
2990 2035 3111 2073 mox
3146 2021 3441 2081 nominavi,

1881 2115 2184 2171 Bernardus
2229 2114 2678 2179 Montlauconius,
2735 2112 3119 2183 Hieronymum
3167 2110 3333 2164 multa
3376 2126 3441 2161 ex

1882 2210 2097 2265 Eusebii
2147 2210 2204 2263 in
2260 2207 2462 2263 Isaiam
2513 2206 2906 2260 commentario
2967 2206 3032 2257 ad
3080 2204 3297 2258 verbum
3330 2201 3444 2257 fere

1883 2300 2248 2366 convertisse,
2274 2314 2442 2368 eaque
2482 2298 2533 2352 in
2576 2311 2732 2351 suum
2783 2296 3123 2350 transtulisse
3155 2312 3171 2349 :
3206 2297 3348 2365 quod
3379 2311 3439 2350 ex

1884 2394 2122 2449 locorum
2160 2393 2445 2449 collatione
2486 2388 2824 2461 perspicuum
2868 2399 2969 2443 est.
3011 2388 3150 2457 Ergo
3194 2388 3239 2442 si
3266 2398 3445 2442 osten-

1884 2488 2013 2540 dero
2049 2484 2211 2538 multa
2271 2484 2370 2552 legi
2406 2484 2543 2552 apud
2577 2482 2986 2552 Hieronymum.
3021 2496 3141 2550 qua:
3170 2488 3351 2549 aperte
3377 2495 3441 2533 ex

1884 2574 2297 2647 pseudo-Basilii
2332 2575 2741 2630 commentariis
2778 2588 3033 2644 expressa
3063 2574 3201 2638 sint,
3234 2572 3355 2642 jure
3384 2588 3445 2624 ac

1885 2671 2078 2724 merito
2108 2678 2330 2737 uterque
2364 2678 2473 2721 tum
2520 2666 2879 2738 Hieronymus
2922 2674 3033 2719 tum
3066 2664 3447 2735 pseudo—Basi-

1884 2762 1990 2818 lius
2033 2764 2146 2817 btec
2187 2763 2253 2816 ab
2304 2759 2533 2814 Eusebio
2595 2758 2890 2828 sumpsisse
2951 2758 3297 2826 putabuntur.
3340 2755 3448 2808 Nec

1887 2870 2213 2926 quemquam
2261 2854 2531 2909 dicturum
2570 2863 2729 2921 puto,
2764 2852 3145 2919 Hieronymum
3182 2847 3444 2917 ejusmodi

1888 2946 2002 3001 loca
2042 2960 2105 2999 ex
2152 2946 2251 2998 hoc
2292 2946 2407 3014 ipso
2439 2946 2530 3014 qui
2574 2944 2757 2999 Basilii
2813 2944 3029 2997 nomine
3072 2937 3450 2995 circumfertur

1888 3034 2279 3091 commentario
2320 3033 2553 3087 mutuari
2602 3033 2878 3102 potuisse,
2922 3047 3042 3086 cum
3086 3031 3135 3083 id
3180 3045 3314 3099 opus
3347 3030 3447 3099 ipsi

1890 3135 2073 3180 notum
2104 3140 2208 3179 non
2234 3123 2397 3179 fuisse
2414 3125 2711 3179 videamus.
2751 3124 3108 3193 Hieronymus
3133 3123 3275 3177 enim
3300 3120 3451 3177 Isaia

1894 3218 2213 3286 interpretes
2238 3218 2289 3269 in
2322 3232 2419 3270 suo
2448 3216 2666 3287 prologo
2710 3229 3016 3277 recensens,
3048 3214 3161 3282 ejus
3184 3215 3273 3283 qui
3298 3212 3449 3268 Basi-

226 3281 632 3307 ‘r""'"r“""*v
774 3281 815 3298 ιι
988 3281 1028 3293 -ι
1560 3281 1571 3290 .

224 3331 397 3383 πάντα
430 3325 500 3378 τὰ
533 3322 681 3384 ἐντὸς
701 3317 1052 3389 κατώρθωται
1081 3317 1157 3378 είς
1184 3313 1501 3384 ἑτοιμότητα
1528 3310 1621 3363 τοῦ
1650 3310 1792 3361 sitito—
1818 3281 1862 3342 Ο

1784 3338 1792 3347 -
1818 3281 1862 3342 Ο
1891 3307 1946 3360 lii
1975 3322 2163 3359 nomen
2189 3306 2406 3376 prtefert
2436 3305 2806 3360 commentarii
2827 3305 3022 3358 nullam
3053 3305 3265 3359 omnino
3296 3318 3447 3357 men—

224 3414 337 3493 γεῖν
375 3420 437 3471 τὸ
460 3417 635 3487 ὄνομα
656 3412 750 3466 τοῦ
781 3410 914 3465 Θεοῦ
952 3410 1010 3463 τὸ
1050 3409 1220 3475 ἆγιον,
1258 3400 1408 3467 οὗτος
1438 3402 1615 3465 καλῶς
1657 3418 1792 3469 συμ-

224 3488 645 3584 ¹ιιτιιρειλαμὸἁνει
682 3506 781 3576 τὴν
814 3503 958 3557 ἔνδον
996 3500 1261 3562 διάθεσιν,
1305 3498 1382 3560 είς
1403 3495 1499 3566 τὴν
1526 3493 1618 3547 τοῦ
1658 3488 1791 3545 Θεοῦ

223 3582 598 3675 εὐχαριστίαν.
665 3613 682 3645 ι
729 3592 939 3647 Nomini
1006 3590 1211 3643 Domini
1275 3588 1593 3640 benedicere
1643 3582 1795 3651 jubet

224 3673 486 3750 interiora
521 3702 646 3751 sua,
678 3684 728 3737 id
769 3692 850 3735 est
894 3678 1245 3748 cogitationes
1276 3690 1421 3738 suas,
1451 3688 1569 3741 quae
1615 3675 1683 3725 ab
1714 3673 1793 3724 in-

224 3796 307 3837 tus
347 3776 685 3848 procedunt,
723 3783 945 3837 quarum
978 3766 1169 3835 duplex
1196 3775 1279 3819 est
1304 3764 1454 3816 ordo.
1483 3763 1613 3816 Aliae
1650 3761 1790 3813 enim

224 3888 402 3944 prava:
433 3874 598 3929 sunt,
639 3876 829 3931 nempe
861 3859 1062 3919 caedes,
1112 3856 1491 3911 fornicationes
1535 3863 1591 3909 et
1653 3853 1792 3907 furta

224 3970 567 4035 spectantes;
611 3956 728 4010 aliae
781 3968 909 4008 vero
943 3952 1158 4005 urbanae
1191 3960 1243 4003 et
1276 3948 1572 4009 salutares,
1604 3960 1795 4015 nempe

224 4055 559 4117 humanitas,
612 4046 964 4116 temperantia
1002 4052 1056 4097 et
1095 4039 1473 4096 communitas.
1528 4038 1576 4091 Is
1617 4039 1795 4105 itaque

228 4151 386 4219 cujus
417 4143 600 4200 omnia
633 4139 889 4193 interiora
922 4144 1065 4189 recta
1096 4142 1291 4187 suntet
1321 4138 1505 4198 parata
1538 4128 1603 4181 ad
1635 4128 1796 4180 liene-

224 4215 516 4296 dicendum
557 4230 757 4287 nomini
803 4235 989 4280 sancto
1025 4223 1154 4289 Dei,
1203 4219 1446 4275 interiori
1479 4231 1576 4271 suo
1600 4215 1791 4269 affectu

227 4341 370 4386 recte
403 4327 577 4379 utitur
608 4321 673 4375 ad
713 4318 1005 4387 gratiarum
1049 4315 1291 4368 actiones
1332 4312 1437 4364 Deo
1476 4309 1728 4378 agendas.
1768 4324 1788 4358 ι

228 4422 351 4477 Haec
386 4415 613 4473 totidem
644 4406 864 4481 syllabis
892 4415 945 4459 et
969 4404 1190 4457 vocibus
1223 4402 1558 4472 reperiuntur
1581 4398 1792 4467 quidem

227 4516 365 4587 apud
396 4502 891 4581 pseudo-Basilium
924 4498 1094 4569 (num.
1121 4496 1267 4563 5η),
1303 4496 1463 4547 verba
1505 4492 1591 4545 illa
1622 4506 1635 4541 :
1666 4489 1794 4542 Ideo

226 4585 401 4662 tenter
420 4618 569 4654 meus
596 4612 752 4662 super
775 4593 929 4647 Moab
952 4589 1100 4658 quasi
1123 4587 1326 4640 cithara
1352 4586 1553 4638 sonabit
1580 4585 1645 4648 ¹⁹,
1664 4593 1792 4645 ctc.,

227 4674 679 4763 interpretantem
722 4704 735 4738 :
778 4684 872 4739 sed
928 4684 1005 4736 sic
1052 4690 1267 4741 tamen,
1318 4686 1377 4729 ut
1432 4677 1484 4729 in
1528 4690 1593 4729 eo
1641 4673 1796 4743 paulo

226 4792 336 4844 sint
364 4783 591 4839 fusiora.
629 4777 706 4831 Ex
734 4791 837 4845 quo
874 4775 951 4835 fit.
985 4782 1040 4825 ut
1080 4771 1331 4825 librarios
1374 4769 1463 4835 qui
1494 4768 1793 4821 Eusebiana

226 4881 662 4949 exseripserunt,
709 4868 908 4937 aliquid
946 4866 1046 4919 line
1101 4864 1218 4917 loco
1260 4858 1505 4915 omisisse
1533 4858 1795 4927 suspicer.

228 4974 374 5026 Satis
402 4948 522 5031 est,
549 4966 601 5019 ni
640 4960 827 5022 fallor,
859 4960 973 5011 lizec
1008 4954 1281 5019 retulisse,
1312 4962 1370 5005 ut
1401 4948 1697 5017 imperfecti
1733 4948 1796 5001 il-

230 5069 330 5122 lius
362 5066 415 5117 in
460 5060 652 5113 Isaiam
688 5049 1057 5108 commentarii
1089 5045 1269 5099 νοθεία
1306 5043 1658 5106 ostendatur;
1700 5053 1799 5094 nec

232 5158 415 5215 multis
474 5152 651 5205 verbis
703 5160 836 5215 opus
884 5155 1005 5197 esse
1052 5141 1117 5193 ad
1182 5138 1233 5191 id
1275 5137 1608 5205 probandum
1652 5133 1796 5187 arbi-

234 5262 366 5305 tror.
396 5245 532 5300 Nam
569 5254 655 5295 res
701 5239 815 5307 ipsa
852 5235 1081 5295 clamat,
1126 5230 1567 5285 facundissimum
1612 5236 1791 5280 orato-

237 5359 346 5397 rem
403 5336 699 5395 Basilium,
743 5329 787 5381 si
840 5326 1026 5379 Isaiam
1071 5323 1452 5391 interpretatus
1504 5329 1684 5381 esset,
1734 5318 1799 5371 de

236 5430 575 5501 compilando
605 5418 993 5480 commentario
1021 5416 1232 5470 Eusebii
1264 5416 1317 5467 in
1346 5409 1585 5465 Psalmos
1620 5424 1684 5464 ne
1711 5424 1801 5464 co-

238 5530 525 5594 gitaturum
550 5516 768 5586 quidem
785 5514 967 5566 fuisse.
987 5511 1207 5569 Etvero,
1229 5516 1283 5558 ut
1317 5504 1583 5570 neloquar
1612 5506 1674 5556 de
1698 5517 1801 5556 ete-

241 5622 385 5683 teris,
428 5614 550 5685 quis
574 5609 674 5663 sibi
715 5606 869 5659 facile
893 5601 1233 5673 persuadebit
1253 5598 1499 5651 Basiliutn
1526 5594 1797 5663 Magnum,

238 5728 351 5765 cum
384 5709 576 5765 Isaiam
626 5697 971 5768 interpretari
1013 5694 1319 5758 debuisset,
1361 5701 1566 5761 partem
1610 5691 1799 5759 psalmi

300 5893 340 5922 ’³
371 5893 465 5945 Isa.
492 5887 585 5943 20.
665 5883 708 5913 ’⁵
746 5882 843 5934 Isa.
888 5894 992 5941 ενι,
1026 5876 1109 5930 II.

1894 3396 2090 3449 tione'm
2131 3395 2275 3448 facit.
2328 3393 2511 3463 Neque
2548 3408 2675 3449 vero
2704 3394 2849 3449 credi
2886 3394 3075 3449 merito
3117 3403 3291 3464 potest
3320 3393 3447 3447 Hie-

1894 3502 2146 3558 ronymus
2178 3485 2295 3540 ideo
2338 3486 2405 3540 de
2434 3485 2535 3540 hoc
2574 3486 2964 3537 commentario
3012 3494 3216 3550 tacere,
3253 3493 3312 3538 ut
3354 3498 3450 3537 sua

1894 3578 2034 3632 furta
2083 3578 2249 3644 celet;
2294 3593 2417 3633 cum
2473 3576 2538 3633 de
2592 3575 2893 3630 Eusebiano
2943 3573 3330 3629 commentario
3377 3573 3454 3627 Io-

1894 3681 2110 3738 quatur,
2155 3685 2186 3724 e
2228 3685 2334 3738 quo
2374 3668 2638 3737 permulta
2698 3676 3013 3722 convertere
3063 3682 3166 3720 non
3225 3666 3450 3721 dubitat.

1896 3762 2099 3817 Itursus
2152 3761 2349 3815 dixerit
2394 3775 2586 3822 nemo,
2638 3760 2936 3825 imperfecti
2995 3759 3135 3811 illius
3179 3773 3455 3811 commen-

1896 3854 2016 3909 tarii
2051 3864 2320 3909 auctorem
2361 3866 2423 3908 ea
2483 3867 2601 3922 qua:
2654 3850 2842 3905 Latine
2904 3850 2957 3903 in
3005 3850 3329 3921 Hieronymo
3373 3849 3452 3904 le-

1894 3958 2063 4017 gerat,
2086 3947 2270 4002 Graece
2299 3945 2611 4001 reddidisse.
2651 3943 3051 3999 Alienissimum
3080 3944 3222 3998 enim
3260 3943 3311 3996 id
3337 3958 3457 3997 esse

1896 4055 1923 4092 a
1965 4039 2275 4093 Graecorum
2332 4038 2574 4092 moribus
2616 4051 2826 4098 omnes,
2877 4048 2934 4089 ut
2979 4036 3192 4104 opinor,
3246 4035 3447 4088 sciunt.

1896 4131 2160 4186 Praeterea
2218 4144 2339 4182 cum
2394 4137 2668 4181 exstarent
2732 4127 3063 4195 temporibus
3132 4125 3238 4181 illis
3304 4126 3454 4180 multi

1897 4224 2069 4279 Graeci
2099 4224 2151 4277 in
2186 4220 2379 4275 Isaiam
2411 4220 2805 4286 commentarii,
2839 4219 3056 4274 dubium
3083 4235 3188 4274 non
3217 4228 3300 4275 est
3325 4220 3453 4289 quin

1896 4318 2130 4385 scriptor
2175 4316 2396 4373 Graecus
2444 4313 2661 4370 Graecos
2713 4312 2891 4385 potius
2953 4313 3256 4381 compilarit
3298 4328 3456 4381 quam

1896 4425 2063 4463 unum
2092 4409 2323 4478 aliquem
2364 4408 2681 4478 scriptorem
2740 4405 3013 4461 Latinum.
3051 4404 3334 4473 Iteliquum
3375 4416 3458 4459 est

1898 4502 2058 4572 igitur
2085 4511 2141 4555 ut
2172 4510 2423 4567 uterque,
2478 4498 2838 4566 Hieronymus
2888 4506 2942 4550 et
2995 4495 3459 4568 pseudo-Basilius

1898 4594 2017 4648 loca
2054 4594 2141 4647 illa
2194 4592 2293 4647 sibi
2328 4591 2637 4643 communia
2677 4592 2744 4644 ab
2798 4588 2981 4658 aliquo
3030 4600 3300 4643 mutuatus
3337 4589 3407 4640 sit
3442 4605 3455 4640 :

1897 4695 2055 4749 quem
2078 4696 2179 4750 ego
2214 4677 2478 4732 afﬁrmare
2516 4694 2675 4749 posse
2713 4678 2901 4734 videor
2931 4680 3090 4733 alium
3126 4679 3192 4731 ab
3230 4678 3460 4733 Eusebio

1899 4786 2004 4825 non
2028 4786 2168 4832 esse,
2195 4778 2387 4824 cumet
2410 4769 2792 4840 Hieronymum
2821 4779 2873 4825 et
2896 4769 3264 4824 commentarii
3288 4770 3456 4823 Graeci

1901 4864 2217 4931 scriptorem
2282 4864 2448 4916 multa
2517 4864 2585 4917 ab
2639 4864 2870 4918 Eusebio
2913 4860 3207 4928 sumpsisse
3246 4862 3461 4915 aliunde

1900 4964 2131 5009 constet.
2166 4951 2283 5007 Jam
2335 4952 2672 5023 proferamus
2700 4953 2963 5021 exempla,
3001 4951 3194 5021 quibus
3250 4960 3458 5005 utrum-

1901 5058 2006 5111 que
2040 5044 2105 5097 ab
2138 5044 2325 5099 eodem
2356 5044 2503 5099 fonte
2530 5044 2770 5098 hausisse
2801 5053 2951 5099 certo
2988 5044 3237 5113 cOgnosci
3273 5042 3461 5112 possit.

1902 5132 1996 5189 Sic
2021 5135 2182 5199 igitur
2212 5134 2450 5202 loquitur
2466 5132 3027 5204 pseudo-Basilius(‘2,
3057 5133 3143 5195 15,
3175 5147 3323 5184 num.
3346 5132 3457 5200 9|):

1901 5227 2060 5297 Φέρει
2088 5227 2143 5279 δὲ
2174 5226 2233 5278 τὸ
2258 5227 2470 5297 δένδρον
2499 5225 2657 5278 τοῦτο
2686 5226 2916 5296 καρπὸν,
2944 5223 3078 5276 ἀλλὰ
3119 5222 3313 5294 χοίρων
3342 5240 3462 5294 τρο-

1905 5321 2032 5389 φήν.
2064 5316 2159 5369 Διὰ
2203 5317 2360 5370 τοῦτο
2403 5316 2615 5387 δένδρον
2646 5314 2904 5385 αἰσχύνης
2944 5312 3213 5383 ὠνόμασε.
3241 5312 3312 5364 Τὸ
3355 5312 3464 5382 γὰρ

1900 5408 2080 5463 Βασὰν
2102 5411 2179 5471 εἰς
2207 5410 2304 5477 τὴν
2329 5409 2588 5478 αἰσχύνην
2619 5404 3140 5477 μεταλαμϐάνουσιν.
3171 5398 3268 5455 Ὧν
3300 5397 3391 5457 οὖν
3428 5406 3459 5471 ἡ

1903 5504 2027 5568 δόξα
2050 5504 2147 5572 τῆς
2186 5502 2557 5571 καρποφορίας
2582 5501 2808 5571 αἰσχύνη
2844 5498 2981 5563 ἐστὶ,
3014 5500 3103 5551 καὶ
3136 5497 3225 5548 ἐπὶ
3258 5496 3463 5557 τούτοις

1907 5594 2056 5648 ἔσται
2082 5597 2115 5665 ἡ
2151 5592 2330 5664 ἡμέρα
2358 5593 2451 5644 τοῦ
2494 5590 2717 5661 Κυρίου.
2737 5592 2863 5657 Ουτὲ
2892 5591 2967 5642 sic
2998 5601 3252 5656 expressa
3284 5586 3465 5654 legun-

1908 5698 1997 5743 tur
2029 5687 2165 5757 apud
2230 5685 2610 5755 Hieronymum
2671 5699 2789 5753 pag.
2852 5682 2943 5745 ΞΤ,
2997 5680 3242 5741 liberius,
3280 5677 3329 5731 id
3360 5686 3466 5742 est,
