4212 6502
754 440 948 480 CCXXVI

2106 429 2610 486 PROLEGOMENA
2621 470 2633 483 .

758 538 1063 609 Hieronymi
1110 552 1302 594 more:
1339 557 1357 591 ι
1399 539 1526 607 Qum
1558 540 1658 596 etsi
1710 541 1932 599 fecerint
1965 546 2189 612 fructus,
2221 562 2313 617 pe-
2345 554 2391 609 Α
2417 548 2583 602 diluunt
2632 562 2749 601 esse
2798 549 2866 603 ab
2916 548 3240 619 Hieronymo
3284 566 3775 622 παραφραστικως,
3816 565 3983 620 quem

754 644 940 683 corum
973 638 1099 683 sunt
1121 630 1443 685 alimenta...
1472 640 1525 685 et
1562 631 1942 703 interpretatur
1970 637 2223 710 αίσχύνη,
2265 639 2316 693 id

755 721 1248 789 est,ignominia...
1302 720 1475 790 Super
1503 738 1694 779 omnes
1725 740 1853 795 ergo
1898 728 1989 796 qui
2034 730 2317 799 eriguntur

756 812 809 864 in
841 810 1168 879 superbiam,
1203 820 1258 867 et
1289 813 1492 867 faciunt
1532 829 1694 883 opera
1721 815 2044 887 ignominiae,
2078 821 2313 889 atquein

757 915 913 955 emno
943 902 1224 955 libidinum
1255 902 1589 968 volutantur,
1638 903 1849 959 Domini
1895 908 2127 962 vindicta
2186 925 2316 965 con-

758 1001 965 1060 surget.
1007 1010 1027 1044 s
1066 992 1205 1059 Quin
1241 1003 1295 1047 et
1322 992 1679 1064 Hieronymus
1724 1010 1846 1049 cum
1881 998 2042 1065 paulo
2083 1010 2203 1068 post
2235 1000 2316 1055 sic

756 1081 1019 1137 scriberet
1052 1098 1067 1135 :
1102 1100 1121 1135 ι
1154 1082 1220 1136 Et
1242 1098 1385 1137 nunc
1406 1084 1551 1138 diem
1577 1084 1785 1138 Domini
1810 1102 1973 1155 super
1998 1090 2190 1143 cedrus
2228 1088 2315 1143 Li-

754 1172 881 1228 bani
915 1187 1095 1228 sermo
1133 1173 1478 1242 propheticus
1531 1176 1922 1243 comminetur;
1963 1195 1982 1229 ι
2020 1179 2316 1246 respexisse

752 1265 966 1320 videtur
999 1266 1066 1319 ad
1120 1264 1305 1320 Graeca
1344 1264 1459 1328 illa,
1494 1279 1613 1333 quae
1668 1266 1867 1322 ibidem
1912 1256 2201 1339 leguiitur:
2249 1270 2316 1324 'H

750 1355 848 1410 τοῦ
877 1358 1082 1429 Κυρίου
1125 1358 1309 1429 ἡμέρα
1347 1358 1583 1421 καὶτοῖς
1626 1358 1865 1430 δένδροις
1910 1363 2009 1431 τῆς
2054 1361 2316 1432 αἰσχύνης

752 1451 829 1515 ὡς
865 1451 1074 1523 φοϐερά
1129 1450 1451 1504 ἀπειλεῖται.
1491 1450 1961 1509 Pseudo-Basilius
1999 1470 2185 1509 rursus
2238 1455 2318 1509 sic

752 1544 991 1612 loquitur
1023 1544 1098 1612 (5,
1144 1542 1197 1608 9,
1241 1559 1389 1597 num.
1452 1544 1574 1612 H3)
1609 1563 1622 1598 :
1656 1545 1864 1616 Ὠσπερ
1896 1546 2161 1602 ἐκεῖνοι...
2197 1546 2317 1615 ού.χὶ

754 1637 991 1707 ῥήμασιν
1024 1635 1395 1707 εὐπροσώποις
1434 1638 1533 1708 τὴν
1566 1637 1849 1705 ἀσέλγειαν
1898 1637 2314 1693 συνεκάλυπτον.

752 1728 862 1781 Ποῦ
900 1728 1007 1799 γάρ
1046 1730 1171 1792 είσι,
1208 1730 1395 1798 φησιν,
1422 1731 1472 1781 οἱ
1502 1728 1693 1799 ἄνδρες
1728 1729 1777 1781 οἱ
1808 1728 2134 1792 εἰσελθόντες
2167 1730 2317 1802 παρὰ

754 1819 868 1883 σοί;
906 1820 1168 1888 Ἑξάγαγε
1211 1821 1411 1883 αὐτοὺς
1443 1820 1578 1891 πρὸς
1612 1821 1779 1890 ἡμᾶς,
1803 1820 1889 1871 ἵνα
1910 1820 2092 1884 αὐτοῖς
2115 1838 2312 1889 συγγε-

2418 638 2583 692 multo
2628 648 2873 707 tempore
2954 642 3404 696 desideraverant.
3467 642 3823 715 Hieronymus
3853 660 3981 712 pag.

2416 726 2508 791 4i,
2541 725 2593 781 in
2630 728 2786 782 verba
2827 728 2955 782 illa:
2981 727 3109 782 Cum
3154 730 3379 784 nbluerit
3416 730 3666 785 Dominus
3694 733 3873 786 sordes
3911 733 3984 801 [i-

2417 818 2608 872 liarum
2635 818 2764 874 Sion
2802 820 2867 885 ³¹,
2899 822 2976 876 sic
3005 822 3220 889 scripsit
3248 841 3261 875 :
3297 841 3317 875 ι
3360 823 3424 878 Ει
3463 832 3587 879 nota
3616 825 3758 893 quod
3786 826 3985 879 sordes

2417 911 2648 966 ﬁliarum
2676 912 2869 967 laVet'il.
2895 912 3091 982 spiritu
3117 913 3655 985 judicii,sanguinem
3683 924 3861 969 autem
3889 913 3985 969 Je—

2418 1003 2649 1057 rusalem
2724 1004 2914 1074 spiritu
2975 1005 3388 1060 combustionis.
3450 1006 3601 1073 Quod
3662 1007 3806 1060 enim
3860 1006 3983 1060 leve

2414 1102 2516 1157 est,
2553 1095 2806 1146 lavatur:
2852 1090 2993 1161 quod
3044 1094 3285 1161 gravius,
3313 1094 3579 1158 exuritur,
3631 1103 3763 1159 etc.,
3802 1110 3823 1146 ι
3858 1107 3985 1161 qua:

2415 1183 2542 1252 quin
2573 1197 2604 1237 e
2643 1180 2847 1237 Graecis
2878 1197 3133 1252 expressa
3188 1182 3318 1247 sint,
3370 1181 3602 1236 dubitari
3659 1198 3817 1252 posse
3869 1199 3985 1237 non

2418 1285 2567 1343 puto.
2595 1272 2700 1328 Sed
2732 1288 2853 1343 quae
2915 1272 3035 1328 fuse
3070 1271 3205 1328 dixit
3252 1271 3736 1339 pseudo-Basilius,
3789 1276 3985 1330 eadem

2419 1359 2776 1431 Hieronymus
2805 1360 3040 1417 breviter
3071 1362 3411 1431 perstrinxit.
3444 1360 3572 1432 Legi
3614 1371 3787 1432 potest
3813 1378 3985 1433 pseu-

2417 1451 2743 1506 do-Basilius
2792 1454 2844 1507 in
2903 1453 3046 1507 hunc
3100 1453 3275 1520 ipsum
3321 1451 3471 1507 Isaize
3518 1453 3713 1510 locum.
3751 1453 3982 1508 Dubium

2416 1556 2631 1609 quoque
2660 1557 2765 1595 non
2806 1553 2887 1597 est
2915 1543 3045 1612 quin
3078 1541 3435 1614 Hieronymus
3461 1557 3580 1612 pag.
3605 1542 3674 1597 49
3705 1543 3986 1614 exemplar

2416 1631 2661 1687 Graecum
2716 1633 2968 1689 habuerit
3019 1636 3087 1689 ub
3142 1635 3350 1699 oculos,
3407 1652 3531 1691 cum
3572 1636 3658 1689 illa
3698 1650 3715 1687 :
3759 1634 3848 1689 Vt:
3890 1639 3986 1706 qui

2415 1722 2734 1791 conjungitis
2762 1723 2974 1775 domum
3008 1726 3077 1776 ad
3112 1726 3321 1779 domum
3345 1726 3412 1794 ³³,
3444 1736 3574 1790 etc.,
3604 1727 3673 1780 ita
3718 1727 3989 1795 interpre-

2419 1820 2626 1866 taretur
2655 1829 2671 1868 :
2703 1829 2722 1863 t
2761 1810 2919 1866 Juxta
2952 1812 3306 1883 tropologiam
3345 1822 3529 1870 contra
3556 1814 3837 1870 hmreticos
3859 1816 3986 1883 qui-

752 1908 991 1979 νὼμεθα.
1030 1886 1272 1979 Ἐκείνην
1305 1886 1613 1980 ἐμιμήσατο
1634 1886 1733 1980 τὴν
1754 1910 2053 1981 ἁμαρτίαν·
2087 1886 2316 1982 τὴν-γὰρ
2348 1886 2382 1946 ﬂ

2419 1903 2542 1957 dam
2566 1910 2669 1958 hoc
2696 1903 2897 1957 dictum
2930 1904 3354 1959 arbitrantur....
3389 1915 3444 1958 et
3476 1908 3698 1961 audiunt
3726 1908 3826 1961 sub
3860 1906 3987 1960 aliis

751 2003 1023 2073 ἁμαρτίαν
1049 2001 1245 2065 αὐτῶν,
1278 2002 1353 2066 ὡς
1376 2002 1621 2072 Σοδόμων
1655 2000 1983 2072 ἀνήγγειλάν
2010 2003 2101 2056 καὶ
2131 2004 2321 2073 ἐνεφά-

755 2111 930 2148 νισαν.
974 2093 1335 2163 Hieronymus
1378 2109 1499 2162 pag.
1533 2092 1601 2147 58
1640 2116 1652 2147 ;
1689 2110 1709 2143 ι
1748 2093 1814 2146 Ει
1846 2094 2112 2162 quomodo
2150 2093 2321 2147 Sodo-

756 2188 920 2250 mitze,
943 2201 1066 2240 cum
1091 2188 1235 2239 omni
1266 2185 1507 2239 libertate
1539 2194 1841 2254 peccantes,
1877 2194 1931 2240 et
1968 2200 2035 2239 ne
2064 2184 2319 2253 pudorem

754 2277 971 2347 quidem
1002 2278 1164 2331 ullum
1198 2277 1454 2333 habentes
1476 2278 1527 2331 in
1556 2278 1779 2343 scelere,
1806 2279 2057 2332 dixerunt
2083 2278 2149 2332 ad
2180 2276 2317 2332 Lot:

754 2369 904 2423 Educ
933 2369 1076 2434 fores
1098 2369 1256 2432 viros,
1285 2378 1342 2421 ut
1374 2369 1773 2421 concumbamus
1802 2384 1916 2421 cum
1945 2368 2019 2421 eis
2052 2367 2115 2421 ³⁸.
2144 2367 2234 2421 Sic
2266 2375 2321 2422 et

758 2459 847 2514 isti
872 2459 1085 2529 publice
1114 2458 1531 2527 proclamantes,
1562 2472 1716 2512 suum
1743 2457 2106 2528 prtedicavere
2125 2471 2319 2529 pecca-

752 2560 888 2605 tum.
936 2568 955 2602 ι
986 2550 1172 2604 Priora
1217 2561 1396 2604 autem
1451 2548 1762 2620 Hieronymi
1816 2551 1980 2606 verba
2010 2551 2155 2605 credi
2191 2565 2317 2621 pos-

751 2653 881 2697 sunt
905 2656 1162 2711 expressa
1194 2640 1360 2696 fuisse
1394 2656 1459 2695 ex
1491 2640 1702 2696 Graecis
1736 2642 1839 2697 illis
1876 2657 1996 2712 quas
2034 2642 2222 2696 eodem
2262 2645 2316 2697 in

752 2734 872 2790 loco
909 2732 1156 2803 leguntur
1186 2748 1199 2784 :
1240 2732 1540 2804 Ἀμαρτίαν
1561 2732 1629 2802 ἦν
1667 2733 1789 2802 οὐχὶ
1806 2732 1983 2802 λάθρα
2007 2732 2128 2784 οὐδὲ
2157 2734 2317 2786 ὲπαι-

752 2824 1063 2896 σχυνόμενοι
1079 2824 1457 2893 πεποιήκασιν.
1476 2821 1941 2880 Pseudo-Basilitts
1959 2824 2035 2891 (ὃ,
2056 2825 2147 2888 23,
2168 2840 2313 2881 ιιιιιιι.

751 2914 876 2985 129)
904 2932 918 2967 :
947 2915 1132 2966 Ἐοικε
1172 2913 1234 2965 τὸ
1267 2912 1547 2985 θέριστρον
1584 2913 1859 2984 ὲπίϐλημα
1896 2910 2036 2967 εἶναι
2088 2914 2315 2986 θερινὸν,

749 3006 825 3069 ὡς
848 3004 942 3058 καὶ
969 3002 1312 3076 περιϐάλλειν
1350 3005 1545 3066 δοκεῖν,
1582 3006 1676 3059 καὶ
1716 3006 1789 3076 μὴ
1837 3005 2088 3077 βαρύνειν
2134 3009 2191 3060 ὲν
2238 3006 2317 3078 τῷ

748 3096 1020 3151 καύσωνι·
1073 3097 1150 3159 ὡς
1177 3097 1272 3149 καὶ
1319 3098 1375 3149 ὲν
1400 3100 1466 3168 τῇ
1516 3098 1733 3151 Γενέσει
1778 3098 2176 3169 μεμαθήκαμεν
2217 3096 2315 3167 τὴν

760 3186 1053 3240 Ῥεϐέκκαν
1087 3187 1550 3258 περιϐαλλομένην
1584 3188 1646 3239 τὸ
1693 3186 1997 3258 θέριστρον.
2050 3187 2313 3256 Hierony-
2340 3220 2382 3277 ο

750 3295 868 3333 ιιιιιε
891 3294 1012 3348 pag.
1043 3278 1151 3332 ηε
1193 3296 1211 3330 ι
1246 3278 1456 3332 Habent
1495 3288 1551 3330 et
1586 3276 1855 3334 theristra.
1897 3290 2017 3346 qua
2061 3291 2157 3331 nos
2190 3277 2308 3346 pal-

754 3367 821 3420 lia
872 3381 1154 3435 possumus
1204 3366 1473 3436 appellare
1511 3382 1526 3419 :
1573 3380 1680 3435 quo
1712 3365 1959 3423 obvoluta
1987 3376 2071 3422 est
2116 3377 2171 3422 et
2197 3366 2307 3422 Re-

750 3459 981 3512 becca...
1007 3457 1192 3513 Grece
1222 3456 1481 3530 θέριστρα
1517 3475 1531 3512 :
1564 3458 1632 3513 ab
1667 3472 1733 3513 eo
1756 3459 1897 3527 quod
1927 3459 1978 3511 in
2006 3458 2174 3527 θέρει,
2202 3457 2307 3513 hoc

746 3555 850 3608 est.
886 3548 939 3602 in
973 3556 1160 3603 aestate
1196 3559 1253 3603 et
1276 3559 1549 3614 caumate,
1572 3562 1800 3617 corpora
1828 3555 2117 3617 protegunt
2149 3545 2309 3600 femi-

748 3652 1003 3693 narum.)
1042 3638 1515 3695 PseudovBasilius
1546 3656 1559 3693 :
1595 3639 1822 3710 Εἴρηται
1847 3637 1904 3691 δέ
1932 3655 2092 3700 τισιν,
2136 3638 2219 3692 ὅτι
2252 3638 2308 3691 αἱ

747 3728 889 3783 ἑπτά
908 3732 1185 3800 γυναῖκες,
1219 3730 1358 3784 ἑπτὰ
1377 3731 1662 3803 πνεύματά
1695 3733 1852 3796 είσιν,
1878 3730 1913 3785 ἃ
1942 3732 2132 3803 μικρὸν
2156 3729 2310 3784 ὓστε-

749 3840 840 3894 ρον
868 3821 900 3876 6
933 3823 1093 3885 αὐτὸς
1119 3814 1273 3887 οὗτος
1294 3823 1580 3893 προφήτης
1610 3822 2061 3892 καταριθμεῖσθαι
2106 3824 2307 3893 μέλλει,

745 3914 821 3977 ὡς
858 3914 1357 3984 ἐπαναπαυόμενα
1391 3915 1489 3969 ἐπὶ
1521 3914 1636 3982 τὴν
1658 3913 1727 3968 ἐκ
1758 3912 1866 3983 τῆς
1879 3912 2048 3983 ῥίζης
2092 3916 2309 3970 Ἰεσσαὶ

744 4003 1105 4071 ἐξανθήσειν
1130 4005 1450 4074 μέλλοντα.
1480 4006 1717 4077 Πνεῦμα
1767 4008 1987 4077 σοφίας
2030 4007 2125 4062 καὶ
2164 4022 2313 4061 συν-

743 4092 952 4161 έσεως,
982 4094 1218 4164 πνεῦμα
1238 4094 1477 4161 βουλῆς
1508 4097 1604 4150 καὶ
1648 4098 1876 4166 ἰσχύος,
1902 4097 2137 4168 πνεῦμα
2164 4097 2310 4168 τινώ-

742 4200 897 4251 σεως
935 4188 1032 4240 καὶ
1058 4187 1388 4254 εὐσεϐείας,
1430 4187 1663 4258 πνεῦμα
1706 4192 1891 4258 φόϐου
1932 4190 2098 4245 Θεοῦ.
2133 4191 2310 4263 ’Δπερ

742 4274 911 4329 διὰτὸ
942 4276 1147 4339 πάντας
1188 4278 1452 4343 ἐκκλῖναι,
1496 4279 1589 4332 καὶ
1639 4278 1757 4349 ἅμα
1801 4278 2185 4350 ἀχρειωθῆναι,
2212 4281 2312 4335 οὐκ

744 4366 933 4435 ἔχοντα
977 4360 1022 4434 ᾧ
1065 4368 1516 4422 ὲπαναπαύσεται
1555 4368 1875 4442 ἀγαπητῶς,
1923 4369 2019 4423 τοῦ
2053 4370 2195 4423 κατὰ
2220 4372 2311 4425 τὸν

744 4454 948 4524 Κύριον
991 4455 1277 4529 ἀνθρώπου
1331 4457 1628 4529 λαϐόμενα,
1673 4462 1816 4513 ποιεῖ
1834 4459 1901 4514 τὰ
1962 4459 2311 4532 ἀναγεγραμ-

2418 1994 2597 2050 verbis
2624 2010 2639 2050 :
2665 1995 2857 2049 Audite
2890 1994 3022 2059 hazc,
3066 2000 3221 2049 duces
3262 1995 3447 2048 domus
3477 1995 3662 2059 Jacob,
3695 2008 3742 2049 et
3788 1999 3988 2051 residui

2417 2089 2600 2139 domus
2630 2084 2822 2150 Israel,
2852 2086 2941 2153 qui
2993 2085 3368 2139 abominamini
3410 2086 3699 2153 judicium,
3720 2098 3767 2139 et
3798 2092 3981 2139 omnia

2422 2183 2564 2227 recta
2602 2174 2918 2243 pervertitis,
2940 2175 3029 2243 qui
3057 2174 3332 2240 wdiﬁcatis
3360 2172 3489 2228 Sion
3522 2176 3577 2228 in
3615 2176 3986 2244 sanguinibus,

2418 2272 2464 2316 et
2487 2261 2782 2317 Jerusalem
2812 2265 2869 2317 in
2894 2266 3165 2335 iniquitate
3192 2265 3258 2319 ”.
3296 2263 3387 2319 Isti
3420 2267 3607 2320 domos
3633 2266 3900 2330 domibus,
3933 2270 3999 2319 id

2418 2364 2520 2417 est,
2547 2354 2795 2422 dogmata
2826 2356 3161 2424 coniungunt
3197 2356 3536 2425 dogmatibus
3570 2374 3583 2409 :
3620 2357 3814 2426 quibus
3845 2359 3984 2412 dici-

2422 2449 2510 2495 tur
2530 2455 2633 2510 per
2664 2440 2942 2496 Micharam
2990 2460 3003 2495 :
3060 2440 3239 2498 Nolite
3287 2447 3553 2512 cedi/icore
3599 2448 3653 2501 in
3708 2449 3864 2502 domo
3908 2451 3988 2499 ri-

2416 2549 2532 2587 sum
2565 2533 2609 2565 ³⁸
2638 2550 2653 2586 :
2682 2548 2750 2588 ne
2787 2550 2950 2605 supra
2987 2534 3390 2591 fundamentum
3432 2538 3633 2594 Christi
3663 2542 3805 2609 quod
3843 2555 3983 2610 apo-

2418 2624 2587 2680 stolus
2623 2626 2821 2680 Paulus
2866 2628 3062 2695 posuit,
3083 2637 3137 2683 et
3163 2629 3213 2683 in
3242 2644 3351 2699 quo
3386 2630 3681 2685 debuerant
3708 2631 3991 2687 aditicare

2418 2730 2632 2783 aurum,
2665 2726 2966 2784 argentum,
3012 2719 3214 2787 lapides
3272 2722 3533 2788 pretiosos
3557 2762 3573 2789 ,
3646 2737 3678 2777 e
3712 2723 3992 2776 contrario

2416 2808 2684 2864 aediﬁcent
2715 2809 2877 2879 ligna,
2904 2809 3106 2872 fenum,
3136 2811 3406 2879 stipulam.
3432 2828 3456 2865 s
3477 2812 3811 2867 Ascribimus
3835 2812 3991 2867 Cra:-

2416 2915 2480 2955 ca
2508 2910 2567 2955 ut
2586 2915 2707 2955 cum
2743 2899 3175 2971 Hieronymianis
3198 2902 3405 2972 possint
3426 2904 3747 2973 comparari.
3783 2902 3859 2956 lla
3890 2904 3939 2971 ig
3963 2925 3992 2943 ο

2418 3001 2506 3047 tur
2533 2993 2721 3048 eadem
2759 2993 3036 3063 prOpheta:
3083 2994 3245 3048 verba
3282 2993 3536 3061 explanat
3589 2994 3984 3061 pseudo-Basi-

2415 3084 2518 3138 lius
2547 3085 2720 3153 (uum.
2762 3084 2885 3154 152)
2919 3102 2933 3137 :
2965 3085 3199 3138 Δυνατδν
3228 3084 3283 3138 δὲ
3300 3083 3377 3155 τῷ
3408 3082 3676 3154 φιλοπόνῳ
3715 3085 3861 3138 κατὰ
3902 3086 3989 3138 άν-

2416 3175 2635 3244 αγωγὴν
2656 3176 2750 3227 ἐπὶ
2770 3176 2949 3228 πλεῖον
2970 3177 3122 3245 ἄγειν
3146 3177 3204 3229 τὸ
3236 3176 3344 3231 ἀπὸ
3374 3175 3473 3247 τῆς
3496 3176 3829 3248 προφητείας
3851 3180 3991 3247 χρή-

2416 3282 2592 3336 σιμον.
2647 3263 2877 3319 Δύναται
2931 3270 3039 3338 γὰρ
3093 3269 3240 3321 οἰκία
3270 3269 3502 3321 ἑκάστου
3542 3268 3875 3323 νοεῖσθαιτὰ
3900 3268 3991 3320 δό-

2408 3375 2661 3429 γματα...
2697 3360 2852 3413 Ὀσοι
2876 3353 2969 3411 οὖν
3002 3358 3062 3410 τὸ
3085 3357 3180 3427 τῆς
3208 3357 3441 3421 πίστεως
3477 3359 3671 3428 δόγμα,
3698 3360 3837 3429 ὅπερ
3871 3359 3987 3431 ἔχει

2409 3449 2654 3521 θεμέλιον
2677 3451 2771 3505 καὶ
2796 3448 2969 3521 ἀρχὴν
2995 3449 3087 3502 τὸν
3110 3448 3478 3520 Κύριονὴμῶν
3503 3447 3707 3518 Ἰησοῦν
3729 3450 3987 3517 Χριστὸν,

2408 3542 2669 3613 δόγμασιν
2691 3544 2987 3617 ἀλλοτρίοις
3014 3542 3109 3596 καὶ
3136 3541 3306 3609 ξένοις
3326 3541 3425 3612 τῆς
3445 3538 3750 3601 θεοσεϐείας
3767 3541 3985 3595 ἐπισυν-

2409 3634 2735 3690 άπτουσιν...
2770 3638 2818 3689 εί
2856 3636 2911 3689 δέ
2970 3653 3054 3699 τις
3094 3635 3436 3705 ἐποικοδομεῖ
3481 3634 3574 3687 ἐπὶ
3602 3633 3691 3688 τὸν
3736 3631 3991 3704 θεμέλιον

2408 3727 2596 3781 τοῦτον
2638 3727 2861 3798 χρυσὸν,
2896 3727 3157 3800 ἄργυρον,
3198 3725 3377 3790 λίθους
3410 3726 3647 3798 τιμίους,
3679 3724 3833 3792 ξύλα,
3862 3726 3992 3798 χόρ-

2408 3837 2519 3884 τον,
2541 3820 2855 3891 καλάμην...
2879 3821 2908 3872 ό
2940 3820 3180 3890 Μιχαίας
3204 3819 3478 3891 καθαίρων
3509 3818 3580 3872 τά
3605 3820 3843 3890 οἰήματα
3869 3817 3981 3871 τῶν

2412 3912 2849 3979 καταγελάστων,
2885 3914 2971 3963 Ἐν
3011 3912 3135 3977 Γὲθ,
3170 3912 3324 3983 φησὶ,
3361 3912 3434 3983 μὴ
3469 3909 3857 3981 μεγαλύνεσθε,
3893 3911 3990 3963 καὶ

2411 4005 2459 4057 οἱ
2488 4004 2544 4056 ὲν
2568 4002 2834 4073 Ἀκαρεὶμ
2869 4001 2943 4072 μὴ
2983 4002 3379 4071 άνοικοδομεῖτε
3426 4001 3488 4066 ἐξ
3525 4002 3674 4054 οἴκου
3706 4002 3851 4056 κατὰ
3890 4004 3989 4071 γέ·

2410 4097 2556 4151 λωτα
2605 4095 2778 4167 ὑμῶν.
2834 4095 2945 4147 Καὶ
2977 4093 3137 4148 πάλιν
3166 4095 3194 4147 ὁ
3215 4093 3377 4156 αὐτὸς
3406 4092 3749 4163 ἐπιπλήττων
3784 4094 3991 4165 μοχθη-

2413 4193 2526 4261 ροῖς
2554 4188 2913 4254 διδασκάλοις,
2953 4187 3116 4258 φησίν
3138 4203 3150 4214 ο
3196 4186 3523 4239 Ἀκούσατε
3560 4184 3636 4253 δὴ
3686 4185 3899 4251 ταῦτα,
3931 4189 3989 4240 ol

2411 4280 2726 4348 ἡγούμενοι
2755 4279 2926 4332 οἴκου
2962 4277 3178 4339 Ἰακὼϐ,
3202 4276 3301 4329 καί
3331 4278 3385 4330 ol
3417 4274 3768 4331 κατάλοιποι
3806 4277 3986 4331 οἴκου

2425 4370 2682 4439 Ἰσραὴλ,
2712 4372 2767 4423 ol
2788 4368 3282 4437 βδελυσσόμενοι
3309 4367 3509 4439 κρῖμα,
3541 4369 3637 4422 καὶ
3677 4368 3877 4422 πάντα
3915 4370 3988 4421 τὰ

2411 4461 2556 4528 ὀρθὰ
2599 4459 3082 4527 διαστρέφοντες,
3125 4463 3180 4514 ol
3224 4460 3680 4528 οίκοδομοῦντες
3721 4456 3879 4510 Σιὼν
3915 4458 3987 4512 ἐν

745 4543 906 4615 μένα.
940 4542 1299 4614 Hieronymus
1328 4562 1452 4618 pag.
1498 4548 1568 4603 45
1598 4558 1808 4603 tantum
1839 4565 1942 4605 non
1985 4550 2052 4603 ad
2084 4552 2303 4604 verbum
2334 4555 2381 4610 D

2410 4551 2617 4620 αἵμασι
2648 4548 2750 4601 καὶ
2775 4550 3161 4620 Ἰερουσαλὴμ
3182 4551 3253 4604 ἐν
3283 4549 3561 4614 ἀδικίαις.
3590 4546 3798 4603 Pseudo
3826 4547 3984 4604 Basi-

742 4634 861 4691 hasc
902 4634 977 4690 ita
1032 4636 1303 4690 convertit
1334 4654 1349 4690 :
1386 4655 1405 4688 ι
1445 4639 1663 4708 Septem
1697 4639 1972 4705 mulieres,
1998 4640 2051 4694 id
2082 4648 2187 4706 est,
2227 4654 2309 4696 se-

742 4734 886 4797 ptem
906 4728 1092 4797 gratite
1110 4728 1347 4799 Spiritus
1374 4730 1650 4794 sancti,de
1674 4730 1941 4797 quibusin
1973 4743 2307 4799 consequen-

743 4815 888 4870 tibus
919 4814 1058 4868 idem
1083 4815 1345 4886 propheta
1369 4818 1613 4873 dicturus
1632 4828 1713 4873 est
1739 4833 1755 4871 :
1788 4817 1939 4872 Exiet
1956 4820 2101 4890 uirga
2132 4822 2197 4873 de
2224 4836 2311 4875 ra-

740 4906 857 4961 dice
882 4905 1064 4963 Jesse:
1101 4917 1150 4962 et
1184 4911 1279 4978 ﬂos
1310 4910 1375 4964 de
1405 4912 1580 4966 radice
1616 4910 1729 4981 ejus
1778 4914 2081 4966 conscendet
2110 4928 2125 4965 :
2153 4920 2200 4965 et
2229 4927 2308 4965 re-

739 4998 966 5065 quiescet
990 5015 1145 5068 super
1162 5015 1277 5054 eum
1302 5000 1527 5069 Spiritus
1552 5002 1781 5065 Domini,
1801 5001 2018 5069 spiritus
2040 5003 2307 5072 sapientia:

742 5100 790 5143 et
817 5090 1132 5159 intellectus,
1162 5092 1379 5162 spiritus
1407 5094 1612 5147 consilii
1662 5105 1710 5148 et
1750 5094 2100 5163 fortitudinis,
2146 5093 2305 5157 spiri-

742 5189 826 5233 tus
855 5180 1088 5234 scientite
1117 5191 1165 5235 et
1186 5182 1391 5251 pietatis
1420 5193 1501 5236 :et
1524 5182 1752 5251 implebit
1776 5200 1893 5237 eum
1907 5184 2121 5251 spiritus
2152 5184 2304 5237 timo-

741 5271 814 5323 ris
862 5270 1072 5325 Domini
1128 5273 1204 5338 ³¹;
1253 5275 1663 5344 appreltendent
1720 5273 1901 5329 Iesum
1941 5289 2099 5342 quem
2135 5275 2301 5329 multo

743 5370 982 5432 tempore
1015 5363 1476 5431 desideraverant,
1507 5367 1635 5437 quia
1686 5366 1889 5421 nullum
1927 5366 2087 5421 alium
2143 5378 2297 5437 pute-

741 5462 863 5506 rant
913 5453 1173 5523 invenire,
1211 5455 1265 5508 in
1305 5472 1410 5525 quo
1445 5454 1646 5513 aeterna
1705 5458 1939 5513 statione
1989 5460 2298 5528 requiesce-

744 5553 879 5598 rent.
915 5563 936 5598 ι
974 5546 1388 5605 Animadvertas
1427 5549 1584 5605 velim
1629 5548 1779 5615 illud.
1810 5550 2137 5623 ἀγαπητῶς,
2174 5552 2298 5607 red.

846 5764 891 5796 ”
916 5765 1049 5819 Gen.
1079 5785 1185 5834 xix,
1220 5771 1270 5823 5.
1342 5770 1413 5828 ιιι
1446 5770 1546 5823 lsa.
1576 5784 1648 5829 st,
1685 5767 1799 5822 1-5.
1899 5771 1942 5803 ³³
1967 5771 2068 5829 lsa.
2097 5786 2165 5831 tv.
2200 5776 2252 5827 ι.

742 5832 787 5866 ³⁸
813 5830 1008 5887 Jercm.
1055 5830 1249 5897 χχιζιί.
1331 5840 1370 5869 ⁸⁷
1421 5838 1561 5892 Psal.
1594 5853 1671 5903 ιιι,
1704 5840 1759 5891 li.

2386 5772 2429 5805 ³³
2461 5772 2563 5829 lsa.
2611 5790 2662 5842 ν,
2701 5780 2760 5830 8.

2412 4640 2515 4697 lius
2544 4641 2627 4711 (ν,
2664 4640 2751 4707 12,
2782 4657 2927 4695 num.
2966 4641 3089 4712 159)
3130 4660 3144 4695 :
3181 4636 3346 4704 οὗτος
3376 4637 3638 4711 [Ἰουϐὰλ]
3661 4634 3777 4712 ἧνμό
3814 4656 3986 4695 κατα-

2408 4732 2582 4797 δείξας
2624 4729 2918 4803 ψαλτήριον
2948 4732 3043 4784 καὶ
3092 4731 3345 4803 κιθάραν.
3394 4727 3757 4803 Hieronymus
3783 4732 3979 4801 pagina

2410 4839 2507 4879 seu
2544 4820 2793 4877 columna
2822 4823 2882 4877 5|
2918 4839 2933 4876 :
2965 4841 2985 4874 ι
3009 4822 3252 4893 Requirit
3281 4822 3543 4875 citharam
3572 4832 3627 4876 et
3653 4819 3975 4889 psalterium

2416 4914 2572 4983 cujus
2620 4926 2865 4983 repertor
2912 4922 2996 4969 est
3042 4914 3250 4971 Joubal.
3294 4932 3314 4965 ι
3351 4912 3707 4983 Hieronymus
3728 4909 3983 4966 columna

2411 5006 2621 5069 eadem,
2649 5023 2668 5056 ι
2702 5006 2854 5074 Quod
2889 5019 3070 5061 autem
3118 5006 3350 5075 primum
3384 5016 3592 5073 tempus
3616 5005 3984 5059 humanas»

2411 5094 2650 5165 pientiaa,
2670 5096 2886 5165 quando
2914 5096 3225 5166 egredimur
3259 5096 3568 5163 pueritiam,
3607 5105 3663 5148 et
3694 5096 3762 5147 ad
3803 5092 3975 5147 ratio-

2411 5185 2584 5240 nalem
2618 5187 2866 5242 venimus
2894 5195 3133 5251 atatem,
3166 5202 3322 5242 mane
3348 5186 3400 5240 in
3438 5183 3736 5253 Scripturis
3777 5184 3978 5238 intelli-

2406 5288 2591 5347 gatur,
2624 5278 2789 5332 multa
2838 5278 3146 5333 testimonia
3196 5282 3391 5333 docere
3444 5292 3538 5333 nos
3576 5284 3831 5346 poterunt
3864 5294 3879 5330 :
3911 5280 3978 5330 de

2404 5367 2600 5439 quibus
2626 5371 2857 5440 exempli
2890 5384 3051 5424 causa
3078 5370 3323 5441 ponenda
3356 5380 3484 5425 sunt
3508 5383 3675 5437 pauca
3711 5382 3726 5421 :
3761 5386 3781 5420 ι
3817 5366 3977 5421 Mane

2402 5461 2675 5515 mittebam
2699 5468 2977 5530 prophetas
3010 5461 3078 5530 ³⁸,
3110 5474 3199 5519 et:
3226 5460 3383 5518 Hane
3404 5460 3656 5517 exaudies
3680 5463 3973 5515 orationem

2404 5570 2611 5622 meam,
2664 5570 2819 5609 mane
2872 5556 3116 5611 assistam
3156 5555 3271 5623 tibi,
3306 5567 3353 5612 et
3398 5554 3577 5610 ridebo
3627 5551 3707 5619 ³⁷;
3742 5562 3800 5608 et
3839 5566 3855 5603 :
3899 5546 3975 5603 De

2879 5776 2925 5815 ³⁸
2957 5773 3114 5831 Mich.
3156 5792 3234 5841 ιιι,
3273 5777 3329 5841 9,
3378 5775 3461 5830 10.
3562 5778 3607 5811 ³⁸
3643 5777 3799 5835 ιιιριι.
3839 5793 3882 5848 ι,
3913 5778 3969 5837 9.
