4212 6512
1341 442 1401 497 D.
1441 442 1584 497 JUL.
1625 442 1945 499 GARNERII
1983 441 2375 499 PREFATIO.

3238 461 3452 500 CCXXVII

223 562 370 607 nocte
391 566 669 626 consurget
687 554 905 624 spiritus
927 572 1071 613 meus
1092 558 1162 621 ’3;
1179 564 1262 612 et:
1288 558 1448 626 Deus,
1471 558 1607 613 Deus
1626 576 1791 624 meus.
1818 574 1866 630 Α

1818 574 1866 630 Α
1897 575 2042 617 num.
2073 559 2196 627 166)
2236 576 2249 611 :
2280 560 2355 612 Ού
2384 562 2490 633 γὰρ
2519 561 2582 633 δὴ
2610 558 2744 625 ξῶόν
2766 578 2817 614 τι
2844 563 2872 615 ό
2902 562 3055 635 ᾅδης,
3078 561 3199 616 οὐδὲ
3229 562 3456 634 δύναμις

220 646 293 697 ad
325 660 375 701 te
412 652 478 702 de
519 648 639 701 luce
686 648 845 718 vigilo
867 649 942 718 ⁸⁹;
967 661 1019 707 et
1050 669 1063 705 :
1091 649 1158 704 In
1196 652 1469 706 matutinis
1519 651 1799 721 interﬁcie-

1794 680 1799 693 ι
1895 650 2291 721 ὲπιτεταγμένη
2321 654 2430 715 τοῖς
2472 652 2893 723 ἀποθνήσκουσι,
2951 654 3095 709 κατὰ
3139 656 3240 726 τὴν
3292 655 3457 725 μυθο-

219 738 337 795 bam
364 756 542 794 omnes
572 754 871 807 peccatores
901 755 1054 799 terra:
1105 758 1125 797 :
1166 754 1221 797 ut
1246 744 1595 811 disperderem
1620 745 1682 798 de
1719 747 1796 799 ei-

218 836 379 887 eitate
410 832 628 887 Domini
649 850 830 891 omnes
853 839 941 907 qui
966 846 1251 904 operantur
1278 836 1608 905 iniquitatem
1637 835 1683 867 “
1703 853 1718 901 ;
1740 848 1794 892 et

218 927 275 980 in
302 923 409 977 alio
436 923 593 980 loco:
630 928 711 981 Ad
736 943 1001 995 vesperam
1032 927 1391 983 demorabitur
1431 927 1606 995 ﬂetus,
1644 935 1693 979 et
1722 930 1792 983 ad

216 1017 543 1069 matutinum
596 1018 782 1073 lwtitia
824 1015 891 1068 ".
924 1015 1399 1072 Pseudo-Basilius
1431 1031 1445 1068 :
1485 1017 1602 1069 Ἵνα
1629 1015 1685 1069 δὲ
1710 1016 1792 1072 ἔτι

219 1105 422 1175 μᾶλλον
456 1109 588 1180 ἡμῖν
636 1108 697 1160 τὸ
735 1107 835 1177 τῆς
881 1110 1091 1181 πρωίας
1127 1111 1299 1178 ὄνομα
1337 1109 1611 1179 τρανωθῇ,
1640 1109 1720 1162 ὅτι
1752 1113 1784 1181 ἡ

214 1194 325 1249 ἀπὸ
350 1199 575 1261 σκότους
612 1198 885 1265 ἐπάνοδος,
918 1201 1027 1253 εἴτε
1064 1197 1161 1251 τοῦ
1182 1198 1325 1252 κατὰ
1346 1199 1443 1271 τὴν
1472 1201 1536 1252 ὲκ
1556 1198 1655 1268 τῆς
1681 1200 1790 1252 νεό-

211 1305 377 1359 τητος
422 1290 668 1357 ἀλογίαν,
704 1292 810 1344 εττε
839 1290 930 1345 τοῦ
964 1292 1028 1344 ὲκ
1072 1290 1171 1359 τῆς
1205 1293 1476 1360 ἀγνωσίας
1521 1290 1612 1345 τοῦ
1652 1291 1787 1345 Θεοῦ

212 1384 334 1445 ταῖς
372 1383 577 1451 ψυχαῖς
622 1383 992 1453 ἐγγινομένου,
1025 1384 1058 1454 ἡ
1097 1384 1286 1455 πρώτη
1328 1385 1533 1448 είσοδος
1568 1386 1647 1448 είς
1682 1385 1783 1457 τὴν

212 1471 474 1543 ἀλήθειαν
496 1474 674 1543 πρωία
696 1475 931 1542 λέγεται.
956 1476 1211 1544 Συνάξεις
1234 1478 1290 1531 δὲ
1313 1479 1382 1533 τά
1395 1478 1661 1549 πολλαχοῦ
1678 1480 1785 1533 τῶν

212 1564 510 1633 προφητῶν
538 1568 664 1639 περὶ
694 1566 925 1638 πρωίας,
955 1569 987 1641 ἢ
1024 1570 1150 1640 περὶ
1177 1570 1394 1640 ὄρθρου,
1425 1573 1564 1642 ὑπὲρ
1584 1572 1678 1624 τοῦ
1716 1574 1782 1642 τῇ

211 1654 321 1707 τῶν
350 1655 613 1713 πλειόνων
659 1660 955 1731 παραθέσει
1005 1662 1237 1729 φανῆναι
1278 1661 1339 1713 τὸ
1386 1663 1778 1733 προκείμενον·

210 1740 340 1809 οἷον,
391 1748 783 1803 Ἀπέστελλον
812 1749 1024 1815 ὄρθρου
1057 1748 1198 1814 τοὺς
1219 1749 1555 1818 προφήτας·
1587 1751 1779 1818 καὶτὸ,

210 1835 367 1902 Πρωὶ
411 1839 742 1903 εἰσακούσῃ
790 1834 900 1902 τῆς
948 1836 1153 1905 φωνῆς
1192 1855 1339 1906 μου*
1370 1840 1463 1892 καὶ
1516 1841 1596 1907 τὸ,
1628 1843 1780 1910 Πρωὶ

1895 744 2077 798 ποιίαν
2105 742 2213 797 τῶν
2244 741 2464 806 ἔξωθεν.
2504 745 2654 802 Haud
2690 744 2847 800 aliter
2885 746 3267 821 Hieronymus,
3300 748 3455 817 cujus

1891 832 2161 888 sunthaec
2207 831 2455 887 cotumna
2489 830 2557 885 52
2584 850 2598 885 :
2630 853 2647 885 ι
2690 834 2940 891 lnternus
2977 850 3155 893 autem
3210 838 3453 892 animam

1891 921 2091 976 habere
2118 925 2335 989 dicitur,
2370 937 2475 976 non
2506 923 2649 991 quod
2680 925 2877 981 animal
2905 923 2997 990 sit,
3026 926 3173 993 juxta
3205 938 3450 985 errorem

1890 1015 2263 1082 quorumdam.
2316 1033 2334 1067 ι
2365 1012 2837 1071 Paudeasilius
2864 1024 2940 1088 (v,
2984 1018 3073 1083 17,
3104 1034 3252 1075 num.
3275 1022 3399 1091 170)
3433 1038 3446 1073 :

1888 1105 2140 1169 Δεθέντες
2188 1108 2381 1179 χειρῶν
2420 1107 2515 1161 καὶ
2549 1105 2723 1159 ποδῶν
2759 1108 2809 1159 οἱ
2856 1111 3332 1176 καταδικασθέντες
3358 1114 3450 1167 ἑκ-

1888 1198 2169 1252 6άλλονται
2200 1200 2279 1261 εἰς
2324 1200 2383 1253 τὸ
2423 1198 2614 1263 σκότος
2647 1198 2709 1252 τὸ
2756 1196 3037 1270 ἐξώτερον.
3090 1202 3450 1270 Hieronymus

1887 1290 1990 1345 col.
2026 1290 2131 1345 ὅδε
2167 1308 2186 1341 ι
2214 1289 2445 1345 Conviva
2468 1306 2679 1362 quoque
2702 1303 2876 1346 castra:
2907 1290 3212 1362 Dominicte,
3243 1305 3445 1350 vestem

1888 1399 1992 1439 non
2025 1383 2227 1438 habens
2249 1382 2566 1451 nuptialem,
2597 1384 2809 1440 vinctus
2838 1383 3062 1453 pedibus
3097 1398 3161 1437 ac
3197 1386 3447 1441 manibus

1885 1475 2102 1545 eiicitur
2126 1476 2179 1531 in
2212 1475 2466 1531 tenebras
2488 1476 2783 1532 exteriores
2805 1478 2871 1531 ⁸⁸.
2910 1496 2930 1530 ι
2966 1475 3058 1532 Sic
3103 1480 3445 1546 prosequitur

1884 1569 2247 1639 Hieronymus
2274 1588 2287 1623 :
2320 1586 2338 1620 ι
2383 1568 2449 1622 Et
2482 1567 2742 1622 Dominus
2770 1570 2937 1633 venit,
2970 1577 3030 1623 ut
3061 1569 3144 1623 his
3170 1567 3260 1637 qui
3291 1579 3446 1622 erant

1884 1662 1937 1716 in
1964 1660 2192 1715 vinculis
2213 1661 2432 1725 diceret,
2466 1660 2618 1715 Exite
2643 1661 2710 1727 “,
2759 1670 2816 1716 et
2856 1662 2949 1730 qui
2980 1662 3347 1718 versabantur
3389 1661 3443 1713 in

1887 1753 2145 1819 tenebris,
2192 1751 2519 1806 Reuelamini
2549 1750 2615 1805 “.
2657 1768 2675 1802 ι
2714 1750 2844 1817 Quae
2872 1750 3039 1805 verba
3086 1752 3227 1805 haud
3281 1747 3444 1805 dubie

1881 1859 2137 1913 expressa
2172 1858 2386 1913 quoque
2413 1852 2540 1898 sunt
2588 1857 2654 1898 ex
2705 1841 2909 1897 Graecis
2938 1841 3043 1895 illis
3067 1842 3143 1911 (v,
3172 1842 3256 1907 17,
3288 1856 3440 1895 num.

210 1926 679 1994 παραστήσομαι
730 1944 849 1989 σοι,
885 1928 983 1981 καὶ
1032 1928 1232 1998 suam,
1266 1947 1374 1998 με’
1417 1933 1511 1985 ναὶ
1550 1933 1631 1996 τὸ,
1680 1936 1774 1986 Ἐκ
1808 1934 1850 1984 Β
1877 1938 1998 2004 171)
2031 1954 2045 1989 :
2080 1938 2311 1991 Δυνατὺν
2344 1936 2524 2008 μέντοι
2572 1936 2859 2005 γενόμενον
2912 1934 3129 2004 δέσμιον
3172 1932 3442 2005 ἁμαρτίας

208 2013 433 2079 νυκτὸς
463 2012 704 2082 ὀρθρίζει
740 2017 804 2069 τὸ
827 2016 1062 2087 πνεῦμά
1076 2036 1195 2089 μου
1232 2019 1383 2089 πρὸς
1410 2020 1503 2083 σὲ,
1528 2021 1772 2088 ὀ-Θεόςο

210 2107 328 2169 καὶ,
366 2105 420 2158 '0
454 2109 620 2175 Θεὸς,
662 2112 695 2164 ό
729 2110 872 2176 Θεός
897 2129 1037 2179 μου,
1069 2114 1217 2181 πρὸς
1264 2113 1341 2167 σὲ
1380 2113 1647 2183 ὀρθρίζωσ
1683 2114 1777 2168 καὶ

206 2194 285 2259 τὸ,
306 2200 411 2264 Εἰς
442 2198 550 2265 τὰς
569 2201 789 2269 πρωίας
805 2201 1157 2256 ἀπέκτεινον
1181 2205 1409 2271 πάντας
1438 2206 1579 2272 τοὺς
1594 2207 1775 2278 ἁμαρ-

206 2291 437 2356 τωλοὺς
462 2290 568 2358 τῆς
592 2292 703 2361 γῆς
723 2309 737 2325 '
765 2296 859 2347 καὶ
898 2295 981 2358 τὸ,
1018 2295 1074 2344 Ἐ
1078 2294 1304 2361 σπέρας
1345 2298 1775 2363 αὐλισθήσεται

204 2385 534 2451 κλαυθμὸς,
548 2384 645 2437 καὶ
656 2388 741 2450 εις
754 2386 817 2438 τὸ
828 2386 974 2454 πρωὶ
991 2385 1634 2454 ἁγαλλίασιςθιόίιιθηι
1648 2404 1773 2443 eum

208 2489 316 2542 quo
359 2474 477 2528 loca
512 2473 806 2545 Scriptura:
845 2475 1157 2530 referuntur
1185 2477 1430 2546 quisquis
1459 2478 1775 2535 considera-

203 2566 366 2628 verit,
401 2566 469 2629 is,
505 2566 719 2637 opinor,
749 2566 937 2623 Latina
962 2583 992 2623 e
1013 2566 1218 2624 Graecis
1246 2583 1508 2625 conversa
1535 2586 1653 2625 esse
1687 2570 1773 2625 fa-

204 2656 307 2710 cile
362 2656 640 2714 fatebitur.
693 2658 998 2714 Notandum
1050 2660 1228 2715 obiter
1282 2660 1770 2730 pseudo-Basilium

202 2748 397 2813 (5,12,
435 2765 581 2803 ιιιιιη.
642 2750 765 2821 161)
801 2752 962 2805 etiam
994 2752 1210 2807 Eusebii
1265 2753 1321 2807 in
1353 2750 1594 2807 Psalmos
1622 2768 1770 2809 com-

208 2840 557 2907 mentarium,
586 2851 647 2895 ut
685 2843 938 2911 vidimus,
970 2846 1069 2897 hoc
1099 2844 1217 2898 loco
1271 2844 1361 2898 hic
1410 2846 1765 2913 compilasse:

201 2945 363 2998 quam
396 2930 694 2985 inauditam
748 2933 1143 3002 interpretandi
1177 2933 1444 2988 rationem
1495 2934 1770 3005 sapienter

203 3021 609 3091 prudenterque
631 3023 774 3077 cavit
811 3025 1047 3093 optimus
1079 3025 1346 3094 interpres
1382 3023 1763 3097 Hieronymus.

201 3110 376 3170 Unum
406 3115 653 3171 omnium
688 3116 1151 3187 imperitissimum
1186 3119 1508 3189 scriptorem
1534 3118 1769 3190 pseudo-

199 3203 454 3261 Basilium
486 3215 634 3260 tanta
662 3206 862 3277 ineptia
885 3206 1125 3262 decebat.
1145 3205 1507 3277 Hieronymus
1521 3206 1766 3262 columna

1881 2025 2238 2096 ἀκολουθῆσαι
2283 2026 2501 2099 Χριστῷ
2544 2025 2621 2095 τῷ
2653 2025 2864 2096 ἐροῦντι
2910 2028 3024 2090 τοῖς
3080 2026 3139 2079 ὲν
3179 2024 3440 2093 δεσμίοις,

1894 2116 2217 2180 Ἐξέλθετε,
2241 2118 2332 2170 καὶ
2357 2121 2467 2180 τοῖς
2482 2119 2539 2169 ὲν
2566 2116 2643 2187 τῷ
2675 2117 2873 2181 σκότει,
2908 2114 3439 2187 Ἀποκαλυφθῆναι.

1878 2206 2238 2277 Hieronymus
2260 2209 2447 2261 eadem
2477 2206 2581 2261 col.
2608 2206 2677 2262 55
2710 2224 2723 2261 :
2758 2225 2776 2258 ι
2798 2206 3115 2276 Achitophel
3147 2222 3359 2277 quoque
3386 2219 3441 2262 et

1876 2298 2108 2354 Judas...
2142 2298 2352 2367 periere
2384 2297 2698 2366 suspendio,
2755 2306 3007 2368 putantes
3061 2297 3259 2352 malum
3305 2313 3438 2352 cono

1877 2390 2119 2445 scientiae
2173 2389 2423 2459 praesenti
2459 2399 2633 2442 morte
2663 2389 2825 2458 liniri,
2866 2398 2921 2444 et
2975 2388 3111 2443 nihil
3160 2402 3283 2443 esse
3318 2398 3441 2458 post

1878 2491 2126 2533 mortem.
2160 2500 2180 2534 ι
2215 2478 2673 2536 Pseudo-Basilius
2706 2479 2950 2551 (ibidem)
2983 2497 2997 2534 :
3044 2479 3323 2550 Ἀχιτόφελ
3346 2480 3441 2532 καὶ

1890 2569 2152 2632 Ἰούδας...
2207 2572 2297 2623 τὸν
2327 2573 2395 2626 δι’
2434 2574 2669 2646 ἀγχόνης
2723 2571 2952 2628 θάνατον
2996 2571 3090 2626 τοῦ
3134 2572 3438 2642 αὐτομάτου

1875 2661 2265 2732 προετίμησαν.
2295 2662 2407 2714 Οὐκ
2438 2664 2501 2715 ἂν
2527 2664 2635 2735 γὰρ
2669 2664 3012 2729 πιστεύοντες
3041 2662 3169 2737 περὶ
3195 2663 3287 2718 τοῦ
3321 2662 3442 2735 μέλ-

1874 2754 2055 2818 λοντος
2083 2752 2277 2817 αἰῶνος
2304 2753 2761 2824 ἀπηγχονίσαντο.
2793 2754 3147 2825 lliemnymus
3181 2756 3285 2811 col.
3324 2756 3431 2809 55:

1880 2865 1899 2898 ι
1943 2845 2102 2901 Juxta
2138 2845 2489 2917 tropologiam
2538 2854 2666 2901 ante
2717 2845 2826 2917 jam
2871 2846 3127 2911 diximus,
3161 2845 3304 2917 quod
3348 2859 3439 2900 sa-

1876 2938 2127 2992 cerdotes
2168 2938 2463 3007 ingressuri
2494 2935 2897 2992 tabernaculum
2924 2937 3041 3002 Dei,
3073 2951 3179 2993 non
3194 2938 3427 2995 debeant

1877 3026 2063 3081 vinum
2113 3026 2298 3081 bibere
2344 3038 2399 3080 et
2445 3029 2695 3082 siceram.
2730 3028 2934 3094 Quibus
2987 3044 3131 3082 nunc
3163 3030 3434 3093 addimus,

1872 3118 2016 3189 quod
2048 3116 2319 3173 Nazareis
2343 3131 2556 3188 quoque
2602 3124 2932 3190 pmceptum
2979 3117 3073 3184 sit,
3103 3119 3195 3189 qui
3224 3134 3284 3175 se
3313 3134 3439 3178 san-

1872 3210 2116 3265 ctiiicant
2163 3210 2410 3275 Domino,
2434 3219 2491 3262 ut
2531 3208 2711 3262 vinum
2761 3218 2818 3263 et
2870 3209 3127 3276 siceram,
3176 3220 3231 3267 et
3274 3227 3436 3269 omne

198 3298 383 3351 itidem
410 3297 473 3352 51
514 3316 527 3351 :
568 3316 587 3350 ι
628 3298 752 3352 Haec
780 3298 933 3360 juxta
973 3299 1207 3353 litteram
1259 3300 1526 3354 accidisse
1570 3300 1768 3369 populo
1794 3292 1835 3351 α
1872 3301 2013 3369 quod
2043 3300 2109 3355 de
2143 3300 2261 3355 uvis
2284 3311 2388 3365 est,
2414 3316 2517 3355 non
2538 3300 2720 3357 bibant
2744 3302 3161 3369 neccomedant,
3180 3318 3433 3359 ne'uvam

195 3388 506 3445 indecorum
537 3390 636 3444 sub
664 3388 994 3459 Vespasiano
1028 3399 1085 3444 et
1106 3390 1230 3444 Tito
1262 3389 1524 3445 Romanis
1561 3391 1764 3460 princi-

199 3482 375 3552 pibus,
432 3491 542 3535 tam
593 3480 780 3537 Graeca
814 3495 979 3552 quam
1034 3481 1223 3537 Latina
1280 3492 1466 3537 narrat
1516 3483 1765 3537 historia.

200 3576 355 3644 Quod
387 3575 611 3646 quidem
646 3582 701 3629 et
738 3574 1098 3644 spiritualiter
1124 3574 1283 3631 hodie
1304 3588 1520 3645 quoque
1549 3574 1765 3646 patiun-

198 3680 303 3736 tur,
321 3667 653 3724 sustinentes
681 3682 784 3723 non
814 3668 1006 3722 famem
1031 3670 1205 3737 panis,
1231 3683 1403 3738 neque
1427 3669 1571 3723 sitim
1590 3684 1763 3738 aquae,

196 3762 288 3817 sed
323 3761 525 3816 famem
562 3761 813 3816 audiendi
852 3762 1117 3816 sermonis
1161 3761 1277 3815 Dei.
1320 3779 1341 3814 ι
1370 3759 1761 3816 Pseudo—Basi-

197 3854 295 3908 lius
321 3858 401 3925 (v,
432 3854 521 3917 1⁸5,
551 3868 699 3907 num.
727 3854 849 3923 165)
874 3871 887 3908 :
922 3851 1109 3905 Ταῦτα
1124 3852 1245 3906 καθ’
1278 3852 1517 3923 ἱστορίαν
1545 3852 1765 3905 δυνατὸν

192 3946 375 4016 τυχεῖν
422 3943 524 4013 τῆς
571 3943 878 4015 ἐξηγήσεως
902 3944 991 3996 ἐπὶ
1024 3942 1131 3995 τῶν
1160 3942 1367 4015 καιρῶν
1390 3943 1491 4013 τῆς
1528 3942 1765 4012 ἐσχάτης

192 4037 515 4110 πολιορκίας
558 4036 667 4090 τῶν
702 4035 988 4100 Ἰουδαίων,
1019 4035 1125 4090 τῶν
1149 4036 1248 4106 μὲν
1285 4039 1366 4099 είς
1390 4034 1764 4106 αἰχμαλωσίαν

191 4131 616 4201 ἀπαχθέντων...
670 4129 809 4201 τάχα
847 4129 904 4183 δὲ
952 4129 1108 4199 καὶή
1144 4128 1350 4200 ἀληθὴς
1393 4128 1657 4199 νέκρωσις
1699 4128 1760 4181 ού

188 4222 275 4276 διὰ
300 4223 459 4293 λιμὸν
490 4221 678 4294 ἄρτου,
719 4221 840 4275 οὐδὲ
870 4219 958 4275 διὰ
998 4218 1155 4290 δίψαν
1188 4219 1379 4283 ὓδατος
1429 4219 1620 4273 τούτου
1663 4218 1759 4273 τοῦ

190 4314 472 4385 αἰσθητοῦ,
495 4314 629 4368 ἀλλά
649 4313 735 4368 διὰ
759 4314 943 4386 λοιμὸν
962 4312 1055 4367 τοῦ
1083 4311 1311 4367 ἀκοῦσαι
1336 4310 1493 4381 λόγον
1527 4310 1755 4381 Κυρίου.

189 4405 675 4462 Pseudo-Basilius
700 4408 886 4460 eodem
913 4406 966 4461 in
989 4406 1107 4461 loco
1132 4407 1210 4461 sic
1228 4406 1464 4475 loquitur
1491 4420 1506 4458 :
1545 4404 1757 4458 Ἐκεῖνα

187 4499 439 4571 λέγομεν,
460 4499 544 4551 ὅτι
568 4499 617 4551 ol
634 4497 916 4561 διώκοντες
944 4498 1005 4551 τὺ
1023 4499 1341 4569 μέθυσμα...
1360 4500 1473 4561 τοῖς
1498 4496 1555 4550 δὲ
1575 4496 1757 4567 ἔργοις

184 4593 391 4664 Κυρίου
434 4590 728 4662 ἐμϐλέπειν
774 4589 847 4661 μὴ
884 4590 1221 4661 ἀνεχόμενοι.
1261 4589 1348 4643 διὰ
1376 4588 1437 4642 τὸ
1479 4588 1754 4657 φιλήδονοι

1871 3393 2085 3462 quidem
2114 3406 2353 3462 passam,
2378 3402 2431 3447 et
2469 3400 2678 3447 acetum
2719 3406 2784 3447 ex
2819 3392 2962 3446 vino.
2999 3390 3103 3447 Sed
3134 3402 3188 3447 et
3219 3393 3271 3447 in
3302 3392 3435 3449 Pro-

1872 3485 2075 3540 verbiis
2104 3484 2413 3554 praecipitur
2444 3500 2459 3537 :
2489 3482 2761 3550 Potentes,
2798 3486 2887 3554 qui
2912 3484 3153 3539 iracundi
3180 3494 3322 3552 sunt,
3360 3489 3436 3539 vi-

1870 3592 1995 3631 num
2032 3594 2135 3631 non
2166 3577 2363 3641 bibant,
2390 3592 2472 3642 ne,
2505 3592 2623 3631 cum
2667 3576 2912 3639 biberint,
2952 3576 3326 3630 obliviscantur
3346 3594 3435 3631 sa-

1865 3670 2073 3738 pientia:
2100 3669 2166 3722 “.
2202 3688 2221 3722 ι
2252 3668 2461 3723 Pseudo
2482 3666 2710 3721 Basilius
2730 3667 2805 3736 (v,
2832 3666 2921 3729 22,
2948 3682 3097 3722 num.
3131 3667 3288 3740 U6):
3321 3669 3434 3725 Καὶ

1865 3759 1977 3818 τοῖς
2009 3755 2241 3825 ἱερεῦσιν
2287 3752 2619 3826 ἀπαγορεύει
2658 3754 2687 3807 ό
2736 3754 2897 3825 νόμος
2927 3755 3324 3827 εἰσερχομένοις
3352 3758 3433 3822 είς

1865 3844 1935 3897 τὰ
1966 3846 2117 3913 ἅγια,
2149 3844 2277 3913 οίνῳ
2316 3845 2409 3899 καὶ
2444 3844 2637 3916 σικέρᾳ
2674 3844 3003 3917 κεχρῆσθαι·
3028 3846 3127 3918 ,καὶ
3170 3849 3283 3909 τοῖς
3328 3863 3431 3902 κα-

1865 3938 2142 4009 λουμένοις
2193 3935 2603 4009 Ναζωραίσις...
2639 3938 2732 3992 καὶ
2785 3939 2843 3993 ὲν
2885 3941 3004 4003 ταῖς
3042 3938 3370 4011 Παροιμίαις
3400 3942 3430 3993 ὁ

1864 4029 2114 4101 Σολομὼν
2160 4046 2355 4100 φησιν’
2406 4030 2467 4084 Oi
2499 4029 2753 4085 δυνάσται
2782 4028 3049 4101 Θυμώδεις
3102 4030 3260 4097 είσὶν,
3285 4027 3428 4086 οἶνον

1867 4120 1941 4193 μὴ
1975 4121 2298 4185 πινέτωσαν,
2330 4122 2415 4175 ἵνα
2449 4122 2524 4196 μὴ
2551 4122 2768 4185 πίοντες
2803 4120 3165 4177 ἐπιλάθωνται
3198 4122 3298 4195 τῆς
3336 4141 3420 4178 σο-

1863 4218 2009 4289 φίας.
2042 4219 2402 4291 llieronymus
2443 4217 2692 4274 columna
2723 4217 2793 4273 56
2840 4239 2852 4274 :
2897 4235 2917 4271 ι
2958 4216 3024 4273 Ει
3056 4218 3110 4274 in
3162 4218 3270 4274 alio
3304 4219 3427 4273 loco

1858 4309 2085 4381 legimus
2122 4327 2137 4364 :
2176 4310 2417 4375 Domine,
2443 4325 2504 4363 ne
2528 4308 2586 4363 in
2620 4308 2799 4378 furore
2827 4317 2917 4365 tuo
2957 4327 3149 4381 arguas
3175 4326 3279 4376 me,
3330 4326 3422 4364 ne-

1856 4418 1954 4470 que
1983 4405 2037 4455 in
2060 4402 2141 4454 ira
2174 4411 2264 4454 tua
2286 4399 2541 4469 corripias
2559 4398 2626 4456 “.
2649 4398 2718 4456 Et
2746 4400 3009 4457 Jeremias
3032 4416 3048 4455 :
3076 4400 3292 4469 Corripe
3308 4415 3387 4454 no:
3403 4440 3420 4465 ,

1858 4493 2055 4562 inquit,
2101 4492 2343 4559 Domine,
2377 4502 2730 4548 verumtamen
2764 4494 2821 4547 in
2864 4492 3099 4561 judicio,
3125 4499 3176 4545 et
3220 4508 3325 4547 non
3364 4492 3420 4545 in

1859 4588 2038 4657 furore
2073 4586 2142 4640 ".
2198 4585 2401 4640 Furere
2449 4594 2628 4641 autem
2664 4584 2925 4639 Dominus
2973 4582 3174 4638 dicitur
3202 4582 3267 4649 “,
3311 4598 3416 4638 non

182 4683 320 4740 εἶναι
358 4685 625 4756 μᾶλλονή
684 4683 938 4755 φιλόθεοι,
981 4682 1316 4753 αἰχμάλωτοι
1365 4680 1607 4748 γίνονται
1656 4681 1753 4733 καὶ
1790 4677 1829 4690 ν

1790 4677 2000 4752 ’ψιοά
2038 4680 2284 4736 humanis
2339 4680 2832 4751 perturbationibus
2886 4677 3226 4747 subjaceat...
3288 4677 3417 4747 Quae

182 4778 472 4849 ὲπιχείριοι
496 4780 607 4842 τοῖς
638 4776 996 4840 ὑπεναντίοις.
1026 4774 1185 4828 Ἀλλά
1214 4773 1306 4827 καὶ
1344 4770 1545 4843 πλῆθος
1576 4772 1634 4825 ὲν
1659 4772 1755 4824 αύ-

180 4871 289 4932 τοζς
308 4868 525 4939 νεκρῶν
554 4868 785 4940 ἐγενήθη
816 4868 904 4922 διά
934 4866 1140 4939 λοιμὸν.
1166 4866 1259 4920 καὶ
1277 4864 1468 4928 ὓδατος
1488 4862 1747 4935 ἀπορίαν.

184 4959 547 5027 Hieronymus
606 4958 889 5013 manifeste
929 4958 1175 5028 vestigiis
1232 4955 1422 5011 iisdem
1468 4954 1746 5018 insistens,

180 5050 256 5104 sic
287 5048 508 5117 scripsit
539 5046 643 5101 col.
675 5047 745 5102 52
771 5064 786 5102 :
825 5066 844 5099 ι
873 5046 972 5114 Qui
1003 5055 1353 5102 surrexerunt
1377 5059 1535 5100 mane
1574 5044 1640 5097 ad
1671 5059 1756 5098 se-

1856 4775 1929 4830 sit
1958 4782 2133 4828 autem
2188 4787 2377 4828 manus
2411 4788 2531 4843 quae
2565 4771 2899 4837 extenditur,
2934 4772 3017 4829 vel
3056 4771 3302 4829 elevatur
3326 4786 3415 4827 su-

1856 4880 1953 4936 per
1977 4864 2226 4935 p0pulum
2255 4875 2614 4933 peccatorem,
2640 4862 2743 4919 Job
2774 4863 3008 4934 loquitur
3037 4862 3412 4919 manifestius:

1856 4954 2050 5010 Manus
2075 4956 2212 5008 enim
2243 4954 2454 5008 Domini
2477 4954 2647 5022 tetigit
2690 4969 2771 5007 me
2794 4952 2860 5009 δ’.
2902 4950 3053 5008 Unde
3084 4960 3139 5009 et
3167 4950 3415 5007 diabolus

1852 5046 2029 5100 sciens
2064 5055 2335 5115 potentem
2363 5060 2581 5100 manum
2608 5043 2843 5108 Domini,
2875 5051 2930 5098 et
2968 5043 3249 5099 brachium
3271 5042 3410 5112 quod

183 5144 428 5195 ctamlam
451 5140 708 5204 siceram,
732 5149 780 5195 et
803 5149 1211 5211 permanserunt
1232 5140 1283 5193 in
1304 5138 1565 5193 ebrietate
1586 5151 1755 5205 usque
1852 5140 2117 5195 universis
2140 5142 2389 5209 gentibus
2413 5137 2709 5194 revelatum
2735 5149 2837 5205 est,
2859 5138 2989 5193 dicit
3015 5137 3081 5192 ad
3099 5137 3375 5193 Dominum
3390 5153 3407 5167 ·

180 5234 241 5284 ad
282 5243 663 5304 vesperant,et
688 5232 961 5302 voluptate
990 5248 1055 5288 ac
1092 5232 1299 5288 deliciis
1324 5230 1591 5301 occupati,
1613 5244 1746 5298 opus
1852 5230 2002 5285 Mitte
2030 5247 2240 5284 manum
2268 5242 2435 5295 tuam,
2482 5239 2531 5285 et
2569 5239 2722 5300 tange
2748 5231 2926 5285 omnia
2955 5245 3072 5299 qua:
3104 5228 3279 5292 habet,
3310 5230 3410 5283 nisi

182 5324 388 5378 Domini
442 5325 715 5392 respicere
769 5324 1075 5389 noluerunt,
1128 5338 1227 5377 nec
1282 5337 1443 5392 opera
1490 5336 1743 5376 manuum
1848 5323 1902 5374 in
1939 5322 2126 5389 faciem
2184 5322 2503 5376 benedixerit
2558 5322 2651 5376 tibi
2704 5322 2773 5377 '°.
2826 5341 2846 5374 ι
2892 5319 3405 5378 Pseudo—Basilius:

180 5418 292 5485 ejus
318 5416 673 5486 contemplati
710 5427 836 5470 sunt
865 5431 879 5467 :
916 5424 1202 5485 propterea
1234 5414 1378 5468 ducti
1406 5423 1531 5467 sunt
1560 5413 1611 5467 in
1644 5426 1739 5466 ca-

1845 5410 1997 5465 Οὐὸὲ
2028 5412 2139 5479 γὰρ
2162 5410 2352 5475 πάθος
2379 5411 2547 5480 Θεοῦ,
2581 5410 2726 5465 οὐδὲ
2743 5410 2897 5481 αὐτῇ
2920 5410 2994 5481 τῇ
3016 5412 3195 5478 οὐσίᾳ
3223 5409 3407 5465 αὐτοῦ

178 5512 627 5575 ptivitatem...et
659 5509 713 5561 in
756 5508 869 5575 ipsa
912 5507 1226 5577 captivitate
1279 5506 1427 5560 tame
1459 5505 1739 5573 perierunt
1840 5536 1841 5547 ι

1840 5504 2283 5572 συμϐεϐηκός...
2338 5502 2481 5557 κατά
2522 5503 2584 5557 τὸ
2633 5503 2939 5575 εἰρημένον,
2985 5506 3067 5558 ὅτι
3108 5504 3205 5556 Ἑν
3245 5501 3408 5571 θυμῷ

177 5616 232 5655 ac
269 5609 534 5657 aruerunt
554 5593 673 5653 siti.
705 5597 913 5671 iPergtt
937 5596 1398 5669 pseudo-Basilius
1432 5596 1509 5652 sic
1538 5596 1618 5668 (5,
1644 5596 1733 5663 14,
1837 5624 1840 5643 ι

1837 5594 2023 5649 αὑτοῦ
2075 5595 2310 5664 ταράξει
2362 5594 2649 5663 αὐτοὺς...
2681 5597 2762 5650 ὅτι
2795 5597 2932 5651 Τότε
2966 5594 3227 5664 λαλήσει
3256 5592 3409 5664 πρὸς

235 5802 278 5833 ⁸⁸
320 5803 425 5857 lsa.
465 5815 622 5861 xxvi,
655 5798 709 5854 9.
784 5799 827 5829 ’θ
861 5797 1001 5850 Psal.
1037 5812 1169 5855 Lm.
1197 5797 1250 5850 2.
1328 5797 1372 5829 ⁸⁸
1409 5796 1547 5851 Psal.
1584 5812 1635 5861 c,
1675 5796 1727 5850 8.
1756 5864 1772 5867 _
1806 5796 1847 5827 “

1756 5864 1772 5867 _
1806 5796 1847 5827 “
1902 5797 2037 5852 Psal.
2090 5815 2236 5863 xm,
2280 5800 2331 5853 6.
2409 5802 2454 5833 δ’
2488 5800 2676 5856 Matth.
2736 5801 2997 5867 “11,12,
3040 5801 3126 5857 15.
3226 5801 3272 5833 ⁸³
3296 5800 3398 5855 lsa.

177 5888 307 5938 XLIX,
334 5876 385 5929 9.
426 5871 638 5927 “ibid.
718 5867 761 5902 ⁵³
792 5867 948 5943 Prov.
982 5883 1126 5930 xxxi,
1152 5866 1204 5921 1.
1244 5867 1289 5899 ⁵⁸
1319 5866 1461 5923 l‘sal.
1498 5882 1569 5928 vt,
1596 5868 1650 5921 2.
1686 5864 1838 5923 "Jcr

1746 5864 1857 5923 Jer.
1888 5884 1942 5933 x,
1971 5869 2060 5923 2t.
2114 5871 2158 5903 ⁸⁸
2187 5870 2324 5926 Psal.
2365 5886 2423 5938 ιι,
2451 5872 2505 5928 5.
2593 5873 2637 5903 δ’
2668 5870 2768 5927 Job
2794 5864 2973 5938 tx,?.l.
3066 5872 3113 5904 "
3137 5868 3315 5939 John,
3344 5870 3400 5928 ὅ.
