4212 6492
778 446 1006 487 (CXXVIII

2118 414 2480 471 PHOLEGOH
2492 412 2644 465 ENA.

774 552 995 617 αὐτοὺς
1016 550 1086 603 ἐν
1113 548 1257 618 ὀργῇ
1279 546 1461 600 αὑτοῦ
1482 562 1494 574 ο
1526 546 1675 615 χεῖρα
1695 542 1864 611 λέγων
1895 541 1987 609 τὴν
2020 538 2341 607 κολαστικὴν
2373 540 2414 596 Λ

2337 557 2341 580 ι
2373 540 2414 596 Λ
2443 548 2533 591 aut
2562 546 2819 600 expressa
2847 546 2985 586 esse.
3021 529 3151 586 Cum
3194 529 3356 595 igitur
3384 525 3831 586 commentarium
3874 545 4000 584 eum

774 644 1019 715 δύναμιν,
1052 652 1193 695 κατα
1236 640 1327 691 τὸν
1356 637 1475 690 ’1ώὸ
1494 654 1506 665 ·
1547 633 1683 701 Χεὶρ
1712 635 1823 703 γὰρ
1865 632 2083 697 Κυρίου
2113 630 2151 699 ἡ
2182 630 2337 697 ἀψα-

772 735 925 806 μένη
959 736 1076 805 μού
1104 735 1255 795 ἐστι,
1279 733 1374 784 καὶ
1406 733 1464 784 ἐν
1484 727 1657 798 τούτῳ
1680 728 1774 781 τοῦ
1795 724 2036 781 διαϐόλου
2071 729 2225 796 χεῖρα
2255 722 2340 773 λέ-

782 844 965 895 γοντος
1000 828 1057 879 ὲν
1104 824 1182 895 τῷ
1221 824 1397 895 καιρῷ
1443 821 1539 891 τῆς
1589 819 1894 881 κολάσεως·
1941 818 2024 869 Οὐ
2077 818 2204 886 μὴν
2251 814 2337 879 δὲ,

778 919 941 973 ἀλλὰ
991 918 1354 971 ἀπόστειλον
1380 912 1494 980 τὴν
1539 911 1705 981 χεῖρά
1736 927 1873 974 σου,
1914 906 2011 959 καὶ
2050 907 2197 974 ἅψαι
2226 903 2341 959 τῶν

779 1011 975 1066 ὀστῶν
999 1010 1207 1067 αὑτοῦ.
1242 1008 1603 1080 Hieronymus
1626 1006 1726 1059 col.
1759 1005 1819 1058 61
1853 1016 1866 1055 :
1903 1019 1922 1052 ι
1951 1001 2012 1054 Et
2048 1000 2341 1065 Abraham,

781 1114 1071 1174 postquam
1105 1102 1244 1157 vidit
1288 1101 1589 1161 Dominum,
1623 1108 1677 1153 et
1727 1093 1934 1151 audivit
1975 1107 2161 1147 vocem
2206 1091 2341 1158 ejus,

782 1206 985 1253 terram
1018 1205 1073 1251 et
1126 1197 1363 1249 cinerem
1392 1206 1512 1247 esse
1539 1207 1597 1245 se
1630 1191 1757 1243 dicit
1783 1187 1850 1239 δι.
1900 1205 1918 1237 ι
1956 1182 2347 1239 Pseudo—Basi-

782 1291 885 1343 lius
909 1290 1007 1359 (vi,
1044 1287 1096 1350 1,
1130 1302 1276 1339 num.
1313 1285 1435 1356 183)
1479 1304 1490 1340 :
1532 1282 1683 1337 Ἐπεὶ
1742 1279 1835 1332 καὶ
1867 1279 1897 1331 6
1934 1275 2205 1346 Ἀϐραάμ,
2259 1276 2346 1328 ὅτε

780 1377 937 1450 ὤφθη
969 1375 1117 1447 αὑτῷ
1143 1378 1171 1429 6
1203 1376 1356 1442 Θεὸς,
1391 1376 1509 1428 τότε
1540 1373 1955 1442 ἀναγέγραπται
1987 1366 2223 1439 εἰρηκὼς
2263 1367 2343 1431 τὸ,

792 1470 933 1540 Ἐγὼ
958 1469 1023 1523 δέ
1052 1472 1169 1539 ειμι
1199 1470 1274 1539 γῆ
1316 1466 1412 1520 καὶ
1442 1463 1689 1529 σποδός.
1722 1462 2076 1531 Hieronymus
2104 1458 2207 1523 col.
2235 1458 2303 1513 69
2327 1473 2341 1509 :

794 1578 806 1613 t
844 1560 986 1632 Ergo
1014 1564 1155 1617 sicut
1187 1557 1532 1628 profundum,
1593 1553 1862 1607 infernum
1915 1549 2220 1621 signiﬁcat;
2271 1549 2344 1601 ita

781 1652 1057 1707 excelsum
1080 1663 1245 1718 supra
1290 1646 1459 1701 cmlos
1511 1644 1811 1715 intelligere
1837 1642 2162 1698 debemus...
2194 1639 2345 1705 Quod

782 1755 1075 1811 utrumque,
1121 1744 1187 1796 ad
1244 1749 1425 1811 typum
1494 1740 1731 1807 pertinet
1786 1736 1976 1791 mortis
2022 1733 2230 1788 Domini
2291 1740 2346 1786 et

780 1833 1114 1892 ascensionis
1162 1831 1320 1899 :Qui
1372 1832 1508 1886 enim
1561 1829 1844 1887 descendit.
1903 1828 2010 1895 ipse
2046 1835 2121 1877 est
2161 1823 2249 1893 qui
2297 1834 2343 1877 et

2438 630 2526 700 qui
2548 641 2741 681 nomen
2767 625 2947 679 Basilii
2974 622 3215 696 praefert,
3245 638 3353 675 non
3381 624 3584 676 noverit
3610 620 3999 689 Hieronymi:.~;,

2439 718 2537 777 nec
2571 718 2826 774 credibile
2873 718 2943 770 sit
2976 714 3347 770 commentarii
3389 718 3703 783 scriptorem
3732 712 4004 772 Hierony-

2439 814 2618 867 miana
2649 809 2836 865 Graece
2868 807 3184 871 reddidisse,
3239 806 3530 877 prmsertim
3568 822 3690 863 cum
3738 810 3791 861 in
3829 818 4005 859 mani-

2441 904 2539 958 bus
2570 902 2808 957 omnium
2840 907 3020 954 essent
3048 898 3415 954 commentarii
3448 896 3645 960 Grmci,
3688 902 3828 955 unde
3867 896 3992 952 facie

2440 994 2543 1047 lius
2574 996 2791 1047 haurire
2834 998 3064 1061 poterat,
3110 1002 3257 1045 certe
3315 1000 3503 1047 neuter
3547 988 3615 1042 ab
3644 990 3816 1046 altero
3847 991 4003 1061 quid-

2441 1100 2604 1153 quam
2640 1086 2934 1151 sumpsisse
2965 1082 3228 1153 putandus
3268 1092 3371 1137 est.
3406 1084 3602 1150 Quare,
3633 1088 3691 1133 ut
3724 1083 3854 1135 mihi
3886 1097 4008 1150 qm-

2443 1176 2563 1231 dem
2598 1174 2829 1239 videtur,
2862 1175 3091 1229 dubitari
3143 1174 3231 1226 vix
3284 1184 3459 1240 potest
3499 1174 3625 1244 quin
3670 1180 3921 1239 uterque,
3952 1184 4007 1225 a-t

2443 1265 2800 1335 Hieronymus
2815 1273 2867 1319 et
2896 1262 3266 1319 commentarii
3298 1262 3531 1329 scriptor
3563 1280 3626 1319 ea
3658 1275 3779 1331 quae
3808 1267 4009 1314 exscri-

2444 1355 2648 1424 psimus
2678 1355 2793 1410 loca
2835 1354 2902 1409 ab
2936 1353 3167 1407 Eusebio
3211 1353 3520 1420 sumpserit,
3566 1352 4003 1423 quandoquidem

2443 1445 2558 1514 ejus
2585 1448 2637 1500 in
2666 1446 2862 1500 Isaiam
2890 1443 3304 1498 commentarios
3334 1444 3403 1497 ab
3428 1452 3653 1511 utroque
3681 1444 4006 1516 compilatus

2443 1552 2564 1593 esse
2610 1538 2821 1592 aliunde
2865 1535 3126 1590 novimus.
3187 1535 3321 1588 Illud
3354 1544 3528 1589 tamen
3580 1546 3820 1592 notatum
3860 1536 4003 1600 volo,

2443 1629 2757 1698 scriptorem
2791 1626 3160 1680 commentarii
3201 1624 3268 1679 ab
3305 1624 3626 1694 Hieronymo
3667 1627 3719 1679 iu
3746 1643 3812 1681 eo
3843 1630 4005 1683 dissi-

2445 1722 2593 1785 dere,
2620 1720 2760 1790 quod
2781 1720 2867 1773 ille
2892 1719 3103 1773 Eusebii
3138 1718 3431 1789 fragmenta
3468 1719 3520 1772 in
3546 1733 3696 1774 suum
3731 1735 4011 1775 commen-

2448 1812 2639 1867 tarium
2668 1812 2730 1863 ad
2748 1811 2968 1864 verbum
2997 1812 3319 1880 transferat;
3354 1812 3439 1868 ltic
3464 1826 3587 1867 vero
3615 1811 3683 1865 ita
3704 1811 4009 1865 Eusebiana

780 1927 1014 1982 ascendit
1049 1926 1117 1978 δ’.
1151 1925 1218 1979 Ει
1244 1924 1296 1977 in
1351 1920 1607 1991 Apostolo
1637 1920 1864 1989 legimus
1898 1935 1913 1974 :
1946 1916 2029 1971 Ne
2060 1916 2256 1969 dixeris
2290 1916 2343 1968 in
2376 1913 2420 1971 Β

2376 1913 2420 1971 Β
2450 1915 2742 1969 mutuetur,
2777 1914 2833 1955 ut
2865 1917 2927 1956 ea
2979 1912 3033 1958 et
3086 1908 3329 1962 ornando
3358 1916 3413 1962 et
3452 1905 3695 1961 addendo
3743 1920 3838 1959 sua
3869 1920 4008 1973 quu-

780 2019 937 2072 corde
956 2027 1047 2070 tuo
1075 2030 1093 2069 :
1121 2014 1248 2079 Quis
1272 2012 1511 2066 ascendet
1537 2014 1590 2063 in
1620 2011 1802 2065 caelum
1822 2010 1847 2062 7
1873 2009 1967 2060 hoc
1989 2018 2061 2060 est
2087 2006 2349 2061 Christum

779 2110 1062 2170 deducere;
1106 2114 1219 2170 aut,
1256 2103 1388 2169 Quis
1420 2104 1692 2158 descendet
1728 2102 1780 2153 in
1804 2100 2093 2169 abyssum?
2136 2102 2233 2153 hoc
2273 2108 2348 2151 est

781 2199 1047 2254 Christum
1098 2198 1161 2251 de
1206 2196 1427 2249 mortuis
1475 2196 1716 2247 reducere
1767 2191 1832 2245 ⁸³.
1883 2213 1901 2244 ο
1965 2190 2349 2246 Pseudo-ani—

784 2293 887 2347 lius
911 2292 988 2362 (7,
1026 2291 1111 2354 11,
1154 2304 1302 2342 num.
1340 2285 1461 2356 198)
1497 2302 1512 2338 :
1546 2286 1617 2339 Ἦ
1646 2284 1787 2355 τάχα
1812 2283 1972 2355 βάθος
2003 2282 2251 2354 σημαίνει
2282 2280 2349 2333 τὰ

780 2380 1065 2436 κατώτατα
1106 2378 1199 2432 τοῦ
1253 2377 1400 2449 ᾅδου,
1446 2376 1578 2447 ὕψος
1611 2377 1667 2430 δὲ
1706 2377 1803 2448 τὴν
1834 2376 2219 2446 ὑπερουράνιον
2245 2370 2350 2440 χώ-

785 2474 1003 2547 ραν,ὼς
1036 2475 1065 2528 6
1100 2472 1421 2535 Ἀπόστολος
1459 2474 1589 2544 ἡμῖν
1634 2471 1927 2541 παρίστησι
1979 2468 2185 2535 λέγων·
2250 2466 2347 2534 Μὴ

779 2569 960 2637 εἴπῃς
1016 2568 1086 2621 ὲν
1133 2565 1209 2634 τῇ
1258 2563 1470 2631 καρδίᾳ
1514 2577 1668 2625 σου,
1715 2561 1804 2627 τίς
1859 2559 2219 2627 ἀναϐήσεται
2264 2563 2351 2626 εἱς

779 2660 888 2713 τὸν
928 2659 1188 2727 οὐρανόν
1202 2674 1221 2721 ;
1264 2654 1539 2711 τουτέστι
1576 2653 1837 2724 Χριστὸν
1888 2654 2273 2725 καταγαγεῖν·
2312 2652 2347 2720 ἣ

782 2750 874 2819 τίς
926 2751 1323 2822 καταϐήσεται
1398 2752 1478 2817 εὶς
1529 2749 1641 2818 τὴν
1691 2749 2007 2811 ἂϐι,’σσεν;
2076 2746 2351 2800 τουτέστι

781 2839 1040 2907 Χριστὸν
1078 2841 1145 2893 ἐκ
1197 2837 1425 2907 νεκρῶν
1475 2836 1816 2905 ἀναγαγεῖν.
1875 2837 2023 2887 Ἐπεὶ
2055 2830 2144 2886 οὖν
2186 2835 2215 2884 6
2250 2849 2349 2884 κα-

779 2929 954 2992 ταϐὰς
994 2930 1156 2993 αὑτός
1208 2932 1323 2981 ἐστι
1380 2930 1472 2982 καὶ
1525 2926 1751 2990 ἀναϐὰς,
1792 2926 1852 2977 τὸ
1910 2927 1990 2989 εἰς
2045 2924 2205 2995 βάθος
2255 2927 2348 2978 καὶ

783 3020 864 3083 εἰς
892 3016 1024 3090 ὕψος
1053 3019 1273 3091 σημεῖον
1302 3016 1430 3089 περὶ
1458 3016 1559 3087 τῆς
1589 3014 1810 3070 καθόδου
1839 3016 1903 3068 ἂν
1934 3016 2018 3085 εἴη
2061 3014 2349 3084 λεγόμενον

784 3111 885 3182 τῆς
908 3108 1002 3164 τοῦ
1030 3109 1236 3180 Κυρίου
1257 3125 1269 3139 ο
1306 3109 1399 3161 καὶ¹
1420 3110 1449 3161 6
1484 3107 1688 3171 ἀναϐὰς
1724 3106 1886 3170 αὑτός
1921 3108 2066 3159 ἐστιν
2098 3104 2349 3175 ὑπεράνω

2449 1997 2733 2050 dainmodo
2768 1994 2983 2051 eiliciat.
3025 1998 3098 2051 Ex
3139 1999 3334 2067 quibus
3356 1998 3604 2053 omnibus
3643 1998 3900 2068 colligere
3944 1999 4012 2049 li-

2448 2096 2533 2140 cet
2557 2100 2697 2151 eum,
2718 2086 2805 2154 qui
2841 2087 3213 2157 imperleclum
3244 2089 3393 2142 illum
3422 2092 3475 2141 in
3500 2089 3697 2143 Isaiam
3729 2106 4012 2144 common-

2452 2179 2642 2231 tarium
2699 2179 2936 2247 scripsit,
2976 2181 3265 2234 maximam
3314 2181 3395 2233 sui
3442 2182 3621 2247 operis
3673 2192 3883 2268 paritem
3941 2184 4011 2233 ab

2448 2267 2681 2323 Eusebio
2711 2274 2776 2322 ad
2804 2271 3023 2324 verbum
3052 2279 3349 2323 mutuatum
3385 2284 3523 2323 esse.
3554 2269 3701 2334 Quod
3737 2267 3882 2323 enim
3912 2286 4013 2323 no-

2451 2361 2679 2415 tavimus
2707 2373 2972 2430 sntuptum
3010 2363 3173 2415 fuisse
3210 2362 3277 2415 ab
3308 2360 3634 2433 Hieronymo
3666 2376 3694 2414 e
3731 2377 4012 2417 commen-

2453 2455 2606 2506 tariis
2640 2455 2872 2516 Eusebii,
2903 2454 2950 2505 id
2994 2466 3207 2521 quoque
3247 2462 3440 2522 prmter
3477 2462 3666 2508 caztera
3714 2453 3817 2508 sibi
3864 2468 4011 2508 surn-

2450 2547 2555 2613 psit
2580 2545 2664 2598 bie
2686 2545 2993 2615 plagiarius.
3031 2546 3160 2610 Quis
3186 2555 3364 2600 autem
3396 2545 3605 2601 futurus
3648 2554 3731 2601 est
3763 2555 3872 2599 tam
3905 2546 4010 2597 ini-

2449 2650 2585 2703 quus
2613 2651 2789 2691 rerum
2820 2638 3137 2701 aestimator,
3172 2646 3509 2703 ut‘magnum
3542 2637 3795 2689 Basilium
3833 2646 3911 2689 tot
3939 2651 4006 2690 ac

2452 2736 2723 2781 tantorum
2760 2729 3037 2781 furtorum-
3059 2744 3211 2783 reutn
3243 2728 3553 2782 existimet?

2520 2895 2609 2951 62.
2644 2895 2868 2951 Temere
2898 2912 3000 2950 non
3050 2897 3174 2961 fuit,
3209 2898 3353 2968 quod
3391 2899 3692 2954 nntavimus
3729 2900 4010 2971 aliquanto

2450 3000 2595 3056 ante,
2630 3006 2775 3044 num.
2814 2989 2904 3055 66,
2965 3001 3237 3046 auctorem
3277 2992 3572 3062 imperfecti
3633 2996 4008 3050 commentarii

2448 3084 2804 3153 e_variorum
2878 3084 3197 3154 scriptorum
3256 3084 3566 3156 fragtnentis
3634 3102 3768 3155 opus
3849 3104 4009 3141 suum

786 3200 1003 3253 πάντων
1038 3200 1147 3252 τῶν
1194 3199 1457 3269 οὐρανῶν.
1507 3198 1862 3269 Hieronymus
1915 3200 2018 3252 col.
2065 3197 2176 3251 70:
2210 3213 2229 3249 t
2284 3196 2349 3249 Et
2381 3257 2416 3269 ⁸

2347 3237 2349 3245 ν
2381 3257 2416 3269 Α
2449 3178 2835 3245 composuisse.
2858 3178 2933 3248 (a)
2974 3178 3037 3231 Et
3071 3177 3280 3247 quidem
3318 3193 3379 3231 ea
3422 3190 3502 3232 est
3529 3179 3811 3232 verborum
3846 3187 4010 3248 atque

791 3289 896 3345 hoc
926 3289 1218 3344 natandum
1250 3257 1394 3356 quod
1427 3288 1606 3341 Achaz
1637 3257 1761 3358 rege
1787 3290 2102 3357 implissimo
2139 3289 2349 3341 nolente
2375 3257 2417 3315 ϐ
2450 3269 2832 3323 sententiarum
2870 3267 3114 3323 confusio
3168 3269 3218 3321 in
3276 3268 3377 3321 hoc
3424 3268 3837 3333 commentario,
3872 3278 4013 3323 tam-

782 3382 995 3450 signum
1024 3388 1225 3450 petere,
1260 3391 1439 3433 sermo
1489 3378 1835 3447 pr0pheticus
1876 3377 1941 3429 ad
1992 3378 2208 3429 domum
2249 3376 2348 3428 Da-

787 3472 939 3524 νῆά...
976 3478 1342 3524 convertatur.
1394 3487 1413 3520 ι
1448 3466 1910 3523 Pseudo-Basilius
1938 3466 2012 3535 (7,
2064 3464 2153 3529 12,
2197 3481 2344 3518 num.

788 3560 912 3630 199)
940 3577 953 3613 :
980 3560 1053 3614 Οὐ
1088 3560 1198 3632 γὰρ
1240 3559 1497 3630 εὐλαϐείᾳ,
1533 3560 1639 3613 τινὶ
1680 3560 1972 3629 παρῃτεῖτο
2004 3557 2101 3627 τὴν
2135 3557 2347 3627 αἴτησιν

785 3652 881 3706 τοῦ
907 3652 1133 3725 σημείου
1190 3655 1218 3707 6
1260 3652 1493 3723 Ἀχάζ...
1537 3649 1885 3721 ἀποστρέψας
1924 3649 2033 3719 γὰρ
2070 3649 2158 3701 τὸν
2193 3648 2347 3715 λόγον

788 3744 882 3797 ἐπὶ
912 3744 1007 3797 τοῦ
1038 3744 1222 3810 Δαόἰδ,
1251 3754 1356 3800 etc.
1391 3744 1518 3812 Qua:
1544 3741 1709 3799 refert
1738 3741 2113 3813 Hieronymus,
2143 3740 2347 3807 col.7l,

790 3836 857 3889 de
887 3834 1068 3904 puella
1094 3835 1247 3902 cujus
1278 3835 1337 3889 llt
1386 3835 1587 3891 mentio
1634 3835 1689 3889 in
1724 3834 2163 3897 Deuteronomio,
2199 3842 2253 3889 et
2284 3835 2349 3888 de

789 3925 1011 3997 Abisag,
1053 3939 1117 3981 ea
1163 3926 1276 3997 ipsa
1310 3940 1525 3996 quoque
1544 3943 1573 3981 e
1603 3927 1804 3982 Graecis
1831 3940 2081 3994 expressa
2111 3940 2229 3980 esse
2253 3938 2349 3980 ne-

788 4018 904 4089 gari
936 4033 1040 4074 non
1062 4028 1259 4090 potest.
1294 4017 1461 4073 Velim
1499 4016 1750 4072 conferas
1780 4015 1967 4069 Latina
1999 4033 2119 4071 cum
2148 4017 2351 4072 Graecis

790 4122 942 4164 num.
972 4108 1098 4163 201.
1126 4108 1481 4180 Hieronymus
1501 4107 1605 4164 col.
1637 4105 1705 4160 76
1731 4121 1747 4160 :
1787 4124 1806 4158 ι
1844 4105 2069 4172 Quidam
2117 4108 2347 4175 prophe-

791 4197 977 4252 tissam
1000 4210 1243 4253 sanctam
1284 4197 1510 4251 Mariam
1558 4196 1997 4267 interpretantur,
2033 4208 2191 4263 quam
2223 4210 2350 4264 pro-

793 4289 979 4359 phetin
1026 4288 1195 4344 fuisse
1223 4303 1330 4343 non
1358 4289 1576 4344 dubium
1607 4298 1729 4344 est:
1766 4288 1876 4358 ipsa
1921 4287 2065 4341 enim
2115 4286 2350 4355 loquitur

795 4383 846 4433 in
879 4379 1168 4450 Evangelio
1202 4397 1216 4433 :
1244 4379 1381 4434 Ecce
1413 4381 1549 4433 enim
1579 4380 1778 4432 amodo‘
1801 4381 2000 4431 beatam
2050 4368 2128 4430 ine
2178 4378 2347 4430 dicent

792 4489 968 4527 omnes
1013 4474 1392 4543 generationes.
1426 4490 1442 4523 ι
1492 4470 1957 4527 Pseudo-Basilius
1986 4469 2062 4537 (8,
2099 4468 2153 4532 ὅ,
2198 4482 2345 4522 num.

2450 3375 2555 3429 que
2585 3374 2725 3429 scepe
2748 3361 2934 3414 eadem
2970 3359 3260 3428 Scriptura:
3293 3359 3412 3415 loca
3448 3359 3529 3415 bis
3559 3370 3651 3415 aut
3683 3371 3763 3416 ter
3784 3373 3877 3417 aut
3901 3377 4014 3417 am-

2448 3451 2587 3517 plius
2615 3450 2973 3517 explicantur,
2997 3459 3055 3504 ut
3081 3450 3313 3519 quodam
3354 3456 3506 3522 quasi
3535 3452 3737 3523 impetu
3767 3455 3819 3510 in
3860 3457 4012 3523 ejus-

2450 3541 2589 3594 modi
2638 3540 2997 3609 suspicionem
3051 3541 3268 3598 adducti
3318 3544 3506 3599 simus.
3548 3544 3620 3598 Ita
3653 3555 3832 3600 autem
3867 3562 4012 3613 esse.

2447 3647 2568 3701 quae
2602 3647 2664 3687 ex
2698 3633 2812 3703 ipso
2860 3633 3061 3688 Basilio
3112 3634 3427 3701 subjicimus
3450 3635 3690 3704 exeinpls
3733 3637 4014 3692 evidenter

2448 3725 2698 3793 probant.
2736 3724 2915 3778 Basilii
2952 3725 3250 3792 igiturliaec
3281 3734 3405 3778 sunt
3451 3740 3481 3779 e
3535 3726 3706 3794 prima
3764 3730 4013 3784 oratione

2450 3816 2503 3868 in
2530 3814 2787 3884 jejunium
2817 3830 2835 3867 :
2862 3814 3030 3867 Τοῦτο
3052 3815 3157 3885 γάρ
3187 3816 3330 3868 ἐστιν
3358 3816 3385 3868 ὅ
3430 3832 3588 3885 φησιν
3612 3818 3640 3870 6
3668 3817 4011 3884 Ἀπόστολος,

2451 3910 2533 3963 ὅτι
2561 3910 2741 3963 Ὅσον
2778 3912 2811 3963 ὀ
2853 3910 3073 3973 ἔξωθεν
3109 3910 3416 3977 ἄνθρωπος
3460 3909 3879 3979 διαφθείρεται,
3919 3930 4014 3966 το-

2452 4002 2675 4056 σοῦτον
2716 4004 2748 4056 ό
2789 4001 3015 4055 ἔσωθεν
3062 4001 3504 4056 ἀνακαινοῦται.
3544 4003 3653 4056 Καὶ
3698 4003 3779 4069 τὸ,
3827 4004 4015 4058 Ὅταν

2450 4094 2704 4160 ἀσθενῶ,
2740 4096 2871 4148 τότε
2900 4095 3157 4162 δυνατός
3188 4098 3371 4166 ειμι...
3414 4098 3506 4150 Ἐκ
3530 4097 3637 4170 γὰρ
3658 4098 3757 4169 τῆς
3782 4099 4015 4170 παχείας

2450 4189 2655 4257 τροφῆς
2679 4184 2786 4241 οἷον
2809 4188 3123 4253 αἰθαλώδεις
3143 4172 3529 4261 ἀναθυμιάσεις
3540 4193 4013 4263 ἀναπεμπόμεναι,

2450 4278 2676 4347 νεφέλης
2700 4278 2855 4347 δίκην
2879 4282 3108 4349 πυκνῆς,
3148 4281 3244 4343 τὰς
3266 4282 3372 4335 ἀπὸ
3396 4283 3487 4337 τοῦ
3514 4284 3665 4352 ἁγίου
3699 4285 4017 4356 Πνεῦματος

2451 4368 2800 4440 ἐγγινομένας
2843 4369 3134 4440 ὲλλαμψεις
3182 4373 3274 4424 ἐπὶ
3316 4373 3408 4425 τὸν
3447 4373 3571 4427 νοῦν
3609 4375 4011 4430 διακόπτουσιν.

2457 4480 2475 4513 ι
2507 4461 2619 4516 Hoc
2640 4463 2781 4516 enim
2804 4472 2888 4516 est
2921 4465 3061 4531 quod
3109 4464 3183 4517 ait
3225 4464 3535 4532 Apostolus,
3571 4469 3712 4535 quod
3746 4468 4014 4533 Quantum

789 4562 1005 4632 208)“:
1039 4564 1160 4616 Ὅτι
1190 4563 1245 4616 δὲ
1274 4563 1588 4635 προφῆτιςὴ
1623 4563 1875 4633 Μαρία...
1909 4560 2081 4624 οὐδεὶς
2114 4559 2347 4631 ἀντερεῖ,
2389 4586 2452 4640 υη

2389 4586 2427 4640 υ
2451 4563 2693 4607 externus
2723 4554 2876 4608 homo
2899 4558 3269 4623 corrumpitur,
3301 4564 3502 4610 tantum
3529 4560 3759 4613 internus
3792 4577 4014 4614 reuom-

798 4654 1141 4726 μεμνημένος
1159 4655 1326 4727 αὐτῆς
1340 4654 1446 4709 τῶν
1462 4655 1790 4726 ῥημάτων...
1808 4653 1961 4709 Ἰδοὺ
1982 4653 2091 4723 γὰρ
2110 4652 2225 4707 ἀπὸ
2243 4651 2349 4705 τοῦ

796 4749 913 4803 νῦν
924 4749 1290 4818 μακαριοῦσί
1316 4764 1391 4819 με
1414 4746 1600 4804 πᾶσαι
1634 4751 1693 4802 ai
1728 4748 1945 4816 γενεαί.
1997 4744 2352 4816 Hieronymus

796 4838 901 4894 col.
929 4838 999 4893 82
1028 4855 1041 4892 :
1078 4857 1097 4890 ι
1136 4839 1245 4893 Hoc
1265 4841 1408 4894 scire
1433 4838 1654 4905 debetis,
1683 4837 1825 4906 quod
1857 4849 2192 4905 unaquaeque
2221 4848 2353 4904 gens

802 4928 1049 4999 proprios
1083 4928 1329 4982 consulat
1362 4928 1511 4993 deos,
1540 4938 1595 4982 et
1623 4928 1689 4982 de
1718 4928 1959 4980 vivorum
2002 4924 2172 4979 salute
2207 4940 2352 4977 mor-

806 5031 925 5075 tuos
948 5019 1268 5075 sciscitetur.
1284 5038 1303 5071 ι
1322 5018 1785 5073 Pseudo-Basilius
1810 5016 1885 5088 (8,
1918 5015 2002 5082 19,
2024 5030 2169 5068 num.
2190 5013 2316 5085 218)
2339 5031 2352 5067 :

803 5111 1071 5165 Ἕκαστον
1106 5110 1253 5173 ἔθνος
1275 5109 1353 5181 τῷ
1387 5109 1581 5163 ἑαυτοῦ
1622 5108 1728 5179 θεῷ
1770 5108 2029 5180 προσάγει
2076 5104 2174 5176 τὴν
2228 5105 2355 5175 περὶ

799 5196 862 5256 οὗ
891 5203 1136 5275 βούλεται
1155 5204 1341 5275 μαθεῖν
1367 5202 1659 5272 ζήτησιν...
1685 5202 1907 5271 νεκροὺς
1931 5198 2038 5271 γὰρ
2064 5196 2214 5260 θεοὺς
2234 5197 2356 5249 ὑπο-

802 5293 1039 5365 θέμενοι,
1069 5293 1263 5359 αὐτοὺς
1282 5291 1593 5364 ἐπερωτῶσι
1616 5292 1742 5360 περὶ
1768 5290 1876 5344 τῶν
1902 5290 2131 5355 ζώντων.
2164 5289 2228 5344 Et
2254 5289 2355 5342 alia

810 5383 863 5437 id
893 5397 1059 5452 genus
1083 5397 1378 5454 congerere
1410 5396 1721 5453 paraveram
1747 5396 1763 5445 ;
1794 5382 1888 5436 sed
1920 5381 2200 5450 nihilopus
2233 5392 2351 5435 esse

808 5472 1061 5541 arbitror,
1085 5489 1203 5529 cum
1227 5490 1290 5529 ex
1322 5474 1499 5531 allatis
1543 5471 1863 5530 testimoniis
1916 5472 2050 5527 satis
2083 5485 2348 5541 superque

804 5576 1017 5622 constet
1042 5566 1205 5622 multa
1236 5568 1302 5622 ab
1338 5566 1664 5634 Hieronymo
1693 5581 1725 5622 e
1755 5564 1957 5621 Graecis
1982 5573 2074 5619 aut
2098 5577 2348 5619 conversa

856 5680 898 5752 ’ξ
926 5680 1060 5737 Gen.
1079 5689 1229 5748 xvm’,
1250 5683 1339 5737 27.
1411 5684 1455 5716 ⁸¹
1494 5683 1687 5752 Epltes.
1716 5698 1794 5747 tv,
1818 5682 1903 5736 10.

802 5753 847 5784 ³⁷
879 5750 979 5805 lsa.
1014 5767 1053 5816 ι,
1078 5752 1159 5805 14.

872 5850 949 5919 (α)
972 5845 1110 5917 Lege
1142 5846 1637 5916 interpretationem
1661 5844 1849 5915 capitis
1882 5860 1932 5899 v.

2450 4656 2538 4700 tur
2579 4646 2647 4701 ⁵⁵.
2704 4648 2839 4700 Item
2896 4647 3023 4700 illttd
3077 4664 3090 4701 :
3140 4646 3271 4703 Cum
3327 4650 3588 4717 inﬁrmor,
3651 4661 3775 4704 tunc
3832 4664 4015 4719 potens

2450 4754 2565 4792 sum
2604 4738 2718 4793 '°...
2763 4736 2899 4792 Nam
2961 4738 3254 4819 fuliginosae
3305 4743 3547 4810 quaedam
3586 4742 3958 4798 exbalationes
3986 4760 4015 4798 e

2451 4830 2633 4900 pingui
2679 4830 2931 4886 alimento
2972 4835 3202 4896 emissae,
3238 4833 3416 4887 densa:
3453 4834 3613 4888 nubis
3667 4834 3838 4888 instar
3875 4837 4017 4889 infu-

2454 4934 2569 4974 sam
2603 4922 2798 4976 anima:
2819 4939 2847 4975 a
2881 4922 3085 4992 Spiritu
3116 4934 3305 4980 sancto
3336 4925 3752 4981 illustrationem
3786 4927 4015 4982 interci-

2452 5011 2628 5080 piunt.
2651 5031 2669 5063 ι
2706 5010 2828 5066 Ηωο
2846 5013 2943 5067 sibi
2971 5015 3196 5083 sumpsit
3224 5015 3678 5084 pseudo-Basilius
3703 5018 3879 5088 (num.
3899 5018 4011 5082 52),

2456 5118 2575 5157 cum
2602 5106 3045 5173 interpretaretur
3070 5107 3195 5163 illud
3226 5124 3238 5159 :
3274 5108 3546 5178 Jejunium
3578 5120 3627 5163 et
3661 5112 3824 5165 otium
3854 5122 3900 5163 et
3929 5128 4015 5162 su-

2453 5195 2741 5251 lemnitates
2780 5207 2973 5253 vestras
3015 5200 3123 5252 odit
3165 5202 3343 5253 anima
3383 5219 3496 5255 mea
3522 5202 3589 5256 ".
3621 5201 3760 5269 Quin
3812 5212 3867 5257 et
3911 5202 4012 5255 alia

2455 5287 2616 5355 adjici
2661 5301 2881 5357 possunt
2926 5306 2955 5344 e
2994 5293 3225 5346 secunda
3270 5294 3515 5347 oratione
3549 5296 3614 5347 de
3653 5293 3877 5361 jejunio.
3923 5295 4011 5347 ubi

2455 5376 2534 5431 sic
2558 5378 2746 5449 legitur
2769 5381 2865 5435 sub
2890 5381 3046 5435 {luem
3081 5398 3093 5433 :
3124 5383 3198 5436 Οὐ
3216 5385 3397 5453 μέντοι
3423 5385 3641 5457 ἐξαρκεῖ
3665 5385 3785 5439 καθ’
3815 5388 4015 5460 ἑαυτὴν

2450 5471 2485 5540 ἡ
2510 5472 2678 5543 ὲποχὴ
2703 5473 2808 5525 τῶν
2830 5473 3128 5545 βρωμάτων
3157 5478 3291 5549 πρὸς
3317 5478 3415 5549 τὴν
3438 5479 3724 5550 ἐπαινετὴν
3737 5483 4010 5551 νηστείανο

2452 5562 2587 5616 ἀλλὰ
2639 5565 2982 5633 νηστεύωμεν
3033 5570 3286 5640 νηστείαν
3339 5570 3549 5642 δεκτὴν,
3602 5573 3896 5643 εὐάρεστον
3936 5577 4014 5646 τῷ

1995 5681 2043 5713 ⁸³
2069 5682 2223 5737 Hom.
2253 5679 2379 5749 1,6,
2409 5680 2463 5735 7.
2537 5680 2582 5713 “
2614 5679 2742 5737 Luc.
2786 5699 2822 5751 ι,
2847 5684 2934 5739 48.
3010 5686 3107 5741 "ll
3137 5687 3256 5743 Cor.
3290 5703 3361 5754 tv,
3392 5687 3477 5743 16.
3551 5690 3597 5722 ⁸⁸
3624 5688 3658 5744 ll

2346 5679 2379 5749 ἰ,
2409 5680 2463 5735 7.
2537 5680 2582 5713 “
2614 5679 2742 5737 Luc.
2786 5699 2822 5751 ι,
2847 5684 2934 5739 48.
3010 5686 3107 5741 "ll
3137 5687 3256 5743 Cor.
3290 5703 3361 5754 tv,
3392 5687 3477 5743 16.
3551 5690 3597 5722 ⁸⁸
3624 5688 3666 5745 ll
3690 5690 3814 5748 Cor.
3838 5709 3893 5759 ι,
3927 5694 4009 5747 1-3,
