4212 6502
1317 428 1376 480 ι).
1418 425 1562 482 ιυι..
1590 417 1937 480 ~GARNEHII
1978 413 2363 473 PIUEFATIO.

3273 420 3464 461 CCXX“

460 552 589 608 Ἀπὸ
614 552 795 623 μέντοι
828 550 924 619 τῆς
956 551 1011 603 ὲν
1042 546 1120 617 τῷ
1148 544 1375 617 κρυπτῷ
1407 542 1662 615 νηστείας
1692 558 1784 610 φυ-
1819 548 1865 603 Α
1894 556 1897 590 ι

1819 548 1865 603 Α
1894 544 2075 593 natum
2104 530 2460 604 expendeadi,
2492 537 2548 583 ut
2576 543 2641 584 ex
2677 536 2823 584 recto
2851 526 3044 583 borum
3074 526 3261 580 ordine
3305 523 3467 595 Opili-

234 646 541 717 λαξώμεθα,
591 646 720 715 περὶ
759 638 826 715 ἧς
863 646 891 696 ό
937 642 1217 712 προφήτης
1246 637 1547 710 ἀπεύχεται
1592 637 1791 705 λέγων·

238 742 316 795 οὐ
349 737 770 808 Μμοκτονήσει
811 736 1019 801 Κύριος
1047 732 1251 802 ψυχὰς
1272 730 1517 784 δικαίων
1537 746 1551 762 ο
1595 728 1690 782 καὶ
1714 726 1795 790 τὸ,

236 832 356 886 οὐκ
379 824 543 886 εἶδον
603 829 834 882 δίκαιον
875 821 1499 896 ἐγκαταλέξῖειμμένον,
1548 820 1689 879 οὐδὲ
1732 818 1799 875 τὸ

232 924 469 995 σπέρμα
506 921 692 993 αὑτρῦ
717 918 929 988 ζητοῦν
963 918 1199 987 ἄρτους.
1226 936 1245 970 ι
1288 919 1541 972 Attamen
1572 915 1640 970 ad
1672 914 1797 975 δον,

239 1024 298 1068 ιιι
329 1013 543 1069 Iaudem
597 1021 972 1080 promereatur
1022 1007 1304 1077 jejunium,
1337 1020 1441 1061 non
1494 1013 1574 1060 est
1620 1018 1717 1073 per
1741 1016 1800 1055 se

236 1106 367 1161 satis
400 1102 674 1159 abstinere
710 1116 740 1155 ιι
764 1102 921 1164 cibis,
953 1100 1046 1155 sed
1080 1099 1344 1170 jejunium
1374 1096 1675 1167 jejunemus
1703 1108 1799 1149 ac-

236 1195 527 1265 ceptabile,
566 1191 675 1247 Deo
703 1203 987 1263 gratum...
1032 1190 1235 1245 Rursus
1264 1188 1331 1242 ab
1362 1188 1575 1242 interno
1606 1185 1801 1241 mentis

228 1286 433 1355 jejunio
487 1300 796 1349 caveamus,
849 1286 990 1354 quod
1043 1293 1097 1337 et
1141 1282 1400 1351 propheta
1457 1280 1798 1349 deprecatur,

238 1378 316 1431 bis
347 1378 529 1432 verbis
558 1395 573 1433 :
614 1376 737 1431 Non
765 1377 957 1431 occidet
987 1374 1242 1427 Dominus
1270 1372 1408 1440 {ante
1451 1372 1661 1425 animos
1708 1370 1803 1439 ju-

238 1482 437 1523 storum
466 1470 534 1535 ",
564 1486 625 1523 ac
654 1483 839 1522 rursus
873 1488 885 1521 :
922 1462 1043 1519 Non
1088 1465 1196 1518 vidi
1225 1465 1435 1533 justum
1476 1461 1801 1525 derelictam,

240 1578 328 1615 nec
366 1578 541 1616 semen
570 1560 683 1628 ejus
713 1573 950 1626 querens
970 1572 1155 1621 partem
1176 1556 1245 1608 ⁸⁸.
1279 1572 1298 1606 s
1331 1552 1455 1608 Htec
1477 1566 1691 1621 quoque
1716 1565 1802 1604 re-

240 1671 413 1725 perire
437 1663 523 1708 est
550 1653 688 1722 apud
725 1648 1208 1720 pseudo-Basilium
1256 1644 1319 1719 (t,
1348 1646 1439 1710 14,
1469 1661 1616 1699 ιιιιιιι.
1643 1644 1707 1700 51
1751 1652 1806 1698 et

238 1744 326 1815 δί)
356 1746 408 1796 in
446 1742 635 1798 eadem
658 1740 805 1794 Isaiae
839 1738 1022 1805 verba,
1050 1739 1130 1793 sic
1170 1746 1369 1799 tamen,
1402 1743 1460 1789 ut
1491 1736 1557 1790 de
1584 1749 1682 1789 suo
1708 1732 1806 1787 ali-

239 1856 337 1909 qua
373 1838 687 1893 interserat.
722 1832 1040 1904 Exemplum
1063 1830 1206 1885 aliud
1245 1830 1332 1885 hic
1357 1842 1658 1900 proponere
1687 1824 1805 1878 libi-

1899 642 2016 685 cem
2051 625 2366 695 intelligant.
2398 620 2505 677 Sed
2536 621 2719 675 statim
2749 619 3041 689 incipiente
3068 618 3151 671 dic
3191 615 3464 671 convivio-

1901 736 2019 776 rum
2047 732 2264 776 suorum
2298 716 2416 772 loca
2469 713 2732 784 tapetibus
2763 711 2925 767 variis
2958 725 3023 763 ac
3051 709 3255 765 ﬂoridis
3288 705 3470 765 auleis

1899 821 2133 877 ornant;
2180 821 2345 881 atque
2395 808 2629 863 studium
2669 820 2731 860 ac
2781 803 3107 873 diligentiam
3162 802 3215 854 in
3268 797 3471 870 poculis

1901 903 2221 976 apparandis
2247 902 2559 964 ostendunt,
2592 913 2719 952 vasa
2740 898 2805 950 ad
2836 893 3259 963 refrigerandum
3288 891 3470 946 vinum

1901 1006 2247 1065 craterasque
2272 1004 2325 1049 et
2353 992 2559 1064 phialas
2583 990 2727 1043 velut
2747 988 2800 1043 in
2823 1001 3014 1057 pompa
3040 985 3215 1055 aliqua
3247 998 3312 1039 ac
3340 996 3471 1038 con-

1900 1096 2059 1145 ventu
2090 1086 2304 1157 publico
2329 1086 2693 1153 disponentes,
2721 1088 2778 1134 ut
2800 1093 3053 1134 vasorum
3082 1076 3364 1133 diversitas
3388 1090 3473 1131 sa-

1904 1180 2138 1235 tietatem
2169 1178 2297 1245 ipsis
2327 1175 2604 1242 surripiat.
2646 1183 2700 1227 et
2740 1169 3026 1224 alternatio
3068 1166 3375 1237 poculorum
3407 1181 3471 1219 ac

1901 1270 2224 1340 permutatio
2256 1280 2351 1321 eos
2382 1266 2469 1320 ditt
2503 1265 2553 1318 in
2584 1261 2813 1317 bibendo
2842 1260 3099 1315 detineat.
3154 1259 3361 1314 Adsunt
3392 1257 3474 1331 ing-

1902 1374 2063 1429 super
2112 1358 2333 1429 quidam
2382 1354 2612 1409 convivii
2669 1350 2933 1421 magistri,
2987 1365 3050 1404 ac
3094 1350 3472 1419 pincernarum

1904 1448 2197 1517 principes,
2235 1459 2443 1509 necnon
2491 1441 2846 1499 architriclini
2882 1459 2895 1495 :
2926 1442 3032 1495 imo
3079 1439 3210 1494 ordo
3263 1438 3313 1491 itt
3340 1453 3472 1493 con-

1902 1539 2134 1604 fusione,
2167 1552 2231 1593 ac
2260 1534 2537 1607 dispositio
2560 1534 2613 1588 in
2638 1546 2695 1586 re
2723 1530 3075 1600 incomposita
3106 1529 3472 1599 excogitatum

1906 1642 1963 1686 ut
1991 1629 2449 1701 quemadmodum
2480 1625 2661 1681 saeculi
2692 1621 3092 1694 magistratibus
3126 1635 3195 1674 ex
3222 1619 3475 1675 satelliti-

1902 1724 2003 1780 bus
2061 1720 2233 1791 major
2290 1720 2585 1777 auctoritas
2642 1718 2867 1781 accedit,
2910 1718 2981 1770 ita
3022 1717 3184 1771 etiam
3225 1715 3475 1771 ebrietati

1906 1815 2055 1871 velut
2093 1814 2296 1885 regina:
2339 1812 2554 1868 cuidam
2584 1810 2909 1865 famulitium
2948 1810 3273 1879 praebentes.
3300 1808 3478 1863 studit.

242 1902 347 1983 tu...
380 1939 465 1986 est
488 1943 557 1985 ex
603 1927 849 1983 oratione
897 1902 957 1980 in
1002 1924 1321 1979 ebrietatem
1371 1928 1428 1973 et
1476 1918 1682 1981 luxum,
1716 1915 1805 1971 ubi
1836 1904 1880 1960 Β
1906 1924 2066 1979 quam
2102 1908 2335 1962 maximo
2360 1904 2590 1961 dedecus
2621 1904 2740 1975 ejus
2775 1918 2841 1958 ac
2871 1902 3254 1973 turpitudinem
3290 1910 3480 1957 comes

240 2021 473 2078 Basilius
502 2021 584 2077 sic
611 2020 847 2090 loquitur
872 2037 886 2073 :
912 2017 1134 2087 Σίκερα,
1166 2014 1273 2066 πᾶν
1301 2009 1364 2064 τὸ
1389 2008 1684 2081 δυνάμενον
1718 2006 1810 2079 μέ-

239 2119 335 2188 θην
360 2113 658 2187 ἐμποιῆσαι
675 2111 825 2183 πόμα
846 2112 957 2171 τοῖς
985 2102 1547 2177 Ἐὁραίοιςόνομάζειν
1562 2100 1807 2173 σύνηθες.

237 2208 300 2264 Οἱ
333 2203 427 2262 οὖν
447 2205 755 2278 ἀρχομένης
778 2200 987 2272 ἡμέρας
1016 2195 1500 2269 περισκοποῦντες,
1526 2192 1627 2249 ποῦ
1661 2192 1810 2246 πότοι

240 2299 497 2367 γίνονται,
527 2293 619 2349 καὶ
634 2290 922 2344 οῖνοπῶλια
946 2289 1038 2342 καὶ
1064 2285 1335 2358 καπηλεῖα
1368 2282 1809 2356 περιαθροῦντες,

239 2390 330 2444 καὶ
376 2386 637 2457 ἀλλήλους
670 2381 762 2437 ἐπὶ
812 2381 873 2434 τὸ
923 2380 1099 2434 πίνειν
1133 2376 1667 2451 παραλαμϐάνοντες.
1718 2373 1812 2426 καὶ

239 2482 415 2534 πᾶσαν
443 2477 544 2549 τῆς
585 2473 764 2547 ψυχῆς
790 2472 887 2543 τὴν
927 2472 1193 2543 μέριμναν
1224 2467 1351 2538 περὶ
1385 2465 1482 2537 τὴν
1510 2464 1617 2518 τῶν
1639 2463 1812 2517 τοιού-

234 2586 339 2623 των
363 2566 621 2640 φροντίδα
656 2564 1161 2624 καταναλίσκοντες.
1210 2550 1358 2612 οὗτοι
1406 2555 1511 2609 ὑπὸ
1547 2553 1643 2608 τοῦ
1676 2570 1809 2625 προ-

239 2661 408 2732 φήτου
449 2655 936 2730 καταθρηνοῦνται,
996 2652 1073 2715 ὡς
1119 2649 1311 2722 καιρὸν
1365 2646 1555 2702 οὐδένα
1599 2646 1812 2708 ἑαυτοῖς

239 2752 375 2826 πρὸς
432 2752 531 2823 τὴν
587 2748 698 2804 τῶν
750 2744 1069 2817 Θαυμασίων
1118 2742 1210 2798 τοῦ
1274 2741 1410 2797 Θεοῦ
1486 2738 1813 2811 κατανόησιν

236 2844 645 2904 ἀπολείποντες.
694 2839 769 2893 ού
819 2838 927 2912 γὰρ
971 2837 1176 2907 ἄγουσι.
1213 2834 1408 2906 σχολὴν
1453 2833 1502 2886 oi
1548 2830 1814 2901 ὀφθαλμοὶ

237 2934 416 2991 αὐτῶν
464 2930 755 2989 ἀνανεῦσαι
808 2931 944 3003 πρὸς
991 2927 1239 3000 οὐρανὸν,
1290 2925 1385 2979 καὶ
1437 2922 1508 2977 τά
1554 2924 1613 2976 εν
1665 2921 1812 2992 αὑτῷ

234 3028 408 3100 κάλλη
468 3024 832 3097 καταμαθεῖν,
889 3023 983 3078 καὶ
1035 3021 1219 3073 πᾶσαν
1270 3016 1370 3089 τὴν
1408 3017 1465 3070 ιν
1523 3017 1636 3079 τοῖς
1692 3008 1811 3068 οὖσι

234 3121 600 3193 διακόσμησιν
647 3112 1068 3185 επισκέψασθαι,
1112 3110 1254 3165 ὥστε
1313 3111 1377 3165 ὲκ
1438 3108 1535 3181 τῆς
1602 3106 1811 3163 τούτων

234 3210 491 3280 εὐταξίας
518 3203 959 3279 τὺνΔημιουργδν
985 3202 1265 3274 ἐννοῆσαν
1302 3200 1419 3257 ἀλλ’
1452 3198 1613 3262 εὐθὺς
1647 3199 1808 3269 ἀρχο.

236 3306 408 3377 μένης
437 3299 671 3373 ἡμέρας.
692 3294 988 3370 κοσμοῦσιν
1016 3293 1223 3351 ἑαυτῶν
1253 3292 1320 3347 τὰ
1341 3291 1616 3363 συμπόσια
1648 3290 1817 3360 τάπη-

237 3410 291 3449 σι
321 3390 591 3456 ποικίλοις
618 3389 713 3445 καὶ
732 3386 969 3452 ἀνθίνοις
993 3384 1478 3457 παραπετάσμασι,
1499 3380 1732 3450 σπουδήν
1755 3395 1815 3432 τε

235 3492 331 3545 καὶ
356 3482 676 3557 ιπιμέλειαν
721 3484 800 3547 είς
836 3482 935 3553 τὴν
958 3477 1067 3533 τῶν
1087 3475 1432 3547 ἔκπωμάτων
1467 3471 1815 3543 παρασκευὴν

235 3573 955 3644 ιττιδείκνυνται,ψυκτῆρας
972 3571 1062 3625 καὶ
1080 3568 1359 3641 κρατῆρας
1378 3566 1469 3619 καὶ
1498 3562 1715 3634 φιάλας,
1740 3561 1814 3627 ὼς

235 3678 297 3731 ιν
321 3673 519 3745 πομπῇ
544 3687 650 3725 τινι
687 3669 781 3722 καὶ
816 3664 1139 3737 πανηγύρει,
1166 3661 1515 3725 διατιθεντες,
1563 3661 1639 3725 ὡς
1664 3660 1727 3714 ἂν
1755 3660 1816 3713 τδ

236 3764 346 3820 τῶν
379 3759 621 3831 ἀγγείων
659 3757 914 3829 διάφορον
948 3754 1040 3807 τὸν
1068 3752 1230 3825 κόρον
1265 3751 1448 3815 αὐτοῖς
1481 3748 1814 3821 ύποκλέπτη,

237 3853 331 3910 καὶ
364 3855 403 3925 ἡ
435 3851 544 3906 τῶν
568 3848 910 3920 ἔκπωμάτων
936 3843 1222 3918 ύπαλλαγὴ
1249 3845 1343 3899 καὶ
1373 3842 1666 3915 μετάῦασις
1699 3844 1819 3895 lxa-

236 3945 334 4019 νην
375 3944 561 4007 αὐτοῖς
594 3943 673 4006 είς
713 3940 774 3995 τὸ
805 3940 980 3995 πίνειν
1019 3936 1299 4011 διατριϐὴν
1330 3937 1551 4007 ἐμποιῇ.
1602 3935 1816 4003 Συμπο-

239 4037 459 4110 σίαρχοι
490 4034 547 4090 δέ
576 4032 836 4098 τινεςίπὶ
857 4030 1068 4095 τούτοις
1096 4030 1191 4084 καὶ
1212 4027 1586 4100 ἁρχιοινοχόοι,
1615 4026 1709 4078 καὶ
1727 4024 1819 4093 ἁρ-

236 4127 583 4203 χιτρίκλινοι,
631 4125 727 4181 καὶ
784 4122 935 4191 τάξις
985 4124 1043 4175 ἑν
1094 4118 1308 4189 ἀταξίᾳ,
1353 4118 1447 4171 καὶ
1486 4114 1723 4177 διάθεσις
1760 4114 1817 4163 ιν

236 4221 468 4291 ἀκόσμῳ
502 4219 783 4287 πράγματι
812 4212 1182 4281 ἐπινενόηται·
1223 4208 1309 4272 ἵν’,
1343 4208 1532 4280 ὥσπερ
1573 4204 1694 4268 ταῖς
1721 4204 1819 4277 ἀρ-

236 4313 363 4385 χαῖς
402 4311 522 4374 ταῖς
556 4305 751 4372 ἔξωθεν
783 4306 847 4359 ὲκ
871 4303 977 4357 τῶν
1005 4298 1442 4375 δορυφορούντων
1478 4299 1512 4370 ἡ
1554 4297 1819 4368 σεμνότης

239 4398 595 4467 συναύξεται,
626 4394 769 4451 οὕτω
796 4394 893 4449 καὶ
920 4396 988 4466 τῇ
1014 4392 1155 4466 μέθῃ
1187 4385 1300 4445 οἷον
1330 4388 1560 4461 βασιλίδι
1589 4388 1696 4441 τινὶ
1732 4389 1821 4441 θοι

243 4492 476 4565 ραπείαν
514 4488 956 4561 περιστήσαντες,
1010 4484 1072 4537 τὸ
1112 4481 1472 4536 ἐπονείδιστον
1523 4478 1693 4547 αὐτῆς
1742 4473 1819 4545 τῷ

1908 2010 2055 2072 gant.
2096 1999 2363 2055 Praeterea
2410 2014 2643 2063 coronar,
2666 1995 2846 2060 ﬂores,
2880 2005 3169 2064 unguenta,
3196 1994 3404 2051 sumtus
3426 2004 3481 2049 et

1910 2094 2195 2148 innumera
2246 2092 2490 2163 quasdam
2537 2102 2761 2146 externa
2814 2088 3203 2146 oblectamenta
3242 2088 3478 2158 perditos

1910 2184 2109 2240 diutius
2141 2194 2428 2255 occupant.
2467 2202 2487 2235 s
2545 2181 2671 2239 Ilaec
2724 2183 2901 2253 legere
2945 2192 3028 2238 est
3078 2183 3215 2253 apud
3253 2182 3475 2252 pseudo-

1911 2273 2164 2330 Basilium
2189 2288 2254 2330 eo
2286 2275 2427 2342 loco,
2455 2274 2542 2329 ubi
2572 2274 2955 2341 interpretatur
2989 2274 3075 2327 illa
3105 2276 3179 2346 (ν.
3213 2275 3298 2341 II,
3329 2290 3477 2330 num.

1913 2363 2034 2435 I55)
2068 2382 2081 2420 :
2125 2362 2239 2429 ναν,
2267 2363 2360 2433 qui
2383 2374 2603 2434 surgunt
2630 2380 2800 2429 mane,
2832 2374 2880 2419 et
2910 2364 3135 2419 siceram
3168 2378 3471 2435 sequuntur.

1909 2456 2000 2525 qui
2066 2462 2363 2522 exspectant
2419 2455 2786 2524 uesperam“,
2849 2463 2954 2511 etc.
3022 2452 3215 2511 Videas
3264 2457 3479 2526 quidem

1912 2545 2400 2616 pseudo-Basiliam
2437 2557 2493 2601 ut
2524 2547 2791 2617 superius,
2832 2548 2905 2602 ita
2950 2548 3041 2605 hic
3073 2564 3237 2620 pauca
3281 2552 3348 2605 de
3383 2566 3481 2606 sua

1911 2639 2193 2697 Basilianis
2230 2641 2584 2698 immiscuisse
2620 2660 2634 2697 :
2674 2643 2768 2697 sed
2800 2656 2982 2698 eorum
3029 2658 3154 2713 pars
3197 2646 3250 2699 in
3293 2647 3481 2701 eadem

1911 2734 2153 2791 oratione
2183 2734 2365 2789 statim
2389 2734 2599 2805 legitur.
2631 2734 2797 2801 Quale
2818 2744 2901 2791 est
2926 2734 3051 2789 illud
3088 2752 3104 2790 :
3137 2738 3201 2789 0i
3230 2737 3477 2809 ἡττώμε-

1911 2842 2012 2888 νοι,
2038 2824 2313 2889 νικῶντες,
2341 2823 2540 2889 πάντες
2581 2824 2890 2895 μεθύουσιν.
2920 2826 3047 2883 Item
3070 2827 3197 2883 illud
3229 2846 3244 2884 :
3286 2829 3480 2883 Ἐλεειο

1911 2918 2001 2972 νδν
2033 2917 2210 2991 θέαμα
2238 2917 2579 2990 Χριστιανῶν
2617 2918 2933 2990 ὀφθαλμοῖς.
2976 2920 3158 2991 Neque
3194 2937 3322 2979 vero
3350 2927 3481 2979 satis

1913 3007 2013 3061 fuit
2040 3007 2473 3078 pseudo-Basilio
2499 3006 2857 3078 fragmentum
2882 3017 3084 3062 tantum
3117 3024 3179 3063 ex
3208 3011 3307 3063 hac
3329 3010 3474 3064 Basi-

1914 3099 1969 3154 lii
2003 3098 2251 3155 oratione
2278 3098 2379 3154 sibi
2407 3112 2641 3154 sumere.
2670 3098 2867 3155 Ibidem
2894 3113 2959 3156 ex
2986 3112 3048 3157 ea
3076 3101 3305 3171 sumpsit
3332 3112 3392 3159 et
3417 3104 3482 3157 il-

1916 3190 1963 3244 la
1996 3210 2009 3247 :
2038 3192 2100 3247 0i
2127 3190 2376 3264 μένοντες
2401 3189 2461 3245 τὸ
2484 3190 2603 3262 ὀψε,
2626 3191 2722 3247 καὶ
2742 3191 3147 3263 διημερεύοντες
3167 3197 3225 3247 ἐν
3245 3197 3309 3265 τῇ
3343 3196 3482 3269 μέθη

1915 3283 1989 3345 ὡς
2021 3283 2222 3353 μηδένα
2256 3284 2446 3354 καιρὸν
2476 3285 2686 3345 ἑαυτοῖς
2719 3283 2979 3356 παρέχειν
3016 3286 3096 3349 είς
3130 3286 3192 3340 τὸ
3231 3287 3300 3341 τὰ
3344 3287 3483 3359 ἔργα

1917 3372 2119 3445 Κυρίου
2145 3371 2457 3443 ῖμόλέπειν.
2486 3373 2579 3427 καὶ
2598 3372 2666 3425 τά
2690 3372 2825 3444 ἔργα
2845 3374 2953 3429 τῶν
2981 3376 3177 3449 χειρῶν
3196 3378 3359 3433 αὑτοῦ
3387 3397 3481 3433 κα-

1916 3466 2142 3517 τανοεῖν.
2190 3464 2241 3517 Ὀ
2273 3462 2384 3532 γὰρ
2405 3458 2567 3529 οἶνος
2594 3460 2814 3531 αὐτοὺς
2842 3468 3203 3536 συγκαύσειο
3242 3469 3376 3523 διότι
3422 3473 3484 3523 τὸ

1918 3557 1983 3610 ὲκ
2022 3555 2114 3610 τοῦ
2152 3556 2293 3611 οίνου
2329 3554 2531 3627 θερμὸν
2568 3556 2915 3629 ἐγγινόμενον
2945 3562 3009 3631 τῇ
3048 3560 3231 3632 σαρκὶ,
3266 3562 3486 3635 ἔξαμμα

1916 3647 2125 3718 γίνεται
2145 3646 2253 3701 τῶν
2278 3649 2684 3720 πεπυρωμένων
2713 3648 2883 3719 βελῶν
2901 3650 2993 3705 τοῦ
3017 3652 3207 3723 ἐχθροῦ
3224 3668 3237 3685 ο
3268 3654 3356 3707 τὸν
3385 3656 3483 3726 μὲν

1918 3740 2026 3813 γάρ
2086 3736 2345 3810 λογισμὸν
2394 3739 2489 3793 καὶ
2541 3739 2633 3793 τὸν
2683 3740 2805 3794 νοῦν
2862 3743 2891 3794 ό
2941 3736 3080 3804 οἶνος
3148 3742 3488 3799 καταύαπτί-

1920 3830 2023 3896 ζει.
2056 3849 2076 3883 ι
2102 3829 2204 3897 Qui
2240 3838 2543 3899 respectant
2569 3842 2867 3899 vesperam,
2892 3838 2948 3883 et
2974 3830 3113 3884 diem
3142 3832 3194 3886 in
3224 3833 3486 3889 ebrietate

1920 3922 2218 3991 transigunt
2251 3921 2350 3984 sic,
2376 3930 2427 3974 ut
2455 3919 2655 3973 nullum
2687 3920 2788 3974 sibi
2823 3920 2950 3976 dent
2980 3932 3189 3990 tempus
3218 3924 3285 3977 ad
3319 3939 3486 3993 opera

1920 4011 2130 4066 Domini
2162 4008 2489 4080 inspicienda
2520 4020 2574 4064 et
2604 4009 2669 4065 ad
2696 4026 2857 4081 opera
2888 4029 3139 4066 manuum
3164 4014 3281 4083 ejus
3308 4030 3488 4071 coast-

1918 4101 2179 4157 deranda.
2224 4098 2417 4156 Vinum
2438 4100 2574 4156 enim
2596 4117 2680 4155 eos
2709 4102 2997 4166 comburet,
3035 4113 3315 4171 propterea
3345 4107 3487 4174 quod

1921 4193 2029 4247 vini
2083 4192 2231 4249 calor
2285 4193 2434 4247 carni
2482 4192 2767 4255 accedens,
2812 4193 3073 4262 igniculus
3114 4195 3169 4246 tit
3197 4194 3486 4264 ignitorum

1921 4286 2123 4341 inimici
2154 4284 2477 4355 jaculorum.
2504 4281 2699 4338 Vinum
2731 4299 2958 4352 namque
2995 4296 3255 4340 rattonem
3281 4286 3491 4342 demet-

1919 4375 1997 4445 git
2027 4385 2083 4430 et
2107 4384 2359 4428 mentem.
2402 4393 2421 4425 s
2460 4372 2603 4435 Ilaec.
2634 4374 2872 4439 inquam,
2896 4372 3037 4427 edita
3070 4374 3313 4429 invenias
3348 4382 3488 4445 apud

1920 4465 2405 4536 pseudo-Basilium
2458 4465 2508 4516 in
2556 4477 2620 4516 eo
2664 4478 2828 4531 quem
2868 4462 3095 4520 iudicavi
3131 4466 3248 4521 loco
3289 4467 3363 4533 (ν.
3397 4466 3486 4525 It.

242 4554 635 4657 ύπερὸάλλοντι
681 4554 778 4650 της
828 4577 1065 4646 σπουδῆς
1110 4572 1517 4648 περιστέλλωσι.
1559 4570 1816 4639 Στέφανοι
1846 4584 1894 4642 ι)

1846 4584 1894 4642 ο
1922 4573 2069 4613 num.
2095 4556 2240 4625 156),
2280 4571 2383 4609 non
2407 4554 2747 4609 continenter
2770 4555 3005 4625 quidem,
3037 4560 3131 4611 sed
3157 4557 3342 4624 paucis
3364 4557 3486 4625 qui-

239 4679 333 4732 ἐπὶ
378 4672 589 4737 τούτοις
638 4671 732 4727 καὶ
767 4668 899 4739 ἄνθη
932 4669 1026 4721 καὶ
1060 4666 1205 4738 μύρα
1234 4666 1328 4720 καὶ
1355 4664 1694 4734 θυμιάματα,
1725 4659 1818 4713 καὶ

244 4764 441 4836 μυρίαι
500 4761 647 4825 τινὲς
682 4758 876 4827 ἔξωθεν
909 4755 1199 4829 θυμηδίαι,
1239 4754 1459 4809 πλείονα
1507 4753 1608 4824 τὴν
1657 4753 1819 4821 άσχο-

240 4857 361 4911 λίαν
401 4855 516 4917 τοῖς
561 4850 949 4921 ἀπολλυμένοις
990 4845 1517 4922 παρασκευάζουσιν.
1567 4862 1585 4894 ι
1632 4843 1819 4897 Petunt

239 4961 480 5013 omnem,
516 4944 607 5015 qui
642 4942 909 4997 inebriare
939 4950 1132 5010 potest,
1154 4938 1329 4995 solent
1358 4936 1564 4992 Hebraei
1593 4936 1818 4991 siceram

1920 4650 2147 4705 busdam
2180 4646 2496 4713 interjectis.
2536 4647 2609 4701 Ex
2644 4647 2727 4702 his
2751 4656 2915 4717 patet,
2956 4647 3095 4715 quod
3131 4646 3364 4703 maxime
3388 4664 3489 4703 no-

1924 4751 2091 4796 latum
2120 4740 2257 4802 volo,
2282 4740 2603 4808 scriptorem
2636 4740 3005 4795 commentarii
3039 4739 3110 4793 ita
3142 4742 3373 4810 psalmos
3397 4743 3488 4795 ali-

1922 4846 2056 4902 quos
2092 4831 2263 4885 citare
2286 4831 2338 4885 in
2369 4831 2770 4900 interpretando
2796 4828 2952 4894 Isaia,
2990 4841 3049 4886 ut
3084 4832 3207 4886 inde
3243 4834 3488 4888 occasio-

1925 4939 2046 4979 nem
2100 4923 2329 4994 arripiat
2380 4922 2665 4977 Eusehiani
2710 4922 2765 4977 in
2820 4919 3061 4976 Psalmos
3115 4929 3487 4980 commentarii

243 5014 748 5107 appellare.iltaque
788 5033 879 5101 qui
917 5033 1134 5087 ineunte
1156 5030 1241 5084 die
1268 5027 1552 5095 explorant
1582 5026 1668 5079 nhi
1696 5025 1825 5077 fiant
1924 5016 2269 5085 compilandi.
2312 5017 2423 5086 Ego
2462 5026 2640 5071 autem
2690 5024 2943 5085 praestare
2975 5014 3173 5079 ausim,
3212 5017 3487 5077 Basilium.

242 5128 693 5199 compotationes,
748 5124 950 5194 quique
1006 5132 1063 5180 et
1104 5120 1373 5191 mnopolia
1433 5133 1496 5173 ac
1548 5130 1817 5185 caupones

244 5219 644 5279 collustrantes,
695 5232 754 5272 se
799 5226 981 5270 mutuo
1030 5214 1095 5268 ad
1134 5211 1546 5279 computandum
1586 5207 1815 5277 conjun-

244 5323 393 5380 gunt,
426 5325 493 5366 ac
528 5324 688 5365 omne
722 5308 888 5362 animi
921 5304 1156 5361 studium
1205 5301 1726 5369 sollicitmlinemqne
1765 5300 1817 5353 in

244 5401 509 5468 ejusmodi
563 5400 707 5457 curis
750 5399 1044 5460 insumunt,
1087 5398 1186 5452 bos
1238 5396 1498 5464 propheta
1554 5394 1819 5462 deplorat,

248 5503 502 5560 tanquam
548 5492 639 5564 qui
680 5490 881 5545 nullum
922 5490 1022 5545 sibi
1055 5498 1265 5557 tempus
1311 5488 1377 5540 ad
1419 5483 1510 5537 Dei
1562 5482 1819 5538 miracula

246 5585 635 5641 consideranda
695 5591 985 5637 reservent.
1045 5578 1156 5634 Nec
1209 5578 1353 5632 enim
1410 5574 1581 5630 oculis
1630 5587 1817 5627 eorum

246 5676 412 5730 otium
453 5681 537 5728 est
566 5671 885 5741 suspicicndi
926 5671 979 5724 in
1012 5670 1230 5730 omium,
1261 5667 1483 5737 ejusque
1520 5661 1816 5733 pulchritu-

246 5770 419 5824 dinem
441 5764 808 5827 condiecendi,
829 5774 881 5817 et
904 5778 1117 5815 omnem
1149 5775 1326 5814 rerum
1362 5756 1698 5813 conditarum
1730 5769 1818 5809 or-

311 5861 358 5894 ⁸⁸
383 5858 547 5915 Prov.
582 5871 635 5920 ι,
670 5856 721 5910 5.
797 5857 844 5889 ⁸⁸
883 5857 1022 5912 I‘sal.
1057 5872 1238 5920 xvxvr,
1267 5856 1357 5913 25³.
1436 5856 1479 5887 ⁸⁸
1512 5854 1610 5910 lszt.
1643 5869 1691 5919 ι’,
1725 5852 1810 5907 Il.

491 5952 761 6010 Parnoc.
797 5949 915 6009 Gu.
962 5947 1201 6011 XXIX.

1918 5122 2041 5160 cum
2100 5117 2207 5162 tam
2267 5120 2407 5173 saepe
2455 5106 2507 5159 in
2566 5106 2678 5160 suis
2727 5104 2980 5172 operibus
3026 5119 3131 5159 non
3178 5114 3490 5160 controver-

1920 5198 1995 5251 sis
2058 5200 2292 5266 psalmos
2357 5197 2521 5261 citet,
2589 5208 2860 5262 nunquam
2923 5204 3099 5248 tamen
3162 5194 3264 5249 hac
3328 5212 3487 5252 occa-

1920 5289 2069 5342 sioue
2125 5289 2401 5343 inductum
2451 5287 2637 5350 fuis~e,
2692 5296 2751 5339 ut
2797 5301 2941 5351 eum,
2982 5301 3140 5355 quem
3190 5302 3312 5340 mox
3356 5289 3487 5347 disi.

1923 5377 2137 5433 Eusebii
2202 5379 2646 5433 commentarium
2706 5391 2938 5447 unquam
3005 5376 3336 5447 compilaret.
3382 5378 3491 5434 Cur

1921 5486 2050 5541 ergo
2086 5472 2137 5525 in
2173 5471 2577 5540 interpretando
2602 5467 2790 5523 Isaiam
2822 5471 2976 5522 aliter
3003 5484 3062 5523 sc
3090 5470 3386 5541 gessisset?

1996 5564 2083 5617 63.
2130 5562 2252 5617 Ilaec
2290 5573 2436 5625 sunt,
2472 5560 2667 5628 quibus
2708 5562 2993 5624 adductus,
3023 5577 3049 5614 a
3088 5565 3357 5616 communi
3397 5578 3488 5614 vc-

1927 5658 2132 5728 torique
2162 5658 2427 5711 sententia
2460 5655 2738 5709 discedere
2777 5670 2882 5708 non
2906 5654 3162 5709 dubitavi.
3208 5654 3313 5710 Nec
3346 5657 3489 5710 enim

1926 5750 2052 5806 mihi
2087 5746 2406 5818 persuadere
2435 5761 2672 5815 possunt,
2719 5762 2815 5801 nec
2848 5763 3078 5817 unquam
3118 5756 3325 5815 potero,
3364 5762 3491 5815 ειν.

3146 5955 3175 5994 ι)
