4212 6498
707 412 879 452 είιλῐ

2080 401 2614 458 PROLEGOMENA.

708 512 986 566 vissimum
1011 514 1363 583 eamdemque
1391 516 1805 572 disertissimum
1835 519 2148 587 scriptorem
2180 522 2278 573 Ba-
2307 533 2352 587 Α
2382 520 2698 573 sententiam
2735 521 3136 586 stabiliendum,
3168 524 3288 577 nolo
3347 531 3543 577 tamen.
3580 522 3781 579 Vereor
3813 526 3968 580 enim

707 601 885 655 silium
922 613 1026 655 tant
1063 603 1240 672 inepte
1266 615 1480 673 tamque
1516 606 1843 675 ineleganter
1875 608 2108 662 locutum
2149 610 2281 662 inis—

707 707 799 754 se,
833 708 1063 761 eumque
1098 711 1201 747 non
1235 710 1355 748 raro
1382 699 1570 751 eadem
1601 696 1895 766 Scriptura:
1940 701 2053 754 loca
2085 713 2163 756 ter
2192 714 2284 757 aut

706 792 897 849 quater
941 798 1266 851 praeposmre
1307 787 1648 854 explanasse.
1690 787 1874 857 Neque
1920 806 2149 860 unquam
2184 794 2279 845 ad-

708 873 874 925 ducar
905 886 960 924 nt
993 874 1205 928 credam
1239 876 1408 943 ipsum
1450 881 1739 933 maximam
1781 881 1861 934 sui
1909 885 2278 937 commentarii

703 974 911 1030 partem
943 980 1005 1017 ex
1033 963 1331 1020 Eosebiana
1366 970 1800 1038 interpretatione
1820 973 1884 1025 ad
1910 974 2133 1026 verbum
2168 991 2282 1026 tnu-

705 1064 909 1107 tuatuni
948 1072 1084 1110 esse.
1124 1058 1186 1111 Et
1219 1076 1346 1113 vero
1374 1060 1498 1113 mihi
1532 1064 2003 1129 persuasissimum
2041 1075 2140 1128 est,
2168 1074 2278 1118 tum

701 1147 769 1198 ob
812 1146 1110 1215 fragmenta
1146 1166 1263 1218 qua:
1300 1152 1600 1214 retulimus,
1630 1164 1735 1206 tum
1775 1160 1843 1209 ob
1869 1156 1991 1225 styli
2027 1156 2272 1210 similitu-

702 1237 905 1297 dinem.
938 1240 1231 1306 imperfecti
1263 1244 1403 1296 illius
1447 1246 1499 1297 in
1523 1243 1717 1298 Isaiam
1748 1250 2118 1301 commentarii
2156 1265 2279 1317 par-

700 1338 807 1382 tem
858 1332 1143 1386 maximam
1186 1350 1251 1387 ex
1296 1334 1512 1390 Eusebii
1561 1338 1612 1389 in
1659 1340 1906 1393 eumdem
1962 1341 2274 1410 prophetam

697 1426 1090 1478 commentario
1150 1427 1215 1478 ad
1270 1428 1489 1481 verbum
1536 1441 1804 1498 sumptam
1851 1447 2004 1496 esse;
2053 1442 2105 1486 et
2142 1449 2277 1501 przc-

695 1521 841 1565 stare
909 1516 1117 1579 ausim,
1180 1517 1222 1567 si
1284 1533 1517 1584 unquam
1584 1520 1921 1575 Eusebianus
1972 1522 2060 1576 ille
2127 1539 2274 1575 com-

694 1605 992 1659 mentarius
1043 1611 1245 1676 integer
1299 1610 1349 1661 in
1403 1610 1572 1663 lucem
1634 1613 1875 1681 prodeat,
1929 1629 2040 1668 rem
2082 1629 2271 1669 eventu

694 1699 1099 1765 comprobatum
1140 1700 1225 1751 iri.
1255 1701 1395 1753 Sane
1428 1703 1639 1763 quidvis
1660 1705 1858 1773 potius,
1886 1721 2046 1775 quam
2086 1718 2140 1760 ut
2174 1709 2275 1761 Ba-

691 1787 869 1840 silium
909 1798 983 1841 tot
1016 1788 1278 1844 furtorum
1335 1806 1641 1861 suspectum
1698 1796 1943 1851 habeam.
1996 1798 2059 1851 Et
2106 1801 2272 1854 multo

2388 625 2476 672 ne,
2511 611 2601 678 qni
2629 611 2740 664 [nec
2770 611 2967 678 legent,
2999 614 3050 665 in
3086 628 3143 668 re
3169 625 3353 683 aperta
3398 616 3513 685 plus
3542 616 3671 671 satis
3710 618 3974 672 immora—

2389 712 2496 755 tum
2530 717 2654 756 esse
2683 718 2766 757 me
2790 704 3033 771 judicent
3066 710 3194 760 :sed
3229 706 3570 760 meminerint
3598 710 3777 772 velim,
3812 719 3971 763 vetc-

2386 809 2498 848 rem
2532 796 2863 863 opinionem,
2900 807 2976 851 tot
3018 799 3385 853 celeberrimis
3416 800 3544 854 viris
3580 802 3755 855 omnis
3778 804 3964 855 aetatis

2384 888 2687 954 probatam,
2725 890 2935 943 nonnisi
2965 893 3014 944 vi
3064 903 3505 959 argumentorum
3532 906 3690 963 atque
3713 898 3869 964 c0pia
3897 911 3964 950 ex

2383 980 2563 1031 animo
2594 981 2771 1035 evelli.

2452 1071 2538 1125 64.
2576 1073 2649 1128 De
2674 1076 2789 1143 ipso
2810 1080 3222 1145 commentario,
3258 1081 3429 1149 deque
3455 1081 3572 1149 ejns
3608 1089 3830 1134 auctore
3857 1080 3962 1133 ali-

2384 1165 2507 1230 quid
2541 1166 2651 1234 jam
2680 1169 2861 1225 dicere
2905 1187 3080 1240 opera:
3119 1174 3348 1241 pretium
3378 1184 3479 1227 est.
3519 1175 3628 1229 Etsi
3668 1176 3815 1228 enim
3858 1176 3962 1229 hoc

2382 1270 2514 1321 opus
2558 1257 2607 1309 in
2648 1274 2871 1313 numero
2902 1263 3207 1330 spnriorum
3250 1280 3277 1316 a
3313 1267 3464 1318 nobis
3516 1266 3812 1333 reponitur,
3846 1278 3961 1319 sta-

2385 1347 2475 1401 tim
2529 1357 2702 1401 tanien
2748 1354 3003 1419 rcjectum
3064 1356 3137 1417 id,
3180 1366 3272 1409 ant
3307 1358 3529 1410 omnino
3588 1369 3961 1427 contemptum

2382 1436 2649 1490 nolumus.
2684 1439 2747 1492 Et
2781 1444 2995 1509 quidem
3031 1446 3073 1498 si
3100 1446 3231 1499 nihil
3266 1447 3427 1509 aliud,
3475 1458 3621 1502 certe
3664 1448 3964 1515 antiquitas

2380 1527 2504 1581 illud
2539 1534 2901 1589 commendat.
2933 1536 3204 1605 Scriptum
3231 1540 3374 1594 enim
3422 1540 3591 1607 ipsum
3634 1538 3802 1595 fuisse
3846 1541 3959 1609 ipsa

2378 1620 2557 1675 Basilii
2591 1632 2749 1677 aelate
2777 1627 3065 1680 obscurum
3093 1645 3198 1683 non
3235 1639 3337 1685 est.
3362 1631 3494 1684 Nam
3524 1633 3665 1701 quod
3692 1640 3954 1684 narratur

2376 1712 2440 1763 de
2468 1712 2621 1766 idolis
2650 1714 2794 1783 (pag.
2830 1715 2978 1783 “5),
3002 1732 3119 1785 qua:
3146 1720 3255 1787 jam
3294 1721 3533 1789 neglecta
3583 1723 3635 1775 in
3670 1723 3960 1791 speluncas

2376 1816 2749 1875 cavernasque
2778 1816 2833 1859 et
2868 1809 3271 1863 abstrusissima
3302 1810 3416 1863 loca
3457 1812 3874 1880 dejicicbantur,
3907 1811 3957 1863 id

693 1879 862 1947 magis
891 1879 941 1930 in
979 1879 1080 1932 hac
1108 1897 1221 1933 mea
1261 1884 1528 1937 sententia
1559 1886 1873 1952 confirmor,
1902 1887 2028 1941 dum
2056 1890 2185 1943 mihi
2220 1891 2268 1942 in
2303 1915 2344 1968 Β
2373 1894 2569 1948 saeculo
2598 1906 2795 1964 quarto
2844 1899 3048 1965 optime
3096 1900 3366 1953 convenit.
3403 1879 3583 1968 Neque
3632 1917 3737 1956 non
3769 1911 3959 1970 aperte

692 1980 927 2023 utentem
956 1972 1118 2031 venit,
1150 1972 1263 2040 ejus
1306 1975 1371 2028 de
1406 1990 1513 2044 quo
1543 1980 1752 2043 agimus
1780 1980 1962 2046 operis
1995 1991 2268 2035 auctorem

691 2060 858 2116 multa
908 2065 1068 2117 etiam
1132 2082 1193 2121 ex
1228 2067 1466 2134 ejusdem
1503 2069 1717 2123 Eusebii
1766 2071 1821 2123 in
1854 2069 2095 2125 Psalmos
2127 2087 2271 2126 com-

689 2157 968 2209 mentariis
996 2160 1061 2209 ad
1084 2159 1304 2210 verbum
1336 2160 1690 2229 compilasse;
1725 2165 1864 2232 quod
1895 2179 2055 2233 qnam
2081 2166 2270 2219 absur-

691 2249 817 2300 dum
848 2251 919 2303 sit
949 2261 1001 2303 et
1040 2249 1233 2304 Basilio
1268 2252 1456 2325 Magno
1494 2256 1792 2324 indignum,
1833 2273 2011 2323 nemo,
2054 2259 2263 2326 opinor,

692 2354 796 2394 non
852 2340 1012 2395 videt.
1053 2342 1225 2398 Nolim
1277 2347 1449 2413 dicas,
1500 2350 1543 2402 si
1612 2358 1688 2401 tot
1736 2364 1799 2403 ac
1848 2358 1993 2402 tanta
2051 2350 2267 2405 Eusebii

688 2432 986 2502 fragmenta
1037 2438 1193 2492 hodie
1251 2439 1301 2493 in
1350 2443 1602 2497 omnibus
1665 2444 1823 2512 hujus
1889 2445 2265 2499 commentarii

687 2529 1087 2595 exemplaribus
1118 2540 1227 2582 tum
1260 2535 1493 2595 excusis,
1520 2544 1629 2586 tum
1666 2550 1822 2588 manu
1852 2536 2090 2589 exaratis
2115 2537 2265 2591 inve-

689 2621 927 2684 niantur,
952 2623 1161 2689 culpam
1195 2638 1316 2677 esse
1339 2640 1442 2678 non
1469 2625 1635 2693 ipsius
1660 2627 1961 2694 scriptoris,
1985 2628 2079 2681 sed
2104 2628 2268 2680 libra-

687 2716 910 2780 riorum,
941 2720 1031 2786 qui
1059 2720 1345 2784 interdum,
1373 2730 1429 2773 ut
1464 2728 1648 2772 notum
1689 2726 1790 2782 est,
1822 2718 1996 2772 aliena
2022 2719 2267 2788 genuinis

689 2818 986 2865 attexuere.
1014 2811 1208 2865 Fateor
1237 2814 1378 2865 enim
1418 2812 1688 2873 librarios,
1724 2826 1845 2866 cum
1890 2811 2067 2882 aliqua
2097 2828 2257 2881 opera

686 2904 1078 2967 exscriberent,
1110 2921 1492 2971 nonnunquam
1520 2906 1720 2973 aliquid
1751 2905 2022 2959 addidisse
2056 2908 2184 2961 :sed
2212 2907 2262 2959 id

688 2996 800 3049 fere
821 2996 1047 3066 contigit
1078 2997 1129 3049 in
1162 2996 1225 3049 iis
1267 2996 1625 3061 orationibus,
1654 3012 1772 3065 qnzn
1812 2996 2011 3050 habita:
2040 3008 2164 3052 sunt
2197 2998 2263 3051 ad

687 3090 966 3157 populum,
990 3104 1215 3157 qumque
1244 3094 1459 3159 scriptae
1488 3100 1611 3143 sunt
1651 3103 1753 3142 non
1786 3088 1853 3141 ah
1881 3089 1992 3157 ipso
2022 3099 2261 3150 auctore,

684 3182 776 3233 sed
804 3180 1061 3249 abaliquo
1086 3184 1387 3236 auditorum
1407 3184 1496 3251 qui
1527 3184 1665 3237 notis
1682 3183 1918 3235 scribere
1942 3189 2142 3235 nosset.
2168 3178 2262 3233 Et—

2376 1984 2617 2037 eamdem
2643 1988 2899 2053 temporis
2925 1997 3105 2042 notam
3140 1988 3363 2054 indicat,
3393 1991 3531 2057 quod
3571 1991 3722 2043 initio
3758 1992 3957 2058 capitis

2371 2072 2563 2128 decimi
2591 2076 2793 2130 editum
2828 2079 3153 2143 invenimus,
3188 2084 3575 2134 Anommornm
3606 2081 3815 2135 scilicet
3840 2083 3953 2135 bte-

2375 2166 2535 2220 resim
2592 2175 2718 2221 tunc
2761 2171 3021 2239 temporis
3075 2170 3386 2239 pullulasse.
3441 2169 3611 2224 Nemo
3663 2170 3807 2223 enim
3861 2172 3953 2238 qui

2373 2274 2555 2313 rerum
2585 2260 3077 2317 ecclesiasticarum
3106 2282 3209 2318 non
3242 2266 3464 2319 omnino
3500 2266 3647 2318 rudis
3670 2264 3761 2327 sit,
3787 2265 3960 2332 pessi—

2373 2364 2513 2402 mam
2560 2350 2704 2403 illam
2756 2353 3001 2407 haeresim
3060 2366 3254 2423 quarto
3299 2358 3501 2412 sarculo
3560 2368 3734 2412 ortam
3785 2356 3958 2409 fuisse

2372 2439 2609 2509 ignorat.
2638 2445 2818 2509 Quare
2850 2449 2892 2498 si
2922 2448 3049 2514 quid
3080 2464 3144 2501 eo
3181 2450 3232 2501 in
3270 2451 3661 2504 commentario
3685 2450 3951 2505 occurrit.

2369 2534 2511 2601 quod
2568 2546 2661 2587 aut
2703 2538 2768 2589 ad
2818 2537 3031 2605 dogma,
3082 2551 3173 2593 aut
3216 2540 3283 2594 ad
3327 2542 3688 2607 traditionem,
3738 2551 3831 2595 aut
3886 2542 3953 2593 ad

2372 2627 2709 2695 disciplinam
2738 2629 3162 2687 ecclesiasticam
3192 2636 3475 2705 pertineat,
3514 2635 3565 2689 id
3608 2636 3677 2689 ob
3708 2637 3951 2703 antiqui—

2371 2717 2497 2769 tatis
2564 2721 2918 2773 reverentiam
2970 2722 3187 2788 plurimi
3243 2726 3541 2779 faciendum
3572 2741 3691 2780 esse
3727 2726 3953 2779 arbitra-

2369 2821 2510 2859 mur.
2565 2805 2681 2860 Non
2735 2824 2993 2879 negamus
3036 2812 3249 2879 quidem
3300 2814 3348 2865 id
3389 2828 3522 2880 epus
3577 2815 3835 2868 indiserte
3881 2816 3953 2872 ab

2369 2898 2635 2953 indiserto
2695 2910 2919 2955 auctore
2984 2902 3345 2969 conscriptum
3406 2903 3607 2967 fuisse,
3673 2906 3766 2957 sed
3839 2920 3948 2957 non

2364 3002 2649 3060 propterea
2701 2996 3025 3049 auctoritate
3075 2997 3221 3049 oinni
3274 3010 3461 3050 carere
3500 2996 3678 3059 debet,
3713 3011 3833 3049 cum
3882 3000 3951 3051 ab

2366 3084 2584 3139 homine
2623 3095 2672 3139 et
2706 3088 3086 3156 antiquissimo
3130 3098 3181 3142 et
3215 3089 3539 3157 probissimo
3575 3088 3943 3155 conscriptum

2367 3172 2533 3229 fuisse
2567 3178 2835 3231 videatur.
2866 3180 2990 3234 Haec
3014 3183 3079 3235 de
3102 3182 3489 3236 commentario
3518 3197 3532 3234 :
3566 3196 3708 3235 nunc
3738 3182 3802 3236 de
3832 3180 3951 3248 ejus

685 3273 827 3325 enim
860 3274 902 3327 si
928 3275 1054 3341 quid
1083 3276 1370 3328 excidisset
1406 3276 1654 3343 imperito
1678 3276 1832 3327 alicui
1858 3275 2088 3338 notario,
2120 3272 2167 3325 id
2197 3287 2261 3325 ex

2369 3279 2587 3323 auctore
2619 3269 2884 3339 reliquum
2920 3282 3002 3325 est
3054 3282 3110 3326 ut
3149 3275 3411 3328 dicamus.
3459 3275 3596 3329 Sunt
3628 3275 3717 3341 qui
3753 3276 3947 3328 existi-

685 3364 911 3418 aliorum
953 3365 1170 3434 scriptis
1217 3366 1466 3433 supplere
1507 3380 1608 3418 non
1662 3365 1985 3418 verebantur
2027 3364 2255 3418 librarii.

684 3452 835 3518 Quod
864 3468 1039 3508 autem
1072 3455 1262 3509 attinet
1284 3458 1349 3510 ad
1384 3456 1622 3525 longiora
1649 3468 1834 3523 opera,
1872 3468 1991 3522 qua:
2025 3454 2092 3507 ab
2131 3456 2261 3523 ipsis

686 3544 995 3597 auctoribus
1026 3545 1416 3611 scribebantur,
1450 3559 1549 3598 nec
1579 3544 2075 3613 pronuntiabantur
2097 3544 2264 3615 publi-

690 3649 772 3699 ce,
808 3633 857 3686 in
896 3634 978 3687 his
1007 3648 1110 3688 non
1148 3636 1218 3687 ita
1251 3635 1416 3688 multa
1453 3651 1481 3688 a
1506 3634 1741 3688 librariis
1770 3637 1947 3689 addita
1978 3636 2145 3692 fuisse
2181 3638 2261 3692 itt-

685 3726 956 3780 vcnimus.
996 3724 1180 3796 Neque
1210 3742 1335 3781 vero
1362 3726 1576 3782 diflicile
1609 3737 1748 3790 erat,
1790 3742 1833 3780 sn
1868 3728 1996 3796 quid
2025 3730 2259 3781 additum

686 3816 899 3881 fuisset,
948 3816 1288 3870 librariorum
1344 3818 1521 3871 dolum
1573 3834 1636 3872 ac
1695 3816 1934 3871 fraudem
1989 3817 2258 3886 detegere,

686 3925 808 3961 cum
856 3922 1041 3961 eorum
1084 3910 1412 3977 exemplaria
1454 3925 1574 3963 cum
1612 3910 1962 3979 antographis
2012 3910 2261 3964 conferre

688 4001 881 4070 cuique
916 4000 1120 4055 liceret.
1164 3999 1451 4066 Praeterea,
1498 4011 1555 4056 ut
1602 4003 1730 4056 mihi
1776 4004 1991 4072 quidem
2028 4004 2259 4069 videtur,

688 4104 960 4155 nunquam
1010 4088 1248 4141 librariis
1307 4087 1358 4139 in
1411 4097 1642 4140 mentem
1684 4089 1922 4142 venisset
1963 4088 2177 4141 Eusebii
2207 4091 2261 4142 in

692 4178 930 4233 Psalmos
981 4180 1429 4236 commentarium
1467 4179 1777 4248 compilare.
1837 4178 1947 4232 Hoc
1982 4178 2122 4232 enim
2155 4195 2259 4233 non

690 4274 741 4325 in
765 4275 926 4327 alium
954 4274 1224 4337 convenit,
1251 4289 1410 4344 quam
1438 4272 1489 4325 in
1512 4273 1683 4342 ipsum
1710 4282 2008 4335 auctorem,
2033 4272 2257 4339 quicum

688 4364 955 4417 scribendi
1012 4364 1187 4433 inopia
1224 4363 1513 4425 laboraret,
1548 4363 1673 4417 hinc
1708 4364 1830 4418 inde
1862 4362 1929 4417 ad
1971 4360 2261 4415 conficien-

688 4462 812 4510 dntn
846 4457 1039 4510 librum
1074 4458 1381 4525 adiumenta
1420 4455 1715 4526 qumrebat.
1756 4455 2005 4509 Arbitror
2033 4452 2258 4523 proferri

2367 3368 2515 3413 ment
2540 3362 2915 3415 commentarii
2948 3363 3267 3431 scriptorem
3296 3364 3602 3432 episcopum
3636 3364 3830 3419 fuisse:
3854 3364 3948 3418 scd

2365 3451 2415 3504 id
2452 3468 2517 3505 ex
2546 3452 2691 3506 illius
2721 3454 2901 3509 verbis
2932 3454 3111 3524 colligi
3138 3465 3288 3508 certo
3314 3468 3471 3522 posse
3510 3469 3612 3508 non
3639 3465 3764 3521 puto
3798 3454 3945 3524 (pag.

2361 3542 2465 3594 M7
2500 3552 2554 3598 et
2586 3542 2731 3612 509).
2760 3544 2923 3599 Docet
2944 3546 3158 3615 quidem
3190 3546 3480 3616 aliquando
3510 3558 3568 3599 se
3594 3543 3773 3613 populi
3800 3546 3950 3613 prin-

2362 3634 2537 3703 cipem
2574 3650 2716 3700 esse,
2750 3651 2916 3704 seque
2962 3638 3011 3692 ei
3065 3637 3264 3708 prazfici
3304 3657 3316 3691 :
3355 3647 3410 3691 at
3441 3651 3543 3691 non
3574 3637 3813 3705 episcopi
3860 3651 3950 3690 so-

2362 3723 2495 3785 lum,
2522 3725 2614 3776 sed
2640 3726 2738 3792 ipsi
2762 3728 2922 3778 etiam
2962 3726 3260 3794 presbyteri
3286 3742 3381 3780 suo
3417 3729 3575 3780 mmlo
3600 3726 3770 3795 plebis
3798 3726 3951 3793 prin-

2364 3812 2509 3880 cipes
2536 3824 2681 3877 sunt,
2710 3814 2869 3880 eique
2898 3814 3283 3882 praaiicinutnr.
3319 3817 3575 3884 Equidem
3607 3833 3668 3871 ea
3694 3820 3759 3871 de
3784 3832 3842 3870 re
3870 3816 3952 3867 ni-

2365 3904 2441 3958 hil
2475 3904 2609 3958 certi
2642 3905 2801 3958 statui
2838 3904 3218 3973 possejudico,
3243 3909 3335 3959 sed
3379 3908 3506 3961 mihi
3545 3918 3722 3962 tamen
3758 3908 3950 3962 nescio

2363 3998 2635 4068 quomodo
2699 3997 3049 4052 verisimilius
3110 3998 3169 4050 fit
3236 3997 3381 4049 illum
3451 3998 3796 4069 interpretem
3842 4014 3948 4053 non

2363 4088 2525 4140 alium
2576 4102 2737 4156 quam
2791 4087 3090 4157 presbyteri
3132 4087 3356 4158 gradum
3400 4088 3718 4141 obtinuisse.
3763 4088 3952 4156 quue

2362 4177 2615 4231 libentius
2651 4177 2703 4230 in
2729 4180 2996 4232 sententia
3026 4194 3335 4247 permaneo,
3370 4179 3512 4247 quod
3537 4178 3731 4233 litteris
3755 4180 3945 4247 prodi~

2363 4279 2476 4324 tum
2514 4271 2585 4324 sit
2607 4271 2750 4324 hunc
2780 4272 3232 4327 commentarium
3255 4286 3284 4324 a
3312 4271 3513 4326 Basilio
3541 4272 3758 4342 quidem
3794 4286 3947 4325 cont-

2363 4363 2596 4431 positum
2626 4362 2815 4429 fuisse,
2837 4365 2929 4419 sed
2963 4373 3083 4433 post
3107 4363 3225 4427 eius
3254 4374 3481 4417 mortem
3516 4365 3818 4434 presbyteri
3846 4378 3948 4419 Cu~

2357 4451 2573 4522 jnsdam
2621 4467 2783 4522 Opera
2834 4456 2887 4507 in
2941 4453 3113 4507 lucem
3166 4452 3433 4523 prodiisse
3476 4453 3571 4522 (α).
3625 4451 3753 4505 Mihi
3795 4456 3944 4507 enim

687 4567 791 4604 non
831 4565 985 4619 posse
1008 4548 1151 4602 aliud
1174 4548 1337 4601 ullum
1368 4547 1670 4615 exemplum
1699 4547 1982 4610 scriptoris
2007 4546 2256 4613 alicujus,
2293 4580 2337 4633 Β
2362 4544 2853 4612 probabilissimnm
2879 4545 3111 4608 videtur,
3145 4546 3539 4615 presbyterum,
3570 4542 3660 4609 qni
3694 4544 3796 4598 hoc
3814 4558 3951 4613 Opus

687 4643 799 4710 qui,
831 4657 951 4694 cum
980 4640 1169 4695 Isaiam
1195 4639 1535 4709 interpretari
1560 4639 1737 4702 vellet,
1767 4639 1932 4692 multa
1955 4653 2019 4691 ex
2044 4638 2258 4692 Eusebii

687 4738 741 4788 in
780 4734 1021 4788 Psalmos
1067 4730 1458 4788 commentario
1499 4731 1811 4799 sumpserit.
1856 4729 1962 4785 Res
1992 4740 2079 4785 est
2117 4730 2259 4782 enim

690 4838 795 4880 tam
822 4842 980 4890 nova,
1027 4834 1083 4879 ut
1118 4825 1220 4878 nisi
1255 4826 1423 4879 oculis
1453 4825 1585 4894 ipsis
1611 4833 1944 4888 cerneretur,
1978 4824 2136 4877 fidem
2175 4822 2259 4874 vix

692 4920 931 4972 haberet.
970 4919 1031 4972 Et
1062 4916 1276 4987 quidem
1308 4915 1665 4987 Hieronymus
1710 4924 1763 4970 et
1799 4916 2112 4983 Proc0pius,
2147 4914 2258 4983 qui,

689 5025 811 5064 cuin
844 5006 1036 5064 Isaiam
1072 5012 1574 5078 interpretarentur,
1610 5018 1714 5061 tam
1745 5008 1910 5060 multa
1947 5021 2011 5060 ex
2046 5005 2261 5059 Eusebii

692 5106 743 5158 ia
775 5102 1023 5159 eumdem
1057 5104 1369 5171 prophetam
1415 5101 1805 5155 commentario
1856 5099 2080 5152 mutuati
2117 5107 2261 5163 sunt,

692 5210 868 5249 tamen
900 5210 964 5249 ne
986 5195 1290 5263 cogitarunt
1327 5193 1541 5260 quidem
1584 5190 1872 5259 quidquam
1924 5203 1989 5241 ex
2020 5188 2261 5254 ejusdem

692 5288 905 5344 Eusebii
940 5289 994 5341 in
1032 5286 1273 5342 Psalmos
1326 5284 1717 5340 commentario
1746 5281 1997 5335 mutuari.
2028 5280 2140 5335 Hoc
2174 5282 2264 5333 dc-

689 5383 847 5436 cebat
877 5378 1147 5434 hominem
1183 5380 1297 5447 qui,
1320 5393 1439 5431 cum
1463 5377 1528 5430 de
1552 5389 1649 5428 suo
1674 5373 1913 5427 scribere
1938 5371 2083 5426 nullo
2106 5370 2264 5425 modo

693 5481 895 5538 posset,
923 5481 975 5525 et
1012 5481 1189 5522 tamen
1232 5470 1471 5524 scribere
1514 5463 1856 5525 instituisset,
1896 5463 2085 5516 saltem
2129 5462 2265 5516 alio-

694 5580 811 5617 rum
843 5566 1041 5633 scripta
1079 5562 1434 5629 undecunque
1468 5558 1813 5626 eompilabat.
1858 5557 2017 5611 Certe
2047 5558 2263 5626 quidem

692 5654 822 5709 mihi
879 5654 1031 5709 facile
1078 5654 1238 5708 fuerit
1295 5654 1443 5721 plura
1492 5651 1693 5705 addere
1732 5648 1799 5702 ad
1852 5650 1989 5701 hanc
2027 5657 2263 5701 nostram

2363 4644 2579 4691 mortuo
2600 4635 2709 4703 iam
2738 4634 2938 4692 Basilio
2967 4638 3017 4691 in
3051 4637 3222 4689 lucem
3260 4637 3499 4691 edidisse
3529 4637 3727 4691 dicitur
3746 4677 3762 4702 ,
3790 4651 3947 4691 eum-

2366 4728 2484 4782 dem
2509 4742 2652 4791 esse,
2678 4728 2766 4796 qui
2789 4736 2842 4781 et
2873 4728 2999 4780 illud
3032 4726 3248 4797 proprio
3278 4737 3452 4782 marte
3482 4728 3843 4781 elucubravit.
3883 4725 3951 4779 lit

2367 4828 2425 4871 ut
2471 4819 2585 4873 hare
2634 4827 2782 4881 sunt,
2825 4818 3057 4871 dubitari
3108 4835 3213 4873 non
3256 4828 3430 4887 potest
3493 4817 3625 4887 quin
3692 4817 3947 4884 scriptor,

2368 4909 2613 4979 quisquis
2640 4920 2748 4975 est,
2773 4908 3028 4963 Basiliam
3054 4909 3108 4965 in
3132 4908 3399 4977 aliquibus
3427 4910 3628 4964 imitari
3655 4908 3947 4963 studuerit.

2368 5002 2564 5055 Notum
2603 5013 2685 5056 est
2734 5002 2877 5057 enim
2929 5003 3068 5057 hanc
3113 5000 3325 5055 dicendi
3374 5001 3682 5064 formulam,
3735 5001 3793 5052 ὲν
3839 5004 3950 5063 τοῖς

2372 5096 2624 5160 κατόπιν,
2665 5096 2863 5150 Basilio
2914 5110 3172 5165 perquam
3215 5094 3535 5151 familiarem
3563 5108 3683 5149 esse
3716 5111 3730 5147 :
3765 5108 3871 5162 qua
3898 5104 3951 5145 et

2371 5192 2461 5245 ille
2508 5188 2887 5245 commentarii
2947 5190 3181 5258 scriptor
3231 5189 3529 5258 saepissime
3595 5202 3726 5242 usus
3783 5186 3951 5240 fuisse

2365 5280 2715 5343 comperitur.
2749 5277 2858 5333 Nec
2888 5279 3317 5348 praetereundum
3346 5278 3582 5344 silentio,
3613 5278 3782 5332 videri
3818 5280 3947 5330 serio

2367 5386 2574 5445 plorem
2604 5372 2999 5441 Cappadociam
3040 5372 3269 5440 patriam
3302 5370 3575 5426 habuisse.
3618 5370 3750 5423 Nam
3780 5368 3950 5421 alicn-

2369 5466 2419 5519 bi
2454 5464 2631 5518 varias
2653 5472 2839 5533 gentes
2859 5476 3178 5515 enumerare
3201 5477 3321 5516 cum
3349 5462 3674 5516 instituisset
3697 5460 3774 5528 (p.
3798 5459 3945 5529 425),

2368 5556 2522 5623 quasi
2558 5551 2907 5621 popularibus
2941 5553 3053 5606 suis
3090 5552 3385 5620 gratificari
3436 5551 3617 5612 vellet,
3665 5546 3949 5621 Cappado-

2371 5648 2508 5697 ciam
2539 5644 2766 5709 pritnam
2806 5641 3071 5696 nominat.

767 5862 842 5925 (α)
893 5859 1031 5929 chc
1066 5860 1235 5914 Vitam
1278 5860 1454 5913 Basilii
1508 5875 1532 5909 a
1576 5856 1921 5911 Tilletnontio
1965 5854 2251 5909 vernacula
2300 5850 2477 5922 lingua
2510 5849 2791 5916 scriptam,
2832 5860 2951 5915 pag.
2983 5844 3103 5898 685.
