4212 6496
1336 435 1399 489 D.
1438 436 1582 492 JUL.
1630 432 1952 489 CARNERII
1995 428 2377 486 PREFATIO.

578 554 608 625 ᾗ
640 552 731 608 XI.
767 552 842 606 De
873 550 1017 605 libris
1046 549 1098 604 in
1130 548 1469 605 Eunouiium.

304 646 394 699 65.
436 645 693 715 Egregios
725 645 938 713 quidem
980 644 1035 695 in
1081 641 1400 695 Eunomium
1450 642 1613 695 libros
1646 658 1675 695 a
1704 642 1801 694 Ba—

233 739 357 790 silio
388 736 584 804 Magno
611 737 951 804 conscriptos
982 733 1168 798 fuisse,
1203 749 1323 787 cum
1359 751 1424 787 ex
1457 734 1682 788 aliorum
1716 750 1803 787 ve-

235 839 437 895 terum,
476 839 587 882 tum
632 844 697 882 ex
748 827 1055 897 Hieronymi
1099 826 1403 879 testimonio
1454 837 1634 879 notum
1677 835 1798 880 est:

232 922 331 974 sed
372 931 504 989 quot
534 920 601 973 ab
632 933 697 972 eo
725 919 851 971 editi
892 920 1038 979 sint,
1085 932 1255 985 neque
1294 917 1665 988 Hieronymus,
1708 932 1801 971 ne-

235 1028 341 1081 que
368 1015 511 1066 ullus
536 1012 671 1065 alius
695 1020 880 1065 auctor
905 1011 1128 1064 idoneus
1150 1010 1341 1063 litteris
1358 1012 1607 1078 prodidit.
1642 1010 1798 1075 Hinc,

238 1116 298 1159 ut
327 1107 407 1167 fit,
456 1114 590 1157 orta:
623 1113 747 1157 sunt
790 1104 1161 1157 contentiones
1203 1102 1342 1155 inter
1383 1104 1640 1165 eruditos,
1683 1103 1803 1157 aliis

240 1198 397 1251 aliam
445 1197 749 1265 opinionem
789 1195 1220 1249 defendentihus.
1272 1194 1403 1249 Pars
1441 1196 1651 1263 quidem
1699 1212 1805 1250 ma-

239 1289 383 1340 xima
418 1287 660 1355 vulgatos
705 1287 941 1355 quinque
980 1286 1150 1340 libros
1201 1288 1441 1340 tribuunt
1475 1286 1672 1340 Basilio
1704 1303 1803 1341 no.

240 1389 353 1431 stro
383 1396 397 1431 :
430 1378 524 1431 sed
563 1376 799 1431 nonnulli
834 1387 1007 1429 tamen
1029 1415 1045 1441 ,
1077 1376 1213 1428 inter
1241 1390 1375 1443 quos
1399 1376 1679 1429 Erasmum
1706 1393 1803 1431 nu-

3272 446 3461 489 εειιιι

1830 555 1876 609 Α
1907 558 2105 601 tantam
2128 561 2265 612 esse,
2290 556 2347 599 ut
2366 550 2408 599 si
2430 544 2659 599 Basilius
2679 545 2868 600 horum
2887 554 3074 600 auctor
3095 561 3215 602 esse
3231 548 3461 609 dicatur.

1903 654 2023 691 cum
2048 639 2128 692 sui
2156 638 2569 693 dissimillimum
2594 637 2754 692 fuisse
2770 647 3033 707 oporteat.
3058 638 3265 694 Etvero
3279 642 3465 703 verba,

1907 731 2093 791 dictio,
2134 731 2363 800 phrasis,
2407 740 2480 791 et,
2510 739 2568 782 ut
2596 732 2781 798 paucis
2808 731 3101 794 absolvam,
3131 734 3310 786 omnia
3337 746 3468 788 con-

1902 822 2116 889 spicuas
2147 837 2211 875 ac
2236 832 2416 875 certas
2443 821 2845 890 peregrinitatis
2871 831 3022 876 notas
3052 824 3307 878 videntur
3331 839 3468 893 prte-

1908 913 2068 967 ferre.
2107 911 2251 966 Nova
2284 924 2408 967 sunt
2442 915 2603 967 verba
2642 921 2695 965 et
2726 915 2863 981 apud
2890 913 3145 969 Basilium
3186 903 3469 979 inusitata,

1906 1020 2041 1059 nova
2076 1018 2290 1073 quoque
2334 1004 2585 1073 loquendi
2631 1018 2859 1073 genera;
2887 992 2962 1059 ἐι
2990 1006 3241 1062 universe
3266 1007 3467 1066 dicam.

1906 1106 2107 1149 tantam
2141 1111 2257 1150 esse
2287 1096 2653 1152 diversitatem
2681 1096 2929 1150 dictionis
2949 1136 2964 1160 ,
3011 1107 3069 1150 ut
3096 1098 3187 1167 qui
3216 1114 3332 1153 eam
3361 1115 3467 1154 non

1904 1190 2065 1251 videt,
2109 1188 2294 1258 lippiat
2327 1203 2545 1243 necesse
2581 1190 2672 1241 sit.
2708 1187 2838 1243 Nolo
2878 1189 3008 1242 mihi
3042 1189 3151 1243 cito
3175 1196 3467 1247 credatur:

1907 1280 2045 1332 malo
2070 1279 2407 1333 doctissimos
2425 1293 2667 1346 quosque
2685 1280 2831 1333 viros
2852 1280 3175 1347 eosdemque
3202 1284 3469 1337 acerrimo

1898 1369 2101 1439 judicio
2126 1370 2381 1437 prazditos
2408 1384 2502 1437 per
2523 1383 2580 1423 se
2607 1371 2843 1439 experiri
2887 1372 2938 1424 id
2976 1374 3115 1439 quod
3144 1372 3301 1427 dico:
3324 1377 3467 1442 quod

242 1484 454 1522 merare
500 1468 646 1530 licet,
700 1468 981 1521 adversam
1013 1469 1337 1521 sententiam
1369 1468 1439 1519 ita
1469 1477 1707 1533 tuentur,
1747 1480 1803 1524 ut
1904 1463 1946 1515 si
1999 1460 2258 1525 fecerint.
2300 1476 2457 1530 spero
2509 1475 2694 1515 omnes
2748 1462 2877 1515 mihi
2939 1463 3093 1517 facile
3129 1479 3464 1529 “sensuros

236 1560 282 1612 ei
322 1558 539 1627 quidem
579 1556 850 1610 ascribant
882 1566 990 1610 tres
1040 1558 1248 1623 priores
1283 1556 1447 1609 libros
1474 1595 1490 1620 ,
1546 1558 1639 1610 sed
1672 1559 1805 1613 duos
1905 1552 2039 1607 duos
2076 1552 2175 1606 hos
2202 1554 2269 1605 de
2298 1552 2490 1621 quibus
2517 1554 2698 1622 agilul'
2725 1553 2889 1607 libros
2914 1553 3117 1610 Basilio
3150 1556 3337 1627 Magno
3370 1560 3469 1612 tri-

237 1651 563 1719 posteriores
617 1648 716 1718 ipsi
773 1647 934 1703 tribui
1001 1648 1193 1703 debere
1252 1658 1465 1718 negent.
1536 1648 1807 1705 Dissident

1802 1692 1807 1705 ,
1906 1644 1993 1695 1›υἰ
2027 1643 2176 1697 nullo
2211 1644 2370 1697 modo
2407 1657 2581 1710 posse.
2611 1641 2730 1696 Jam
2773 1644 3007 1699 rationes
3038 1658 3093 1699 et
3128 1659 3465 1717 argumenta,

236 1755 451 1809 quoque
488 1740 629 1794 ίηιει-
667 1754 723 1794 se
758 1750 866 1794 ιηιη
912 1741 1116 1795 calamo
1144 1741 1311 1792 notati
1333 1779 1347 1801 ,
1382 1749 1493 1794 mm
1527 1744 1669 1811 typis
1715 1744 1807 1795 de.
1902 1734 2097 1801 quibus
2125 1733 2240 1787 haec
2281 1743 2466 1787 nostra
2503 1733 2736 1802 suspicio
2768 1736 2984 1801 nititur,
3018 1737 3070 1790 in
3101 1740 3334 1795 medium
3371 1744 3469 1797 ad-

236 1832 420 1901 scripti
458 1832 599 1885 libri.
633 1832 984 1887 Combelisius
1005 1832 1146 1885 enim
1179 1834 1231 1884 in
1269 1846 1369 1885 suo
1393 1831 1596 1885 Basilio
1627 1850 1801 1886 recenc
1833 1892 1869 1901 _

1833 1892 1869 1901 _
1904 1822 2101 1877 ducere
2151 1838 2329 1892 opera:
2380 1825 2610 1892 pretium
2655 1834 2755 1878 est.
2820 1825 3039 1896 Legenti
3097 1832 3222 1884 mihi
3269 1832 3466 1887 librum

234 1924 329 1977 sito
354 1962 370 1986 ,
432 1934 579 1977 tomo
602 1924 643 1977 ll
669 1965 685 1987 ,
735 1940 853 1994 pag.
882 1923 983 1985 27,
1016 1931 1197 1976 monet
1230 1924 1445 1975 ultimos
1472 1925 1603 1976 duos
1636 1925 1799 1977 libros

236 2014 285 2067 in
318 2029 426 2069 uno
454 2016 640 2069 codice
668 2014 833 2084 Regio
860 2014 1153 2069 desiderari
1196 2032 1207 2067 :
1243 2014 1495 2066 similiter
1527 2024 1583 2069 et
1610 2016 1661 2068 in
1683 2015 1798 2068 edi-

236 2112 377 2161 tione
400 2107 633 2169 Veneta,
680 2122 796 2176 qua:
825 2121 890 2159 ex
928 2104 1185 2174 Stephani
1222 2104 1367 2159 Sabii
1412 2105 1623 2160 ofﬁcina
1658 2122 1799 2161 anno

236 2198 372 2252 1535
405 2200 638 2266 prodiit,
665 2208 776 2251 tres
807 2206 1011 2251 tantum
1045 2199 1255 2265 priores
1302 2209 1518 2253 exsmre
1567 2209 1795 2253 constat.

233 2286 482 2342 Codicein
532 2300 672 2348 eum,
726 2286 777 2338 in
834 2301 963 2354 quo,
1016 2295 1151 2341 teste
1182 2285 1541 2352 Combeﬁsio,
1596 2288 1797 2341 exarati

232 2386 356 2430 sunt
385 2377 558 2431 solum
604 2374 812 2442 priores
860 2385 969 2430 tres
1017 2376 1177 2436 libri,
1231 2392 1335 2430 non
1389 2378 1564 2445 reperi
1612 2392 1710 2447 ego
1746 2377 1796 2430 in

231 2467 555 2521 bibliotheca
607 2465 768 2534 Regia
816 2470 959 2522 :sed
1010 2468 1313 2521 inciderunt
1368 2469 1419 2520 in
1471 2484 1662 2521 manus
1707 2468 1795 2521 alii

230 2572 321 2611 sex
374 2567 574 2626 praeter
603 2572 765 2611 unum
790 2556 1180 2618 Colhertinum,
1214 2557 1265 2609 in
1299 2557 1494 2627 quibus
1518 2558 1795 2621 omnibus,

230 2660 289 2703 ut
313 2663 503 2703 verum
552 2647 744 2715 fatear,
801 2648 852 2701 lii
904 2647 1144 2716 quinque
1199 2646 1320 2702 libri
1362 2648 1567 2717 pariter
1599 2649 1797 2704 Basilio

230 2740 424 2810 Magno
454 2740 780 2793 tribuuntur.
834 2737 1053 2793 Monere
1086 2740 1262 2809 juvat,
1296 2741 1521 2809 reperiri
1548 2742 1599 2795 in
1632 2743 1797 2812 Regio

226 2833 419 2900 quinto
464 2831 651 2886 codice
694 2830 849 2885 initio
883 2829 1006 2885 libri
1050 2833 1226 2901 quarti
1274 2842 1454 2885 notam
1484 2834 1793 2901 quamdam,

226 2934 390 2988 quam
446 2920 534 2973 hic
580 2920 995 2975 exscribendatn
1037 2922 1241 2975 censui.
1299 2922 1386 2974 Est
1436 2932 1612 2975 autem
1655 2923 1796 2992 ejus-

226 3011 413 3064 modi:
447 3011 555 3064 Καὶ
607 3012 730 3081 περὶ
787 3010 975 3064 τούτου
1024 3010 1117 3062 τοῦ
1168 3010 1323 3077 λόγου
1362 3012 1613 3083 διάφορος
1644 3012 1796 3084 παρὰ

229 3102 441 3167 πολλοῖς
481 3103 608 3169 δόξα.
651 3104 860 3173 κρατεῖ,
902 3100 1010 3154 τῶν
1061 3102 1157 3171 μὲν
1201 3100 1465 3170 λεγόντων
1504 3104 1665 3158 αὑτὸν
1700 3106 1794 3159 τοῦ

221 3192 384 3258 ἁγίου
444 3191 755 3252 Βασιλείου,
820 3187 923 3241 τῶν
975 3187 1032 3240 δὲ
1096 3188 1480 3258 ἀντιλεγόντων
1537 3192 1670 3261 μὲν,
1733 3195 1793 3246 οὐ

224 3281 677 3351 κατηγορούντων
696 3281 771 3345 δὲ,
796 3280 871 3344 ὥς
892 3298 945 3333 τι
964 3282 1303 3351 ἁπεμφαῖνον
1324 3283 1555 3353 ἔχοντος.
1590 3304 1608 3335 ι
1622 3285 1793 3339 Etiam

228 3374 293 3425 de
335 3373 438 3427 hoc
490 3372 626 3428 libro
684 3373 834 3427 multi
875 3374 1025 3427 varie
1079 3374 1319 3427 sentiunt
1368 3392 1382 3425 :
1436 3376 1524 3429 alii
1578 3377 1793 3445 quidem

226 3467 419 3521 dicunt
451 3464 603 3520 illum
653 3480 772 3521 esse
802 3466 972 3520 sancti
1004 3464 1220 3530 Basilii,
1262 3465 1350 3517 alii
1387 3478 1513 3518 vero
1559 3478 1791 3535 negant;

226 3558 320 3611 sed
359 3568 540 3610 tamen
566 3572 686 3611 eum
718 3572 822 3609 non
847 3556 1225 3621 condemnant,
1261 3555 1413 3625 quasi
1447 3556 1662 3611 absurdi
1699 3558 1794 3611 ali-

229 3647 355 3715 quid
392 3648 687 3699 contineat.
724 3664 742 3696 i
788 3645 864 3699 Ex
889 3647 1085 3715 quibus
1114 3647 1465 3717 intelligitur,
1499 3662 1602 3701 non
1629 3664 1791 3703 unam

226 3738 470 3791 omnium
506 3738 571 3790 de
604 3737 704 3791 hoc
747 3737 883 3793 libro
929 3736 1093 3793 fuisse
1126 3738 1447 3793 sententiam
1478 3739 1618 3808 apud
1649 3738 1795 3795 Grae-

226 3843 323 3882 cos
352 3844 369 3881 :
402 3826 496 3881 sed
540 3827 674 3883 alios
705 3829 846 3884 aliud
879 3831 1132 3886 sensisse.
1174 3830 1349 3886 Nolim
1380 3832 1591 3898 quidem
1627 3846 1690 3886 ex
1724 3832 1796 3887 si-

229 3917 449 3972 milibus
496 3919 640 3973 uotis
690 3921 903 3988 probari
959 3922 1141 3973 statim
1186 3921 1490 3989 opinionem
1536 3921 1792 3989 aliquam,

224 4020 319 4063 aut
370 4011 709 4079 improbari.-
740 4012 833 4065 sed
881 4025 975 4066 eas
1019 4020 1197 4065 tamen
1255 4026 1359 4065 non
1389 4011 1609 4064 omnino
1662 4026 1793 4065 cou-

227 4103 549 4158 temnendas
594 4116 714 4156 esse
750 4113 898 4171 puto.
958 4102 1169 4158 Etenim
1218 4103 1261 4158 si
1300 4102 1427 4157 nihil
1475 4102 1619 4156 aliud
1671 4103 1796 4158 inde

224 4193 632 4262 consequimur,
665 4203 811 4247 certe
847 4194 1074 4249 eruditis
1118 4194 1426 4249 hominibus
1479 4194 1555 4249 rei
1587 4194 1791 4249 exami-

224 4283 420 4338 nandae
468 4282 627 4337 datur
676 4284 910 4338 occasio.
976 4284 1330 4354 Percuperem
1382 4301 1485 4353 ego
1533 4285 1791 4353 ejusmodi

223 4376 584 4445 quaestionem
612 4376 901 4431 obscuram
934 4390 1065 4431 sane
1093 4384 1147 4432 et
1194 4376 1556 4445 perdidieilem
1585 4392 1649 4432 ea
1688 4393 1793 4446 qua

224 4482 326 4535 par
351 4477 436 4522 est
474 4466 744 4537 diligentia
784 4466 896 4537 jam
927 4467 1185 4533 agitatam
1232 4466 1399 4521 fuisse
1428 4470 1496 4522 ab
1524 4467 1793 4537 aliquibus

1833 1892 1873 1950 Β
1902 1921 2153 1980 quartum
2193 1914 2433 1967 occurrit
2489 1915 2719 1982 primum
2765 1892 3023 1983 particula
3065 1922 3150 1980 si,
3191 1937 3311 1990 qua:
3358 1934 3469 1978 taut

1901 2018 2041 2073 saepe
2066 2013 2255 2058 contra
2298 2019 2641 2059 communem
2682 2023 2836 2060 usum
2879 2008 3173 2078 repetitur,
3219 2023 3279 2065 ut
3326 2016 3469 2070 nulla

1903 2095 2015 2150 fere
2046 2095 2298 2162 periodus
2346 2095 2687 2163 inveniatur,
2735 2114 2854 2167 quae
2903 2100 3006 2156 hac
3041 2102 3226 2157 vocula
3266 2107 3312 2157 si
3360 2123 3469 2160 non

1902 2187 2137 2257 incipiat.
2172 2186 2239 2240 Et
2262 2197 2406 2244 certe
2433 2203 2497 2242 eo
2527 2190 2695 2259 magis
2720 2198 2827 2243 tam
2854 2190 3121 2263 frequenti
3147 2195 3304 2266 hujus
3319 2200 3468 2254 vocis

1903 2279 2219 2349 repetitione
2250 2278 2597 2345 offendebar,
2637 2282 2775 2349 quod
2803 2296 2870 2336 es
2900 2299 2961 2338 ea
3004 2286 3189 2341 brevia
3220 2293 3467 2358 quadam

1901 2383 2219 2440 argumenta
2262 2374 2565 2437 ducantur,
2611 2374 2744 2428 nihil
2795 2384 2887 2429 aut
2923 2378 3210 2445 exquisiti,
3248 2392 3343 2435 aut
3376 2398 3469 2435 va-

1900 2460 1993 2513 lidi
2024 2461 2312 2527 habentia,
2355 2472 2410 2518 et
2457 2480 2679 2533 prorsus
2711 2467 2927 2537 indigna
2952 2510 2968 2529 ,
3010 2485 3238 2539 quorttui
3279 2484 3469 2529 auctor

1902 2552 2117 2605 dicatur
2167 2562 2443 2607 oratorum
2493 2558 2970 2623 praestantissimus
3014 2561 3265 2619 Basilius.
3320 2564 3469 2621 Hanc

1900 2660 2085 2700 vocem
2117 2645 2405 2716 aliquoties
2434 2646 2677 2701 adhiberi
2703 2648 2834 2702 nihil
2865 2662 3044 2705 vetat:
3076 2656 3167 2707 sed
3198 2671 3316 2709 eam
3346 2673 3467 2725 pas-

1899 2736 1998 2789 sim
2052 2744 2107 2790 et
2163 2737 2405 2805 quolibet
2444 2737 2567 2793 loco
2601 2739 2668 2793 ad
2717 2740 3019 2797 satietatem
3058 2760 3229 2815 usque
3274 2750 3467 2817 repeti.

1897 2835 1953 2880 ut
1991 2826 2318 2895 optimorum
2373 2842 2714 2897 quorumque
2764 2833 3121 2901 scriptorum,
3176 2838 3248 2891 ita
3284 2838 3467 2893 Basilii

1896 2916 2227 2971 consuetudo
2260 2931 2364 2971 non
2416 2918 2645 2988 patitur.
2678 2918 2795 2973 Alia
2829 2923 3089 2978 orationis
3122 2927 3247 2980 vitia
3280 2945 3469 2997 perse—

1896 3006 1987 3075 qui
2017 3009 2196 3062 omnia
2227 3008 2443 3077 longum
2471 3024 2591 3064 cum
2619 3011 2715 3075 sit,
2748 3027 2915 3081 pauca
2944 3029 2975 3068 e
2998 3016 3199 3084 multis,
3232 3029 3289 3073 ut
3311 3023 3469 3089 quid-

1896 3112 1999 3164 que
2026 3111 2295 3159 occurret,
2322 3098 2677 3167 proferemus.
2696 3100 2818 3156 Hzec
2848 3103 3072 3174 legimus
3098 3123 3203 3163 non
3225 3110 3378 3181 longe
3400 3114 3468 3166 ab

1899 3186 2052 3239 initio
2076 3183 2153 3255 (p.
2178 3185 2303 3255 279)
2332 3205 2345 3239 :
2381 3186 2443 3239 Ει
2477 3186 2552 3257 μὴ
2578 3189 2879 3259 γεννήσεως
2903 3193 2964 3243 τὸ
2992 3194 3292 3261 μονογενὲς,
3330 3195 3467 3249 ἀλλὰ

1896 3272 1982 3326 διὰ
2011 3274 2069 3327 τὸ
2097 3274 2444 3345 ἀσύγκριτον,
2479 3276 2769 3345 μονογενὴς
2803 3279 2895 3332 καὶ
2940 3280 2968 3331 ὁ
3015 3280 3224 3351 Πατήρ.
3271 3282 3469 3352 Ἀσύγ-

1896 3382 2079 3439 κριῖος
2124 3368 2251 3435 γάρ.
2298 3385 2314 3413 ι
2344 3367 2398 3418 Si
2445 3366 2777 3434 unigenitum
2820 3372 3186 3439 generationis
3219 3388 3323 3428 non
3357 3386 3465 3437 est,

1895 3457 1992 3508 sed
2042 3470 2325 3525 propterea
2362 3460 2503 3526 quod
2555 3471 2637 3515 est
2686 3461 3466 3532 incomparabile,unigenitus

1896 3545 2056 3598 etiam
2075 3545 2231 3601 Pater
2254 3559 2390 3603 est.»
2424 3548 2549 3606 Scio
2579 3565 2728 3607 suam
2755 3552 2947 3621 cuique
2964 3553 3286 3607 sententiain
3310 3568 3461 3620 esse,

1894 3645 1951 3691 et
1978 3638 2111 3692 alios
2151 3639 2308 3694 aliter
2333 3644 2537 3696 sentire
2568 3643 2753 3696 solitos
2778 3658 2796 3696 :
2830 3652 2957 3712 puto
2986 3654 3169 3699 tamen
3194 3648 3468 3703 neminem

1896 3733 2129 3787 futurum
2153 3772 2168 3795 ,
2202 3734 2289 3800 qui
2327 3733 2375 3785 id
2423 3732 2673 3803 loquendi
2710 3751 2915 3804 genus,
2954 3736 3015 3788 El
3049 3737 3122 3807 μὴ
3158 3738 3467 3808 γεννήσεως

1894 3824 1953 3875 τὸ
1979 3822 2281 3893 μονογενὲς,
2318 3823 2642 3879 Basilianum
2670 3840 2791 3881 esse
2825 3826 2990 3880 dicat.
3037 3826 3205 3883 Paulo
3236 3840 3356 3899 post
3392 3832 3466 3885 ita

1898 3915 2091 3984 legitur
2116 3919 2193 3985 (p.
2210 3914 2337 3982 279)
2363 3910 2492 3967 εὮν
2513 3916 2619 3986 γὰρ
2638 3919 2666 3969 ὁ
2692 3916 3018 3989 δημιουργὸς
3034 3919 3093 3971 οὐ
3111 3920 3251 3974 κατὰ
3283 3922 3466 3990 φύσιν,

1897 4009 2013 4070 πῶς
2076 4008 2143 4059 τὰ
2193 4008 2663 4078 δημιουργηθέντα
2721 4011 2861 4063 κατὰ
2912 4009 3110 4078 φύσιν;
3170 4030 3188 4063 t
3227 4012 3467 4078 Quorum

1893 4100 2039 4155 enim
2080 4098 2331 4154 conditor
2380 4115 2487 4155 non
2528 4102 2822 4157 secundum
2872 4113 3119 4157 naturain
3164 4115 3286 4168 est,
3331 4120 3466 4175 quo-

1900 4190 2057 4245 modo
2090 4190 2305 4245 condita
2344 4193 2633 4245 secundum
2675 4203 2921 4247 naturam
2968 4195 3169 4249 erunt?
3201 4214 3221 4248 ι
3261 4196 3465 4262 Quibus

1892 4283 1950 4337 in
2006 4284 2181 4338 verbis
2226 4283 2413 4337 vitium
2458 4284 2636 4339 inesse
2707 4285 2922 4350 vident,
2969 4287 3196 4356 opinor,
3249 4302 3459 4343 omnes.

1893 4375 2143 4445 Scriptor
2175 4376 2341 4441 enim,
2369 4378 2414 4431 si
2454 4388 2599 4431 reete
2633 4378 2775 4446 l'oqui
2806 4378 3082 4445 voluisset,
3116 4389 3209 4435 aut
3236 4396 3334 4436 sua
3378 4381 3462 4436 fa-

1901 4468 2096 4522 miliari
2128 4470 2386 4538 particula
2416 4470 2466 4521 sl
2502 4469 2576 4522 uti
2609 4470 2889 4536 debuerat,
2918 4472 3019 4525 hoc
3043 4474 3234 4527 modo:
3260 4475 3321 4527 El
3350 4476 3458 4547 γὰρ

225 4558 359 4609 viris
390 4559 583 4610 harum
627 4574 809 4611 rerum
836 4559 1045 4628 peritis,
1077 4569 1131 4613 et
1151 4560 1341 4627 lingua:
1366 4557 1570 4614 Graecas
1606 4561 1787 4629 impri-
1820 4579 1873 4639 υ
1896 4562 1925 4613 ὁ
1947 4562 2291 4631 δημιουργός,
2318 4568 2424 4613 etc.
2468 4578 2486 4611 ι
2516 4559 2571 4614 Si
2603 4562 2744 4615 enim
2773 4563 3018 4618 conditor
3040 4579 3142 4619 non
3170 4568 3461 4621 secundum

226 4652 330 4703 uiis
356 4647 795 4716 intelligentibus,
828 4651 920 4721 qui
955 4650 1086 4706 mihi
1121 4664 1370 4721 tanquam
1405 4649 1460 4703 in
1494 4651 1639 4707 bivio
1671 4669 1792 4707 ver-

227 4740 369 4796 santi
409 4738 576 4793 duces
620 4750 801 4795 essent
840 4750 897 4796 et
954 4741 1196 4811 signiferi
1230 4761 1243 4796 :
1273 4742 1367 4798 sed
1414 4756 1522 4813 quo
1576 4746 1792 4811 gravius

226 4843 349 4890 erat
373 4842 777 4900 argumentum,
826 4846 893 4888 eo
940 4835 1112 4901 magis
1145 4834 1445 4903 neglectum
1486 4832 1656 4890 fuisse
1686 4836 1790 4890 diei

230 4935 429 4995 potest.
484 4921 635 4978 Nunc
672 4939 800 4996 ergo
838 4922 1104 4980 celebrem
1154 4924 1219 4978 de
1262 4926 1500 4994 quinque
1534 4926 1588 4978 in
1613 4925 1794 4978 Euno-

230 5019 396 5071 miam
452 5016 605 5071 libris
647 5018 995 5085 quaestionem
1032 5014 1337 5084 diligentius
1365 5018 1673 5071 examinare
1701 5030 1794 5070 co-

234 5110 433 5176 nabor;
470 5120 524 5164 et
555 5109 808 5180 quoniam
838 5110 892 5164 in
922 5126 981 5165 re
1010 5110 1102 5164 tali
1135 5108 1428 5178 quidquam
1455 5109 1795 5166 dissimulare

235 5213 340 5252 non
376 5200 526 5265 licet,
554 5199 725 5254 dicam
754 5198 970 5268 quidem
998 5200 1135 5255 bona
1168 5198 1271 5252 fide
1296 5200 1438 5266 quod
1466 5200 1662 5261 sentio,
1702 5202 1794 5255 sed

234 5291 349 5351 sic,
386 5299 445 5341 ut
476 5305 651 5344 meam
678 5289 1000 5344 sententiam
1056 5304 1348 5361 proponam
1394 5292 1605 5359 potius,
1635 5306 1795 5359 quam

234 5377 531 5447 proferam.

301 5468 392 5523 66.
421 5466 658 5523 Fatebor
681 5470 849 5540 igitur
882 5485 968 5525 me
993 5510 1007 5534 ,
1040 5486 1162 5525 cum
1194 5472 1409 5527 ultimos
1438 5474 1572 5529 duos
1597 5476 1652 5527 in
1685 5474 1795 5527 Eu-

236 5561 467 5613 sominm
516 5559 684 5614 libros
730 5563 997 5631 legerem,
1052 5562 1308 5618 incidisse
1352 5562 1433 5617 vel
1468 5565 1689 5619 invitum
1744 5567 1796 5619 in

235 5652 620 5719 suspicionem.
650 5653 1016 5708 Animadverti
1047 5656 1212 5718 enim,
1244 5658 1389 5725 quod
1413 5656 1523 5723 jam
1558 5660 1798 5713 animad-

236 5755 509 5799 verteram
552 5746 743 5809 multi,
774 5760 867 5799 eos
900 5763 928 5800 a
976 5748 1145 5802 tribus
1194 5750 1462 5817 prioribus
1500 5765 1696 5817 genere
1726 5753 1801 5806 di-

234 5838 388 5892 cendi
420 5850 585 5905 quam
616 5838 850 5891 maxime
878 5836 1093 5894 diﬂ‘erre
1113 5879 1129 5903 ,
1158 5853 1387 5909 eamque
1428 5840 1794 5897 diversitatem

1896 4662 2141 4704 naturam
2172 4662 2295 4716 est,
2329 4653 2597 4721 quomodo
2641 4655 2853 4708 condita
2885 4657 3177 4711 secundum
3214 4668 3460 4711 naturam

1886 4752 2050 4795 erunt
2071 4741 2095 4794 ἲ
2117 4750 2209 4795 aut
2228 4741 2273 4797 si
2300 4758 2434 4799 voce
2466 4737 2541 4797 ὧν
2575 4744 2650 4799 uti
2681 4745 2858 4807 vellet,
2898 4748 2978 4799 sic
3007 4747 3265 4814 scriptum
3298 4763 3462 4815 opor-

1898 4841 2114 4887 tuerat:
2147 4826 2251 4887 ’Ὦν
2277 4834 2385 4903 γὰρ
2416 4835 2445 4884 ό
2488 4834 2815 4906 δημιουργὸς
2857 4836 2917 4889 οὑ
2957 4835 3096 4890 κατὰ
3130 4836 3310 4904 φύσιν,
3346 4840 3463 4904 πῶς

1891 4922 2065 4978 ταῦτα
2092 4925 2231 4977 κατὰ
2258 4923 2447 4992 φύσινς
2487 4940 2505 4974 t
2528 4922 2761 4991 Quorum
2792 4927 2933 4981 enim
2968 4927 3216 4982 conditor
3249 4945 3351 4982 non
3374 4946 3461 4983 se-

1896 5016 2126 5069 cundum
2142 5026 2383 5068 naturam
2416 5026 2519 5082 est,
2537 5018 2802 5085 quomodo
2821 5034 2881 5073 ea
2896 5021 3187 5073 secundum
3212 5030 3461 5076 naturam

1893 5106 2235 5161 eruntiiSed
2261 5107 2362 5162 alia
2396 5124 2807 5178 prosequamur.
2840 5111 2910 5162 lta
2936 5110 3255 5180 igiturlibro
3275 5115 3463 5181 quinto

1890 5197 2129 5266 loquitur
2144 5200 2220 5270 (p.
2239 5200 2364 5271 300)
2397 5203 2492 5255 :Ol
2522 5204 2641 5270 ἐμοὶ
2657 5202 2801 5269 λόγοι
2820 5242 2835 5265 ,
2867 5202 3116 5275 Σολομὼν
3145 5221 3327 5273 φησιν,
3359 5205 3465 5259 ὑπὸ

1890 5290 2029 5345 Θεοῦ
2051 5295 2314 5364 εἴρηνται.
2338 5296 2445 5347 Καὶ
2465 5296 2492 5345 ὁ
2508 5292 2737 5356 Παῦλος,
2762 5295 2865 5347 ὑπὸ
2886 5295 3120 5367 Χριστοῦ
3141 5311 3154 5325 ’
3188 5296 3331 5357 ἐπεί,
3355 5309 3461 5352 etc.

1900 5400 1921 5432 ι
1946 5382 2238 5438 Sermones
2280 5386 2380 5438 mei
2408 5424 2422 5447 ,
2451 5384 2625 5451 inquit
2648 5384 2923 5446 Salomon.
2950 5386 3076 5439 dicti
3106 5398 3235 5443 sunt
3268 5404 3296 5439 a
3328 5388 3459 5442 Deo.

1899 5474 1963 5527 Et
1990 5473 2206 5537 Paulus,
2235 5476 2279 5528 Α
2306 5476 2543 5531 Christo.
2575 5495 2594 5527 ι
2626 5476 2804 5531 Potuit
2830 5491 2961 5531 sane
2983 5486 3091 5531 tam
3122 5479 3301 5548 inepte
3332 5490 3463 5533 tam-

1897 5581 2000 5633 que
2047 5568 2272 5622 absurde
2322 5568 2465 5637 loqui
2519 5571 2748 5638 scriptor
2782 5570 2978 5625 inlimte
3026 5581 3185 5634 notae,
3230 5573 3321 5625 sed
3356 5588 3459 5624 non

1899 5673 2123 5728 magnus
2162 5660 2250 5712 ille
2281 5659 2538 5723 Basilius,
2574 5661 2684 5728 qui,
2722 5659 2765 5712 si
2789 5660 3091 5729 eloquentia
3135 5676 3239 5713 non
3272 5675 3467 5715 omnes

1898 5752 2191 5818 superavit.
2227 5763 2371 5805 certe
2399 5767 2428 5802 a
2463 5751 2609 5804 nullo
2644 5766 2874 5819 unquam
2907 5761 3191 5819 superatus
3218 5763 3318 5807 est.
3353 5752 3459 5805 Nec

1900 5842 2119 5897 meliora
2163 5854 2289 5911 puto
2334 5842 2441 5907 illa,
2487 5858 2605 5911 quae
2640 5858 2743 5898 non
2781 5846 2849 5896 ita
2886 5843 3050 5896 multo
3083 5844 3218 5898 infra
3272 5845 3462 5915 legun-
