4212 6496
741 430 955 473 CCXXXII

2092 407 2605 466 PROLEGOMENA

744 544 830 589 tur
858 528 1073 603 (p.506)
1095 547 1108 582 :
1132 526 1356 600 Εἴρηται
1376 526 1567 590 ταῦτα,
1600 527 1693 580 καὶ
1708 527 1823 579 ἐστι
1854 526 2057 591 καλῶς,
2084 526 2158 591 ὡς
2182 527 2314 595 ἔστι,
2348 535 2392 592 Α

2348 535 2392 592 Α
2419 538 2711 599 ganterque
2733 546 2794 587 ac
2831 534 3052 602 copiose
3082 534 3359 603 probasset
3385 548 3566 588 vocem
3606 554 3624 588 ι
3662 537 3936 609 ingenitus
3963 559 3984 594 s

741 623 856 684 τοῖς
902 618 1244 691 ἀπεριέργως
1299 617 1647 671 πιστεύουσιν
1684 619 1763 681 είς
1804 616 1967 682 Θεόν,
2005 628 2110 671 etc.
2158 620 2317 674 «11ωο

744 717 885 771 dicta
915 722 1061 779 sunt,
1093 721 1148 766 et
1186 724 1309 765 sunt
1343 720 1509 777 recte,
1547 712 1705 766 sicuti
1758 720 1906 778 sunt,
1944 710 2033 776 iis,
2084 711 2172 779 qui
2202 711 2317 765 sine

745 804 956 861 curiosa
988 804 1405 874 investigatione
1438 803 1663 857 credunt
1697 803 1748 855 in
1786 803 1973 867 Deum,
2000 820 2019 854 ι
2057 812 2163 857 etc.
2196 801 2317 858 llaec

747 903 892 959 enim
918 917 1043 957 cum
1071 902 1207 971 lego,
1236 900 1535 955 Graculum
1564 900 1948 955 balbutientem
1978 901 2168 954 audire
2190 899 2315 954 mibi

750 995 956 1050 videor.
980 993 1133 1047 Libet
1156 992 1355 1046 referre
1391 1003 1446 1047 ct
1489 991 1599 1057 illa,
1639 1008 1757 1061 qua:
1793 1006 1912 1046 mox
1930 1000 2223 1060 sequuntur
2242 990 2314 1059 (p.

750 1086 876 1149 508)
900 1104 912 1138 :
931 1082 1089 1137 Ἀλλὰ
1105 1084 1194 1138 καὶ
1216 1082 1290 1153 τῷ
1306 1082 1459 1136 ὕδατι
1493 1082 1934 1155 συναριθμεῖσθαι
1952 1083 2083 1137 αὐτὸ
2098 1083 2223 1155 φῂς,
2246 1082 2319 1147 ὡς

749 1178 850 1250 τῆς
877 1176 1102 1240 κτίσεως
1128 1175 1206 1229 ὃν.
1250 1193 1269 1227 ι
1300 1176 1405 1230 Sed
1430 1184 1625 1231 etcum
1658 1192 1793 1247 aqua
1822 1179 1959 1234 dicis
1979 1193 2103 1233 eum
2134 1194 2319 1233 nume.-

751 1269 861 1325 rari
910 1278 1166 1340 tanquam
1218 1268 1307 1335 qui
1355 1277 1616 1322 creatura:
1670 1270 1758 1323 sit.
1792 1286 1812 1322 ι
1865 1268 2208 1341 Interpretari
2253 1269 2318 1321 ad

749 1360 972 1415 verbum
1031 1360 1203 1424 volui,
1269 1368 1327 1418 ιιι
1368 1360 1632 1416 sermonis
1678 1360 2074 1416 ittconcinuitas
2116 1361 2319 1430 asperi-

750 1462 940 1522 tasque
966 1452 1222 1507 lectorem
1258 1450 1426 1519 magis
1462 1459 1692 1507 moveat.
1744 1449 1876 1505 Nam
1908 1452 2081 1507 libens
2112 1466 2319 1521 quaere-

752 1560 863 1600 rcm
898 1544 1024 1613 quid
1050 1542 1149 1597 sibi
1176 1542 1305 1597 velit
1335 1541 1486 1607 illud,
1527 1541 1614 1606 Ὠς
1645 1541 1743 1613 τῆς
1774 1542 2002 1606 κτίσεως
2030 1542 2109 1607 ὃν,
2149 1560 2168 1594 s
2208 1552 2321 1595 tau-

750 1647 913 1705 quam
949 1630 1038 1703 qui
1066 1640 1332 1687 creatura:
1372 1632 1476 1685 sit:
1504 1649 1522 1683 ι
1556 1640 1647 1684 aut
1693 1632 1871 1701 potius
1903 1647 2217 1702 quaererem,
2249 1649 2315 1687 an

750 1728 1012 1785 barbarus
1055 1736 1148 1781 aut
1181 1725 1382 1797 Scytha
1410 1726 1780 1781 inconeinuius
1815 1743 2047 1797 unquam
2071 1738 2125 1782 et
2154 1726 2316 1782 inele-

750 1820 965 1891 guntius
992 1819 1204 1874 locutus
1232 1819 1322 1873 sit.

820 1912 909 1966 67.
947 1912 1234 1967 Auctorem
1283 1908 1422 1964 male
1464 1908 1771 1978 loquentem
1820 1908 2081 1964 hactenus
2111 1908 2313 1964 audivi-

752 2021 873 2059 mus
904 2020 918 2058 :
953 2018 1094 2057 nunc
1124 2002 1371 2056 eumdem
1397 2000 1551 2071 pejus
1582 2000 1990 2055 ratiocinantem
2020 2004 2318 2058 audiamus.

749 2099 824 2152 ιιει
880 2098 1042 2168 igitur
1091 2096 1359 2165 loquitur,
1420 2094 1506 2147 ubi
1562 2092 1798 2148 ostendit
1829 2105 2015 2147 vocem
2063 2092 2319 2162 ingenitus

750 2187 1109 2243 substantiam
1152 2186 1321 2254 ipsam
1370 2198 1478 2237 non
1526 2197 1683 2248 esse,
1726 2182 1819 2237 sed
1855 2198 2020 2237 unum
2051 2183 2318 2252 quoddam

750 2297 818 2334 ex
853 2278 1194 2343 nominibus,
1253 2290 1345 2331 seu
1392 2274 1608 2330 modum
1658 2276 1943 2343 quemdam
1990 2275 2317 2329 essistendi:

749 2373 867 2427 Είό
896 2370 1077 2442 γνοὺς,
1110 2369 1192 2423 ὅτι
1227 2366 1517 2439 ἀγέννητὸς
1569 2367 1717 2418 ἔστιν
1767 2368 1796 2419 6
1840 2365 1991 2429 Θεὸς,
2037 2365 2065 2418 ὅ
2109 2364 2162 2418 τι
2194 2366 2323 2417 ποτέ

749 2464 899 2517 εστιν
922 2462 951 2513 ὁ
975 2459 1105 2523 Θεὸς
1136 2456 1379 2529 ἀκριϐῶς
1410 2455 1581 2524 ἔγνω,
1612 2451 1796 2526 μεῖζον
1822 2454 1878 2509 δὲ
1904 2455 2055 2508 οὐδέν
2086 2456 2199 2509 ἐστι
2230 2454 2321 2507 τοῦ

750 2556 840 2609 τὸν
869 2552 1001 2607 Θεὸν
1031 2550 1170 2605 κατὰ
1208 2551 1306 2621 τὴν
1352 2548 1516 2603 αὑτοῦ
1559 2548 1717 2619 φύσιν
1763 2548 1963 2619 γνῶναι
1984 2588 1999 2613 ,
2034 2548 2150 2603 ἀλλ’
2183 2548 2323 2619 αὕτη

748 2648 898 2705 ιιι-τὶν
935 2648 969 2717 ἡ
1002 2642 1217 2709 αἰώνιος
1246 2642 1357 2715 ζωή
1382 2660 1395 2673 ·
1426 2645 1453 2696 6
1485 2642 1700 2707 διδάξας
1727 2643 1895 2713 ἡμᾶς.
1926 2642 2006 2695 ὅτι
2032 2641 2323 2712 ἀγέννητός

750 2742 898 2796 aestv
929 2738 960 2790 6
991 2736 1144 2799 Θεὸς,
1193 2732 1393 2806 μείζων
1428 2733 1779 2807 εὑρεθήσεται
1818 2726 1890 2787 ὧν
1932 2734 1960 2787 6
2000 2732 2129 2799 Θεὸς
2172 2734 2323 2806 ὴτοί-

753 2848 894 2906 μασι
919 2830 1033 2893 τοῖς
1068 2828 1354 2897 ἀγαπῶσιν
1401 2826 1583 2882 αὐτόν.
1629 2826 1879 2881 Ἐκείνων
1907 2828 2013 2899 γὰρ
2040 2828 2189 2882 οὐδὲν
2228 2828 2322 2882 δυ-

752 2928 910 2983 νατὸν
936 2925 1219 2998 ἄνθρωπον
1251 2924 1379 2979 ὄντα
1406 2922 1609 2993 γνῶναι
1628 2941 1640 2953 ·
1683 2916 1758 2975 ὧν
1797 2921 1919 2975 οὔτε
1947 2921 2218 2991 ὀφθαλμός
2243 2937 2325 2983 τις

752 3013 915 3082 εἶδεν,
950 3013 1073 3068 οὔτε
1098 3010 1189 3078 οὖς
1220 3015 1473 3084 ἧκουσεν,
1508 3011 1631 3064 οὔτε
1663 3011 1755 3064 ἐπὶ
1782 3010 2008 3082 καρδίαν
2037 3009 2324 3083 ἀνθρώπου

753 3108 941 3178 ἀνέϐη.
980 3106 1140 3160 Ἀλλὰ
1166 3107 1272 3177 μὴν
1298 3104 1393 3157 καὶ
1414 3102 1728 3177 ἁμαρτωλοὶ
1750 3104 1810 3158 τὸ
1836 3104 2129 3176 ἁγέννητος
2155 3104 2323 3175 ὁνομα

756 3201 1015 3271 ἥκουσαν.
1037 3197 1109 3251 Τὸ
1132 3194 1314 3269 μεῖζον
1334 3192 1428 3249 οὖν
1446 3196 1480 3266 ἦ
1496 3196 1562 3249 δι’
1586 3195 1777 3249 ἑαυτοῦ
1792 3196 1824 3265 ἢ
1839 3195 1904 3249 δι’
1924 3195 2109 3265 ἑτέρου
2135 3196 2163 3246 6
2193 3195 2324 3259 Θεὸς

756 3291 881 3352 τοὺς
903 3288 1259 3359 ἁμαρτωλοὺς
1274 3285 1511 3350 διδάξας,
1529 3286 1591 3337 τὸ
1604 3278 1764 3356 ἦττον
1794 3285 1885 3336 καὶ
1904 3284 2069 3355 μηδὲν
2087 3284 2167 3349 εις
2180 3283 2323 3357 ζωὴν

755 3379 971 3437 αἰώνιον
1010 3378 1293 3432 συντελοῦν
1336 3380 1448 3442 τοῖς
1480 3376 1707 3441 δικαίοις
1752 3376 2001 3448 ἐφύλαξε.
2050 3377 2161 3432 Καὶ
2206 3377 2322 3441 πῶς

756 3473 855 3527 οὐκ
878 3471 1108 3538 ἄτοπονς
1148 3489 1167 3525 s
1191 3468 1249 3527 Si
1276 3469 1323 3527 is
1354 3469 1449 3539 qui
1478 3469 1731 3539 cognovit
1764 3468 1930 3525 Deum
1954 3482 2073 3525 esse
2114 3468 2321 3540 ingeni-

760 3578 897 3631 tum,
929 3563 1057 3632 quid
1092 3563 1305 3617 tandem
1334 3561 1408 3618 sit
1444 3559 1585 3617 Deus
1618 3568 1872 3615 accurate
1903 3558 2176 3632 cognovit,
2204 3573 2323 3614 rur-

760 3670 853 3711 sus
902 3654 948 3709 si
990 3652 1120 3707 nihil
1152 3649 1324 3719 majus
1345 3659 1429 3707 est
1454 3664 1614 3721 quam
1648 3650 1813 3705 Deum
1852 3650 2143 3705 secundum
2172 3658 2323 3703 natu-

758 3762 876 3803 ram
900 3744 1068 3817 ipsius
1093 3754 1441 3812 cognoscere,
1476 3739 1587 3794 imo
1612 3740 1658 3794 si
1690 3740 1804 3794 tunc
1832 3749 1916 3794 est
1945 3742 2051 3793 vita
2084 3749 2318 3793 aeterna:

760 3839 852 3911 qui
898 3852 997 3894 nos
1036 3834 1219 3891 docuit
1257 3831 1551 3904 ingenitum
1579 3842 1700 3887 esse
1735 3829 1899 3884 Deum
1921 3867 1937 3893 ,
1972 3828 2017 3884 is
2048 3827 2217 3896 major
2244 3828 2325 3881 in-

758 3929 1004 3986 venietur
1061 3928 1129 3984 iis
1180 3942 1301 3998 quas
1361 3925 1501 3981 Deus
1554 3923 1897 3995 diligentibus
1956 3923 2129 3991 ipsum
2188 3935 2325 3991 pra:-

756 4023 987 4093 paravit.
1029 4020 1160 4075 Nam
1208 4019 1324 4074 ﬁeri
1372 4033 1475 4073 non
1526 4027 1700 4087 potest
1745 4027 1804 4073 ut
1841 4020 2002 4073 homo
2030 4015 2322 4088 quidquam

758 4120 1045 4185 cognoscat
1101 4124 1307 4176 eorum,
1356 4124 1473 4180 quas
1525 4122 1625 4164 nec
1657 4108 1847 4163 oculus
1874 4108 2026 4173 vidit,
2075 4123 2176 4165 nec
2224 4123 2325 4165 au-

758 4208 837 4261 ris
896 4203 1135 4266 audivit,
1185 4218 1306 4274 quas
1353 4217 1453 4258 nec
1500 4199 1556 4255 in
1616 4214 1711 4256 cor
1778 4197 2014 4254 hominis
2062 4200 2323 4255 ascende-

759 4306 886 4355 runt
916 4296 983 4351 “.
1034 4295 1193 4363 Atqui
1241 4302 1550 4364 peccatores
1595 4291 1758 4345 etiam
1812 4300 2005 4344 nomen
2059 4288 2326 4356 ingenitus

761 4389 1033 4444 audivere.
1091 4387 1242 4453 Quod
1293 4386 1456 4455 igitur
1504 4382 1677 4450 majus
1726 4390 1829 4449 est,
1886 4381 1938 4435 id
1998 4388 2091 4432 aut
2136 4392 2231 4449 per
2267 4392 2327 4433 se

762 4480 936 4549 ipsum
969 4482 1063 4531 aut
1090 4487 1186 4545 per
1216 4474 1379 4527 alium
1414 4472 1554 4529 Deus
1580 4482 1892 4542 peccatores
1922 4470 2103 4526 docuit
2136 4483 2151 4522 :
2184 4467 2325 4539 quod

2420 622 2781 678 substantiam
2818 625 2989 694 ipsam
3034 639 3141 680 non
3197 639 3335 691 esse,
3382 627 3477 681 sed
3514 625 3726 697 aliquod
3759 645 3986 697 nomen,

2418 720 2601 782 postea
2645 714 2709 768 de
2749 715 2935 769 eodem
2981 726 3299 786 argumento
3330 716 3383 770 in
3432 716 3569 772 libro
3604 731 3796 787 quarto
3839 725 3986 778 scri-

2415 806 2613 875 psisset
2662 807 2889 864 obscure
2935 820 3096 879 atque
3132 808 3501 880 ineleganter?
3536 810 3641 864 Sed
3693 827 3800 867 non
3844 829 3986 884 opus

2416 906 2498 952 est
2519 898 2720 952 nostris
2746 900 2947 967 verbis,
2981 899 3379 955 utostendatur
3396 916 3581 955 eorum
3617 917 3736 971 qua:
3762 904 3813 957 in
3841 906 3987 961 libro

2417 989 2592 1056 primo
2622 999 2675 1044 et
2712 1001 2906 1058 quarto
2937 993 3184 1062 leguntur
3208 1006 3311 1045 non
3337 1006 3500 1045 unum
3522 999 3574 1045 et
3602 993 3847 1047 eumdem
3883 1010 3982 1049 au-

2418 1089 2622 1133 ctorem
2656 1096 2817 1136 esse:
2858 1085 2952 1136 sed
2989 1084 3121 1138 satis
3167 1093 3273 1148 est,
3306 1082 3351 1138 si
3396 1082 3530 1136 alter
3562 1082 3711 1139 locus
3738 1100 3861 1139 cum
3905 1085 3988 1139 al-

2420 1181 2535 1226 tero
2560 1181 2921 1241 comparetur.
2950 1172 3081 1227 Nam
3125 1174 3525 1230 eruditissimus
3564 1176 3793 1243 quisque
3824 1184 3885 1231 ut
3928 1177 3986 1231 in

2419 1266 2589 1333 primo
2624 1265 2762 1319 libro
2801 1264 3097 1320 masculum
3148 1264 3416 1337 quoddam
3449 1266 3659 1322 dicendi
3698 1282 3866 1337 genus
3890 1268 3991 1322 mi-

2420 1358 2647 1424 rabitur,
2697 1358 2768 1411 ita
2811 1357 2866 1413 in
2895 1365 3091 1428 quarto
3119 1358 3323 1414 debiles
3352 1359 3612 1429 quasdam
3654 1358 3989 1415 ratiunculas

2421 1452 2544 1509 huic
2591 1453 2841 1524 scriptori
2898 1452 3293 1523 perfamiliares
3346 1453 3609 1509 fastidiet.
3634 1452 3801 1508 Paulo
3842 1454 3986 1508 infra

2419 1562 2541 1600 eum
2592 1562 2747 1616 quem
2797 1548 2957 1603 citavi
3007 1546 3206 1613 locum,
3262 1548 3514 1620 leguntur
3554 1548 3643 1603 illa
3700 1548 3775 1617 (p.
3806 1547 3985 1618 286):

2420 1640 2481 1693 El
2510 1638 2765 1694 ἐλάττονα
2786 1644 2813 1695 6
2840 1640 2971 1704 Θεὸς
3002 1641 3350 1711 δημιουργεῖν
3370 1642 3469 1694 οὐκ
3499 1640 3732 1711 ἠδύνατο
3751 1640 3844 1693 τοῦ
3863 1638 3990 1703 ἐνὸς

2420 1730 2571 1795 Υίοῦ,
2601 1731 2689 1785 διὰ
2717 1731 2775 1784 τὸ
2807 1731 2880 1803 μὴ
2912 1730 3230 1802 πεφυκέναι,
3271 1730 3390 1784 οὐδὲ
3428 1732 3455 1784 6
3494 1731 3622 1795 Υἱὸς
3655 1732 3762 1802 ἄρα
3792 1730 3987 1801 διάφο-

2423 1841 2491 1895 ρα
2533 1823 2945 1895 δημιουργήσει,
2998 1824 3134 1880 ἀλλὰ
3165 1822 3225 1878 ἐν
3266 1840 3335 1876 τι.
3377 1841 3395 1875 ι
3442 1823 3499 1877 Si
3541 1823 3680 1879 Deus
3720 1822 3986 1893 pauciora

2423 1931 2529 1971 uno
2562 1915 2699 1971 Filio
2744 1917 2977 1973 condere
3009 1933 3115 1972 non
3158 1925 3406 1987 poterat,
3443 1916 3585 1986 quod
3630 1926 3834 1971 natura
3869 1929 3989 1971 sua

2423 2022 2528 2063 non
2566 2006 2858 2063 convenit:
2898 2006 3061 2077 igitur
3094 2024 3192 2065 nec
3222 2009 3393 2065 Filius
3414 2010 3608 2064 condet
3637 2007 3987 2073 diversa,sed

2421 2110 2584 2150 unum
2630 2096 2780 2167 quid.
2826 2114 2845 2149 ι
2892 2094 3018 2151 Ηωε
3058 2101 3333 2166 quomodo
3380 2099 3521 2153 inter
3552 2112 3609 2152 se
3652 2095 3985 2157 cohaereant,

2422 2188 2559 2244 alius
2601 2190 2819 2245 viderit.
2875 2187 2971 2244 His
3023 2190 3341 2261 suijungam
3387 2192 3475 2246 illa
3520 2190 3596 2263 (p.
3638 2188 3765 2259 291)
3794 2206 3807 2241 :
3835 2188 3901 2242 ει
3928 2186 3994 2241 τὸ

2422 2280 2634 2351 θέλημα
2675 2279 2769 2333 τοῦ
2812 2280 3025 2353 Πατρός
3066 2282 3200 2347 ἐστι,
3227 2282 3287 2336 τὸ
3310 2283 3580 2337 πιστεύειν
3617 2282 3765 2354 ἡμᾶς
3790 2281 3873 2345 είς
3895 2279 3991 2335 τὸν

2424 2372 2552 2427 Υίὸν
2583 2372 2746 2427 αὑτοῦ
2786 2374 2991 2446 (Τοῦτο
3032 2373 3143 2445 γάρ
3187 2374 3317 2428 ἐστι
3353 2374 3419 2428 τὸ
3454 2375 3680 2445 θέλημα
3712 2374 3817 2429 τοῦ
3843 2373 3993 2444 πέμ-

2422 2464 2654 2532 ψαντός
2671 2483 2766 2535 με,
2801 2467 2901 2521 ἵνα
2942 2465 3061 2534 πᾶς
3092 2468 3125 2520 d
3158 2462 3390 2535 θεωρῶν
3418 2466 3524 2519 τὸν
3569 2468 3721 2531 Υιὸν,
3764 2466 3863 2521 καὶ
3894 2481 3990 2519 πι-

2422 2541 2653 2611 στεύων
2680 2560 2765 2623 είς
2794 2557 2997 2625 αὐτὸν,
3033 2556 3144 2627 ἔχῃ
3173 2555 3326 2625 ζωὴν
3353 2554 3635 2622 ιιίώνιον),
3675 2557 3775 2611 οὐκ
3807 2558 3873 2611 ὲκ
3902 2554 3993 2609 θε⁶

2423 2648 2663 2719 λήματος
2694 2650 2721 2701 6
2750 2648 2894 2713 Υἱὸς,
2940 2650 3060 2703 ἐπεὶ
3104 2650 3163 2703 τὸ
3206 2649 3481 2705 πιστεύειν
3512 2652 3659 2723 ἡμᾶς
3683 2651 3761 2715 είς
3800 2649 3992 2715 αὐτὸν,

2422 2740 2455 2812 ἢ
2491 2741 2588 2797 σὺν
2613 2737 2781 2810 αὐτῷ,
2812 2738 2845 2809 ἢ
2872 2739 2978 2809 πρὸ
3004 2739 3168 2792 αὑτοῦ
3214 2741 3545 2810 εὑρίσκεται.
3589 2760 3608 2793 ι
3645 2740 3701 2795 Si
3735 2741 3993 2795 voluntas

2424 2832 2598 2889 Patris
2631 2841 2735 2898 est,
2770 2840 2829 2885 ut
2869 2845 2967 2887 nos
3000 2831 3051 2884 in
3096 2830 3215 2900 ejus
3256 2830 3450 2886 Filium
3508 2834 3797 2888 credamus
3836 2828 3995 2900 (Ηιτε

2423 2934 2495 2978 est
2518 2925 2653 2978 enim
2675 2923 2917 2979 voluntas
2950 2921 3067 2991 ejus
3092 2922 3179 2990 qui
3209 2936 3290 2973 me
3320 2922 3483 2985 misit,
3509 2932 3565 2975 ιιι
3590 2922 3757 2974 omnis
3786 2922 3876 2990 qui
3925 2922 3993 2975 tti-

2421 3017 2504 3071 det
2542 3014 2777 3081 Filium,
2815 3025 2861 3069 et
2885 3014 3052 3069 credit
3079 3015 3133 3068 in
3167 3014 3363 3083 ipsum,
3406 3012 3590 3066 habent
3631 3014 3791 3066 vitam
3836 3020 3986 3065 mter-

2424 3108 2644 3179 nam"),
2689 3121 2794 3162 non
2844 3114 3024 3161 tamen
3063 3116 3145 3162 est
3172 3120 3238 3161 ex
3265 3105 3540 3161 voluntate
3564 3104 3992 3175 Filius:quippe

2352 3237 2393 3293 Ο
2426 3199 2647 3253 credere
2673 3212 2772 3251 nos
2804 3196 2858 3250 in
2888 3197 3085 3266 ipsum,
3115 3210 3206 3253 aut
3234 3214 3354 3253 cum
3387 3199 3520 3269 ipso.
3548 3207 3641 3253 aut
3662 3205 3788 3254 ante
3818 3198 3994 3267 ipsum

2433 3287 2719 3344 invenitur.
2758 3304 2778 3340 s
2814 3285 2944 3353 Quae
2970 3286 3133 3340 verba
3161 3287 3288 3354 quid
3319 3288 3422 3342 sibi
3456 3290 3640 3353 velint,
3667 3304 3732 3344 ne
3770 3289 3991 3358 Mopsus

2429 3380 2645 3450 quidem
2674 3387 2767 3434 aut
2808 3376 3047 3447 (Edipus
3095 3374 3273 3439 facile,
3313 3377 3526 3444 opinor,
3572 3380 3851 3431 divinarit.
3878 3379 3993 3431 Au-

2428 3483 2542 3528 ctor
2571 3472 2636 3527 de
2666 3471 2939 3527 Abraham
2966 3468 3211 3539 loquens,
3246 3466 3326 3523 sic
3358 3466 3635 3537 scribit(p.
3659 3466 3997 3537 5H):'Esri-

2430 3581 2616 3617 στευσε
2643 3562 2700 3617 δὲ
2727 3561 2978 3635 ’Δσραὰμ
2998 3560 3075 3633 τῷ
3098 3558 3235 3633 Θεῷ,
3259 3558 3578 3613 ἐπίστευσεν
3595 3556 3671 3623 ὡς
3692 3557 3876 3622 αὐτὸς,
3900 3559 3998 3612 καὶ

2426 3658 2526 3710 οὐκ
2553 3657 2849 3728 ἠπίστησεν
2874 3656 2949 3721 ὡς
2978 3655 3154 3725 ὑμεῖς.
3183 3672 3203 3706 ι
3237 3652 3476 3709 Credidit
3508 3662 3686 3708 autem
3718 3651 3995 3707 Abraham

2430 3750 2561 3815 Deo,
2586 3748 2817 3805 credidit
2846 3760 2905 3803 ut
2930 3750 3074 3819 ipse,
3102 3762 3201 3803 nec
3229 3746 3538 3803 incredulus
3582 3744 3682 3802 fuit
3725 3753 3784 3802 ut
3816 3760 3935 3802 vos.
3970 3763 3994 3796 ι

2430 3841 2544 3897 Non
2570 3840 2722 3896 valde
2756 3840 3039 3895 admodum
3078 3839 3261 3893 dubito
3298 3837 3425 3906 quin
3456 3838 3558 3903 vir,
3592 3854 3711 3893 cum
3737 3838 3819 3895 sic
3846 3838 3997 3894 locu-

2430 3944 2517 3988 tus
2554 3940 2659 3998 est,
2689 3945 2787 4000 pro
2827 3929 3123 3984 salsissimo
3146 3929 3410 4000 scriptore
3452 3938 3508 3983 et
3549 3926 3866 3982 acutissimo
3897 3927 3995 3980 ha-

2429 4020 2543 4079 beri
2599 4019 2861 4085 voluerit;
2930 4020 3025 4076 sed
3079 4032 3272 4074 vereor
3326 4032 3416 4083 ne,
3455 4031 3576 4072 cum
3606 4015 3709 4071 sibi
3756 4015 3993 4070 maxime

2430 4113 2647 4183 placuit,
2681 4113 2799 4169 aliis
2840 4123 2893 4167 et
2930 4110 3155 4179 frigidus
3202 4120 3257 4164 et
3300 4108 3511 4176 ineptus
3556 4120 3680 4162 esse
3724 4104 3994 4158 videatur.

2429 4205 2691 4261 Pracclara
2728 4211 2856 4259 sunt
2890 4215 3009 4271 qua:
3043 4199 3226 4253 videre
3258 4208 3339 4253 est
3365 4200 3643 4266 aliquanto
3674 4202 3821 4247 ante.
3855 4193 3998 4249 Sunt

2430 4307 2609 4351 autem
2648 4290 2912 4361 ejusmodi
2940 4287 3015 4361 (p.
3042 4286 3169 4356 312)
3200 4306 3213 4340 :
3250 4287 3318 4337 Ἢ
3345 4284 3420 4348 ὡς
3449 4286 3576 4338 ὅταν
3598 4281 3708 4336 ἀπὸ
3747 4281 3939 4345 ὓδατος
3960 4282 3997 4354 ἢ

2430 4387 2577 4441 λίθου
2612 4384 2742 4458 πῦρ,
2776 4383 2808 4453 ἢ
2835 4382 2999 4453 ἄλλης
3033 4379 3176 4442 τινὸς
3206 4377 3335 4448 ὓλης
3371 4376 3627 4439 ὡσαύτως
3653 4375 3716 4428 τὸ
3756 4374 3997 4429 τοιοῦτον

2431 4481 2653 4553 γένηται
2683 4478 2811 4549 πῦρ.
2854 4494 2873 4527 ι
2908 4476 3016 4529 Aut
3052 4473 3191 4526 sicut
3237 4486 3359 4526 cum
3408 4484 3477 4527 ex
3504 4483 3639 4538 aqua
3684 4476 3778 4521 aut
3817 4467 3998 4539 lapide

760 4582 889 4625 vero
922 4568 1102 4624 minus
1134 4572 1218 4621 est
1244 4563 1486 4632 nihilque
1516 4564 1583 4619 ad
1616 4563 1780 4618 vitam
1803 4573 2058 4619 aeternam
2087 4561 2322 4624 confert.
2354 4589 2400 4645 ι)
2436 4571 2592 4639 ignis,
2632 4579 2725 4623 aut
2767 4584 2831 4624 ex
2887 4566 2991 4620 alia
3037 4564 3223 4633 quavis
3257 4562 3510 4629 materia,
3564 4560 3816 4618 similiter
3856 4560 3998 4631 ignis

762 4662 813 4716 id
840 4659 1007 4730 justis
1056 4657 1309 4713 servavit.
1363 4654 1427 4710 Et
1457 4654 1723 4724 quomodo
1751 4654 1853 4709 hoc
1878 4656 2170 4711 absurdum
2218 4670 2324 4711 non

760 4748 885 4805 est?
919 4766 939 4801 ι
974 4748 1121 4812 limo,
1151 4745 1253 4800 etsi
1274 4742 1857 4815 longiora,exscrihere
1876 4759 1977 4797 non
2011 4745 2197 4814 piguit,
2223 4759 2330 4813 quo

763 4842 935 4910 magis
965 4840 1249 4895 character
1276 4837 1556 4906 scriptoris
1598 4836 1902 4891 innotescat
1933 4846 1987 4890 et
2032 4837 2327 4906 ingenium.

762 4931 900 5001 Quid
944 4929 1117 5001 magis
1144 4928 1196 4982 in
1237 4928 1319 4981 his
1350 4928 1529 4981 mirari
1562 4930 1791 4992 subeat,
1828 4927 2031 4992 nescio,
2064 4927 2327 4983 inutilita-

765 5035 871 5081 tem
898 5038 967 5077 an
1010 5019 1306 5089 ineptiam?
1336 5018 1496 5085 Quid,
1525 5034 1728 5086 quasso,
1763 5028 1869 5075 tam
1906 5017 2127 5073 verbosa
2162 5020 2325 5074 ratio-

764 5115 964 5173 cinatio
1004 5112 1069 5167 ad
1122 5126 1233 5167 rem
1276 5110 1436 5166 facit?
1488 5108 1627 5171 Quid
1674 5123 1893 5165 causam
1942 5108 2141 5179 juvat?
2183 5109 2321 5177 Quid

764 5208 926 5262 habet
949 5203 1242 5259 momenti?
1263 5200 1456 5256 Verbis
1477 5200 1644 5271 ipsius
1672 5198 1954 5268 scriptoris
1978 5208 2121 5263 utar,
2150 5216 2168 5251 ι
2193 5215 2325 5269 quo-

764 5295 921 5350 modo
967 5294 1069 5347 hoc
1116 5291 1405 5346 absurdum
1449 5306 1553 5346 non
1608 5289 1729 5347 est?
1763 5309 1781 5342 ι
1825 5290 2005 5361 Neque
2051 5291 2323 5359 indignum

763 5396 903 5456 puto.
944 5384 1085 5453 quod
1130 5392 1371 5445 notetur,
1415 5385 1632 5436 tractari
1662 5396 1877 5452 quoqne
1906 5384 1957 5437 in
1990 5383 2164 5455 printo
2187 5383 2325 5438 libro

764 5479 868 5531 hoc
910 5476 1049 5531 idem
1077 5482 1451 5540 argumentum
1495 5477 1570 5543 (p.
1602 5473 1699 5527 εει
1748 5484 1801 5529 et
1838 5478 2047 5545 seqq.),
2079 5474 2327 5529 videlicet

763 5582 951 5623 vocem
990 5583 1008 5619 ι
1047 5566 1315 5635 ingenitus
1349 5584 1366 5614 ι
1411 5566 1765 5621 substantiam
1807 5564 1976 5635 ipsam
2032 5579 2136 5620 non
2181 5580 2320 5627 csso,

763 5661 859 5716 scd
888 5672 1081 5713 nomen
1113 5657 1399 5726 quoddam.
1422 5658 1511 5718 At.
1542 5671 1742 5725 quaeso.
1775 5656 1901 5727 quid
1932 5657 2120 5714 fuisset
2146 5657 2322 5712 homi-

765 5754 851 5809 nis
881 5750 1127 5813 Basilius,
1156 5748 1223 5810 si,
1262 5758 1543 5819 postquam
1576 5748 1627 5803 in
1649 5749 1823 5819 primo
1858 5750 1993 5808 libro
2035 5748 2178 5807 clare
2204 5749 2313 5805 ele-

836 5867 880 5903 “
912 5865 931 5921 ι
963 5864 1086 5919 Cor.
1121 5878 1182 5929 tt,
1219 5863 1272 5919 9.
1359 5866 1401 5899 ⁶²
1429 5864 1586 5921 Joan.
1614 5866 1795 5931 vt,40.

2431 4664 2600 4715 iieret.
2640 4678 2658 4712 ι
2698 4660 2921 4727 Reliqua
2961 4656 3175 4725 quidem
3201 4671 3307 4711 non
3336 4656 3709 4712 incommode:
3737 4652 3833 4709 sed
3862 4663 3997 4724 puto

2427 4750 2698 4808 hominem
2737 4750 2932 4805 mentis
2972 4761 3273 4825 compotem
3330 4764 3436 4803 non
3476 4747 3664 4810 fuisse,
3718 4746 3762 4801 si
3816 4747 3901 4802 cui
3936 4760 3996 4799 se

2430 4846 2529 4900 hoc
2555 4845 2787 4915 probare
2810 4855 2965 4910 posse
2992 4844 3307 4913 speraverit,
3341 4840 3591 4896 videlicet
3612 4841 3727 4895 ﬁeri
3757 4854 3825 4895 ex
3853 4852 3995 4907 aqua

2428 4937 2627 5005 ignem.
2687 4932 2836 4989 Unus
2875 4935 3115 4990 omnium
3164 4931 3507 4989 felicissimus
3553 4942 3637 4989 est
3679 4929 3912 4988 Basilius
3941 4928 3995 4985 in

2428 5022 2714 5096 seligendis
2744 5024 3005 5094 exemplis
3031 5024 3173 5093 aptis
3202 5039 3215 5075 :
3254 5019 3345 5091 qui
3374 5030 3504 5096 ergo
3538 5020 3653 5077 ﬁeri
3702 5020 3899 5090 potuit,
3936 5031 3997 5077 ut

2429 5094 2677 5182 exemplo
2701 5121 2808 5167 tam
2838 5112 3019 5184 inepto
3051 5122 3272 5179 tamque
3298 5094 3534 5166 absurdo
3566 5124 3695 5164 usus
3722 5108 3830 5164 sit?
3860 5109 3993 5179 Qua:

2431 5214 2609 5261 autem
2641 5202 2799 5259 fuerit
2832 5203 3109 5274 scriptoris
3148 5203 3423 5275 diligentia
3445 5243 3461 5269 ,
3492 5200 3643 5271 quasi
3671 5202 3991 5273 prmteriens

2431 5299 2717 5353 adnotabo.
2739 5297 2829 5352 Sic
2854 5299 3020 5367 igitur
3041 5296 3227 5350 scribit
3249 5295 3323 5367 (p.
3341 5294 3466 5360 3l8)
3488 5311 3501 5345 :
3520 5293 3626 5347 Καὶ
3649 5292 3751 5369 τῆς
3770 5292 3992 5365 Μαρίας

2430 5389 2722 5458 λεγούσης·
2765 5390 2918 5443 Κατά
2966 5387 3017 5440 τί
3056 5386 3333 5459 γνώσομαι
3373 5384 3547 5450 τοῦτο,
3586 5387 3708 5440 ἐπεὶ
3730 5384 3901 5457 ἄνδρα
3928 5386 3991 5444 66

2431 5483 2711 5549 γινώσκω;
2753 5499 2771 5531 ι
2825 5480 2888 5534 Et
2918 5496 3037 5533 cum
3082 5478 3249 5533 Maria
3284 5478 3485 5532 diceret
3529 5493 3545 5532 :
3588 5475 3867 5544 Quomodo
3897 5491 3988 5532 co-

2428 5587 2680 5642 gnoscam
2700 5572 2863 5633 istud.
2888 5571 3314 5640 quandoquidem
3337 5568 3507 5623 virum
3530 5584 3637 5625 non
3653 5567 3984 5637 cognosco?!

2431 5660 2629 5716 Ultima
2664 5663 2848 5723 verba,
2889 5680 2906 5711 s
2947 5658 3389 5729 Quandoquidem
3437 5659 3612 5712 virum
3643 5672 3747 5711 non
3787 5672 3990 5728 cogno-

2423 5768 2536 5819 sco,
2558 5770 2578 5806 ι
2603 5751 2780 5809 Maria:
2808 5752 3023 5823 quidem
3039 5765 3156 5807 esse
3188 5765 3345 5807 nemo
3372 5748 3705 5807 inﬁciabitur
3733 5748 3823 5822 (ex
3851 5747 3985 5805 Luc.
