4212 6516
1355 468 1418 519 D.
1458 468 1596 522 JUL.
1637 466 1957 523 GARNEBII
1997 470 2381 524 PREFATIO.

3201 493 3433 530 εειχιιιι

219 589 263 643 t,
288 576 382 649 34)
417 596 429 633 :
467 578 561 631 sed
590 578 799 645 priora,
833 596 850 629 ι
884 577 1160 643 Quomodo
1213 589 1538 645 cognoscam
1572 578 1731 639 istud,
1765 594 1781 625 ι
1817 581 1863 633 Δ
1893 579 1983 642 qui
2015 580 2112 633 hos
2151 580 2315 631 libros
2341 580 2540 635 Basilio
2571 583 2829 645 tribuunt,
2864 599 2957 637 cur
2978 584 3063 638 llic
3093 583 3249 638 aliter
3281 601 3440 653 quam

216 665 496 723 Zacharias
522 680 645 720 esse
674 675 887 721 constat
909 680 973 719 ex
1003 664 1131 719 Luc.
1164 681 1200 726 ι,
1234 664 1320 717 I8.

286 760 377 815 68.
415 756 690 817 Hactenus
733 762 849 815 loca
892 756 1157 827 quaedam,
1205 769 1325 826 qua:
1368 755 1603 823 phrasim
1635 755 1782 811 Basi—

218 854 423 909 lianant
460 852 642 907 minus
664 850 897 919 sapiant,
928 849 1210 904 retulimus
1244 866 1255 901 :
1289 862 1432 901 nunc
1464 861 1623 901 voces
1648 851 1781 901 mul-

222 954 322 1003 tas,
360 956 496 1011 quas
526 944 581 997 in
618 939 862 1010 genuinis
911 937 1095 995 Basilii
1134 937 1388 1006 operibus
1428 937 1653 992 inveniri
1678 954 1779 994 non

220 1044 493 1102 putamus,
526 1036 613 1089 llic
638 1030 799 1086 simul
822 1045 1113 1104 congerere
1144 1030 1296 1084 nobis
1328 1033 1655 1101 propositum
1676 1042 1778 1086 est.

225 1125 337 1181 Vox
374 1126 524 1192 θέσις
559 1125 734 1196 prima
780 1127 1031 1182 occurrit.
1065 1123 1204 1177 Nihil
1251 1134 1395 1179 certe
1437 1138 1497 1176 ea
1536 1139 1666 1179 voce
1699 1125 1779 1177 fa-

220 1218 488 1274 miliarius
522 1226 606 1272 est
640 1218 917 1289 scriptori,
951 1230 1047 1284 pro
1075 1230 1140 1269 eo
1172 1218 1313 1287 quod
1344 1225 1463 1271 est:
1489 1215 1724 1284 adoptio.
1754 1236 1772 1270 ι

222 1308 611 1380 Frequentiora
646 1320 769 1366 sunt
792 1308 1060 1374 exempla,
1098 1322 1253 1374 quam
1285 1317 1343 1361 ut
1369 1306 1545 1377 aliqua
1574 1306 1625 1359 in
1665 1322 1777 1361 tne-

221 1404 367 1455 dium
397 1400 642 1469 proferre
675 1414 896 1456 necesse
920 1400 1010 1453 sit.
1048 1399 1320 1467 Nusquam
1348 1396 1774 1465 tamen,opinor,

218 1509 281 1546 ea
348 1506 448 1545 vox
504 1509 600 1563 pro
662 1492 945 1561 adoptione
1001 1491 1053 1547 in
1109 1491 1345 1546 sinceris
1399 1505 1461 1545 ac
1511 1490 1779 1559 germanis

218 1582 401 1637 Basilii
435 1584 585 1637 libris
612 1589 917 1652 usurpatur.
950 1581 1145 1639 Vocem
1167 1581 1422 1644 υἱοθεσία,
1470 1594 1774 1636 nouvocetn

216 1674 389 1739 οέσις,
427 1689 495 1730 eo
537 1673 807 1729 intellectu
856 1672 1111 1727 adbibere
1139 1674 1272 1727 solet
1313 1684 1498 1727 orator
1523 1672 1773 1741 optitnns.

215 1762 378 1820 Certe
416 1765 462 1819 si
495 1765 649 1828 alias,
681 1762 909 1815 maxime
948 1760 1002 1812 in
1059 1759 1195 1814 libro
1246 1759 1319 1813 De
1349 1760 1553 1827 Spiritu
1595 1772 1772 1816 sancto

213 1867 269 1910 et
309 1858 361 1910 iu
404 1854 578 1907 tribus
610 1852 798 1920 primis
833 1852 885 1904 in
934 1847 1247 1904 Eunomittm
1272 1848 1425 1904 libri‘s
1466 1867 1655 1907 nomen
1689 1849 1773 1902 Θέ-

1892 665 2097 719 solebat
2127 666 2336 720 locutus
2361 667 2451 728 sit,
2492 686 2655 736 seque
2704 670 2784 719 sui
2820 672 3134 725 dissimilem
3180 674 3445 738 prmstite-

1887 754 1976 806 rit.
2014 752 2143 808 Illud
2173 757 2247 826 (p.
2282 754 2409 824 505)
2438 760 2583 809 ίΚαὶ
2598 760 2656 811 τὸ
2691 758 2777 811 διὰ
2807 758 2932 810 tio-3
2958 759 3254 832 πεφηνέναι
3279 760 3446 829 σαφὲς

1888 843 2204 914 πεποίηκεν.
2233 868 2251 898 ι
2283 846 2349 901 Ει
2368 861 2462 916 per
2485 846 2675 901 Filium
2709 849 2973 904 effulsisse
2998 850 3199 905 clarum
3234 850 3386 916 fecit,
3421 870 3440 902 ι

1886 936 2100 989 videtur
2157 940 2286 993 mihi
2339 953 2445 995 non
2506 954 2691 1006 parum
2741 958 2767 995 a
2819 942 3087 997 Basiliana
3138 943 3443 1014 eloquentia

1898 1028 2153 1083 alienum.
2183 1028 2292 1086 Hac
2322 1031 2530 1113 dicendi
2567 1031 2812 1098 formula,
2845 1035 3011 1106 σαφὲς
3046 1036 3330 1108 πεποίηκε,
3350 1050 3445 1109 po-

1888 1121 1985 1173 tuit
2018 1121 2091 1174 uti
2132 1121 2360 1190 scriptor
2389 1124 2713 1187 indisertus,
2763 1140 2865 1177 non
2900 1127 3129 1183 Basilius
3166 1140 3441 1184 oratorum

1886 1212 2297 1268 disertissimus.
2356 1215 2801 1283 Peregrlnitatem
2862 1217 2970 1270 olet
3035 1221 3167 1275 illud
3232 1232 3445 1288 quoque

1883 1303 1956 1372 (p.
1993 1303 2114 1372 507)
2147 1321 2160 1357 :
2199 1304 2489 1375 Ἐκπομπῇ
2530 1306 2639 1377 γὰρ
2668 1307 2760 1359 καὶ
2814 1305 3090 1375 μεταδόσει
3130 1309 3445 1381 Πνεύματος

1880 1394 1949 1449 τὰ
1982 1397 2240 1467 γινόμενα
2273 1396 2498 1466 γίνεται.
2539 1416 2558 1448 ι
2592 1399 2722 1452 Nam
2778 1415 2897 1469 quae
2946 1400 3101 1469 tiunt,
3155 1404 3442 1459 emissione

1878 1494 2039 1554 atque
2096 1487 2511 1555 participatione
2564 1485 2794 1555 Spiritus
2848 1492 2999 1543 tiuut.
3032 1507 3051 1541 ι
3099 1487 3165 1543 Et
3210 1506 3353 1556 vero.
3396 1498 3439 1550 si

1880 1577 2014 1631 bene
2050 1579 2428 1644 commemini,
2461 1592 2589 1633 voce
2625 1582 2880 1653 ἐκπομπή
2935 1596 3040 1639 non
3089 1582 3259 1636 utitur
3294 1583 3442 1639 Basi-

1878 1667 1998 1723 lius.
2043 1667 2196 1722 Haud
2244 1671 2448 1738 procul,
2485 1670 2549 1724 de
2602 1670 2801 1726 Davide
2843 1672 3063 1741 loquens
3116 1684 3307 1729 auctor
3365 1674 3443 1728 sic

1876 1760 2062 1815 scribit
2095 1760 2171 1828 (p.
2199 1759 2322 1832 509)
2355 1754 2367 1815 έ
2400 1762 2522 1815 Οὐδ’
2545 1761 2611 1816 ἂν
2641 1760 2737 1832 τὴν
2756 1761 2847 1815 τοῦ
2889 1763 3198 1833 Πνεύματος
3237 1781 3443 1837 παρουο

1878 1852 2018 1916 σίαν,
2053 1849 2236 1903 δούλου
2264 1853 2357 1905 καὶ
2384 1854 2680 1924 κτίσματος
2711 1854 2881 1919 ὄντος,
2915 1856 3007 1908 ἐπὶ
3040 1856 3216 1909 πάντα
3234 1856 3441 1927 διήκειν

215 1962 299 2008 σις
334 1960 361 1997 a
391 1942 591 1998 Basilio
629 1945 873 2011 usurpari
910 1942 1186 2009 debuerat,
1218 1952 1339 1997 cum
1372 1942 1423 1995 in
1458 1941 1519 1998 iis
1548 1943 1613 1997 de
1648 1943 1772 1996 ado-
1807 1923 1845 1976 Β
1874 1948 1878 1992 i

1807 1923 1845 1976 Β
1874 1944 2109 2012 ἔφασκεν
2134 1946 2163 1999 ὀ
2185 1944 2447 2016 ὐμνῳδός.
2499 1923 2524 1995 «ί
2560 1946 2741 2015 Neque
2788 1947 3023 2017 Spiritus
3072 1923 3437 2017 praesentiam,

215 2039 400 2105 ptione
432 2034 685 2105 frequens
712 2036 783 2089 sit
808 2047 987 2090 sermo
1020 2052 1035 2091 :
1069 2045 1269 2097 tamen,
1302 2034 1438 2102 quod
1472 2036 1539 2089 ab
1581 2034 1771 2088 horum

215 2127 447 2183 lectione
481 2142 669 2183 recens
695 2142 835 2192 sum,
865 2138 1122 2198 prmstare
1153 2126 1325 2180 audeo
1355 2128 1471 2197 ejus
1510 2141 1577 2183 ne
1604 2127 1767 2182 vesti-

213 2222 355 2290 gium
406 2221 625 2293 quidem
660 2220 714 2275 in
762 2221 846 2275 his
888 2229 1121 2274 exstare.
1157 2216 1415 2277 Similiter
1459 2234 1559 2274 vox
1591 2220 1770 2285 θεῖκός

212 2312 650 2383 frequentissime
705 2312 756 2365 iu
812 2312 1023 2365 duobus
1061 2311 1150 2365 bis
1204 2310 1591 2379 posterioribus
1619 2310 1769 2365 libris

212 2414 472 2475 usurpata
516 2404 805 2459 invenitur.
841 2400 1013 2467 Quam
1046 2412 1224 2456 autem
1272 2400 1503 2456 alienum
1553 2400 1603 2455 id
1631 2401 1699 2454 sit
1735 2416 1767 2454 a

209 2493 391 2549 Basilii
447 2495 714 2558 instituto,
765 2506 829 2548 ex
878 2492 994 2564 ejus
1041 2493 1282 2562 genuinis
1335 2492 1487 2546 libris
1535 2490 1766 2559 perspici

208 2595 402 2653 potest.
439 2584 673 2639 Fatebor
697 2583 908 2654 quidem
939 2598 1123 2638 vocem
1141 2582 1319 2647 θεῖκός
1348 2582 1401 2639 in
1431 2598 1492 2637 ea
1523 2583 1766 2637 oratione

207 2691 325 2742 quae
387 2677 529 2730 inter
584 2674 822 2731 diversas
870 2675 1080 2731 decitua
1140 2673 1370 2746 septima
1432 2682 1761 2741 numeratur,

206 2770 308 2840 legi
340 2786 355 2824 :
380 2769 477 2823 sed
513 2783 691 2824 causae
738 2777 864 2824 sunt
893 2784 1001 2822 non
1030 2768 1193 2832 leves.
1243 2782 1340 2824 cur
1369 2769 1421 2823 id
1446 2768 1760 2837 opusculum

206 2875 471 2932 ponamus
516 2869 571 2915 et
608 2860 782 2928 ipsum
814 2859 867 2913 iu
919 2858 1233 2913 subdititiis.
1289 2857 1563 2926 Nusquam
1611 2860 1760 2923 alibi,

204 2953 342 3021 quod
378 2952 587 3018 sciam,
618 2965 682 3007 ea
723 2966 822 3007 vox
855 2952 1140 3023 reperitur.
1169 2949 1283 3007 Non
1316 2950 1387 3005 ita
1426 2950 1668 3021 pridem,
1705 2959 1763 3005 ut

207 3064 325 3104 mox
366 3048 601 3113 aiebam,
634 3045 831 3100 librum
856 3043 933 3100 De
957 3042 1157 3114 Spiritu
1186 3050 1366 3099 sancto
1399 3051 1455 3097 et
1487 3050 1597 3097 tres
1613 3041 1758 3112 prio-

202 3156 286 3195 res
333 3142 390 3193 in
436 3137 755 3192 Eunaminm
800 3136 964 3192 libros
1003 3135 1290 3204 diligenter
1323 3134 1447 3204 legi,
1484 3134 1534 3188 in
1565 3133 1759 3203 quibus

201 3241 259 3286 ut
285 3232 338 3284 in
374 3230 598 3298 reliquis
642 3228 890 3298 genuinis
938 3224 1117 3281 Basilii
1148 3225 1363 3293 scriptis
1401 3242 1505 3281 non
1537 3226 1752 3280 memini

204 3321 348 3375 vocis
378 3319 559 3384 θεῖκός
590 3319 754 3373 ullum
798 3316 1081 3387 vestigium
1135 3316 1420 3373 invenisse.
1462 3315 1613 3383 Rogo
1643 3316 1752 3385 jam

198 3409 435 3478 optimos
452 3422 693 3479 quosque
708 3406 853 3463 viros
866 3406 1189 3478 eosdemque
1208 3408 1258 3462 in
1277 3406 1512 3477 legendis
1523 3407 1756 3463 auctori-

203 3502 295 3556 bus
324 3500 749 3565 versatissimos,
782 3514 907 3555 num
938 3499 989 3555 in
1026 3514 1176 3556 more
1192 3510 1473 3555 auctorum
1521 3501 1752 3571 positum

199 3593 289 3658 sit,
314 3603 377 3647 ut
400 3591 721 3662 quihusdam
753 3590 977 3647 vocibus
1004 3589 1057 3646 in
1090 3604 1198 3646 uno
1222 3589 1501 3649 autaltero
1523 3606 1752 3663 opuscu-

201 3684 252 3738 lo
282 3684 587 3751 saepissime
613 3690 868 3751 utantur,
901 3680 1116 3738 easdem
1146 3695 1275 3738 vero
1304 3683 1359 3738 in
1397 3684 1615 3754 reliquis
1639 3685 1753 3739 suis

200 3773 350 3829 libris
389 3787 663 3842 nunquam
706 3776 1017 3838 adhibeant,
1053 3775 1285 3830 maxime
1336 3774 1381 3831 si
1434 3775 1519 3830 his
1567 3776 1747 3831 utendi

199 3863 400 3931 passim
436 3863 593 3917 detur
624 3864 858 3917 occasio.
909 3863 1051 3918 Fieri
1085 3864 1313 3932 quidem-
1336 3872 1512 3932 potest
1545 3872 1604 3920 ut
1652 3863 1749 3919 fal-

198 3955 274 4008 lar
305 3973 320 4009 :
360 3954 457 4009 sed
491 3953 724 4007 arbitror
756 3954 831 4009 rei
864 3961 974 4008 tam
1005 3967 1157 4009 novae
1191 3953 1417 4024 proferri
1446 3954 1745 4025 exemplum

197 4046 402 4100 nultum
442 4060 622 4115 posse,
662 4043 821 4113 idque
844 4043 1056 4109 νοθείας
1090 4058 1211 4100 esse
1236 4054 1605 4115 argumentum
1630 4060 1749 4101 cer-

196 4136 486 4191 tissimum.
519 4136 654 4191 Cum
680 4136 840 4206 igitur
876 4136 957 4190 ha:
986 4133 1103 4190 dua:
1136 4149 1323 4200 voces,
1355 4134 1499 4199 θέσις
1540 4145 1595 4191 et
1638 4134 1746 4189 θεῖ-

195 4226 308 4292 κός,
352 4228 653 4296 saepissime
678 4234 968 4283 occurrant
1002 4226 1056 4280 iu
1083 4226 1286 4283 ultimis
1314 4226 1517 4283 duobus
1546 4229 1601 4281 in
1634 4227 1745 4281 Eu-

200 4318 431 4370 uoutt'um
466 4317 639 4383 libris,
672 4333 770 4372 nec
814 4327 992 4372 tamen
1041 4316 1286 4386 legantur
1320 4318 1373 4373 in
1413 4317 1579 4373 tribus
1609 4319 1746 4387 prio.

194 4410 363 4474 ribus,
393 4421 571 4476 neque
594 4408 647 4461 in
670 4408 790 4462 aliis
820 4406 1003 4462 Basilii
1045 4409 1258 4477 scriptis
1292 4422 1395 4461 non
1430 4418 1741 4463 controver-

194 4501 282 4564 sis,
318 4500 374 4553 in
415 4498 614 4566 quibus
648 4506 825 4551 tamen
850 4497 935 4551 his
970 4498 1153 4552 utendi
1185 4496 1436 4567 frequens
1466 4497 1559 4552 fuit
1584 4511 1743 4554 occa-

1874 2033 1918 2085 si
1945 2049 2133 2090 servus
2156 2045 2212 2091 et
2238 2046 2484 2091 creatura
2515 2044 2678 2101 esset,
2710 2038 2892 2090 omnia
2942 2037 3238 2106 pervadere
3271 2038 3440 2094 dixis-

1871 2136 1952 2178 set
1982 2123 2299 2195 hymnorum
2334 2139 2543 2184 cantor.
2578 2145 2594 2178 ι
2630 2126 2741 2181 Vox
2772 2128 3011 2198 ὑμνῳδός
3040 2130 3197 2185 alieni
3232 2130 3434 2202 aliquid

1868 2225 1923 2272 et
1946 2216 2215 2286 peregrini
2242 2219 2454 2274 videtur
2477 2218 2758 2289 praeferre;
2786 2232 2884 2273 nec
2914 2236 3031 2273 eam
3063 2231 3188 2289 puto
3205 2236 3430 2292 usquam

1870 2299 2241 2362 inventum'iri
2268 2307 2406 2375 apud
2435 2308 2709 2363 Basilium.
2746 2307 2858 2364 Hoc
2897 2307 3037 2361 idem
3070 2307 3273 2362 dictum
3314 2309 3434 2365 volo

1866 2395 1932 2451 de
1950 2396 2060 2461 illo,
2086 2394 2283 2466 ὁᾶγιος
2307 2394 2539 2461 Παῦλος,
2564 2414 2582 2449 t
2617 2407 2833 2452 sanctus
2861 2397 3075 2453 Paulus.
3111 2416 3130 2451 ι
3156 2396 3265 2453 Etsi
3289 2398 3431 2454 enim

1867 2484 2093 2544 Basilius
2148 2489 2581 2559 frequentissime
2638 2486 2862 2543 Paulum
2914 2490 3185 2555 nominat;
3250 2500 3429 2547 tamen

1865 2576 2158 2645 epithetum
2206 2581 2361 2646 illud,
2395 2582 2578 2652 ἅγιος,
2640 2596 2949 2651 nunquam,
2999 2582 3212 2650 opinor,
3255 2583 3301 2636 ei
3342 2584 3431 2635 tri-

1863 2668 1999 2727 buit.
2031 2668 2147 2726 Non
2179 2686 2315 2741 nego
2340 2674 2552 2741 quidem
2588 2676 2684 2728 has
2725 2690 2903 2742 voces,
2938 2677 2966 2729 ὁ
2996 2675 3151 2744 ἅγιος
3194 2674 3425 2739 Παῦλος,

1863 2763 2111 2835 conjungi
2146 2762 2307 2819 simul
2340 2764 2392 2818 iu
2430 2762 2569 2818 libro
2593 2763 2667 2818 De
2702 2763 2899 2832 Spiritu
2924 2778 3105 2821 sancto
3128 2808 3143 2833 ,
3178 2784 3299 2839 cap.
3332 2769 3426 2822 de-

1861 2853 2001 2907 cimo
2024 2865 2218 2909 sexto:
2264 2854 2358 2909 sed
2409 2870 2590 2911 vocem
2632 2855 2785 2923 ἅγιος
2823 2860 3233 2926 expungendum
3281 2874 3423 2923 esse,

1860 2956 1923 2999 ex
1950 2942 2102 2998 libris
2130 2946 2366 3016 antiquis
2393 2957 2627 3001 constat.
2670 2945 2779 3001 Nec
2818 2950 3248 3018 praztereundum
3294 2948 3423 3005 illud

1860 3033 1935 3105 (p.
1966 3035 2113 3108 515),
2152 3038 2316 3094 Deum
2356 3038 2459 3094 dici
2513 3040 2581 3094 ab
2636 3050 2853 3094 auctore
2904 3042 3167 3109 πανάγιον
3208 3058 3222 3096 :
3260 3056 3421 3112 quam

1860 3141 2041 3181 vocem
2073 3128 2211 3196 apud
2247 3128 2499 3184 Basilium
2543 3131 2634 3198 qui
2668 3130 2980 3197 quaesierit,
3012 3131 3187 3185 oleum
3235 3134 3423 3201 perdet

1857 3225 1910 3270 et
1932 3230 2169 3283 operam.
2204 3216 2309 3271 Sed
2356 3218 2609 3288 quoniam
2649 3219 2762 3274 haec
2808 3218 3034 3277 fortasse
3068 3220 3266 3276 leviora
3302 3223 3422 3293 qui-

1859 3304 2079 3361 busdam
2138 3307 2479 3374 videbuutur,
2514 3323 2575 3364 ea
2605 3320 2657 3365 et
2709 3309 2813 3364 alia
2859 3310 2913 3363 id
2948 3325 3117 3381 genus
3158 3313 3417 3381 permulta

1854 3398 2183 3456 omittamus.

1924 3489 2010 3545 70.
2044 3489 2213 3547 Paulo
2239 3494 2456 3563 gravius
2488 3493 2633 3561 quod
2666 3492 2931 3560 sequitur,
2968 3493 3038 3545 ita
3073 3494 3227 3547 citari
3257 3498 3416 3550 verba

1852 3578 2148 3650 Scriptura:
2174 3585 2229 3637 in
2261 3582 2465 3637 ultimis
2492 3583 2699 3638 duobus
2728 3584 2781 3636 in
2807 3581 3127 3638 Eunomium
3155 3584 3326 3647 libris,
3358 3596 3417 3637 ut

1851 3688 2037 3729 eorum
2062 3682 2253 3729 auctor
2274 3689 2305 3727 a
2334 3672 2605 3729 Basiliano
2653 3689 2801 3730 more
2836 3684 2980 3731 totus
3012 3677 3275 3732 discedat.
3305 3671 3412 3727 Res

1849 3764 2110 3834 exemplis
2144 3764 2335 3819 evadet
2386 3768 2601 3820 clarior.
2642 3767 2730 3822 Sic
2781 3768 2945 3839 igitur
2994 3772 3234 3843 loquitur
3276 3786 3411 3834 scri-

1847 3864 1967 3924 ptor
2004 3858 2080 3926 (p.
2127 3857 2253 3928 517)
2290 3875 2303 3923 ξ
2338 3859 2469 3914 Οὐδὲ
2504 3862 2609 3935 γὰρ
2662 3867 3055 3937 προσκυνήσεις
3098 3868 3217 3941 Θεῷ
3262 3872 3415 3926 ἀλλο-

1846 3946 2000 4017 τρίῳ,
2032 3948 2360 4019 γέγραπται,
2384 3954 2450 4007 ad
2478 3954 2721 4022 verbum,
2764 3974 2781 4007 ι
2815 3955 2999 4027 Neque
3034 3960 3180 4014 enim
3216 3964 3412 4018 adora-

1846 4038 1931 4094 bis
1966 4040 2129 4096 Deum
2165 4041 2425 4111 alienum,
2480 4047 2743 4117 scriptum
2788 4057 2889 4104 est.
2945 4068 2963 4102 ι
3006 4049 3239 4110 Basilius
3288 4071 3407 4110 cum

1848 4128 2179 4200 Scripturam
2214 4134 2364 4202 citat,
2404 4137 2578 4205 primo
2628 4137 2746 4194 loco
2784 4142 2934 4209 ponit
2963 4144 3103 4213 quod
3154 4143 3241 4201 hic
3270 4146 3409 4202 vide-

1847 4235 1966 4276 mus
1995 4222 2205 4277 ultimo.
2231 4221 2340 4278 Nec
2381 4225 2508 4279 mihi
2538 4226 2756 4284 dubium
2782 4240 2884 4295 est,
2918 4233 2962 4286 si
2998 4232 3189 4288 horum
3218 4246 3410 4291 auctor

1843 4322 2021 4379 esset,
2068 4315 2193 4381 quin
2224 4316 2528 4384 scripsisset
2560 4318 2663 4375 hoc
2707 4320 2821 4376 fere
2869 4324 3063 4377 modo:
3093 4325 3407 4397 Γέγραπται

1845 4404 1952 4475 γάρ
1976 4423 1988 4435 ·
2019 4404 2155 4458 οὐδὲ
2177 4408 2569 4479 προσκυνήσεις
2598 4408 2716 4481 Θεῷ
2758 4411 3042 4483 ἀλλοτρίῳ.
3080 4433 3098 4465 ‹
3139 4413 3405 4484 Seriplutn

1844 4503 1926 4548 est
1951 4494 2112 4557 ,enitn
2140 4512 2152 4546 :
2179 4492 2362 4564 Neque
2416 4495 2667 4551 adorabis
2695 4497 2859 4551 Deum
2886 4500 3114 4552 alienum
3144 4500 3207 4552 “.
3239 4520 3256 4551 ι
3299 4499 3406 4557 Nec

192 4595 299 4656 sio;
339 4590 469 4645 hinc
508 4587 642 4643 eﬂici
677 4588 908 4652 videtur,
935 4590 1070 4643 duos
1102 4588 1202 4644 hos
1230 4588 1395 4645 libros
1416 4590 1739 4660 posteriores
1771 4587 1814 4643 ι)
1846 4585 2021 4651 aptius
2070 4596 2255 4638 auctor
2307 4586 2491 4638 citavit
2538 4586 2895 4653 Scripturam.
2926 4603 3045 4641 cum
3080 4589 3152 4643 ita
3195 4591 3405 4645 locutus

190 4680 385 4735 Basilio
418 4679 577 4733 tribui
610 4692 712 4733 non
740 4677 953 4733 debere.

254 4768 344 4825 69.
386 4767 639 4837 Ejusdem
682 4768 896 4837 generis
936 4776 1061 4822 sunt
1094 4777 1149 4822 et
1202 4767 1306 4821 alia
1353 4770 1548 4837 multa,
1598 4787 1735 4841 quas,

1838 4686 1920 4727 est
1946 4676 2020 4745 (p.
2044 4675 2168 4747 506)
2201 4694 2214 4730 :
2246 4678 2343 4729 'Ev
2374 4677 2428 4729 δὲ
2459 4678 2551 4729 καὶ
2589 4677 2649 4728 τὸ
2696 4678 2914 4749 Πνεῦμα
2954 4681 3014 4733 τὸ
3048 4681 3223 4748 ἅγιον,
3268 4682 3403 4754 ἀλη-

1839 4765 1944 4829 Οῶς
1973 4767 2125 4835 ἅγιον
2156 4768 2398 4837 Πνεῦμα,
2443 4767 2582 4820 κατὰ
2623 4768 2682 4820 τὸ
2729 4772 3132 4841 γεγραμμένον,
3162 4773 3220 4825 τὸ
3265 4775 3401 4845 μετὰ

186 4857 325 4926 quod
377 4866 433 4911 et
483 4859 594 4925 ipsa
626 4856 865 4910 nonnihil
897 4856 963 4909 ad
995 4872 1107 4911 rem
1148 4857 1369 4923 faciant,
1400 4873 1505 4913 non
1539 4861 1738 4930 pigebit
1838 4860 1849 4911 l

1735 4903 1738 4913 .
1838 4859 2049 4929 Πατρὸς
2083 4861 2176 4913 καὶ
2206 4858 2334 4913 Υἰοῦ
2381 4859 2846 4931 συνὼξαξόμενον.
2896 4881 2913 4913 t
2957 4864 3023 4918 Et
3052 4881 3186 4920 unus
3224 4866 3398 4936 Spiri-

184 4950 464 5003 aduutare.
493 4948 691 5000 Ducam
728 4946 935 5000 initium
964 4948 1031 5000 ab
1063 4947 1144 5001 his
1174 4950 1354 5002 verbis
1377 4948 1451 5018 (p.
1484 4948 1611 5020 298)
1637 4971 1647 5004 :
1676 4952 1735 5004 Et
1839 4965 1921 5008 tus
1955 4964 2213 5021 sanctus,
2251 4968 2374 5010 vere
2411 4954 2644 5024 Spiritus
2697 4966 2949 5021 sanctus,
2996 4957 3295 5011 secundum
3346 4957 3396 5011 id

182 5035 349 5090 τοίνυν
374 5034 437 5087 τὸ
464 5035 826 5105 ὑπερκόσμιον
853 5033 1010 5105 σῶμα
1044 5036 1274 5107 Χριστοῦ
1317 5040 1379 5091 ἐκ
1425 5038 1735 5108 Ιῐνεύματός
1835 5064 1845 5097 4

1732 5058 1735 5067 ’
1835 5048 1975 5114 quod
2009 5046 2261 5115 scriptum
2293 5058 2396 5109 est,
2428 5046 2517 5115 qui
2548 5060 2668 5099 eum
2696 5043 2856 5099 Patre
2881 5059 2934 5099 et
2970 5046 3106 5101 Filio
3128 5048 3395 5118 conglori-

182 5132 321 5181 ἐστιν
378 5126 558 5193 ἁγίου.
609 5144 629 5178 ι
676 5126 732 5179 Si
782 5126 946 5197 igitur
994 5131 1480 5196 supermuudanum
1534 5131 1731 5187 Christi
1833 5138 2084 5193 ﬁeatur.»
2122 5136 2292 5193 Velim
2316 5142 2525 5193 discere
2550 5139 2616 5193 ab
2646 5142 2844 5209 aliqua,
2871 5140 2957 5192 ubi
2990 5140 3388 5209 Scripturarum

182 5232 371 5286 corpus
404 5232 471 5273 ex
496 5216 698 5287 Spiritu
732 5227 920 5273 sancto
950 5228 1053 5274 est.
1091 5236 1110 5271 ι
1150 5218 1452 5289 Nunquam,
1488 5223 1589 5277 nisi
1621 5224 1733 5278 val-
1834 5230 1904 5283 ita
1937 5230 2197 5297 scriptum
2228 5229 2321 5295 sit,
2358 5246 2376 5281 t
2419 5228 2517 5296 Qui
2553 5246 2672 5283 cum
2704 5229 2863 5285 Patre
2890 5238 2943 5283 et
2978 5227 3178 5300 Spiritu
3205 5238 3393 5283 sancto

181 5309 240 5362 tle
283 5308 461 5373 fallor,
502 5312 583 5364 sic
606 5325 800 5379 corpus
823 5311 1021 5366 tlhristi
1059 5312 1290 5380 appellat
1338 5312 1587 5370 Basilius.
1622 5314 1730 5370 Nec
1831 5324 2328 5393 congloriflcatur.»
2368 5322 2533 5377 Erunt
2591 5323 2818 5378 fortasse
2884 5322 2975 5390 qui
3030 5322 3213 5375 dicant
3271 5320 3386 5375 haec

180 5412 329 5454 ’θευδ
356 5401 710 5468 iudicandum
741 5403 805 5456 de
829 5402 1456 5475 i"MP-299)?1‘3'1‘3‘5‘17
1498 5404 1554 5459 δὲ
1599 5406 1727 5471 θεὸς
1827 5415 1988 5469 verba
2051 5428 2155 5467 non
2220 5414 2271 5467 in
2341 5411 2629 5480 Scripturis
2695 5412 2907 5480 quidem
2983 5409 3227 5477 reperiri,
3295 5410 3389 5465 sed

182 5486 305 5542 Θεοῦ
338 5491 471 5554 παῖς
493 5490 723 5562 Ἰησοῦς,
743 5500 849 5548 etc.
885 5510 904 5545 ι
942 5492 1075 5548 Cum
1107 5503 1284 5549 autem
1316 5495 1454 5550 Deus
1484 5498 1570 5551 Dei
1597 5515 1727 5569 puer
1828 5506 1841 5557 i

1723 5518 1727 5529 '
1828 5506 1879 5557 in
1916 5504 2143 5561 concilio
2179 5504 2764 5575 Constantinpolitano
2824 5505 3027 5574 primo;
3094 5501 3161 5555 ob
3225 5500 3386 5569 idque

181 5577 346 5649 Jews,
391 5602 411 5634 ι
444 5591 550 5639 etc.
589 5583 819 5640 Basilius
852 5588 1121 5642 sexcentis
1150 5587 1283 5642 locis
1315 5588 1585 5644 Christum
1620 5594 1723 5647 Do-

187 5672 372 5729 minum
423 5684 580 5731 vocat
610 5674 703 5732 Dei
745 5692 765 5728 ‹
799 5674 991 5732 Filium
1029 5697 1043 5733 :
1082 5697 1100 5731 ι
1151 5679 1243 5735 sed
1293 5696 1550 5751 nusquam
1603 5699 1723 5738 eum

183 5765 397 5832 appellat
431 5767 526 5823 Dei
560 5784 579 5818 ι
617 5782 862 5838 puerum,
908 5788 927 5821 ι
961 5770 1092 5824 Θεοῦ
1123 5772 1303 5826 παῖδα.
1341 5775 1525 5829 Dicant
1565 5774 1724 5846 igitur

242 5880 282 5912 ⁸⁸
302 5882 496 5938 Matth.
530 5899 600 5947 tv,
633 5884 694 5951 9,;
732 5883 879 5937 Deut.
916 5900 985 5952 vr,
1016 5886 1095 5941 15.

1826 5597 1940 5667 ipsa
1972 5598 2041 5653 ob
2091 5597 2463 5654 auctoritatem
2514 5597 2725 5653 concilii
2759 5597 2917 5651 citari
2966 5596 3219 5666 potuisse.
3272 5590 3377 5646 Sed

1826 5690 1868 5743 si
1917 5689 1988 5743 ita
2016 5698 2120 5756 est,
2147 5690 2415 5745 fateantur
2437 5689 2521 5744 vel
2552 5689 2700 5744 inviti
2732 5688 3012 5753 Basiliam,
3047 5692 3137 5761 qui
3171 5699 3295 5744 ante
3329 5691 3381 5743 id

1827 5790 2034 5853 tempus
2061 5792 2301 5839 mortuus
2335 5782 2643 5850 sit,,ltorum
2680 5783 2934 5840 librorum
2969 5796 3243 5843 auctorem
3272 5806 3385 5845 non
