4212 6498
766 455 997 493 εευιιν

2118 445 2642 502 PROLECOMENA.

758 569 897 607 esse.
930 557 1038 624 Ego
1067 558 1280 622 quidem
1309 594 1322 617 ,
1369 568 1427 611 ut
1470 560 1679 613 sincere
1721 561 1927 626 loquar,
1959 577 2059 615 non
2091 566 2326 619 arbitror
2355 572 2400 625 Α
2428 563 2631 619 citandi
2688 563 2895 617 ratione
2953 562 3152 629 aliquid
3195 576 3223 613 a
3273 559 3538 616 Basiliana
3595 566 3993 619 consuetudine

758 646 1095 711 scriptorem,
1126 648 1429 715 quicuuque
1478 650 1567 703 ille
1608 650 1726 707 fuit.
1757 652 1821 704 ad
1859 654 2141 707 concilium
2181 655 2320 710 Con-

757 736 1290 806 stantinopolitanum
1341 742 1568 808 primum
1619 746 1952 811 respexisse,
1992 747 2084 801 sed
2120 751 2185 801 ad
2234 748 2321 802 illa

758 827 1034 893 Daviilica,
1072 829 1234 882 Verbo
1287 833 1495 885 Domini
1528 835 1637 888 caeli
1681 835 1880 903 ﬁrmati
1928 849 2080 903 sunt,
2116 852 2163 892 er
2212 842 2323 908 api-

757 921 862 971 ritu
902 924 1003 973 ori:
1048 923 1161 983 eius
1195 926 1364 977 omnis
1401 926 1560 980 virtus
1600 944 1777 980 eorum
1802 929 1866 986 “.
1904 930 2049 984 Satis
2094 935 2234 987 enim
2266 946 2323 985 se

758 1011 869 1079 ipse
930 1014 1199 1081 explicat,
1254 1032 1373 1067 cum
1446 1019 1720 1086 aliquanto
1797 1031 1916 1089 post
1992 1022 2061 1074 ita
2137 1024 2322 1079 scribit

759 1102 1026 1172 (p.507):
1076 1106 1225 1157 Ἐπεὶ
1280 1109 1371 1160 καὶ
1426 1111 1453 1160 6
1508 1107 1669 1163 Δαϐὶδ
1721 1112 1889 1179 Λόγον
1945 1114 2039 1165 καὶ
2099 1115 2321 1185 Πνεῦμα

754 1193 1013 1259 δοξάζων,
1059 1196 1136 1266 τῷ
1184 1198 1340 1267 Λόγῳ
1384 1201 1585 1271 Κυρίου
1630 1204 1756 1265 τοὺς
1799 1204 2062 1273 οὐρανοὺς
2105 1207 2323 1278 εἴρηκεν

758 1288 1139 1359 ἐπερεῶσθαι,
1170 1292 1259 1344 καὶ
1291 1289 1369 1361 τῷ
1407 1292 1680 1363 Πνεῦματι
1726 1293 1819 1346 τοῦ
1853 1295 2117 1367 στόματος
2156 1295 2317 1350 αὐτοῦ

759 1382 938 1435 πᾶσαν
965 1382 1062 1452 τὴν
1090 1382 1319 1453 δύναμιν
1352 1386 1551 1439 αὐτῶν.
1591 1402 1607 1435 ι
1636 1384 1764 1439 Nam
1790 1396 1843 1439 et
1886 1387 2051 1443 David
2088 1390 2317 1443 Verbum

758 1483 814 1529 et
848 1473 1107 1541 Spiritum
1154 1476 1311 1530 simul
1364 1476 1701 1544 gloriﬁcans,
1752 1478 1887 1535 dixit
1934 1482 2099 1536 cmlos
2145 1481 2322 1535 Verbo

758 1564 970 1619 Domini
1008 1564 1255 1619 ﬁrmatos
1285 1581 1424 1633 esse,
1454 1582 1519 1622 ac
1548 1567 1754 1637 Spiritu
1788 1572 1899 1626 oris
1927 1573 2044 1641 ejus
2070 1572 2319 1625 virtutem

758 1670 945 1711 eorum
976 1672 1210 1713 omnem.
1243 1676 1263 1709 ι
1305 1658 1409 1713 Sed
1460 1662 1787 1729 notandum,
1833 1673 2130 1727 auctorem,
2176 1663 2323 1732 quis-

760 1748 882 1818 quis
911 1758 1012 1812 est,
1056 1764 1160 1803 non
1194 1751 1407 1819 propria
1439 1751 1655 1807 Davidis
1692 1754 1851 1807 verba
1888 1754 2198 1821 protulisse,
2227 1757 2321 1811 sed

759 1841 886 1894 illud
925 1857 1077 1896 suum
1108 1844 1392 1913 glossema,
1432 1863 1450 1896 ι
1477 1846 1575 1911 Qui
1622 1861 1742 1899 cum
1777 1844 1935 1901 Patre
1978 1855 2033 1901 et
2070 1846 2207 1901 Filio
2243 1849 2316 1900 si-

2427 652 2813 709 alienissimum
2849 652 3172 722 proferatur.
3216 651 3333 718 Qua
3363 652 3429 705 de
3478 666 3535 705 re
3576 664 3633 707 ut
3676 654 3990 709 existimare

2425 746 2619 815 cuique
2666 746 2859 806 liceat,
2906 745 3171 798 ascribam
3209 743 3446 799 auctoris
3493 746 3674 811 verba,
3706 762 3826 817 qum
3869 746 3991 800 hac

2425 846 2550 889 sunt
2577 855 2589 889 :
2616 836 2677 886 Τί
2704 835 2760 886 δὲ
2784 836 2811 886 6
2842 833 3141 906 Ζοροϐάϐελ
3167 835 3259 886 καὶ
3282 838 3314 904 ἡ
3342 833 3435 887 τοῦ
3463 834 3763 905 Ζοροϐάϐελ
3791 836 3986 907 σοφίας

2424 922 2534 995 ἆρά
2567 944 2645 978 σοι
2679 926 2909 995 μετρίως
2938 926 3029 978 καὶ
3057 925 3117 976 οὐ
3150 924 3334 992 σαφῶς
3367 924 3691 998 παριστάναι
3715 929 3859 981 δοκεῖ
3882 928 3987 998 τὴν

2426 1017 2717 1069 ὑπόστασιν
2761 1018 2854 1069 καὶ
2894 1018 3034 1088 ζωὴν
3061 1018 3159 1087 τῆς
3199 1016 3473 1087 ἀληθείας,
3505 1021 3592 1073 ὅτε
3628 1022 3791 1087 φησί’
3826 1024 3991 1076 Πᾶσα

2423 1108 2589 1180 ήγῆ,
2634 1122 2736 1164 etc.
2779 1130 2796 1159 ι
2828 1110 2963 1175 Quid
3011 1127 3139 1166 vero
3186 1110 3478 1165 Zorobabel
3528 1123 3581 1168 et
3628 1111 3983 1171 Zorobabelis

2424 1201 2719 1269 sapientia?
2754 1217 2878 1255 num
2905 1204 3233 1257 subobscure
3258 1211 3312 1256 et
3340 1216 3443 1255 non
3474 1204 3619 1258 clare
3647 1203 3739 1257 tibi
3772 1203 3989 1260 videtur

2423 1292 2753 1363 hypostasim
2785 1308 2847 1347 ac
2877 1292 3044 1346 vitam
3080 1294 3323 1349 veritatis
3352 1293 3613 1359 indicare,
3650 1309 3773 1351 cum
3804 1294 3937 1348 dicit
3966 1316 3982 1351 :

2422 1382 2607 1437 Omnis
2638 1390 2802 1450 terra,
2830 1403 2847 1435 ι
2875 1392 2998 1445 _etc.
3038 1383 3117 1438 Do
3150 1386 3353 1454 reliqua
3392 1383 3661 1439 Basiliana
3692 1401 3810 1441 esse
3841 1402 3855 1439 :
3884 1388 3987 1441 sed

2421 1473 2570 1529 illum
2602 1474 2803 1529 citandi
2836 1474 3071 1539 modum,
3107 1475 3171 1527 Tt
3198 1476 3253 1527 δὲ
3279 1479 3307 1529 6
3346 1474 3647 1547 Ζοροϐάϐελ
3693 1473 3845 1547 καὶὴ
3885 1474 3985 1529 τοῦ

2424 1563 2721 1636 Ζοροϐάϐελ
2761 1568 2949 1636 σοφίας
2995 1585 3013 1618 ι
3053 1565 3189 1632 Quid
3231 1582 3359 1621 vero
3400 1567 3690 1621 Zorobabe!
3723 1580 3777 1622 et
3818 1568 3987 1622 Zoro-

2423 1658 2623 1713 bahelis
2639 1658 2949 1727 sapientia?»
2970 1662 3032 1712 ad
3059 1658 3271 1713 Patrem
3292 1658 3661 1729 gravissimum
3688 1663 3982 1727 pertinere,

2425 1764 2602 1811 nemo,
2647 1747 2859 1816 opinor,
2909 1750 3122 1802 dixerit.
3155 1748 3364 1804 Norunt
3408 1749 3550 1804 enim
3579 1748 3668 1818 qui
3722 1747 3983 1801 Basilium

2426 1840 2505 1893 vel
2560 1841 2883 1909 primoribus
2940 1839 3104 1894 labris
3138 1843 3463 1911 attigerunt,
3506 1856 3627 1897 eum
3684 1838 3985 1909 simplicius

758 1931 874 1986 mul
918 1932 1373 2001 congloriﬁcatur.
1400 1951 1417 1985 ι
1467 1932 1583 1987 Jam
1632 1952 1759 1990 vero
1807 1952 1902 1990 nec
1938 1936 2187 2002 Basilius,
2225 1954 2322 1992 nec
2354 1942 2395 1995 Β

2321 1961 2322 1984 ς
2354 1942 2395 1995 Β
2427 1930 2566 2001 loqui
2599 1932 2839 1997 solitum,
2877 1934 2974 1987 hoc
3026 1930 3139 1986 fere
3188 1933 3370 1995 modo,
3396 1935 3423 1984 6
3465 1932 3711 2003 Σολομὼν
3763 1948 3919 2003 φησι,
3954 1931 3984 1983 6

760 2021 898 2077 alius
922 2024 1060 2076 ullus
1082 2024 1316 2092 scriptor
1338 2024 1585 2095 diligens,
1611 2043 1705 2081 sua
1737 2028 1970 2095 ipsorum
1999 2026 2321 2096 glossemata

760 2126 858 2176 pro
898 2110 1029 2178 ipsis
1079 2112 1370 2182 Scripturze
1418 2116 1593 2168 verbis
1644 2131 1877 2183 unquam
1939 2115 2211 2185 protulere
2255 2120 2323 2173 ad

756 2202 975 2269 aliquod
1012 2203 1198 2273 dogma
1227 2206 1701 2272 comprobandum.
1730 2206 1913 2275 Neque
1942 2223 2070 2264 vero
2097 2211 2162 2264 ad
2195 2226 2324 2265 con—

760 2290 1012 2346 futandos
1040 2293 1318 2345 haereticos
1350 2303 1473 2361 apta
1507 2304 1589 2347 est
1626 2297 1735 2350 haec
1767 2297 1967 2351 citandi
2006 2301 2159 2354 ratio.
2187 2300 2323 2353 Alio-

728 2368 851 2451 'qui
888 2383 1027 2435 enim
1063 2382 1187 2435 illud
1218 2384 1285 2437 ab
1317 2386 1445 2451 ipsis
1482 2389 1790 2455 responderi
1825 2402 2005 2457 posset
2040 2391 2178 2457 quod
2209 2389 2320 2456 jam

759 2490 790 2525 a
830 2474 1011 2527 multis
1041 2474 1093 2528 in
1130 2477 1343 2530 modum
1394 2480 1661 2546 proverbii
1696 2480 1799 2532 dici
1849 2480 2023 2546 video,
2057 2481 2321 2550 glossema

758 2565 911 2634 pejus
956 2582 1076 2623 esse
1127 2577 1401 2622 contextu.
1454 2570 1518 2621 Et
1562 2570 1816 2636 quoniam
1867 2586 1957 2626 res
2008 2582 2089 2627 est
2143 2573 2323 2643 magni

757 2660 1055 2723 momenti,
1106 2659 1281 2713 simile
1314 2660 1617 2730 exemplum
1671 2678 1862 2718 rursus
1898 2664 2179 2721 adducam.
2234 2665 2325 2720 Sic

756 2756 938 2801 autem
967 2748 1199 2816 scriptor
1239 2749 1475 2817 loquitur
1501 2751 1577 2821 (p.
1602 2752 1726 2821 505)
1757 2774 1769 2807 :
1804 2754 1961 2806 Κατὰ
1990 2756 2054 2806 τὸ
2079 2772 2323 2823 γεγραμ-

761 2840 923 2909 μένον
945 2856 958 2870 ⁸
984 2841 1104 2911 Ζωὴ
1143 2842 1202 2893 τὸ
1242 2842 1483 2913 Πνεῦμα,
1525 2845 1583 2895 τὸ
1619 2845 1725 2896 τῶν
1753 2844 2015 2913 οὐρανίων
2044 2844 2321 2913 δυνάμεων

757 2932 1191 2997 ἀποτελεστικὸν,
1232 2953 1248 2983 ι
1280 2933 1581 2987 Secundum
1608 2933 1747 3003 quod
1782 2935 2041 3004 scriptum
2074 2944 2175 3000 est,
2203 2935 2321 2989 Vita

758 3030 844 3075 est
898 3021 1164 3091 Spiritus,
1220 3024 1309 3092 qui
1380 3033 1670 3093 potestates
1731 3025 1980 3082 caelestes
2038 3027 2314 3096 perﬁcit”

758 3113 911 3178 Quis,
954 3131 1157 3184 quaeso,
1201 3117 1245 3170 si
1280 3116 1496 3187 paulum
1542 3120 1698 3173 modo
1732 3120 1784 3173 in
1826 3119 2061 3189 legendis
2105 3128 2321 3176 sancto-

760 3195 880 3258 tuin
908 3204 1127 3258 Patrum
1158 3209 1375 3274 scriptis
1404 3220 1648 3265 versatus
1676 3212 1768 3276 sit,
1798 3229 1903 3267 non
1931 3216 2112 3269 statim
2142 3217 2325 3270 credat

2424 2020 2631 2083 Παῦλος
2685 2021 2978 2084 ἀπόστολος
3031 2038 3197 2090 φησι,
3260 2035 3519 2088 nusquam
3575 2038 3701 2076 vero
3758 2025 3833 2076 uti
3880 2023 3988 2077 hoc

2424 2113 2693 2179 grandiori
2740 2114 2897 2179 stylo,
2936 2116 2964 2165 6
3000 2111 3247 2182 Σολομὼν
3292 2112 3450 2181 καὶὴ
3499 2110 3591 2163 τοῦ
3640 2113 3987 2182 Σολομῶντος

2425 2204 2585 2272 σοφία
2616 2205 2769 2275 φησί,
2798 2215 2904 2262 οιο.
2943 2224 2960 2257 ι
2989 2201 3240 2258 Salomon
3274 2213 3329 2258 et
3365 2201 3690 2258 Salomontis
3719 2206 3985 2271 sapientia

2424 2298 2575 2362 dicit,
2602 2316 2620 2348 ι
2655 2308 2758 2353 etc.

2495 2388 2581 2442 7t.
2626 2389 2816 2443 Filium
2864 2406 2969 2443 non
3011 2404 3134 2443 raro
3188 2397 3341 2442 vocat
3393 2409 3410 2441 ι
3439 2387 3736 2459 genituram
3764 2404 3784 2437 ι
3843 2387 3987 2439 scri—

2423 2488 2578 2547 ptor;
2613 2479 2719 2532 imo
2756 2480 2802 2534 ei
2841 2480 2892 2533 id
2924 2496 3117 2535 nomen
3159 2480 3437 2550 dignitatis
3483 2480 3600 2535 loco
3635 2481 3871 2533 tribuere
3908 2480 3990 2533 vi.

2423 2571 2600 2625 detur.
2633 2570 2762 2641 Ejus
2790 2574 2892 2635 rei,
2922 2583 2979 2627 ut
3009 2588 3069 2628 se
3101 2574 3248 2629 dabit
3274 2574 3506 2639 occasio,
3533 2572 3774 2639 exempla
3804 2571 3988 2641 aliqua

2425 2664 2787 2731 subjiciemus.
2822 2666 3178 2721 Exordiemur
3219 2668 3285 2719 ab
3316 2666 3415 2719 hoc
3451 2664 3587 2728 loco,
3616 2664 3701 2716 ubi
3734 2664 3806 2717 ita
3856 2663 3990 2734 legi-

2427 2766 2510 2808 tur
2538 2756 2612 2822 (p.
2640 2756 2766 2824 c280)
2793 2777 2805 2811 :
2843 2758 2905 2809 Ei
2935 2758 3139 2827 κτίσμα
3178 2757 3428 2823 λέγοντες
3473 2755 3564 2807 τὸν
3598 2755 3744 2820 Υίὸν,
3775 2755 3874 2827 οὐχ
3912 2755 3991 2820 ὡς

2423 2845 2479 2897 ἓν
2517 2846 2622 2897 τῶν
2655 2849 2966 2915 κτισμάτων
3001 2848 3245 2915 λέγουσι·
3279 2847 3421 2899 διατι
3454 2847 3695 2918 γέννημα
3718 2847 3991 2917 λεγόντων

2424 2937 2597 3009 ἡμῶν,
2622 2939 2696 3002 ὡς
2730 2938 2785 2993 ἒν
2818 2939 2923 2991 τῶν
2949 2939 3303 3009 γεννημάτων
3327 2937 3573 3005 νοοῦσιν;
3610 2958 3627 2990 ι
3652 2940 3706 2993 Si
3743 2954 3865 2993 cum
3907 2938 3992 2992 Fi-

2424 3031 2550 3085 lium
2581 3034 2763 3087 dicunt
2797 3042 3118 3097 creaturam,
3159 3046 3266 3086 non
3300 3041 3361 3086 ut
3395 3046 3558 3086 unam
3605 3046 3672 3085 ex
3721 3028 3993 3083 creaturis

2424 3122 2641 3187 dicunt;
2673 3138 2771 3179 cur
2813 3139 2934 3178 cum
2981 3123 3211 3177 dicimus
3247 3137 3346 3177 nos
3396 3123 3718 3191 genituram,
3757 3131 3880 3170 eum
3930 3126 3993 3169 ut

2426 3231 2581 3267 unam
2618 3230 2683 3269 ex
2722 3216 2983 3283 genituris
3021 3213 3355 3283 intelligunt?
3379 3231 3397 3263 ι
3447 3212 3518 3266 Et
3551 3211 3826 3279 aliquanto
3870 3220 3991 3277 post

761 3297 887 3361 illa,
941 3315 960 3348 ι
992 3295 1108 3351 Vita
1159 3307 1239 3351 est
1276 3299 1536 3367 Spiritus,
1596 3304 1687 3369 qui
1740 3314 2033 3370 potestates
2080 3294 2395 3362 cmlestesc

2355 3294 2395 3350 (Σ
2431 3322 2505 3375 ῳ.
2531 3305 2657 3373 285)
2687 3325 2698 3359 :
2735 3307 2796 3358 Εἰ
2850 3305 3053 3374 κτίσμα
3106 3305 3198 3357 καὶ⁴
3252 3304 3311 3355 οὐ
3346 3303 3591 3373 γέννημα
3632 3304 3659 3355 6
3690 3302 3844 3367 Υἱὸς,
3896 3301 3991 3355 καὶ

760 3392 1033 3458 perﬁcit,»
1086 3392 1278 3446 alicubi
1317 3393 1366 3445 in
1424 3391 1716 3463 Scripturis
1768 3398 1991 3452 t0tidem
2048 3400 2225 3454 verbis
2273 3413 2326 3455 et

764 3481 987 3551 syllabis
1021 3482 1292 3537 inveniri?
1335 3483 1465 3538 Nam
1510 3498 1567 3539 ut
1598 3498 1915 3543 cancrorum
1965 3489 2203 3556 Patrum,
2254 3492 2323 3545 ita

763 3573 945 3629 Basilii
982 3592 1096 3631 mos
1122 3588 1225 3639 est.
1267 3587 1345 3643 ut,
1397 3595 1517 3633 cum
1568 3591 1789 3635 utuntur
1828 3583 1909 3636 his
1956 3582 2167 3637 dicendi
2216 3584 2327 3639 for-

766 3666 944 3731 mulis,
991 3668 1131 3721 κατά
1165 3670 1224 3721 τὸ
1278 3671 1681 3741 γεγραμμένον,
1728 3673 1801 3736 ὡς
1851 3675 2186 3746 γέγραπται,
2238 3687 2327 3729 aut

764 3757 1072 3822 similibus,
1126 3770 1251 3813 tunc
1286 3776 1473 3815 eorum
1511 3774 1789 3819 auctorum
1838 3770 1928 3835 qui
1976 3771 2043 3823 ab
2078 3770 2206 3839 ipsis
2248 3771 2326 3824 ci-

765 3854 949 3902 tantur
1002 3852 1219 3919 propria
1270 3851 1428 3905 verba
1480 3853 1778 3922 proferant.
1822 3860 1991 3912 Aliter
2045 3870 2221 3915 tamen
2271 3878 2329 3917 se

767 3941 935 4008 gessit
963 3943 1211 4013 scriptor,
1236 3943 1311 3997 sic
1338 3952 1394 3996 ut
1421 3944 1533 3999 hinc
1562 3948 1744 4011 verba,
1777 3965 1795 3997 ι
1824 3949 1940 4001 Vita
1969 3961 2049 4004 est
2076 3952 2327 4019 Spiritus,

764 4033 857 4101 qui
895 4043 1185 4101 potestates
1217 4036 1460 4089 ctelestes
1496 4038 1720 4105 perlicit,
1751 4056 1767 4087 ι
1807 4039 2017 4107 propria
2056 4056 2158 4093 non
2198 4043 2327 4107 sint,

764 4139 941 4191 neque
968 4124 1224 4187 Matthmi,
1250 4142 1421 4194 neque
1447 4125 1633 4195 Marci,
1659 4144 1831 4199 neque
1853 4130 2009 4185 ullius
2034 4132 2167 4186 alius
2198 4135 2329 4187 scri-

764 4216 936 4284 ptoria
959 4216 1124 4279 sacri,
1147 4218 1236 4270 sed
1256 4232 1349 4270 sua
1378 4218 1542 4286 ipsius
1566 4222 1724 4275 verba
1752 4224 1879 4287 sint,
1910 4223 1958 4277 id
1984 4235 2082 4288 est,
2105 4226 2331 4280 hominis

767 4309 1103 4376 Scripturam
1142 4311 1527 4364 commentario
1554 4326 1652 4365 suo
1680 4319 2090 4384 corrumpentis.
2122 4318 2185 4371 Et
2206 4332 2331 4373 vero

766 4414 889 4451 cum
926 4409 1116 4454 auctor
1162 4400 1233 4453 ita
1266 4400 1472 4455 locutus
1502 4412 1601 4466 est,
1644 4420 1660 4452 ι
1686 4402 1804 4456 Vita
1850 4419 1934 4459 est
1970 4407 2200 4474 Spiritus
2240 4410 2331 4478 qui

766 4502 1062 4560 potestates
1110 4492 1354 4546 ccelestes
1388 4493 1616 4561 perﬁcit,
1643 4513 1659 4544 ι
1705 4495 1836 4547 nihil
1879 4496 2021 4550 aliud
2048 4514 2205 4565 quam
2248 4499 2333 4551 illa

765 4588 882 4656 ipsa
929 4586 1143 4641 Davidis
1190 4590 1385 4651 verba,
1433 4587 1651 4642 «Verbo
1702 4589 1909 4643 Domini
1956 4592 2078 4644 coali
2131 4591 2328 4646 ﬁrmati

766 4689 915 4741 sunt,
944 4699 963 4731 ι
998 4689 1127 4745 etc.,
1180 4680 1487 4748 signiﬁcare
1530 4681 1717 4734 voluit.
1765 4680 2013 4735 Fortasse
2064 4682 2325 4749 ejusmodi

765 4772 983 4829 licentia
1042 4783 1310 4842 utcunque
1372 4774 1643 4829 toleranda
1700 4784 1816 4839 est,
1869 4790 1988 4829 cum
2047 4783 2325 4829 auctorum

767 4864 1113 4935 profanorum
1173 4866 1476 4919 testimonia
1534 4865 1881 4936 proferuntur
1924 4884 1940 4920 :
1994 4868 2089 4920 sed
2143 4869 2193 4921 in
2248 4868 2325 4921 ci-

770 4956 949 5011 tandis
979 4958 1337 5025 scriptoribus
1374 4959 1545 5013 sacris
1581 4974 1698 5013 eam
1723 4960 1845 5027 quis
1874 4959 2051 5011 ferat?
2080 4958 2329 5013 Profecto

768 5049 814 5100 si
849 5048 1068 5115 propria
1104 5048 1509 5116 Scripturarum
1546 5049 1708 5104 verba
1742 5049 1818 5103 sic
1850 5049 2135 5103 immutare
2164 5049 2330 5103 semel

766 5138 950 5201 liceat,
980 5138 1193 5204 quidvis
1240 5139 1490 5207 probare,
1521 5141 1734 5209 quidvis
1773 5154 1968 5210 negare
2016 5139 2327 5195 facillimum

767 5230 892 5284 erit.
940 5230 1018 5282 Ex
1069 5245 1176 5299 quo
1230 5240 1573 5299 sequeretur,
1632 5240 1689 5284 ut
1741 5232 2124 5286 controversiis
2172 5238 2331 5299 atque

768 5320 1205 5373 contentionibus
1237 5335 1337 5375 nec
1372 5321 1493 5375 ﬁnis
1523 5328 1701 5390 posset
1735 5322 1958 5390 imponi,
1991 5337 2089 5375 nec
2118 5320 2328 5376 modus.

770 5409 976 5465 Addam
1012 5411 1154 5481 (nam
1188 5412 1238 5466 id
1268 5426 1483 5482 quoque
1526 5414 1632 5467 huc
1665 5412 1852 5467 referri
1891 5415 2110 5482 potest),
2138 5413 2329 5469 librum

769 5503 987 5555 tertium
1027 5503 1206 5557 Esdraa
1239 5505 1305 5557 ab
1347 5505 1437 5558 illo
1483 5516 1701 5559 auctore
1743 5506 1823 5559 bis
1860 5507 2013 5559 citari
2062 5508 2134 5576 (p.
2160 5506 2284 5578 516)
2317 5525 2329 5560 :

768 5612 931 5665 quem
964 5606 1141 5649 tamen
1184 5612 1213 5650 a
1254 5596 1448 5653 Basilio
1494 5614 1757 5668 nusquam
1805 5599 2077 5653 laudatum
2128 5600 2334 5653 inveni-

768 5702 910 5743 mus.
940 5686 1045 5742 Nec
1071 5689 1239 5743 solum
1271 5691 1468 5745 citatur
1497 5692 1582 5748 hic
1615 5691 1767 5748 liber.
1798 5691 1889 5748 sed
1922 5692 2019 5757 sic,
2047 5702 2103 5746 ut
2134 5693 2184 5746 in
2218 5690 2330 5760 ipsa

838 5860 889 5893 “
927 5861 1064 5918 Psal.
1099 5882 1270 5937 χχχιι,
1294 5867 1347 5921 6.

2427 3398 2602 3451 πάντα
2628 3398 2683 3450 δὲ
2712 3398 2781 3449 τά
2804 3398 2931 3451 ὄντα
2974 3398 3264 3467 κτίσματα,
3297 3397 3471 3466 μάτην
3503 3395 3793 3464 άγέννητος
3823 3394 3850 3443 6
3886 3394 3993 3445 Παο

2427 3491 2528 3561 τὴρ
2562 3491 2795 3559 λέγεται,
2841 3491 2940 3543 οὐκ
2991 3491 3142 3553 δντος
3193 3490 3327 3552 ὅλως
3386 3490 3743 3558 γεννήματος,
3794 3485 3929 3555 πρὸς
3959 3483 3991 3536 6

2426 3583 2669 3635 καλεῖται
2702 3582 3011 3650 ἀγέννητος.
3058 3600 3075 3632 ι
3108 3582 3162 3635 Si
3214 3582 3383 3635 Filius
3434 3591 3683 3633 creatura
3730 3588 3847 3641 est,
3883 3589 3991 3627 non

2426 3674 2700 3742 genitura,
2731 3684 2785 3726 et
2813 3684 3005 3727 cuncta
3049 3687 3169 3742 qua:
3216 3680 3359 3734 sunt,
3404 3679 3666 3724 creaturae
3701 3678 3848 3729 sunt,
3880 3667 3993 3718 fru-

2429 3775 2540 3819 stra
2574 3764 2732 3819 Pater
2780 3764 3051 3835 ingenitus
3080 3763 3300 3829 dicitur,
3346 3776 3466 3816 cum
3505 3775 3609 3814 non
3654 3759 3724 3813 sit
3769 3759 3991 3811 omnino

2428 3858 2709 3927 genitura,
2764 3854 2917 3924 cujus
2983 3864 3227 3925 respectu
3290 3852 3589 3923 appelletur
3642 3851 3934 3919 ingenitus.
3967 3867 3986 3901 ι

2430 3950 2584 4005 Hand
2619 3950 2773 4020 longe
2800 3950 2872 4003 ita
2907 3949 3101 4017 legitur
3128 3948 3201 4016 (p.
3225 3946 3352 4015 ΞΜ)
3377 3960 3391 3997 :
3416 3946 3477 3997 Et
3511 3943 3669 4013 φύσει
3698 3942 3996 4012 ἁγέννητος

2430 4046 2457 4095 6
2502 4042 2707 4111 Πατὴρ,
2763 4040 2919 4109 φύσει
2967 4039 3222 4109 γεννητὸς
3270 4038 3361 4090 καὶ
3394 4039 3423 4089 6
3452 4036 3608 4099 Υἱόςο
3644 4037 3691 4087 εί
3740 4035 3796 4088 δὲ
3834 4033 3995 4103 φύσει

2430 4134 2691 4205 γέννημα,
2729 4135 2909 4186 οὐκέτι
2954 4134 3175 4202 κτίσμα.
3203 4134 3389 4193 ὐντος
3422 4125 3511 4182 οὖν
3541 4128 3634 4181 τοῦ
3672 4128 3829 4195 φύσει
3871 4143 3997 4193 γενο

2429 4228 2688 4297 νήματος,
2716 4227 2926 4295 ἀνάγκη
2964 4226 3055 4277 καὶ
3086 4226 3173 4278 τὸν
3203 4226 3534 4294 γεννήσαντα
3559 4218 3715 4275 εἶναι.
3755 4237 3772 4268 ι
3807 4218 3863 4270 Si
3901 4233 3996 4270 na-

2433 4328 2549 4371 tura
2585 4318 2853 4387 ingenitus
2880 4326 2961 4370 est
3007 4314 3187 4379 Pater,
3223 4315 3391 4368 Filius
3419 4328 3631 4381 quoque
3675 4319 3869 4364 natura
3911 4318 3995 4362 est

2432 4410 2642 4481 genitus
2680 4427 2693 4463 :
2727 4409 2820 4463 sed
2865 4408 2908 4461 si
2946 4407 3189 4477 genitura
3242 4414 3324 4460 est
3372 4413 3598 4468 natura,
3643 4416 3991 4471 nequaquam

2434 4510 2517 4556 est
2546 4508 2805 4554 creatura.
2854 4497 2985 4553 Cum
3021 4496 3183 4565 igitur
3234 4495 3484 4565 genitura
3528 4495 3600 4549 sit
3639 4504 3851 4556 natura,
3899 4504 3998 4544 ne-

2435 4608 2585 4647 cesse
2629 4600 2710 4645 est
2743 4598 2797 4645 et
2838 4589 3129 4660 genitorem
3162 4601 3341 4641 esse.»
3387 4587 3674 4655 Aliquanto
3727 4589 3848 4650 post
3896 4596 3995 4634 eo-

2432 4688 2549 4740 dem
2599 4684 2753 4736 modo
2811 4681 3041 4749 scriptor
3090 4679 3324 4746 loquitur
3369 4674 3636 4747 (p.286):
3677 4674 3842 4725 Οὐδὲν
3887 4674 3995 4743 ἄρα

2434 4776 2607 4830 κοινόν
2651 4777 2793 4826 ἐστιν
2828 4772 2956 4825 Υἱοῦ
2997 4770 3090 4823 καὶ
3122 4768 3359 4838 Πατρὸς,
3402 4766 3521 4819 οὐδὲ
3546 4766 3579 4834 ἡ
3613 4764 3807 4826 κτίσις,
3837 4764 3993 4837 εἴπερ

2433 4867 2639 4936 ποίημα
2673 4866 2763 4917 καὶ
2793 4864 2852 4915 οὐ
2883 4862 3124 4929 γέννημα
3151 4861 3178 4912 6
3215 4860 3374 4922 Υἱός..
3398 4860 3461 4911 Εἰ
3493 4860 3731 4928 γέννημα
3758 4858 3788 4908 6
3834 4857 3992 4919 Υἱὸς,

2433 4960 2529 5027 οὐχ
2590 4958 2662 5020 ὡς
2726 4958 2783 5007 ἓν
2846 4953 2952 5006 τῶν
3025 4952 3407 5023 γεννημάτων,
3464 4953 3569 5004 πᾶν
3632 4950 3687 5003 δὲ
3746 4950 3995 5019 γέννημα

2434 5051 2661 5119 κτίσμα,
2711 5048 2771 5098 οὒ
2832 5047 3035 5115 κτίσμα
3066 5048 3094 5098 6
3138 5045 3281 5107 Υἱός.
3312 5043 3445 5097 Οὐδὲ
3491 5043 3599 5114 γάρ
3639 5042 3886 5111 γέννημα
3918 5040 3991 5102 ὡς

2430 5145 2627 5195 ἐκεῖνα.
2658 5160 2673 5192 ι
2704 5139 2845 5193 Nihil
2870 5154 2995 5209 ergo
3022 5151 3300 5192 commune
3325 5145 3407 5191 est
3429 5134 3571 5189 Patri
3599 5149 3717 5188 cum
3746 5132 3901 5194 Filio,
3926 5146 3993 5186 ne

2430 5233 2632 5288 creatio
2657 5232 2893 5300 quidem,
2928 5231 2969 5285 si
3005 5229 3210 5283 factura
3258 5242 3365 5281 non
3402 5226 3643 5297 genitura
3682 5223 3851 5277 Filius
3886 5232 3989 5277 est.

2435 5326 2489 5379 Si
2523 5323 2687 5377 Filius
2706 5322 2947 5391 genitura
2979 5330 3079 5384 est,
3110 5334 3212 5374 non
3245 5328 3496 5387 tanquam
3530 5333 3632 5369 una
3658 5314 3991 5384 egenituris,

2433 5414 2608 5467 omnis
2652 5421 2825 5466 autem
2872 5411 3114 5481 genitura
3148 5416 3394 5463 creatura
3446 5415 3556 5470 est,
3589 5418 3692 5457 non
3739 5412 3990 5456 creatura

2431 5506 2597 5559 Filius
2635 5514 2735 5567 est,
2777 5517 2947 5572 neque
2991 5502 3133 5555 enim
3171 5500 3413 5571 genitura
3461 5508 3544 5552 est
3575 5505 3631 5548 ut
3674 5494 3784 5547 illa.
3817 5513 3835 5544 ι
3872 5494 3991 5547 Dis.

2434 5596 2606 5649 simile
2648 5610 2749 5648 non
2789 5604 2871 5648 est
2913 5593 3052 5663 quod
3093 5593 3340 5661 sequitur
3386 5590 3470 5657 (p.
3496 5587 3660 5658 287):
3698 5586 3759 5637 Et
3806 5586 3834 5637 6
3866 5583 3991 5646 Υἱὸς

2434 5686 2726 5758 ἐνέργημα,
2759 5686 2849 5739 καὶ
2878 5687 2935 5739 οὑ
2968 5684 3226 5755 γέννημα,
3273 5680 3393 5733 οὔτε
3423 5682 3448 5731 6
3496 5678 3826 5748 ἐνεργήσας,
3868 5674 3989 5728 οΰτι
