4212 6494
1362 462 1421 512 Ι).
1462 460 1603 512 JLI..
1657 459 1984 514 GARNERII
2026 461 2418 515 PRAZFATIO.

3211 477 3416 516 αλια

189 574 291 647 μὴν
328 579 390 630 τὸ
441 579 738 650 ἐνεργηθὲν
804 578 963 638 αὐτός
1032 579 1196 631 ἐστιν.
1255 599 1272 629 ι
1305 580 1360 631 Si
1427 580 1592 636 Filius
1639 599 1766 653 ονο-
1796 582 1840 634 Α

1758 604 1766 613 ·
1796 582 1840 634 A
1869 583 2079 634 ritatem
2131 579 2304 646 palam
2341 588 2638 648 oppugnat,
2691 578 2789 629 sibi
2850 577 2946 646 ipsi
2984 585 3158 627 tamen
3193 589 3421 627 consona

188 670 316 725 ratio
343 681 465 737 est,
509 684 615 722 non
663 668 942 737 genitura,
995 681 1168 737 neque
1216 669 1307 739 qui
1342 680 1597 736 operatus
1640 682 1754 740 est,

189 776 353 832 neque
385 773 523 829 opus
571 757 746 816 ipsum
793 757 905 828 ipse
951 769 1053 812 est.
1080 779 1097 810 »
1140 760 1333 814 Statim
1373 759 1444 812 ita
1493 761 1755 832 scriptum

188 852 456 908 invenitur
498 856 575 918 (p.
600 849 730 922 287)
758 869 772 905 :
803 852 1165 914 Μονόκτιστος
1213 849 1543 923 κυριώτερον
1577 852 1642 904 ἂν
1674 855 1758 908 λέ-

191 960 348 1013 γοιτο,
406 943 612 1014 κτίσμα
659 945 756 1016 μὲν
797 944 1011 1015 ἀληθῶς
1056 946 1177 997 κατ’
1217 944 1478 1014 Εὐνόμιον
1508 944 1604 1014 ὢν,
1635 949 1757 1016 γέν-

191 1051 330 1103 νημα
353 1034 413 1087 δὲ
439 1036 789 1108 ψευδονύμως
816 1035 1166 1105 καλούμενος.
1198 1055 1214 1085 ι
1241 1035 1562 1092 Unicreatus
1591 1043 1760 1107 magis

192 1126 404 1194 proprie
433 1129 725 1194 diceretur,
766 1143 888 1183 cum
935 1126 1230 1182 secundum
1279 1128 1597 1185 Eunomium
1637 1145 1763 1186 vere

193 1229 442 1276 creatura
469 1223 562 1285 sit,
591 1221 722 1275 l’also
750 1231 930 1275 auten»
965 1221 1179 1274 nomine
1208 1223 1451 1290 genitura
1480 1231 1757 1278 vocetur.»

196 1309 396 1368 liurSus
430 1313 514 1367 sic
552 1313 738 1365 scribit
784 1313 862 1381 (p.
885 1310 1013 1379 392)
1041 1329 1054 1367 :
1088 1313 1150 1365 Εί
1190 1313 1296 1386 πρὸ
1328 1315 1426 1383 τῆς
1477 1313 1705 1380 κτίσεως
1737 1319 1764 1370 ὁ

196 1402 318 1467 Υἱὸς
346 1405 409 1456 οὐ
440 1403 687 1475 γέννημα
722 1407 888 1467 ἐστιν,
931 1405 1065 1458 ἀλλὰ
1096 1406 1300 1476 κτίσμα
1319 1422 1335 1438 ·
1369 1406 1765 1476 πρωτὸκτιστος

198 1494 260 1548 ἂν
311 1495 531 1563 ἐλέγετο
586 1496 679 1550 καὶ
718 1495 778 1548 οὐ
828 1495 1187 1566 πρωτότοκος.
1249 1517 1267 1548 ι
1313 1496 1370 1551 Si
1424 1497 1591 1554 Filius
1643 1511 1768 1554 ante

198 1597 497 1642 creaturam
545 1589 790 1660 genitura
835 1602 940 1642 non
983 1598 1152 1659 esset,
1205 1589 1298 1642 sed
1331 1600 1622 1644 creatura:
1660 1592 1770 1660 pri-

200 1689 501 1736 mocreatus
551 1681 736 1751 utique
787 1679 1095 1744 diceretur,
1145 1694 1249 1731 non
1307 1681 1716 1750 primogenitus.
1747 1700 1764 1734 »

203 1769 447 1838 Unicum,
478 1789 599 1828 cum
637 1773 836 1842 possim
875 1773 1054 1840 plura,
1087 1770 1389 1839 exemplum
1421 1770 1640 1838 addam,
1676 1776 1764 1830 ubi

201 1865 275 1920 sic
306 1865 502 1933 legitur
533 1868 608 1933 (p.
631 1863 756 1932 506)
786 1882 798 1916 :
829 1865 936 1914 Καὶ
958 1865 1017 1915 τὸ
1045 1866 1288 1936 γέννημα
1311 1863 1370 1931 ἐξ
1392 1863 1555 1917 αὐτοῦ
1581 1868 1770 1937 Expet-

202 1974 276 2009 νει
304 1959 395 2010 τὸν
423 1956 616 2024 Λόγον.
655 1974 671 2006 ι
702 1955 767 2009 Et
795 1956 1040 2026 genimen
1071 1961 1210 2025 quod
1252 1973 1314 2011 ex
1352 1957 1466 2027 ipso
1496 1969 1607 2026 est,
1637 1961 1766 2025 edit,

205 2048 434 2099 Verbum
475 2045 788 2100 videlicet.»
835 2045 909 2098 Ex
965 2044 1053 2099 his
1092 2057 1147 2100 et
1185 2047 1451 2101 similibus
1499 2048 1632 2102 locis
1683 2049 1765 2102 in-

207 2133 484 2204 telligitur.
530 2133 725 2190 Filium
771 2151 797 2190 a
831 2136 1120 2206 scriptore,
1165 2137 1475 2204 quicunque
1523 2136 1612 2191 ille
1650 2133 1768 2202 fuit,

207 2237 447 2284 vocatum
510 2244 629 2285 esse
688 2245 707 2281 ι
748 2226 1132 2299 genituram,»
1187 2227 1344 2294 eique
1404 2243 1598 2282 nomen
1649 2228 1770 2297 γέν-

205 2339 351 2392 νημα
377 2323 660 2392 probatura
690 2319 873 2377 fuisse.
903 2319 1035 2374 Nam
1064 2319 1116 2373 in
1148 2319 1321 2389 primo
1347 2318 1592 2387 exemplo
1618 2319 1774 2374 docet

209 2413 396 2470 Filium
433 2418 500 2470 ab
538 2415 891 2470 Eunomianis
922 2415 1103 2469 vocari
1143 2422 1472 2479 creaturam,
1505 2411 1612 2466 dici
1644 2427 1772 2468 vero

208 2524 232 2558 a
265 2522 320 2561 se
352 2508 681 2575 genituram.
710 2505 775 2557 Et
802 2505 1017 2574 quidem
1051 2505 1124 2559 ita
1168 2505 1335 2574 loqui,
1365 2506 1411 2558 εί
1451 2504 1657 2575 κτίσμα
1686 2503 1766 2558 λέ-

207 2613 393 2664 γοντες
423 2595 514 2648 τὸν
573 2594 720 2658 Υἱόν,
750 2606 878 2658 etc.,
911 2595 986 2646 uti
1029 2595 1188 2659 paulo
1237 2605 1358 2648 ante
1405 2595 1622 2662 legitur,
1660 2595 1776 2663 ejus

208 2697 308 2750 est,
339 2689 432 2758 qui
468 2686 521 2739 in
554 2699 620 2740 eo
645 2685 713 2738 ab
752 2683 1102 2737 Eunomianis
1129 2682 1502 2750 dissentiebat,
1532 2685 1672 2753 quod
1701 2684 1774 2736 illi

206 2777 397 2831 Filium
444 2775 687 2830 dicerent
716 2784 1043 2840 creaturam,
1093 2775 1206 2843 ipse
1245 2788 1370 2828 vero
1413 2791 1537 2829 eum
1571 2778 1780 2843 genitu-

209 2882 317 2919 ram
358 2868 583 2922 diceret.
623 2865 780 2922 Patet
810 2882 1022 2936 quoque
1047 2883 1108 2922 ex
1143 2867 1251 2932 illo,
1299 2867 1644 2938 μονόκτιστος
1683 2886 1778 2922 κυ-

208 2959 465 3032 ριώτερον
515 2960 579 3013 ἂν
626 2959 856 3029 λέγοιτο,
908 2967 1049 3024 etc.,
1116 2975 1298 3014 vocem
1348 2959 1594 3029 γέννημα
1644 2959 1780 3013 Filio

216 3067 475 3123 tanquam
503 3054 749 3106 decoram
779 3068 840 3105 ac
865 3052 1135 3106 decentem
1161 3052 1227 3104 ab
1259 3050 1348 3104 illo
1375 3058 1594 3104 auctore
1621 3049 1782 3104 fuisse

205 3147 486 3201 tributam.
517 3143 691 3199 Vertit
737 3143 878 3198 enim
923 3142 1052 3197 vitio
1097 3141 1381 3206 Eunomio,
1427 3141 1568 3210 quod
1618 3141 1782 3195 Filius

1862 677 2117 744 loquitur.
2149 670 2608 741 Quemadmodum
2640 668 2784 722 enim
2833 668 2884 718 in
2934 663 3300 735 superioribus
3339 663 3428 713 de-

1861 770 2137 834 cernebat,
2169 770 2220 820 in
2257 764 2364 818 Deo
2395 762 2770 817 universorum
2801 757 3158 812 substantiam
3189 752 3304 819 ejus
3339 765 3432 820 per

1863 863 2330 930 ingenerationem
2362 855 2660 926 signiﬁcari
2690 873 2702 908 :
2733 855 2803 908 ita
2833 851 2921 906 hic
2949 865 3162 918 quoque
3192 844 3434 899 substan-

1866 952 1993 1006 tiam
2024 951 2147 1006 Filii
2185 965 2280 1022 per
2309 948 2617 1018 genituram
2655 940 2950 1011 significari
2985 938 3134 1003 dicit,
3165 949 3219 990 ut
3264 933 3430 1004 geniti

1863 1046 1929 1100 ad
1973 1045 2266 1113 ingenitum
2319 1039 2693 1109 oppositione,
2744 1031 3090 1104 Unigenitum
3136 1028 3432 1082 secundum

1865 1141 2034 1211 ipsam
2085 1135 2439 1189 substantiam
2488 1127 2759 1184 contrario
2807 1128 2965 1179 modo
3011 1121 3079 1176 ad
3121 1118 3332 1172 Patrem
3377 1131 3436 1170 se

1866 1209 2066 1287 habere
2093 1229 2360 1280 ostendat.
2391 1225 2728 1292 Quapropter
2757 1231 2876 1270 cum
2907 1215 3104 1270 Filium
3136 1209 3435 1281 genituram

1867 1321 2117 1393 appellat,
2148 1319 2306 1372 verba
2347 1333 2463 1385 quae
2504 1334 2532 1370 a
2567 1313 2746 1368 divino
2791 1308 2990 1377 Spiritu
3036 1308 3293 1372 usurpata
3332 1311 3436 1350 non

1868 1390 2025 1479 sunt,
2077 1408 2397 1482 prmscribit.
2451 1407 2601 1462 Unde
2634 1405 2747 1458 haec
2797 1399 3035 1467 accepit?
3083 1413 3148 1450 ex
3203 1409 3305 1463 qua
3344 1390 3440 1442 do-

1871 1504 2084 1560 ctrina?
2125 1521 2153 1557 a
2199 1517 2306 1572 quo
2345 1498 2644 1568 propheta?
2679 1510 2706 1548 a
2743 1506 2849 1563 quo
2901 1487 3165 1557 apostolo,
3199 1485 3288 1554 qui
3330 1483 3431 1534 hoc

1871 1600 1918 1652 ei
1953 1610 2245 1666 cognomen
2282 1590 2565 1646 tribuerit?
2593 1589 2703 1658 Ego
2732 1585 2952 1656 quidem
2989 1589 3137 1634 certe
3168 1578 3305 1628 hanc
3348 1588 3440 1624 vo-

1872 1710 1986 1750 cem
2015 1693 2093 1747 sic
2121 1703 2432 1759 expressam
2465 1683 2609 1739 nullo
2641 1682 2935 1752 Scriptura:
2964 1677 3079 1730 loco
3110 1667 3437 1726 invenio.....

1872 1787 2086 1842 Patren»
2111 1783 2327 1855 quidem
2356 1777 2629 1850 genuisse,
2653 1788 2719 1826 ex
2748 1772 2929 1826 multis
2957 1769 3088 1823 locis
3114 1760 3439 1818 didicimus:

1877 1882 2068 1935 Filium
2101 1893 2228 1932 vero
2259 1875 2564 1941 genituram
2592 1882 2714 1924 esse
2746 1863 2968 1919 necdum
2999 1860 3064 1912 ad
3100 1857 3243 1910 hunc
3275 1861 3445 1917 usque

1876 1973 2016 2026 diem
2062 1969 2462 2023 audivimus....
2509 1963 2614 2020 Sed
2655 1961 2734 2025 si,
2786 1955 2993 2026 inquit,
3040 1948 3181 2021 Deus
3228 1940 3445 2012 gentm»

1878 2063 2148 2138 quomodo
2189 2074 2286 2128 par
2321 2073 2424 2111 non
2474 2067 2555 2111 est
2591 2054 2831 2125 genitum
2877 2047 3182 2119 genituram
3222 2028 3448 2089 vocare!

1880 2128 2015 2224 Quia
2068 2149 2395 2208 horrendum
2444 2154 2527 2200 est
2577 2146 2730 2199 nobis
2761 2155 2916 2200 eum,
2964 2137 3048 2188 cui
3097 2128 3324 2198 largitus
3366 2129 3449 2177 est

1883 2251 2022 2304 Deus
2055 2257 2246 2301 nomen
2291 2238 2432 2310 quod
2463 2246 2547 2290 est
2576 2251 2734 2303 super
2779 2243 2940 2288 omne
2987 2237 3202 2286 nomen,
3247 2215 3447 2272 nostris

1881 2338 2190 2397 nominibus
2227 2331 2612 2403 appellare.....
2638 2325 2788 2390 Quod
2822 2325 2986 2392 igitur
3024 2331 3123 2371 nec
3150 2304 3451 2366 communis

1881 2427 2251 2491 consuetudo,
2298 2438 2395 2477 nec
2444 2419 2850 2487 Scripturarum
2907 2425 3036 2464 usus
3093 2399 3346 2463 admisit,
3399 2393 3450 2448 id

1883 2530 2100 2589 audere,
2135 2533 2310 2590 nonne
2357 2525 2581 2571 summa:
2623 2507 2904 2565 dementiae
2953 2501 3066 2556 est?
3094 2517 3110 2548 »
3162 2496 3450 2582 Postquam

1885 2627 2062 2671 autem
2088 2584 2321 2664 Basilius
2349 2606 2462 2659 hazc
2493 2611 2546 2657 et
2582 2599 2685 2653 alia
2717 2596 2767 2650 id
2817 2606 2986 2664 genus
3024 2584 3214 2645 multa,
3244 2588 3450 2671 quat-in

1886 2711 2004 2778 ipso
2050 2704 2196 2758 fonte
2227 2697 2328 2767 legi
2357 2708 2532 2764 operae
2561 2691 2793 2760 pretium
2823 2693 2925 2748 est,
2954 2691 3013 2736 ut
3042 2679 3342 2744 eleganter,
3374 2664 3452 2778 ita

1885 2755 2102 2869 ciipiose
2144 2807 2229 2854 eo,
2259 2801 2417 2860 quem
2449 2783 2581 2847 dixi,
2614 2781 2728 2833 loco
2758 2775 2976 2845 scripsit
3005 2771 3070 2826 ad
3102 2777 3286 2822 vocem
3332 2755 3452 2869 γέν-

1889 2849 2097 2869 νςτ-τη
2218 2849 2227 2854 -
2276 2849 2291 2860 .

1885 2911 2033 2965 νημα
2072 2882 2474 2956 repudiandum,
2516 2877 2593 2930 sic
2640 2873 2854 2926 tandem
2897 2874 3199 2921 sermonem
3237 2849 3456 2965 conclu-

1888 2942 2187 3041 ξιιίτξοῦέω
2217 2978 2313 3047 μὲν
2343 2970 2433 3026 οὐν
2463 2967 2715 3040 ἀλλοτρία
2742 2964 2836 3032 τῆς
2871 2976 2928 3011 τε
2963 2953 3145 3047 κοινῆς
3173 2942 3457 3047 συνηθείας

1890 3078 1981 3132 καὶ
2005 3077 2099 3145 τῆς
2123 3072 2228 3124 τῶν
2253 3065 2480 3138 Γραφῶν
2504 3065 2748 3133 χρήσεως
2778 3058 2810 3125 ἡ
2834 3050 2985 3124 φωνὴ
3005 3046 3096 3101 τοῦ
3125 3039 3460 3112 γεννήματος

1891 3138 2314 3236 ἀπεληλεγκται.
2355 3176 2372 3208 ι
2404 3154 2518 3208 Hoc
2556 3154 2736 3218 itaque
2782 3147 2938 3200 modo
2973 3138 3231 3211 genitura:
3271 3140 3459 3197 vocem

207 3253 274 3291 ⁸³
303 3237 424 3305 eius
467 3235 739 3343 δεδηξθεηίὴ
768 3249 894 3338 "te
923 3234 1193 3289 diceremr
1236 3244 1506 3298 creatum'
1541 3231 1775 3303 appella'
1809 3283 1856 3343 ρ
1892 3271 1945 3316 et
1972 3275 2002 3312 a
2035 3231 2308 3312 communi
2347 3242 2738 3303 consuetudine
2767 3248 2822 3292 et
2854 3252 2882 3288 a
2913 3233 3316 3300 Scripturarum
3360 3233 3458 3272 usn

211 3338 364 3387 retur
399 3343 531 3383 vero
560 3328 699 3382 falso
726 3327 940 3382 nomine
975 3327 1218 3396 genitura
1248 3343 1259 3378 :
1301 3341 1460 3394 quem
1490 3322 1620 3379 sane
1648 3340 1781 3377 nun-

209 3433 372 3488 quam
435 3419 518 3472 sic
565 3421 860 3487 arguisset,
907 3418 1006 3473 nisi
1059 3417 1372 3472 credidisset
1426 3417 1536 3487 ipse
1593 3417 1783 3470 Filium

211 3510 432 3580 proprio
475 3524 538 3563 ac
568 3524 693 3563 vero
727 3513 942 3564 nomine
972 3509 1272 3577 genituram
1319 3510 1596 3577 appellari.
1633 3507 1784 3560 Basi-

215 3601 323 3657 lius
371 3610 555 3655 autem
593 3616 698 3654 non
737 3601 893 3654 modo
950 3615 1053 3653 non
1100 3615 1227 3652 usus
1269 3608 1350 3650 est
1411 3600 1624 3652 nomine
1668 3598 1786 3665 γένο

211 3710 387 3763 νημα,
424 3691 520 3746 sed
549 3707 613 3746 eo
635 3692 708 3745 uti
745 3707 848 3745 nou
881 3691 1044 3746 licere
1070 3691 1265 3744 docuit.
1293 3691 1361 3742 At
1393 3690 1565 3760 ipsum
1597 3691 1788 3745 audire

213 3793 458 3854 prmslat.
506 3783 632 3850 Ejus
676 3783 834 3850 igitur
865 3782 978 3837 haec
1011 3790 1136 3836 sunt
1183 3779 1276 3834 lib.
1319 3795 1377 3845 ll,
1412 3796 1558 3832 num.
1587 3780 1640 3842 6,
1671 3781 1700 3832 7
1735 3789 1789 3834 et

212 3877 288 3929 8:
329 3877 442 3928 Καὶ
490 3875 546 3925 ὲν
574 3872 780 3936 τούτοις
821 3873 997 3927 τοίνυν
1039 3876 1105 3944 τῇ
1146 3873 1243 3943 μὲν
1275 3870 1502 3944 ἀληθείᾳ
1541 3871 1789 3942 φανερῶς

211 3967 561 4040 διαμάχεται,
598 3963 772 4030 ἑαυτῷ
800 3963 854 4014 δὲ
885 3963 1032 4032 ὅμως
1063 3961 1330 4017 ἀκόλουθα
1357 3962 1522 4030 λέγει.
1564 3963 1650 4025 Ὡς
1681 3962 1790 4035 γὰρ

213 4060 271 4109 ὲν
311 4059 425 4118 τοῖς
473 4054 584 4108 ἄνω
619 4053 795 4120 λόγοις
826 4053 886 4104 τὸ
917 4054 1206 4123 ἀγέννητον
1241 4057 1330 4106 ἐπὶ
1374 4055 1465 4107 τοῦ
1506 4054 1639 4107 Θεοῦ
1684 4055 1788 4107 τῶν

214 4149 374 4212 ὅλων,
405 4147 507 4217 τῆς
539 4147 723 4208 οὐσίας
760 4145 917 4198 αὐτοῦ
951 4145 1230 4216 διωρίζετο
1266 4143 1402 4199 εἶναι
1435 4149 1788 4216 σημαντικὸν,

214 4240 357 4294 οὕτω
392 4241 488 4292 καὶ
533 4235 764 4290 ἐνταῦθα
793 4238 850 4289 τὸ
875 4236 1118 4307 γέννημα
1162 4236 1262 4306 τὴν
1295 4237 1479 4290 οὐσίαν
1525 4238 1616 4289 τοῦ
1663 4238 1790 4298 Υἱού

218 4332 506 4401 σημαίνειν
552 4329 730 4396 λέγει’
783 4331 846 4381 ἶν’
893 4329 950 4380 ὲν
995 4331 1062 4399 τῇ
1105 4327 1198 4380 τοῦ
1245 4328 1500 4400 γεννητοῦ
1554 4329 1687 4400 πρὸς
1735 4330 1793 4380 τὸ

217 4425 516 4493 ἀγέννητον
543 4419 832 4485 ἀντιθέσει,
862 4421 1114 4484 ἐναντίως
1159 4420 1346 4491 ἔχοντα
1376 4421 1453 4490 τῷ
1495 4422 1670 4491 Πατρὶ
1705 4422 1794 4474 τὸν

218 4513 505 4583 Μονογενῆ
556 4511 694 4564 κατὰ
743 4513 841 4581 τὴν
904 4513 1089 4564 οὐσίαν
1142 4512 1312 4581 αὐτὴν
1386 4511 1649 4584 ἐπιδείξῃ.
1699 4512 1794 4564 Διὰ

219 4608 394 4660 ταῦτα
433 4603 714 4675 νομοθετεῖ
749 4605 966 4672 ῥήματα
1000 4603 1102 4667 ἔξω
1137 4605 1233 4673 τῆς
1265 4605 1509 4673 χρήσεως
1543 4604 1668 4656 ὄντα
1703 4604 1792 4656 τοῦ

222 4699 366 4751 θείου
436 4695 784 4764 Πνεύματος,
843 4694 1086 4764 γέννημα
1157 4696 1246 4746 τὸν
1301 4696 1426 4746 Υἱὸν
1491 4695 1793 4765 ὀνομάζων.

222 4789 392 4842 Πόθεν
413 4786 595 4841 λαϐὼν
618 4805 630 4851 ;
653 4789 714 4838 ὲκ
732 4785 887 4848 ποίας
920 4785 1261 4850 διδασκαλίας
1284 4802 1296 4847 ;
1324 4786 1462 4847 τίνος
1487 4793 1761 4857 προφήτου
1787 4805 1798 4850 ;

223 4881 366 4943 τίνος
399 4879 508 4932 τῶν
539 4877 851 4932 ἀποστόλων
883 4877 1086 4946 ταύτην
1122 4875 1269 4944 αὐτῷ
1290 4877 1388 4945 τὴν
1422 4878 1803 4947 προσωνυμίαν

229 4975 697 5045 ὲπιφημίσαντοςς
746 4969 884 5040 Ἐγὼ
921 4973 1014 5042 μὲν
1053 4970 1158 5044 γὰρ
1188 4969 1422 5039 οὐδαμοῦ
1455 4972 1549 5040 τῆς
1585 4972 1802 5042 Γραφῆς

225 5067 485 5138 κειμένην
528 5065 669 5118 οὕτω
695 5063 790 5134 τὴν
825 5065 1003 5133 φωνὴν
1045 5062 1247 5131 ταύτην
1287 5058 1508 5133 εὖρον...
1543 5063 1800 5130 Γεγεννη-

229 5161 373 5214 κέναι
421 5159 522 5228 μὲν
560 5157 666 5227 γὰρ
707 5157 793 5209 τὸν
827 5155 1064 5226 Πατέρα,
1117 5154 1382 5225 πολλαχού
1413 5154 1798 5224 δεδιδαγμεθασ

224 5254 470 5322 γέννημα
504 5251 562 5301 δὲ
596 5244 733 5301 εἶναι
761 5249 848 5301 τὸν
881 5249 1022 5312 Υίὺν,
1051 5249 1259 5301 οὐδέπω
1283 5249 1375 5300 καὶ
1403 5249 1639 5318 τήμερον
1668 5248 1803 5316 ἀκη-

227 5345 430 5414 κόαμεν
603 5339 739 5392 Ἀλλ’
760 5343 806 5392 εἰ
835 5341 1110 5411 ἐγέννησε,
1136 5341 1320 5410 φησὶν,
1347 5342 1375 5393 ὀ
1401 5340 1555 5402 Θεὸς,
1583 5337 1700 5400 πῶς
1741 5339 1800 5389 οὐ

225 5434 326 5505 χρὴ
353 5434 446 5486 τὸν
469 5431 799 5501 γεννηθέντα
823 5431 1243 5502 προσαγορεύειν
1275 5432 1548 5501 γέννημα;
1572 5432 1691 5483 Ὅτι
1711 5448 1803 5498 φο-

224 5526 380 5595 ϐερὸν
425 5525 560 5595 ἡμῖν
586 5523 874 5593 ἡμετέροις
917 5523 1074 5575 αὐτὸν
1107 5525 1333 5594 ὀνόμασι
1371 5526 1730 5595 προσφωνεῖν,

225 5617 518 5689 ἐχαρίσατο
566 5616 596 5668 ὁ
642 5614 772 5677 Θεὸς
802 5615 970 5686 ὄνομα
997 5618 1057 5668 τὸ
1095 5617 1233 5686 ὑπὲρ
1272 5617 1376 5668 πᾶν
1423 5615 1704 5683 ὄνομα.....
1739 5616 1801 5666 Ὃ

226 5707 400 5760 τοίνυν
430 5703 558 5759 οὒτε
607 5705 640 5774 ἠ
689 5703 840 5772 κοινὴ
881 5703 1152 5774 συνήθεια,
1199 5703 1316 5755 οὐτε
1368 5700 1538 5772 ὴτῶν
1570 5695 1800 5768 Γραφῶν

226 5801 417 5870 χρῆσις
452 5795 873 5867 παραδέδεκται,
908 5795 1094 5849 τούτου
1131 5793 1496 5864 κατατολμᾷν,
1535 5793 1649 5854 πῶς
1683 5789 1801 5860 οὐχὶ

225 5890 320 5961 τῆς
358 5889 602 5960 ἐσχάτης
637 5887 892 5949 ἀπονοίας
925 5886 1073 5952 isti;
1115 5905 1130 5938 ι
1164 5885 1224 5940 Et
1269 5885 1318 5938 in
1370 5883 1449 5947 bis
1497 5883 1677 5954 utique
1722 5896 1805 5934 ve-

1892 3354 2120 3408 alienam
2168 3358 2286 3401 esse
2339 3342 2760 3396 demonstratum
2806 3337 2951 3381 est.»
3007 3324 3135 3388 Qua:
3185 3313 3368 3369 omnia
3416 3307 3462 3362 si

1893 3449 2030 3501 inter
2059 3455 2116 3497 se
2156 3441 2556 3503 comparentur,
2605 3422 2948 3497 perspicuum
2990 3415 3094 3470 erit
3136 3425 3202 3463 ex
3244 3406 3345 3459 hac
3384 3401 3465 3455 lo-

1893 3551 2077 3592 corum
2107 3530 2413 3588 collatione,
2445 3521 2700 3576 Basilinm
2735 3524 2829 3568 aut
2856 3509 2958 3566 sibi
2991 3521 3095 3561 non
3130 3495 3462 3557 consentire,

1895 3639 2004 3692 aut,
2051 3622 2194 3695 quod
2239 3619 2417 3674 verius
2456 3623 2556 3681 est,
2607 3615 2795 3666 horum
2845 3605 3129 3661 librorum,
3176 3596 3228 3647 in
3270 3589 3468 3660 quibus

1893 3681 2256 3786 voxvyé'vvqpa
2277 3722 2528 3778 tanquam
2566 3704 2804 3758 solemne
2829 3696 3086 3766 quiddam
3120 3699 3174 3743 et
3202 3681 3467 3738 familiare

1895 3812 2095 3882 passim
2128 3806 2435 3862 adhibetur,
2473 3807 2748 3850 auctorem
2781 3804 2884 3843 non
2917 3799 3054 3840 esse.

1968 3903 2057 3956 72.
2095 3897 2318 3956 Ostendi
2356 3895 2618 3948 hactenus
2659 3893 2933 3940 auctorem
2991 3879 3251 3933 librorum
3289 3865 3465 3939 quarti

1896 4053 1950 4099 et
1981 4041 2148 4110 quinti
2185 4044 2370 4090 contra
2406 4028 2724 4084 Eunomium
2777 4024 2851 4077 uti
2889 4021 3072 4088 aliquo
3115 4011 3324 4068 dicendi
3372 4022 3465 4077 ge-

1900 4151 2042 4192 nere.
2080 4147 2184 4200 quu
2234 4144 2338 4181 non
2374 4124 2508 4179 solet
2539 4121 2617 4175 uti
2646 4115 2875 4171 Basilius
2928 4127 2941 4163 :
3005 4125 3168 4167 nunc,
3216 4103 3468 4172 quoniam

1899 4227 2130 4279 varietas
2159 4221 2271 4289 ipsa
2308 4231 2404 4286 per
2434 4228 2493 4268 se
2526 4211 2720 4282 placet,
2750 4203 3035 4262 ostendere
3060 4199 3297 4254 conabor
3319 4211 3470 4250 eum-

1901 4320 2019 4372 dem
2058 4287 2266 4366 nonuti
2290 4306 2560 4375 aliquibus
2593 4299 2802 4356 dicendi
2839 4294 3104 4355 formulis,
3142 4306 3259 4360 qua:
3285 4287 3470 4355 smpis-

1901 4408 2035 4462 sime
2064 4403 2201 4472 apud
2248 4399 2504 4452 Basilium
2556 4394 2822 4465 leguntur.
2873 4388 2980 4442 Res
3013 4394 3190 4438 autem
3239 4381 3304 4433 iis
3354 4391 3471 4446 quae

1902 4497 2180 4567 subjiciam
2205 4490 2465 4556 exemplis
2497 4487 2586 4542 ﬁet
2610 4485 2824 4540 clarior.
2861 4480 3152 4545 Postquam
3187 4473 3346 4543 igitur
3374 4471 3472 4524 Ba-

1903 4591 2052 4644 silius
2087 4587 2285 4656 aliquid
2320 4591 2411 4636 aut
2443 4578 2706 4650 probavit,
2757 4583 2848 4629 aut
2884 4569 3206 4630 confutavit,
3249 4575 3338 4619 aut
3377 4579 3474 4617 ex-

1905 4681 2163 4753 planavit,
2205 4679 2504 4732 orationem
2538 4670 2860 4728 concludere
2900 4662 3177 4722 consuevit
3232 4661 3312 4713 his
3351 4671 3473 4710 ver-

1907 4775 1987 4829 bis
2031 4791 2042 4827 :
2084 4772 2194 4825 Kal
2227 4769 2399 4822 ταῦτα
2443 4767 2538 4836 μὲν
2587 4765 2678 4818 ἐπὶ
2707 4759 2981 4823 τοσοῦτον,
3025 4755 3126 4820 vel,
3171 4757 3248 4816 εἰς
3287 4749 3472 4805 τοσοῦ-

1903 4883 2029 4931 τον,
2066 4864 2212 4918 verbi
2244 4861 2436 4933 gratia,
2478 4868 2760 4927 postquam
2798 4851 3024 4906 Basilius
3074 4847 3209 4901 libro
3245 4843 3317 4896 De
3347 4842 3471 4907 Spi-

1905 4963 2010 5012 ritu
2034 4967 2233 5018 sancto,
2265 4969 2383 5022 cap.
2410 4951 2499 5016 l4,
2552 4949 2618 5002 de
2669 4947 2864 5016 Moysis
2900 4942 3220 5011 baptismate
3264 4935 3474 4989 locutus

1905 5062 2008 5113 est,
2039 5049 2338 5103 orationem
2382 5043 2725 5097 absoluturus
2755 5041 2832 5091 sic
2855 5035 3071 5104 scripsit
3103 5031 3218 5086 ;Τὰ
3256 5029 3353 5101 μὲν
3379 5022 3480 5081 οὐν-

1904 5144 2031 5213 περὶ
2062 5140 2269 5203 τύπων,
2326 5137 2419 5188 ἐπὶ
2452 5132 2722 5195 τοσοῦτον,
2771 5151 2788 5182 ι
2815 5129 2998 5198 Itaque
3042 5128 3106 5180 de
3135 5125 3320 5194 ﬁguris
3349 5121 3473 5189 qui-

1906 5237 2025 5290 dem
2067 5235 2348 5287 hactenus.
2383 5248 2401 5280 »
2439 5226 2546 5281 Nec
2577 5228 2732 5280 aliter
2757 5226 3019 5292 scriptum
3051 5218 3325 5274 invenitur
3353 5229 3471 5283 cap.

1906 5323 1994 5376 i9.
2028 5320 2316 5387 Postquam
2337 5317 2479 5369 enim
2507 5325 2742 5368 veterum
2769 5311 2971 5379 aliquot
2992 5310 3316 5378 scriptorum
3351 5318 3470 5356 vero

1907 5416 1971 5466 ba
2002 5411 2209 5474 retulit,
2244 5409 2363 5463 fecit
2387 5423 2487 5460 non
2517 5405 2774 5464 insolens,
2804 5413 2861 5456 ut
2886 5404 2998 5456 haec
3029 5398 3290 5454 addiderit
3317 5413 3329 5448 :
3365 5397 3474 5449 Καὶ

1909 5505 2076 5560 ταῦτα
2112 5505 2208 5574 μὲν
2239 5504 2318 5566 είς
2340 5499 2606 5561 τοσοῦτον,
2638 5516 2655 5549 ι
2687 5498 2742 5551 Et
2769 5499 2880 5550 haec
2909 5496 3124 5565 quidem
3149 5492 3424 5545 hactenus.
3450 5509 3468 5540 »

1911 5599 2158 5666 Ejusdem
2193 5596 2267 5650 rei
2328 5604 2379 5648 et
2413 5593 2515 5646 alia
2545 5591 2790 5658 exempla
2821 5589 2920 5656 legi
2976 5594 3197 5654 possunt
3225 5584 3322 5637 hoe
3359 5584 3474 5648 ipso

1908 5693 1960 5745 in
1993 5690 2130 5744 libro
2177 5703 2296 5756 cap.
2326 5686 2412 5741 50.
2463 5685 2616 5747 Item,
2652 5683 2704 5734 in
2741 5681 2834 5734 lib.
2876 5679 3050 5747 primo
3076 5687 3256 5728 contra
3297 5672 3476 5729 Enno-

1907 5785 2088 5849 mium,
2125 5798 2270 5836 num.
2299 5779 2354 5844 5,
2391 5778 2478 5833 ubi
2529 5779 2641 5830 haec
2685 5773 2932 5841 loquendi
2970 5773 3102 5824 ratio
3143 5769 3225 5823 bis
3251 5767 3476 5820 adhibe-

1911 5886 2012 5930 tur.
2052 5873 2183 5930 Cun»
2218 5873 2375 5942 igitur
2417 5868 2642 5923 Basilius
2681 5865 2779 5920 hac
2819 5861 3196 5919 concludendte
3219 5859 3478 5914 orationis
