4212 6490
777 460 999 501 ιεχιιη

2132 441 2659 497 ΡΙιοιιςοοΜιςΝΑ.

774 554 1000 607 formula
1034 554 1193 608 unice
1239 554 1530 607 delectatus
1574 554 1739 607 fuisse
1771 555 2034 620 videatur,
2066 573 2159 609 cur
2199 574 2337 609 uttu-
2369 567 2416 621 Α
2450 556 2615 611 nomii
2672 554 2987 626 opusculum
3039 556 3302 610 edendum
3350 555 3672 609 curavimus.
3728 552 3818 607 Sic
3852 557 4021 624 igitur

768 658 929 712 quam
956 658 1018 697 ea
1047 643 1101 697 in
1135 644 1335 697 ultimis
1363 646 1570 699 dnohus
1593 648 1645 698 in
1669 645 1988 701 Eunomium
2028 648 2175 701 libris
2210 664 2338 706 usus
2444 647 2678 715 loquitur
2722 648 2953 716 scriptor
3011 662 3159 701 num.
3200 644 3265 699 t2
3310 663 3323 698 :
3374 647 3492 700 Ὅτι
3540 646 3599 700 δὲ
3630 645 3723 700 καὶ
3771 639 3853 708 εἷς
3886 646 4019 712 Tib;

766 733 883 787 est?
919 732 1087 790 Paulo
1118 736 1285 804 magis
1323 752 1539 790 morere
1566 738 1745 800 debet,
1791 740 1934 806 quod
1978 742 2163 794 horum
2201 756 2326 811 quo!

2442 737 2773 808 (Μονογενὴς
2786 736 2938 809 γὰρ),
2968 734 3097 806 ἐνῆν
3137 739 3236 807 μὲν
3260 736 3358 800 τὰς
3384 735 3491 789 τῶν
3515 739 3684 806 ἁγίων
3706 738 3889 808 φωνὰς
3912 755 4021 792 πα-

767 840 890 878 mox
927 826 1038 879 disi
1071 824 1326 881 librorum
1354 840 1543 883 auctor
1576 846 1759 883 vucmn
1807 832 2037 885 κατόπιν
2072 847 2333 902 nusquam

765 916 1019 970 adhibeat
1049 932 1062 970 :
1096 933 1215 988 qua:
1244 928 1420 971 tamen
1451 936 1549 974 vox
1579 921 1650 973 ita
1686 931 1771 974 est
1820 921 2101 977 familiaris
2137 922 2326 981 Basilio

2443 919 2900 990 καταγγέλλουσιν

769 1006 977 1075 Magno,
1008 1022 1059 1062 ttt
1092 1011 1145 1063 in
1181 1010 1296 1077 ejus
1330 1012 1550 1079 scriptis
1579 1026 1792 1066 sursum
1829 1016 2079 1069 deorsum
2107 1016 2330 1087 legatur.

766 1098 1081 1171 Quanquam
1125 1113 1301 1155 autem
1345 1102 1569 1166 Basilius
1615 1118 1733 1158 eam
1782 1121 1966 1160 vocem
2020 1107 2201 1161 multis
2250 1125 2331 1159 va.

767 1190 969 1259 riisque
998 1191 1168 1244 modis
1214 1203 1456 1259 usurpet,
1488 1194 1785 1259 praesertim
1832 1207 2011 1249 tamen
2047 1211 2109 1251 ea
2142 1198 2329 1264 utitur,

768 1297 888 1335 cum
920 1281 1228 1352 significare
1254 1285 1367 1337 vult
1395 1300 1452 1341 se
1484 1287 1709 1357 alicujus
1742 1289 1816 1341 rei
1847 1287 1960 1355 jam
1999 1302 2153 1343 antea
2184 1304 2333 1341 tuen-

770 1374 965 1425 tionem
1003 1373 1214 1427 fecisse.
1238 1374 1379 1454 Ergo
1402 1376 1490 1430 ubi
1534 1378 1777 1447 plerique
1802 1378 1887 1431 alii
1918 1380 2207 1447 scriptores
2235 1393 2333 1432 sa:-

766 1462 884 1526 pius
920 1464 1166 1517 scribunt
1200 1464 1276 1529 ὡς
1315 1468 1655 1537 προείρηται,
1702 1478 1794 1520 aut
1834 1468 2151 1538 simpliciter
2176 1468 2329 1540 εἴρη-

763 1566 874 1615 ται,
912 1569 932 1603 r
958 1562 1015 1605 ttt
1049 1551 1159 1622 jam
1193 1564 1348 1607 antea
1381 1555 1583 1608 dictum
1607 1564 1710 1619 est,
1753 1555 2038 1610 utdictum
2061 1566 2160 1622 est,
2188 1575 2207 1609 ι
2248 1558 2333 1611 ille

764 1657 918 1696 suam
943 1646 1241 1697 orationem
1278 1643 1356 1698 sic
1380 1647 1679 1716 componit,
1709 1659 1765 1701 ut
1792 1649 1971 1718 potius
2003 1650 2073 1703 ita
2102 1649 2330 1712 scribat,

2442 826 2797 899 ραθιμένους,
2843 826 2912 881 δι’
2945 820 3019 883 ὧν
3075 825 3202 879 Υίὺν
3252 829 3348 881 καὶ
3391 827 3633 897 γέννημα
3681 829 3775 883 καὶ
3804 828 4020 900 ποίημα

2937 960 2952 975 .
2976 955 2993 974 ο
3012 959 3026 975 .
3068 917 3412 989 ἀπηλλάχθαι
3458 918 3753 990 φροντίδος.
3819 940 3838 975 α
3858 922 4016 990 Quod

2435 1018 2613 1063 autem
2648 1011 2812 1065 Filius
2838 1024 2978 1066 unus
3016 1013 3087 1066 sit
3112 1024 3323 1080 quoque
3348 1009 3688 1079 (Unigenitus
3709 1021 3792 1065 est
3816 1012 4011 1083 enim).

2434 1100 2657 1155 vocibus
2690 1108 2997 1155 sanctorum
3018 1102 3069 1155 in
3093 1100 3325 1155 medium
3367 1099 3564 1165 allatis,
3588 1100 3779 1170 quibus
3811 1101 4011 1158 Filium

2434 1200 2545 1244 tum
2561 1191 2858 1259 genituram
2880 1201 2987 1245 tum
3012 1203 3315 1247 creaturam
3347 1192 3707 1263 praedicant...
3742 1197 4015 1260 possimus

2432 1296 2562 1337 cura
2589 1281 2823 1338 liberari.
2855 1300 2873 1334 ο
2908 1280 3050 1352 Ergo
3070 1285 3136 1339 de
3169 1282 3409 1340 Eunomii
3443 1283 3729 1348 sententia,
3760 1292 3819 1337 ut
3842 1280 4015 1340 Filius

2432 1386 2558 1427 vere
2596 1375 2921 1442 pmdiCatttr
2947 1382 3227 1437 creatura,
3272 1375 3342 1429 ita
3374 1374 3537 1430 etiam
3587 1374 3727 1443 idem
3756 1389 3885 1431 vere
3918 1390 4015 1443 ge-

2436 1462 2618 1518 nitura
2650 1465 2869 1519 dicitur.
2908 1463 3071 1517 Paulo
3107 1472 3227 1534 post
3268 1466 3438 1535 magis
3468 1465 3747 1535 perspicue
3773 1474 4012 1521 mentem

2432 1568 2583 1610 suam
2626 1558 2793 1627 aperit
2826 1555 3142 1621 Eunomius,
3192 1556 3277 1610 his
3307 1559 3485 1612 verbis
3515 1575 3530 1612 :
3561 1554 3809 1626 Γέννημα
3832 1557 4014 1611 τοίνυν

2432 1646 2523 1701 τὸν
2558 1649 2686 1703 Υίόν
2716 1665 2915 1718 φαμεν,
2943 1651 3085 1704 κατὰ
3107 1650 3207 1721 τὴν
3236 1647 3343 1702 τῶν
3375 1648 3603 1721 Γραφῶν
3638 1646 4010 1714 διδασκαλίαν,

775 1736 864 1789 Ἐν
906 1740 1018 1800 τοῖς
1050 1735 1280 1792 κατόπιν
1318 1737 1517 1807 λόγοις,
1550 1750 1644 1795 aut
1677 1742 2011 1810 simpliciter,
2076 1741 2163 1795 Ἐν
2220 1744 2334 1805 τοῖς
2433 1740 2532 1813 οὐχ
2569 1743 2755 1811 ἕτερον
2791 1739 2891 1809 μέν
2920 1758 2973 1794 τι
3008 1744 3105 1813 τὴν
3140 1741 3324 1797 οὐσίαν
3353 1740 3617 1803 νοοῦντες,
3658 1739 3842 1809 ἓτερον
3871 1740 3929 1794 δέ
3955 1760 4013 1795 τι

765 1827 1013 1896 κατόπιν,
1057 1847 1077 1882 t
1105 1840 1161 1884 ut
1194 1834 1441 1900 superius
1477 1835 1676 1886 dictum
1723 1843 1822 1886 est.
1853 1850 1873 1884 ι
1908 1832 2041 1886 Cum
2085 1834 2245 1904 igitur
2276 1834 2326 1888 iu

2436 1832 2565 1904 παρ’
2598 1830 2769 1889 αὐτὴν
2797 1830 2859 1883 τὸ
2892 1832 3306 1904 σημαινόμενον,
3357 1831 3471 1886 ἀλλ’
3495 1828 3662 1902 αὐτὴν
3716 1824 3854 1883 εἷναι
3906 1831 4013 1902 τὴν

764 1918 967 1973 ultimis
993 1920 1197 1975 duobus
1248 1920 1302 1972 in
1347 1917 1664 1975 Eunomium
1713 1921 1864 1977 libris
1897 1938 2035 1994 δεῦρο
2074 1902 2326 1993 scriptum

2435 1902 2749 1983 ὑπόστασιν,
2797 1920 2863 1991 ἢν
2888 1902 3138 1993 σημαίνει
3176 1920 3431 1993 τοῦνομα,
3460 1919 3898 1992 ὲπαληθευούσης
3938 1922 4007 1992 τῇ

761 2012 833 2063 sit
874 2021 967 2065 aut
995 2013 1335 2082 προείρηται,
1365 2023 1457 2067 aut
1488 2014 1806 2085 simpliciter
1831 2014 2067 2087 εἴρηται,
2112 2030 2211 2071 nec
2240 2032 2331 2073 us-

760 2117 922 2171 quam
976 2103 1025 2156 in
1068 2104 1151 2158 his
1190 2106 1457 2161 scribatur
1490 2106 1550 2160 ιν
1591 2110 1704 2171 τοῖς
1752 2108 2003 2176 κατόπιν,
2043 2111 2331 2179 quomodo,

761 2207 963 2261 quaeso,
992 2194 1217 2251 Basilius
1248 2198 1507 2267 ejusmodi
1542 2196 1800 2253 librorum
1839 2210 2031 2254 auctor
2066 2200 2171 2256 dici
2211 2216 2325 2257 me-

761 2282 867 2337 rito
894 2286 1099 2353 possit?

828 2371 914 2428 73.
950 2373 1169 2431 Monere
1204 2375 1376 2446 juvat,
1422 2377 1634 2435 libellos
1671 2380 1806 2438 duos
1857 2381 2022 2439 fuisse
2052 2383 2226 2441 editos
2259 2386 2329 2440 ab

758 2464 1043 2523 Eunomio.
1071 2467 1267 2533 Unum,
1298 2484 1457 2541 quem
1482 2473 1775 2530 confutavit
1799 2472 2049 2539 Basilius,
2079 2475 2326 2537 alterum,

756 2570 917 2623 quem
942 2556 1225 2614 confutare
1258 2575 1364 2615 non
1407 2563 1603 2630 potuit,
1631 2578 1752 2615 cum
1783 2577 1889 2617 non
1920 2563 2096 2618 editus
2125 2561 2198 2620 sit
2224 2562 2328 2617 nisi

759 2657 880 2716 post
932 2651 1099 2719 ipsius
1143 2664 1389 2707 mortem.
1429 2652 1552 2707 llzec
1583 2666 1791 2708 mecum
1844 2668 1965 2709 eum
2001 2664 2328 2725 reputarem,

757 2740 931 2794 ultimi
970 2743 1075 2797 duo
1122 2744 1177 2795 in
1204 2743 1519 2798 Eunemium
1548 2743 1669 2799 libri
1716 2746 1846 2800 mihi
1878 2747 2048 2818 magis
2071 2762 2134 2803 ac
2158 2748 2331 2817 magis
2430 2753 2579 2795 ﬂum-
2607 2737 2672 2793 Π
2720 2738 2835 2794 hac
2874 2739 3035 2794 Verba
3082 2756 3094 2792 ε

758 2832 992 2901 suspecti
1017 2831 1143 2889 facti
1174 2842 1321 2894 sunt.
1349 2834 1534 2892 Putavi
1556 2836 1698 2893 enim
1729 2837 1995 2892 confutari
2034 2839 2088 2893 in
2120 2838 2326 2895 ultimis

757 2923 965 2979 duobus
993 2938 1175 2980 contra
1217 2925 1537 2982 Eunomium
1576 2928 1728 2985 libris
1765 2944 1870 2984 non
1908 2930 2140 2998 primum
2172 2930 2326 2987 libel-

754 3012 866 3068 lum
898 3013 1169 3081 Eunomii,
1198 3017 1292 3071 sed
1324 3021 1652 3084 secundum;
1698 3021 1767 3076 ob
1795 3021 1955 3091 idque
1979 3023 2199 3078 secundi
2229 3022 2328 3078 ltu-

747 3104 839 3174 jus
864 3103 1028 3161 libelli
1060 3105 1483 3162 confutationem
1513 3110 1672 3164 tribui
1698 3127 1803 3166 non
1829 3128 1987 3183 posse
2008 3113 2228 3182 Basilio,
2256 3116 2326 3172 ob

754 3210 874 3251 eam
905 3211 1065 3266 quam
1093 3198 1245 3253 attuli
1271 3199 1555 3254 rationem.
1589 3200 1651 3253 Et
1680 3202 1896 3270 quidem
1922 3206 2178 3273 scriptor,
2206 3207 2326 3277 qui—

755 3299 967 3355 cunque
1017 3286 1106 3343 ille
1149 3287 1270 3353 fuit,
1298 3289 1388 3359 qui
1420 3289 1639 3345 ultimos
1663 3290 1800 3345 duos
1829 3293 1881 3344 in
1905 3291 2225 3349 Eunominm
2257 3299 2324 3351 li-

754 3379 884 3433 bros
920 3378 1180 3450 vulgavit,
1226 3382 1296 3436 ita
1347 3382 1587 3437 eonfutat
1620 3382 1965 3452 Eunomium,
1998 3396 2055 3440 ut
2083 3401 2204 3441 eum
2234 3403 2323 3443 re.

752 3466 1074 3533 prehendat,
1103 3471 1244 3537 quod
1272 3471 1465 3525 Filium
1500 3489 1623 3527 vere
1650 3475 1853 3529 diceret
1885 3488 2210 3546 creaturam,
2242 3478 2323 3533 af-

752 3556 1001 3613 firmaret
1044 3574 1175 3616 vero
1220 3563 1468 3616 eumdem
1528 3564 1665 3619 falso
1723 3568 1944 3622 nomine
2018 3571 2321 3638 genituram

753 3649 1057 3718 dici.Quod
1100 3664 1162 3708 ut
1204 3654 1536 3711 manifestius
1577 3655 1691 3723 flat,
1732 3655 1843 3725 ipsa
1891 3660 2170 3729 scriptoris
2196 3677 2321 3718 ver-

754 3742 847 3807 ha,
874 3758 993 3814 quae
1013 3744 1125 3814 jam
1150 3747 1452 3815 retulimus,
1477 3764 1663 3805 rursus
1682 3749 1751 3805 ob
1774 3750 1958 3807 oculos
1989 3766 2185 3822 ponere
2213 3770 2317 3810 non

754 3834 973 3903 pigebit.
1011 3834 1133 3888 llam
1170 3847 1345 3891 autem
1391 3852 1514 3894 sunt
1546 3842 1641 3896 lib.
1673 3852 1864 3913 quarto
1889 3858 2011 3916 pag.
2039 3844 2145 3900 287
2171 3865 2185 3902 :
2215 3848 2317 3903 Mo-

750 3923 1025 3988 νόκτιστος
1057 3926 1385 3999 κυριώτερον
1416 3930 1480 3983 ἂν
1504 3930 1734 3997 λέγοιτο,
1766 3934 1967 4003 κτίσμα
1992 3936 2089 4005 μὲν
2110 3936 2320 4009 ἀληθῶς

754 4014 873 4067 κατ’
894 4016 1151 4086 Εὐνόμιον
1186 4017 1279 4086 ὢν,
1310 4018 1553 4090 γέννημα
1577 4021 1635 4074 δὲ
1670 4022 2030 4094 ψευδωνύμως
2061 4028 2323 4100 καλούμε·

754 4122 863 4170 νος.
926 4126 946 4159 t
973 4106 1292 4165 Unicreatus
1322 4113 1490 4180 magis
1518 4116 1732 4182 proprie
1762 4115 2049 4179 diceretur,
2085 4132 2206 4171 cum
2238 4135 2319 4174 se-

758 4200 991 4253 cundum
1026 4200 1344 4256 Ennomium
1369 4218 1496 4259 vere
1548 4213 1796 4258 creatura
1843 4207 1933 4271 sit,
1975 4205 2113 4262 falso
2137 4217 2315 4263 autem

753 4289 972 4344 nomine
1014 4290 1258 4360 genitura
1314 4307 1554 4348 vocetur.
1585 4313 1604 4346 ι
1651 4292 1896 4367 Scriptor
1938 4297 2121 4367 igitur,
2171 4298 2319 4367 quis-

753 4378 879 4446 quis
907 4390 1011 4445 est,
1056 4382 1365 4437 confutabat
1398 4398 1521 4439 eum
1568 4384 1815 4441 Eunomii
1844 4387 2101 4453 libellum,
2131 4389 2184 4443 in
2210 4403 2319 4459 quo

755 4468 1043 4525 hereticus
1074 4472 1163 4527 ille
1195 4474 1423 4527 docebat
1450 4472 1644 4527 Filium
1687 4474 1827 4531 falso
1862 4478 2078 4532 nomine
2105 4477 2322 4548 genitu-

2434 2014 2591 2083 οὐσίᾳ
2622 2011 2720 2083 τῆς
2749 2012 3133 2085 προσηγορίας.
3181 2031 3199 2063 t
3230 2013 3545 2069 Genituram
3581 2013 3761 2083 itaque
3808 2012 4008 2068 Filium

2434 2102 2683 2166 dicimus,
2715 2115 2783 2155 es
2826 2100 3223 2171 Scripturarum
3262 2101 3533 2169 doctrina,
3566 2114 3669 2153 non
3704 2099 3845 2153 aliud
3872 2098 4008 2168 quid

2433 2187 2722 2245 essentiam
2770 2188 3153 2260 intelligentes,
3202 2186 3347 2242 aliud
3400 2188 3529 2256 quid
3582 2196 3775 2256 prater
3806 2189 4005 2256 ipsam,

2436 2282 2491 2337 id
2520 2281 2661 2351 quod
2691 2280 3049 2351 significatur,
3106 2282 3200 2337 sed
3232 2279 3401 2349 ipsam
3456 2292 3577 2334 esse
3620 2277 4005 2345 substantiam,

2432 2387 2592 2442 quam
2620 2387 2817 2427 nomen
2846 2371 3138 2445 signiﬁcat,
3170 2386 3294 2427 cum
3317 2370 3565 2427 essentia:
3589 2384 3715 2424 vere
3741 2380 4008 2440 congruat

2432 2462 2535 2517 ista
2566 2462 2877 2532 appellatio.
2905 2484 2924 2517 ι
2976 2462 3138 2520 Certe
3173 2463 3431 2534 genitura:
3475 2459 3885 2531 appellationem
3914 2474 4007 2514 es-

2429 2553 2619 2610 sentia
2642 2552 2764 2610 Filii
2800 2569 2929 2611 vere
2962 2568 3261 2628 congruere
3301 2554 3391 2624 qui
3423 2554 3573 2620 dicit,
3596 2552 3641 2607 is
3661 2550 3853 2607 Filium
3879 2563 4007 2619 pro-

2430 2645 2573 2714 prio,
2601 2660 2707 2702 non
2738 2643 2885 2703 falso
2931 2645 3149 2702 nomine
3180 2644 3480 2717 genituram
3508 2654 3682 2698 vocat.
3718 2641 4006 2710 Leguntur

3138 2737 3197 2792 Ὀ
3233 2736 3332 2807 μὲν
3384 2735 3493 2807 γάρ
3522 2734 3668 2787 ἐστιν
3703 2732 4005 2804 ἀγεννήτου

2430 2830 2523 2883 καὶ
2554 2830 2815 2901 ἁποιήτου
2854 2829 3097 2899 γέννημα
3138 2829 3233 2881 καὶ
3269 2827 3493 2895 ποίημα.
3533 2842 3553 2876 t
3583 2823 3678 2879 Est
3702 2824 3843 2879 enim
3884 2824 4005 2898 [Fi-

2428 2917 2556 2991 lius]
2589 2920 2812 2989 ingeniti
2847 2927 2902 2973 et
2942 2917 3125 2972 infacti
3162 2918 3406 2985 genitura
3435 2924 3491 2971 et
3536 2917 3775 2973 factura:
3825 2934 3844 2968 ι
3880 2931 4004 2985 qua

2428 3008 2673 3065 Eunontii
2704 3009 2867 3065 verba
2923 3018 2980 3062 ut
3014 3007 3400 3078 intelligantur,
3453 3023 3557 3062 non
3606 3022 3743 3078 opus
3778 3016 3861 3061 est
3892 3006 3999 3059 ulla

2428 3100 2898 3170 interpretatione.
2926 3098 3058 3156 Cum
3084 3098 3226 3154 enim
3255 3100 3415 3155 homo
3440 3100 3633 3169 impius
3655 3098 3844 3153 Filium
3870 3110 4000 3150 vere

2429 3190 2691 3248 facturam
2722 3191 2945 3257 diceret,
2983 3206 3141 3246 nemo
3177 3206 3281 3246 non
3335 3192 3479 3246 videt
3520 3191 3765 3244 eumdem
3794 3187 4001 3258 pariter

2429 3284 2498 3336 ab
2540 3298 2605 3337 eo
2633 3297 2759 3340 vere
2793 3284 3094 3353 genituram
3126 3294 3374 3338 vocatum
3408 3281 3596 3346 fuisse,
3661 3295 3785 3336 cum
3819 3281 3996 3351 ipsum

2422 3376 2610 3428 eodem
2656 3374 2815 3430 modo
2865 3383 2920 3430 et
2958 3372 3259 3443 genituram
3320 3382 3373 3426 et
3431 3371 3693 3426 facturam
3728 3372 3985 3442 appellet.

2424 3463 2617 3519 Statim
2662 3467 2740 3519 sic
2786 3464 3125 3534 persequitur
3162 3480 3173 3516 :
3222 3461 3379 3517 Οὕτω
3431 3465 3541 3536 γὰρ
3585 3463 3653 3519 ἂν
3687 3468 3811 3529 ταῖς
3849 3465 3995 3537 Γρα-

2422 3557 2548 3625 φαῖς
2574 3555 2636 3609 τὸ
2679 3556 2929 3625 ἀψευδεῖν
2980 3554 3321 3625 φυλάττοιτο,
3368 3557 3578 3629 ποίημα
3618 3557 3710 3610 καὶ
3750 3558 3999 3626 γέννημα

2420 3648 2702 3719 λεγούσαις
2725 3649 2817 3702 τὸν
2846 3649 2993 3704 Υίόν.
3033 3668 3051 3700 ι
3073 3647 3165 3704 Sic
3188 3650 3331 3703 enim
3372 3663 3465 3703 sua
3504 3648 3772 3703 constabit
3791 3649 3996 3703 veritas

2419 3742 2735 3812 Scripturis,
2778 3758 2895 3811 qua:
2928 3742 3119 3798 Filium
3164 3740 3431 3797 facturam
3466 3739 3649 3795 dicunt
3692 3740 3995 3821 et’genitu.

2417 3850 2557 3891 ram.
2584 3855 2602 3887 ο
2659 3833 2847 3889 Videre
2876 3835 2996 3889 licet
3033 3833 3123 3888 illa
3166 3848 3314 3888 num.
3348 3833 3414 3890 I9
3447 3851 3462 3888 :
3493 3832 3649 3887 Κατὰ
3688 3832 3744 3886 δὲ
3784 3831 3877 3886 τὸν
3903 3833 3995 3886 uti

2417 3924 2506 3977 τὸν
2551 3924 2705 3992 λόγον
2744 3922 2878 3977 κάπὶ
2919 3922 3011 3977 τοῦ
3050 3921 3405 3991 Μονογενοῦς,
3447 3922 3606 3977 αὑτὸν
3654 3921 3733 3994 τῷ
3782 3923 3949 3994 γεννή

2422 4030 2572 4085 ματι.
2609 4034 2626 4066 ι
2650 4013 2847 4069 Eadem
2869 4028 3080 4085 quoque
3122 4015 3329 4068 ratione
3356 4015 3639 4069 dicendum
3668 4022 3751 4066 est
3776 4013 3839 4067 de
3867 4011 3994 4068 Uni-

2419 4108 2621 4176 genito,
2657 4107 2798 4176 quod
2837 4106 2978 4161 idem
3031 4107 3174 4159 valet
3204 4105 3345 4173 quod
3373 4103 3640 4174 genitura.
3668 4122 3688 4157 ι
3727 4102 3992 4175 Sequun-

2421 4202 2507 4244 tur
2556 4191 2642 4244 illa
2690 4205 2835 4245 num.
2869 4191 2940 4244 22
2977 4207 2992 4243 ι
3037 4191 3349 4263 Μονογενὴς
3396 4192 3543 4259 Υἱὸς,
3602 4194 3789 4265 ἐπειδὴ
3826 4196 3990 4265 μόνος

2417 4281 2711 4352 ἁγεννήτου
2731 4281 2995 4353 γέννημα.
3034 4300 3052 4332 ι
3075 4280 3390 4352 Unigenitus
3411 4283 3603 4348 Filius,
3622 4290 3874 4355 quoniam
3906 4304 3988 4344 so-

2419 4371 2499 4427 lus
2536 4376 2753 4443 ingeniti
2798 4375 3044 4442 genitura
3078 4385 3180 4431 est.
3209 4394 3228 4427 ι
3262 4374 3351 4430 Sic
3376 4376 3551 4446 pergit
3590 4379 3826 4433 uum.9.4
3856 4398 3870 4434 :
3901 4380 3987 4433 El-

2418 4463 2551 4516 κόνα
2584 4464 2760 4516 τοίνυν
2798 4464 2995 4534 φαμὲν,
3037 4464 3133 4534 οὐχ
3172 4462 3247 4527 ὡς
3287 4462 3566 4535 ἀγεννήτῳ
3600 4464 3843 4537 γέννημα
3888 4483 3987 4519 παρ

754 4572 873 4615 ram
914 4565 1190 4631 appellari.
1222 4565 1679 4631 Quemadmodum
1711 4568 1854 4623 enim
1902 4570 2053 4635 illud,
2098 4570 2319 4642 κτίσμα

2432 4556 2800 4630 ραϐάλλοντες.
2850 4555 3178 4628 «imaginem
3227 4557 3389 4628 igitur
3440 4556 3679 4631 [Filium]
3729 4558 3980 4622 dicimus,

754 4648 859 4719 μιν
894 4650 1111 4721 ἀληθῶς
1138 4656 1257 4709 κατ’
1288 4654 1550 4725 Εὐνόμιον
1588 4654 1686 4721 ὧν,
1720 4658 1799 4711 sic
1840 4658 2011 4725 accipi
2052 4659 2231 4725 debet,
2263 4670 2321 4715 ιιι

2432 4668 2526 4703 non
2574 4651 2713 4720 quod
2760 4650 2993 4719 ingenito
3030 4649 3333 4717 genituram
3380 4663 3773 4721 comparemus.
3807 4669 3825 4702 ι
3886 4648 3983 4705 liis

754 4740 1048 4799 Eunomius
1085 4744 1380 4801 affirmaret
1420 4746 1611 4801 Filium
1656 4762 1780 4802 vere
1804 4758 2109 4803 creaturam
2150 4764 2315 4806 esse:

755 4836 825 4888 ita
849 4836 989 4905 quod
1017 4838 1277 4906 sequitur,
1306 4838 1549 4910 γέννημα
1577 4839 1633 4892 δὲ
1664 4839 2032 4911 ψευδωνύμως
2058 4840 2319 4913 καλούμε-

751 4944 863 4991 νος,
898 4928 975 4982 sic
1009 4930 1219 4983 videtur
1262 4931 1689 5001 intelligendum,
1739 4941 1797 4985 ut
1828 4932 1942 5001 ipse
1985 4947 2198 5002 quoque
2232 4934 2314 4987 di-

750 5026 899 5074 ceret
939 5017 1131 5074 Filium
1164 5018 1301 5075 falso
1330 5024 1545 5075 nomine
1582 5025 1883 5091 genituram
1930 5022 2131 5077 vocari.
2170 5020 2314 5076 Nihil

747 5116 929 5164 autem
964 5108 1070 5162 tale
1118 5110 1335 5164 tradidit
1366 5111 1417 5163 in
1444 5114 1618 5180 primo
1650 5129 1749 5168 suo
1781 5111 1959 5166 libello
1994 5111 2311 5176 Eunomius,

747 5197 891 5254 unde
920 5212 1259 5268 consequens
1284 5210 1385 5266 est,
1415 5211 1473 5254 ut
1509 5202 1558 5254 id
1586 5201 1827 5257 docuerit
1857 5202 1907 5255 in
1940 5203 2194 5265 secundo,
2221 5204 2311 5274 qui

746 5300 898 5346 certe
950 5292 1054 5346 dici
1111 5307 1216 5346 non
1249 5300 1422 5361 potest
1450 5293 1817 5349 confutatusa
1871 5294 2071 5350 Basilio
2125 5294 2309 5357 fuisse.

745 5394 871 5435 cum
905 5378 1077 5437 solum
1111 5390 1230 5450 post
1265 5382 1383 5451 ejus
1424 5382 1700 5436 interitum
1731 5384 1991 5453 prodierit
2032 5385 2083 5437 in
2118 5385 2307 5440 lucem.

748 5467 858 5524 Nec
889 5472 1023 5526 satis
1051 5471 1149 5525 fuit
1197 5471 1400 5540 dicere,
1447 5472 1577 5527 nihil
1627 5476 1731 5527 tale
1761 5477 1816 5529 in
1861 5477 2036 5545 primo
2066 5475 2307 5532 Eunomii

745 5560 884 5616 libro
921 5562 1174 5632 reperiri,
1212 5578 1331 5618 eum
1383 5564 1566 5619 dicere
1617 5564 1801 5621 liceret
1854 5567 2055 5638 aliquid
2092 5570 2310 5623 omnino

745 5654 1079 5708 contrarium
1111 5654 1163 5708 in
1204 5669 1269 5709 eo
1297 5654 1401 5726 legi
1434 5655 1503 5709 ab
1529 5657 1784 5711 omnibus
1814 5673 1990 5727 posse.
2033 5658 2150 5715 1am
2182 5675 2305 5728 pro-

747 5744 920 5799 banda
958 5759 1047 5800 res
1074 5755 1160 5799 est
1198 5745 1467 5816 aliquibus
1495 5750 1777 5817 exemplis.
1804 5765 1922 5819 qua:
1947 5752 2142 5823 cuique
2175 5752 2308 5809 libeo

748 5850 865 5889 rutn
895 5834 992 5891 erit
1025 5836 1207 5891 videre
1234 5838 1285 5893 iu
1312 5838 1633 5906 Appendice,
1665 5840 1750 5895 ubi
1781 5843 2014 5912 primum
2057 5844 2156 5899 hoc
2193 5844 2296 5899 Eu-

2421 4743 2541 4795 adzli
2574 4749 2747 4810 potest
2774 4741 2904 4796 illud
2945 4760 2957 4794 :
2988 4740 3056 4793 Ἦ
3089 4740 3217 4794 ἄλλο
3244 4740 3343 4811 μὲν
3368 4742 3519 4814 παρὰ
3550 4742 3641 4795 τὸν
3672 4740 3817 4796 Υίόν.
3852 4740 3983 4795 Γέν-

2420 4831 2647 4904 νημαδέ
2674 4850 2687 4863 ·
2732 4826 2810 4895 εἷς
2862 4830 2968 4902 γὰρ
3012 4832 3102 4884 καὶ
3139 4834 3430 4905 μονογενὴς
3477 4835 3506 4887 ό
3545 4832 3748 4903 Κύριος
3795 4832 3975 4903 ἡμῶν.

2427 4926 2571 4976 «Aut
2603 4922 2743 4977 aliud
2785 4936 2915 4977 sane
2945 4934 3139 4990 pra-ter
3193 4924 3407 4979 Filium.
3463 4924 3554 4979 Est
3600 4935 3777 4977 autem
3817 4924 3977 4996 geni-

2419 5025 2538 5069 lttt'n
2573 5035 2585 5070 :
2618 5016 2814 5085 quippe
2857 5030 2993 5068 unus
3024 5026 3077 5069 et
3120 5017 3426 5085 uuigenitus
3472 5025 3554 5069 est
3591 5014 3846 5069 Dominus
3882 5031 3979 5069 no-

2417 5117 2547 5157 ater.
2582 5124 2600 5157 ι
2670 5104 2893 5157 Maxime
2945 5105 3236 5157 notandum
3285 5104 3426 5172 quod
3486 5102 3678 5170 legitur
3724 5117 3875 5159 num.
3904 5101 3975 5155 97

2417 5196 2518 5250 hoc
2549 5195 2706 5249 modo
2734 5215 2747 5251 :
2776 5192 2908 5247 Οὔτε
2943 5194 2995 5247 δὲ
3027 5196 3278 5264 γεννητὸς
3306 5195 3333 5245 ὁ
3361 5194 3567 5266 Πατὴρ,
3603 5194 3723 5247 οὕτε
3745 5193 3973 5264 ἀγέννη-

2413 5305 2503 5351 τος
2530 5291 2558 5340 ὁ
2599 5287 2742 5351 Υἱὸς,
2771 5286 2884 5340 ἀλλ’
2920 5288 3055 5359 ὅπερ
3085 5288 3227 5341 ἐστιν
3263 5287 3650 5359 ἀτελευτήτως,
3694 5285 3850 5339 τοῦτο
3878 5286 3971 5339 καὶ

2412 5379 2701 5449 λεγόμενον
2723 5377 2933 5449 ἀληθῶς
2959 5378 3221 5448 γέννημα,
3254 5378 3381 5433 Υίδν
3414 5379 3671 5450 ὑπήκοον,
3700 5386 3805 5432 etc.
3836 5393 3856 5427 ι
3876 5373 3970 5428 Ne-

2413 5488 2519 5539 que
2568 5487 2696 5527 vero
2746 5472 2956 5540 genitus
3012 5479 3093 5523 est
3132 5468 3312 5531 Pater,
3364 5484 3538 5538 neque
3573 5467 3842 5537 ingenitus
3875 5466 3935 5520 l"i

2412 5562 2516 5618 lius
2551 5582 2566 5619 :
2595 5564 2686 5619 sed
2724 5562 2865 5631 quod
2898 5571 2981 5614 est
3004 5561 3120 5615 sine
3144 5560 3250 5612 ullo
3278 5561 3406 5625 fine,
3449 5560 3501 5615 id
3541 5559 3700 5613 etiam
3734 5555 3970 5613 fatemur

2414 5671 2541 5712 vere
2565 5655 2667 5711 dici
2725 5654 3047 5724 genituram,
3086 5650 3279 5707 Filium
3340 5656 3797 5720 obsequentem,»
3858 5660 3965 5708 etc.

2413 5745 2653 5817 Denique
2692 5744 2789 5800 sub
2837 5742 2993 5797 finem
3038 5742 3218 5812 operis
3271 5758 3420 5797 num.
3455 5740 3524 5796 9.8
3577 5743 3655 5795 sic
3704 5741 3965 5809 scriptum

2412 5836 2711 5891 invenimus
2760 5856 2770 5889 :
2816 5832 2943 5896 Υξὸς
2992 5831 3085 5885 τοῦ
3122 5831 3279 5897 Θεοῦ,
3325 5832 3563 5901 γέννημα
3610 5829 3703 5883 τοῦ
3735 5829 3964 5899 ἀγεννήο
