4212 6498
1274 444 1336 500 ι).
1375 444 1520 499 JUL.
1558 438 1885 499 CARNEltil
1926 439 2311 494 PRAEFATIO.

3151 455 3402 499 εοιιινιι

187 576 301 635 seu,
329 585 351 620 s
376 564 554 623 Filius
583 559 703 624 Dei,
730 561 973 631 genitura
997 561 1245 631 Ingeniti.
1274 581 1295 616 s
1330 563 1468 620 Ecce
1505 574 1755 634 congesta
1782 560 1829 618 Α
1855 558 2064 612 Etenim
2116 555 2163 611 si
2215 569 2339 610 eum
2388 569 2515 611 vero
2567 553 2785 610 nomine
2816 562 3059 607 vocasset
3086 555 3409 623 genituram,

188 664 310 709 sunt
334 653 391 708 in
428 661 596 703 unum
626 648 811 702 omnia
846 648 983 718 loca,
1040 649 1093 703 in
1138 649 1333 718 quibus
1381 650 1755 707 Eunomiusin

190 743 362 811 primo
388 750 493 792 suo
520 734 707 792 libello
736 738 955 794 nomine
983 735 1243 807 genitura:
1270 740 1459 795 utitur.
1493 734 1601 793 Sed
1629 748 1751 795 tan-

190 846 299 888 tum
348 829 523 893 abest,
555 837 618 884 ut
668 828 871 886 alicubi
923 830 1068 884 dicat
1116 827 1311 888 Filium
1370 829 1509 886 falso
1541 833 1758 889 nomine

190 923 495 993 genituram
530 924 734 989 vocari,
769 930 825 976 ut
866 920 1027 975 etiam
1056 937 1161 979 uno
1191 925 1243 977 in
1279 923 1399 978 loco
1446 923 1635 978 doceat
1665 939 1759 995 ge-

197 1018 395 1068 nitura
444 1029 639 1069 nomen
680 1012 933 1069 essentia:
978 1012 1095 1069 Filii
1138 1028 1457 1084 congruere,
1491 1018 1542 1073 in
1585 1019 1756 1074 altero

188 1118 319 1159 vero
358 1108 639 1178 conceptis
664 1102 847 1159 verbis
888 1109 1193 1175 pronuntiet
1234 1105 1425 1161 Filium
1452 1125 1579 1166 vere
1606 1113 1757 1183 geni-

187 1208 365 1252 turam
405 1200 537 1254 dici.
577 1196 712 1251 Cum
743 1209 891 1266 ergo,
925 1205 985 1251 ut
1012 1210 1079 1250 ex
1114 1196 1274 1254 dictis
1316 1210 1483 1270 patet,
1533 1204 1584 1255 in
1635 1202 1756 1257 uiti-

190 1287 289 1343 uds
311 1288 523 1343 duobus
551 1287 608 1339 in
635 1282 950 1340 Eanomiunt
994 1284 1144 1342 libris
1180 1291 1487 1344 confutatus
1517 1290 1586 1343 sit
1612 1290 1657 1345 is
1686 1290 1754 1345 li-

189 1379 383 1444 bellus,
413 1377 467 1431 in
498 1391 606 1446 quo
630 1375 912 1433 haereticus
948 1377 1036 1434 ille
1063 1379 1360 1434 allirmabat
1391 1379 1582 1436 Filium
1620 1380 1754 1436 falso

188 1470 408 1523 nomine
446 1468 747 1539 genituram
796 1468 1078 1539 appellari,
1112 1470 1165 1524 id
1202 1487 1310 1525 non
1342 1471 1558 1529 videtur
1607 1475 1754 1528 acci-

190 1560 444 1631 piendum
492 1561 561 1617 de
618 1559 796 1632 primo
835 1559 1085 1616 Eunumii
1120 1559 1324 1630 libello,
1369 1564 1423 1619 in
1473 1577 1581 1634 quo
1624 1565 1754 1620 nihil

191 1653 297 1706 tale
328 1651 624 1716 invenitur.
664 1654 758 1709 sed
785 1654 853 1708 dc
885 1650 1145 1719 secundo,
1183 1667 1341 1723 quem
1391 1665 1540 1709 certe
1569 1654 1757 1710 coniu-

188 1752 305 1799 tare
329 1760 438 1801 non
467 1745 642 1815 potuit
667 1744 916 1810 Basilius,
944 1743 1047 1799 nisi
1075 1749 1274 1800 mortui
1302 1746 1495 1801 librum
1522 1744 1753 1815 aliquem

187 1835 472 1891 confutare
522 1848 684 1905 posse
733 1832 1002 1889 dicantur.
1043 1835 1302 1906 Sequitur
1324 1836 1537 1905 quidem
1569 1830 1757 1891 neces-

1858 646 2040 702 dicere
2070 658 2177 701 non
2210 643 2471 714 potuisset
2504 641 2674 712 ipsius
2740 641 3032 697 esseiitiam
3092 640 3417 695 indiscrimi-

1857 739 2027 793 natim
2074 734 2180 793 dici
2232 745 2390 803 posse
2449 734 2707 805 genitam,
2732 741 2824 787 aut
2870 749 2975 789 non
3002 729 3413 803 genitam.llln.t

1856 826 1998 880 enim
2030 824 2374 898 apertissime
2396 833 2677 894 repugnat,
2701 822 2899 890 aliquid
2931 838 3057 878 vero
3086 822 3303 878 nomine
3333 835 3417 891 ge-

1860 920 2093 974 nituram
2152 912 2536 981 vocari,cujus
2598 925 2775 969 tamen
2812 917 3042 967 essentia
3094 915 3195 971 t‘lci
3251 916 3415 985 possit

1855 1024 1961 1064 non
1990 1012 2191 1080 genita.
2235 1006 2351 1061 Non
2379 1016 2611 1075 estergo
2639 1007 2780 1078 quod
2842 1006 3118 1070 miremur,
3171 1008 3216 1058 si
3265 1006 3415 1074 quis-

1859 1102 1998 1172 piam
2028 1105 2257 1171 scriptor
2290 1100 2577 1155 confutans
2594 1100 2884 1154 secundum
2918 1099 3109 1152 librum
3144 1096 3409 1155 Eunomii.

1855 1190 2052 1245 dixerit
2081 1193 2273 1247 Filium
2328 1203 2394 1243 ex
2444 1188 2563 1258 ejus
2600 1191 2865 1242 sententia
2921 1189 3057 1244 falso
3088 1190 3304 1243 nomine
3330 1202 3418 1258 ge-

1859 1282 2093 1340 nituram
2126 1282 2383 1355 appellari
2420 1296 2436 1333 :
2474 1282 2566 1335 sed
2602 1280 2827 1334 mirandi
2859 1292 3001 1336 esset
3026 1282 3192 1347 locus,
3216 1282 3259 1335 si
3309 1279 3415 1335 Ba-

1855 1374 2010 1431 silius
2037 1376 2153 1445 ejus
2182 1376 2258 1432 rei
2289 1372 2613 1431 Eunomium
2668 1371 3053 1438 insimulasset,
3081 1389 3203 1428 cum
3241 1372 3418 1428 Euno-

1855 1468 2017 1530 mius,
2046 1477 2103 1519 ut
2125 1481 2191 1521 ex
2222 1467 2385 1523 dictis
2432 1465 2623 1535 liquet,
2659 1463 2713 1518 in
2744 1466 2920 1533 primo
2947 1478 3046 1518 suo
3085 1466 3262 1520 libello
3294 1464 3417 1521 buic

1856 1561 2189 1618 accusationi
2217 1560 2391 1615 locum
2416 1560 2621 1614 nullum
2658 1559 2885 1614 dederit.
2914 1558 2982 1613 Et
3013 1561 3266 1629 quoniam
3299 1575 3416 1613 ma-

1852 1654 1943 1721 gni
1972 1649 2229 1708 momenti
2256 1657 2358 1712 est,
2385 1664 2544 1704 nosse
2588 1660 2709 1705 uter
2752 1648 2966 1704 libellus
3000 1650 3241 1705 Eunomii
3275 1649 3419 1703 refu-

1857 1754 2001 1801 tetur
2027 1746 2081 1801 in
2106 1742 2263 1801 libris
2291 1748 2489 1813 quarto
2519 1750 2572 1795 ct
2600 1743 2789 1811 quinto
2812 1751 3001 1797 contra
3042 1742 3287 1795 eumdem
3311 1740 3420 1796 Eu-

1857 1839 2139 1892 nomium:
2180 1835 2437 1908 experiar
2466 1845 2660 1888 rursus
2715 1850 2784 1889 an
2824 1832 3055 1904 probare
3088 1834 3285 1902 possim
3332 1848 3418 1888 re-

193 1926 363 1988 sario,
400 1933 461 1977 ut
493 1923 545 1977 in
590 1922 883 1993 postremis
910 1924 1116 1983 duobus
1146 1928 1200 1980 in
1246 1924 1565 1981 Euaonsium
1598 1928 1750 1984 libris
1784 1914 1823 1969 Β
1853 1926 2076 1982 iutatum
2120 1928 2289 1984 tuisse
2348 1941 2451 1983 non
2478 1926 2733 1997 primum,
2762 1929 2854 1982 sed
2903 1927 3220 1983 secttndum.
3250 1923 3421 1981 Nemo

190 2009 506 2068 confutatus
537 2014 607 2068 sit
631 2014 901 2071 secundus
933 2015 1185 2073 Eunomii
1215 2017 1445 2083 libellus,
1478 2018 1523 2075 si
1551 2018 1755 2089 primus

192 2106 306 2173 rjus
335 2104 480 2161 liber
517 2104 570 2161 in
600 2105 686 2163 bis
715 2121 818 2163 non
849 2106 1196 2164 confutatur:
1227 2110 1323 2163 sed
1356 2108 1408 2165 id
1438 2118 1617 2165 tamen
1642 2125 1754 2166 rur-

190 2211 283 2252 sus
334 2199 663 2257 conﬁrmare
710 2200 841 2255 libet
873 2216 940 2255 ex
978 2199 1225 2270 Gregorii
1270 2198 1499 2271 Nysseni
1547 2199 1751 2269 verbis,

189 2285 303 2354 qui,
333 2296 396 2341 ut
429 2296 615 2342 notum
658 2297 765 2353 est,
801 2292 1100 2344 secundum
1150 2288 1292 2345 hunc
1320 2290 1576 2346 Eunomii
1604 2291 1755 2344 libel-

190 2380 298 2434 lum
354 2378 581 2435 refellit.
649 2377 858 2435 lnducit
915 2379 1079 2451 igitur
1133 2380 1215 2437 sic
1281 2381 1587 2451 loquentem
1643 2382 1755 2437 Eu-

193 2471 429 2527 nomium
492 2469 788 2543 Gregorius
860 2469 1138 2545 Nyssenus
1207 2474 1453 2529 oratione
1498 2472 1553 2541 ὅ,
1622 2482 1754 2529 tom.

194 2559 257 2623 ll,
310 2574 435 2633 pag.
484 2559 583 2616 5H
632 2577 647 2616 :
708 2560 974 2633 Γεννητὺν
1034 2559 1189 2627 εντα,
1244 2562 1400 2635 φησι,
1453 2562 1547 2618 τδν
1602 2563 1753 2630 Υίὸν,

191 2652 282 2705 καὶ
314 2652 565 2722 γέννημα
590 2651 771 2719 λέγειν
796 2652 859 2704 οὗ
899 2652 1331 2724 παραιτούμεθα,
1350 2654 1451 2724 τῆς
1480 2653 1757 2724 γεννηθεί-

192 2758 289 2813 an;
334 2742 508 2812 αὐτῆς
541 2742 749 2805 οὐσίας,
783 2743 1005 2813 καὶτῆς
1050 2742 1143 2796 τοῦ
1174 2742 1305 2798 Υίοῦ
1359 2745 1756 2817 προσηγορίας,

191 2838 286 2907 τὴν
336 2834 596 2907 τοιαύτην
650 2834 759 2889 τῶν
810 2836 1090 2906 ὀνομάτων
1132 2836 1507 2908 οἰκειουμένης
1551 2837 1757 2909 σχέσιν.

194 2946 213 2978 s
255 2924 530 2991 Genitum,
570 2927 765 2997 inquit,
816 2926 1012 2982 Filium
1063 2941 1202 2996 esse,
1239 2936 1295 2984 et
1337 2928 1638 2999 genituram
1669 2927 1757 2984 di-

188 3033 310 3075 cere
350 3034 458 3076 non
503 3033 838 3087 recusamus,
880 3034 1001 3075 cum
1038 3020 1153 3092 ipsa
1208 3020 1386 3092 genita
1422 3022 1679 3089 essentia,
1704 3032 1762 3078 et

189 3112 307 3166 Filii
340 3111 633 3182 appellatio
671 3112 828 3167 talem
864 3112 1138 3168 nominum
1164 3112 1478 3171 relationem
1513 3115 1613 3169 sibi
1638 3116 1757 3171 vin-

187 3206 369 3259 dicare
403 3204 593 3273 possit.
632 3221 653 3256 s
678 3202 973 3259 Eunomius
1000 3205 1244 3273 quidem,
1268 3213 1327 3258 ut
1351 3219 1533 3260 verum
1564 3204 1755 3269 fatear,

189 3309 293 3347 non
318 3308 585 3363 expresse
618 3294 723 3349 hoc
768 3293 891 3350 loco
914 3294 991 3348 ait
1021 3292 1217 3348 Filium
1265 3293 1398 3350 t'also
1420 3295 1634 3350 nomine
1660 3309 1751 3364 ge-

187 3386 429 3439 nituram
459 3381 722 3453 appellari
753 3398 769 3436 :
825 3382 918 3437 sed
974 3390 1154 3437 tamen
1198 3382 1273 3437 ita
1300 3383 1468 3453 loqui,
1500 3401 1521 3436 (
1547 3385 1756 3454 genitu-

186 3490 298 3529 ram
355 3471 541 3527 dicere
596 3484 703 3526 non
738 3483 1052 3525 recusamus
1081 3467 1351 3543 [Filium],
1392 3490 1413 3524 ι
1482 3470 1599 3543 ejus
1649 3482 1752 3538 est,

181 3565 274 3634 qui
302 3563 464 3636 quasi
515 3562 718 3618 invitus
747 3559 944 3617 Filium
1002 3570 1159 3615 vocat
1203 3562 1529 3629 genituram,
1557 3564 1756 3632 quique

181 3660 370 3730 aliquo
403 3655 567 3712 modo
593 3654 859 3726 signiticet
880 3666 1006 3708 eum
1048 3666 1159 3707 non
1192 3650 1412 3723 proprie
1468 3653 1540 3707 ita
1573 3651 1755 3708 vocari

183 3750 428 3813 debere;
488 3745 559 3802 ob
611 3746 774 3813 idque
830 3744 1130 3801 Eunomius
1174 3758 1204 3799 a
1250 3744 1517 3813 scriptore
1570 3758 1755 3816 repre-

183 3838 347 3892 bendi
401 3837 600 3891 merito
646 3835 841 3906 potuit,
888 3836 1030 3904 quod
1057 3834 1291 3905 quodam
1332 3836 1492 3891 modo
1538 3836 1756 3893 doceret

180 3928 384 3987 Filium
429 3928 571 3984 l’aiso
623 3927 841 3982 nomine
882 3927 1186 3994 genituram
1217 3927 1424 3981 vocari.
1469 3924 1637 3996 Magis
1686 3925 1754 3981 ad

179 4039 296 4079 rem
331 4021 543 4078 faciunt
564 4033 685 4092 qua:
707 4019 810 4076 hoc
830 4016 947 4089 ipso
980 4018 1173 4073 inloco
1200 4016 1469 4088 leguntur.
1502 4015 1627 4073 llaec
1656 4030 1755 4071 au-

182 4124 291 4167 tem
320 4118 455 4167 sunt
494 4109 571 4181 (ιι)
600 4128 614 4165 :
648 4107 799 4172 Τέως
838 4106 936 4179 μὲν
972 4100 1067 4161 οὖν
1108 4109 1136 4161 ὁ
1186 4105 1447 4178 κριτικῶς
1467 4106 1573 4161 τῶν
1596 4108 1751 4176 λεγο-

180 4203 362 4274 μένων
386 4200 621 4266 ἁκούων,
650 4201 838 4255 τούτου
872 4197 1186 4273 μεμνήσθω,
1214 4200 1296 4253 δτι
1330 4199 1431 4273 τὴν
1476 4197 1750 4273 γεννηθεί-

179 4309 276 4348 σαν
303 4292 573 4362 λέγει,ὡς
603 4294 797 4366 μηκέτι
836 4297 973 4367 μήτε
992 4294 1090 4365 τὴν
1125 4294 1467 4364 ἁγεννησίαν,
1488 4295 1625 4365 μήτε
1653 4294 1752 4365 τὴν

176 4387 435 4455 γέννησιν
496 4387 612 4439 ἀντ’
662 4386 848 4450 οὐσίας
891 4385 1431 4458 παραλαμϐάνεσθαι,
1486 4386 1599 4440 ἀλλ’
1646 4387 1753 4457 ίδίᾳ

178 4478 279 4549 μιν
310 4476 415 4547 τὴν
436 4474 623 4527 οὐσίαν
646 4472 1184 4547 παραλαμϐάνεσθαι,
1220 4472 1326 4545 ίδίᾳ
1368 4474 1427 4528 δὲ
1472 4474 1537 4527 τὸ
1559 4490 1751 4546 γεννη-

1854 2029 2036 2074 autem
2071 2017 2230 2089 paulo
2255 2020 2484 2086 peritior
2514 2016 2689 2074 nescit
2740 2018 3075 2074 adversarios
3097 2020 3277 2074 dicere
3298 2017 3423 2073 soli-

1855 2118 1958 2177 tos,
1998 2109 2073 2181 (b)
2116 2107 2374 2164 Basilium
2405 2109 2459 2163 in
2493 2109 2651 2165 libris
2701 2119 2896 2181 quarto
2935 2118 2992 2163 et
3018 2112 3204 2179 quinto
3232 2123 3419 2166 contra

1855 2199 2173 2256 Eunomiunt
2230 2203 2300 2257 de
2354 2200 2538 2255 multis
2587 2216 2706 2271 qua:
2765 2201 2835 2257 ab
2883 2202 3001 2273 ipso
3058 2201 3421 2257 atterebantur

1855 2293 2265 2360 Scripturarum
2314 2293 2641 2351 testimoniis
2678 2307 2921 2349 seorsum
2966 2294 3131 2361 loqui.
3158 2292 3267 2363 Ego
3293 2291 3420 2363 qui-

1855 2384 1976 2437 dem
2049 2384 2278 2439 libenter
2332 2387 2547 2444 fatebor
2610 2386 2900 2457 protulisse
2967 2385 3288 2441 Eunomium
3350 2399 3419 2441 ex

1857 2473 2154 2543 Scripturis
2189 2475 2302 2530 ioca
2362 2478 2524 2532 multa
2566 2478 2632 2532 ad
2674 2477 3002 2548 probandam
3031 2493 3184 2531 suam
3207 2478 3420 2547 opinio-

1856 2580 1978 2622 nem
2015 2582 2031 2621 :
2070 2567 2164 2621 sed
2204 2580 2341 2637 nego
2395 2568 2511 2621 haec
2536 2565 2834 2636 Scriptura!
2878 2568 2991 2623 loca
3032 2582 3151 2636 qua-
3186 2567 3240 2622 in
3270 2569 3421 2623 libris

1855 2666 2050 2729 quarto
2097 2664 2154 2713 et
2181 2656 2370 2727 quinto
2403 2668 2587 2712 contra
2614 2658 2929 2713 Ennomium
2949 2659 3332 2731 explanantur,
3364 2659 3418 2714 iu

1854 2748 2095 2817 ejusdem
2128 2748 2374 2806 Eunomii
2405 2749 2542 2807 libro
2564 2752 2739 2820 primo
2765 2751 3010 2819 reperiri.
3046 2750 3114 2805 Et
3137 2765 3265 2805 vero
3295 2766 3419 2807 cum

1860 2848 1968 2894 tam
2000 2839 2167 2894 multa
2205 2850 2549 2911 exponahtur
2574 2842 2979 2912 Scripturarum
3021 2840 3328 2898 testimonia
3360 2842 3416 2898 in

1858 2928 2066 2985 duobus
2100 2930 2185 2986 bis
2213 2945 2351 3001 quies
2395 2934 2505 2987 dixi
2560 2934 2733 3001 libris,
2764 2943 2943 2991 tamen
2976 2933 3248 2990 aiiirmare
3289 2948 3419 3005 pos-

1857 3035 1997 3086 sum,
2036 3020 2082 3075 si
2134 3019 2275 3077 forte
2324 3022 2429 3076 tria
2485 3035 2578 3076 aut
2620 3034 2851 3092 quatuor
2908 3025 3168 3093 excipias,
3206 3024 3416 3093 reliqua

1856 3114 2038 3168 omnia
2081 3113 2133 3169 in
2158 3114 2332 3184 primo
2355 3112 2603 3169 Eunomii
2630 3114 2810 3169 libello
2838 3130 2943 3170 non
2976 3115 3103 3185 legi.
3136 3113 3417 3186 Reliquum

1860 3213 1944 3258 est
1981 3205 2145 3273 igitur
2176 3214 2234 3258 ut
2290 3214 2370 3261 tot
2426 3203 2831 3276 Scripturarum
2862 3209 3192 3275 testimonia,
3215 3224 3335 3279 quas
3363 3211 3415 3264 in

1860 3291 2011 3349 libris
2041 3304 2242 3362 quarto
2271 3304 2327 3349 et
2359 3296 2548 3367 quinto
2578 3307 2763 3352 contra
2798 3297 3121 3353 Ennomium
3146 3302 3419 3369 explican-

1855 3393 1963 3450 tur,
1997 3385 2202 3456 prolata
2236 3387 2347 3444 sint
2391 3387 2460 3443 ab
2508 3388 2772 3445 Eunomio
2798 3403 2903 3465 non
2936 3391 2989 3445 in
3020 3391 3193 3460 primo
3224 3406 3323 3446 suo
3351 3390 3419 3446 li-

1856 3476 2012 3545 bello,
2053 3478 2105 3532 in
2166 3492 2275 3548 quo
2327 3494 2433 3534 non
2483 3480 2868 3549 inveniuntur,
2907 3481 3001 3537 sed
3058 3482 3111 3537 in
3158 3482 3415 3544 secundo,

1853 3582 2013 3637 quem
2050 3578 2202 3626 certe
2237 3569 2469 3627 Basilius
2521 3573 2801 3629 confutare
2868 3589 2971 3629 non
3033 3574 3229 3642 potuit,
3291 3588 3414 3628 cum

1854 3672 1979 3716 ante
2005 3670 2251 3717 mortuus
2273 3672 2439 3731 esset,
2464 3678 2625 3733 quam
2659 3666 2927 3720 secundus
2956 3665 3049 3720 ille
3074 3664 3289 3721 libellus
3315 3680 3413 3737 pn-

1855 3752 2052 3807 blicum
2102 3753 2425 3822 accepisset.
2460 3751 2529 3808 Et
2558 3763 2618 3807 ut
2650 3753 2825 3824 magis
2877 3753 3225 3810 conﬁrmetur
3271 3758 3413 3826 quod

1854 3842 1987 3910 dixi,
2026 3844 2185 3900 velim
2230 3845 2517 3917 diligenter
2547 3844 2800 3917 legantur
2828 3862 2947 3916 qme
2984 3846 3035 3901 in
3060 3846 3198 3902 libro
3220 3858 3415 3917 quarto

1854 3932 2054 4002 scripta
2093 3942 2240 4003 sunt,
2257 3948 2377 4004 pag.
2405 3932 2532 3997 291,
2564 3934 2651 3989 ubi
2696 3934 2814 4003 ejus
2848 3934 2969 3990 libri
3009 3944 3198 3989 auctor
3248 3932 3414 4003 espii-

1852 4030 1940 4078 cat
1967 4023 2093 4081 illud
2119 4023 2305 4093 Marci,
2330 4023 2525 4080 Nullus
2552 4026 2715 4080 bonus
2738 4026 2841 4079 nisi
2876 4041 3012 4079 unus
3037 4023 3179 4079 Deus
3200 4022 3264 4077 ⁸³.
3293 4022 3411 4080 1am

1854 4127 2094 4184 quaram
2122 4114 2188 4171 ad
2218 4129 2377 4185 quem
2412 4114 2663 4169 Eunomii
2692 4112 2889 4168 librum
2937 4113 3231 4185 respexerit
3272 4115 3409 4171 scri-

1858 4215 1999 4276 ptor,
2035 4222 2158 4263 cum
2204 4220 2269 4262 ea
2320 4219 2442 4276 qua:
2469 4205 2625 4260 retuli
2671 4202 2836 4260 Marci
2865 4205 3027 4261 verba
3072 4204 3408 4275 explanaret.

1852 4298 2175 4367 Respexitne
2204 4297 2270 4353 ad
2296 4298 2554 4369 primum,
2580 4310 2648 4351 an
2697 4297 2765 4352 ad
2812 4296 3145 4353 secundum?
3189 4296 3413 4352 Constat

1848 4394 1997 4442 certe
2033 4385 2099 4440 ad
2121 4384 2351 4456 primum
2380 4386 2647 4455 respicere
2682 4399 2785 4441 non
2818 4387 3076 4455 potuisse,
3108 4399 3230 4440 cum
3259 4384 3311 4440 in
3345 4400 3410 4439 eo

1852 4476 1977 4530 illud
2020 4473 2182 4532 Marci
2214 4476 2579 4532 testimonium
2620 4490 2726 4532 non
2780 4474 3015 4547 legatur.
3060 4474 3410 4547 Consequens

177 4569 338 4641 θῆναι
366 4566 560 4639 αὐτὴν,
583 4566 617 4638 ἥ
647 4565 719 4638 μὴ
742 4566 1085 4638 γεννηθῆναι,
1106 4566 1193 4622 διὰ
1219 4566 1327 4621 τῶν
1354 4565 1750 4639 ἑπιθεωρουμέ-
1782 4592 1826 4649 ι)

1744 4598 1750 4607 ι
1782 4592 1826 4649 ι)
1851 4576 1936 4622 est
1963 4566 2147 4637 igitur,
2178 4575 2237 4620 ut
2265 4565 2565 4637 respexerit
2585 4566 2651 4621 ad
2690 4566 3007 4629 secundum,
3032 4565 3085 4620 in
3112 4580 3239 4636 quo,
3272 4575 3407 4621 teste

177 4680 284 4717 νων
314 4662 459 4731 αὐτῇ
493 4659 797 4730 ἰδιωμάτων
828 4657 1227 4713 κατανοεῖσθαι.
1264 4677 1285 4711 ι
1326 4658 1402 4713 Εο
1423 4672 1593 4730 usque
1627 4658 1748 4728 qui-

178 4754 327 4819 dem,
347 4752 443 4821 qui
477 4765 601 4805 cum
622 4749 829 4817 judicio
850 4762 914 4805 ea
949 4762 1070 4819 quae
1090 4748 1344 4805 dicuntur
1390 4750 1561 4817 audit,
1588 4749 1747 4821 hujus

179 4838 516 4904 meminerit,
539 4837 684 4908 quod
722 4838 957 4910 genitam
1000 4836 1291 4894 essentiam
1342 4838 1493 4903 dicit,
1530 4847 1592 4895 ut
1635 4855 1741 4896 non

178 4931 421 5003 amplius
447 4938 693 4984 naturam
724 4927 1089 5000 generationis
1121 4935 1421 5000 expertem,
1448 4942 1623 5000 neque
1654 4946 1746 5001 ge-

180 5021 525 5080 nerationem
552 5036 652 5092 pro
682 5021 795 5091 ipsa
832 5019 1069 5076 essentia
1097 5034 1375 5076 sumamus
1404 5036 1419 5073 :
1454 5020 1550 5077 sed
1586 5035 1742 5091 sepa-

178 5116 339 5169 ratim
394 5112 615 5183 quidem
670 5111 998 5177 essentiam,
1049 5110 1342 5181 separatim
1390 5125 1517 5167 vero
1572 5112 1739 5182 ipsam

176 5207 416 5269 genitam
467 5215 609 5269 esse,
637 5200 721 5256 vel
771 5216 875 5257 non
921 5202 1193 5273 genitam,
1237 5216 1334 5272 per
1386 5204 1740 5271 pmprietates

176 5311 297 5362 qua
346 5295 403 5352 in
454 5308 521 5351 ea
579 5292 1002 5362 conspiciuntur,
1044 5292 1427 5363 intelligamus.
1455 5313 1476 5347 ι
1524 5293 1664 5364 Ergo
1695 5295 1738 5348 si

179 5384 302 5443 Filii
330 5384 589 5451 essentia,
617 5392 675 5439 ιιι
701 5383 964 5440 Eunomio
991 5383 1181 5453 placet,
1203 5384 1308 5439 dici
1335 5394 1546 5455 poterat
1573 5383 1739 5439 indis-

186 5478 523 5535 criminstim
559 5486 655 5532 aut
683 5475 885 5546 genita,
935 5482 1027 5530 aut
1056 5490 1161 5529 non
1190 5475 1367 5545 genita
1392 5513 1407 5539 ,
1443 5473 1610 5530 Filius
1645 5474 1742 5527 fal-

179 5586 245 5625 so
302 5581 510 5627 tantum
562 5570 781 5627 nomine
826 5570 1070 5639 genitura
1139 5567 1207 5622 ab
1258 5569 1374 5637 ipso
1428 5566 1738 5623 vocabatur.

255 5681 329 5756 in)
356 5682 747 5756 _Greg.‘Ny_ss.,
771 5680 995 5756 tom._li_,
1016 5691 1156 5756 orat.
1189 5681 1246 5756 ὅ.

1849 4658 2108 4729 Gregorio
2129 4654 2390 4729 Nysseno,
2426 4657 2674 4713 utebatur
2699 4655 2996 4711 Eunomins
3030 4655 3099 4710 iis
3144 4669 3265 4725 qua:
3296 4656 3406 4710 disi

1851 4748 2127 4823 Evangelii
2169 4749 2354 4806 verbis
2398 4751 2467 4806 ad
2490 4764 2643 4806 suam
2669 4747 2977 4820 opinionem
3013 4747 3403 4803 stabiliendam.

1851 4841 2144 4898 Audiamus
2194 4839 2511 4914 Gregorium
2563 4841 2891 4913 Nyssenum,
2920 4838 3069 4910 cujus
3112 4838 3229 4893 haec
3279 4846 3407 4891 sunt

1849 4934 1989 4989 libro
2011 4933 2294 4991 undecimo
2322 4943 2507 4990 contra
2540 4931 2882 4995 Eunominm,
2916 4940 3054 4985 tomo
3078 4928 3140 4995 ll,
3177 4944 3230 4998 p.
3251 4926 3354 4983 69s
3386 4945 3403 4983 :

1848 5022 2055 5079 Οὐκοῦν
2099 5024 2302 5096 ἀγαθὸς
2345 5026 2375 5079 ὸ
2401 5022 2549 5086 Υἱός.
2591 5021 2731 5075 Ἀλλ’
2767 5021 2957 5087 οὐδεὶς,
2986 5021 3171 5092 φησὶν,
3204 5018 3405 5089 ἀγαθὸς

1844 5116 1892 5168 εί
1926 5116 2001 5188 μὴ
2038 5110 2118 5181 εἷς
2165 5119 2196 5171 ὁ
2221 5116 2421 5181 Θεός...
2465 5112 2642 5177 Ἀλλὰ.
2694 5112 2860 5185 φησὶ,
2898 5111 2991 5167 τοῦ
3033 5112 3152 5176 ἑνὸς
3198 5112 3232 5183 ἡ
3263 5110 3407 5177 λέξις

1844 5207 2129 5281 ἀποκρίνει
2160 5207 2254 5262 τὸν
2284 5206 2412 5261 Υίὸν
2435 5206 2535 5279 τῆς
2561 5208 2653 5261 τοῦ
2679 5202 2882 5275 ἀγαθοῦ
2912 5202 3219 5266 κοινωνίας.
3255 5218 3274 5252 ι
3296 5200 3402 5258 Bo-

1846 5313 1950 5353 nus
1998 5299 2160 5369 igitur
2204 5298 2394 5356 Filius.
2461 5296 2570 5355 Sed
2619 5297 2814 5363 asilas,
2867 5294 3065 5365 inquit,
3096 5293 3256 5349 bonus
3298 5294 3405 5348 nisi

1846 5405 1980 5444 unus
2009 5388 2235 5447 Deum...
2293 5389 2421 5457 Sed,
2479 5390 2649 5460 inquit
2687 5383 3051 5463 [Eunomius],
3098 5386 3258 5440 unius
3312 5383 3403 5439 dio

1843 5481 1951 5536 ctio
1994 5480 2189 5537 Filium
2236 5498 2267 5539 a
2313 5482 2436 5538 boni
2482 5480 2859 5538 communione
2890 5478 3143 5535 secernit.
3187 5494 3208 5531 ι
3240 5475 3397 5533 Plura

1846 5572 1937 5640 qui
1971 5572 2130 5641 volet,
2162 5574 2299 5644 legat
2331 5574 2529 5644 primas
2584 5582 2789 5644 septem
2840 5570 3066 5644 paginas
3095 5567 3209 5640 ejus
3240 5585 3396 5641 quem

253 5752 324 5822 (ό)
356 5750 499 5824 Lege
520 5750 809 5824 Prologum
834 5754 925 5826 qui
960 5753 1015 5809 in
1050 5753 1181 5811 edit.
1226 5750 1398 5811 Paris.
1429 5752 1632 5823 positus
1652 5760 1734 5810 est
1758 5761 1881 5811 ante
1911 5753 2001 5810 lib.
2033 5769 2084 5811 ιν
2114 5754 2168 5810 in
2193 5750 2528 5811 Enitendum.

254 5843 299 5884 "-
321 5844 482 5903 Marc.
508 5862 566 5914 ι,
598 5846 687 5905 l8.
