4212 6488
770 446 1042 487 CCXXX"!!!

2130 425 2659 481 PBOLEGOMENA.

765 556 888 594 mox
920 539 1153 595 indicavi
1188 537 1333 599 libri,
1381 551 1606 604 quarum
1636 551 1700 590 ex
1760 537 1988 591 lectione
2018 537 2175 607 plane
2204 554 2331 592 con-
2358 544 2409 599 Α
2438 540 2659 593 nitatem
2721 540 2983 593 revocarit
3028 540 3080 593 in
3125 538 3369 603 dubium,
3424 540 3517 593 sed
3570 539 3708 608 quod
3764 542 3995 608 tempori

763 630 925 683 stabit
957 627 1277 679 F-unomium
1311 626 1448 679 inter
1500 636 1693 679 caetera
1732 624 2029 693 Scriptura:
2087 629 2329 683 testimo-

765 719 851 770 nia
908 716 1196 786 protulisse
1251 724 1306 769 et
1348 713 1500 782 illud,
1554 732 1572 765 ι
1614 712 1803 769 Nullus
1832 717 2006 771 bonus
2052 716 2156 770 nisi
2195 732 2333 772 unus

767 811 927 866 Deus.
966 827 986 861 υ
1030 808 1127 863 Est
1156 807 1308 863 locus
1364 808 1417 861 in
1476 808 1650 878 primo
1702 806 1950 864 Eunomii
2004 806 2208 876 libello,
2241 810 2333 880 qui

763 917 1003 957 errorem
1036 901 1167 956 viris
1205 900 1287 955 vel
1319 900 1697 955 eruditissimis
1726 899 1959 969 objicere
1988 909 2181 972 potest,
2211 918 2331 957 cum

766 993 880 1048 viro
910 992 1150 1047 doctrina
1185 994 1459 1061 przesmnti
1509 990 1700 1046 Joanni
1734 992 1956 1047 Alberto
2000 992 2247 1047 Fabricio
2278 1010 2333 1048 re

764 1087 876 1154 ipsa
921 1084 1203 1153 ohjecerit.
1253 1082 1429 1138 Verba
1485 1092 1663 1138 autem
1730 1084 1976 1138 Eunomii
2038 1086 2152 1139 haec
2210 1095 2335 1140 sunt

761 1192 910 1232 num.
938 1176 1007 1230 27
1036 1195 1051 1231 :
1081 1176 1296 1229 Τούτων
1329 1176 1393 1245 δὴ
1418 1175 1633 1230 πάντων
1666 1176 1929 1247 εὐκρινῶς
1966 1178 2062 1248 μὲν
2080 1179 2170 1232 καὶ
2200 1178 2333 1231 πλα-

757 1266 984 1337 τύτερον
1034 1269 1091 1319 ἐν
1144 1265 1350 1336 ἑτέροις
1379 1266 1511 1337 ἡμῖν
1554 1264 2037 1336 ἀποδεδειγμένων,
2064 1268 2121 1319 ἐν
2143 1267 2334 1337 βραχεῖ

756 1358 814 1411 δὲ
836 1357 929 1410 νῦν
969 1356 1105 1428 πρὸς
1154 1357 1300 1429 ὑμᾶς
1328 1356 1806 1429 ὁμολογουμένων,
1832 1368 1937 1412 etc.
1975 1376 1994 1408 ι
2035 1358 2167 1412 Cum
2220 1357 2331 1425 jam

759 1452 1005 1504 universa
1035 1449 1240 1519 liquido
1263 1448 1546 1515 magisque
1576 1446 1785 1516 prolixe
1814 1446 1939 1499 alibi
1974 1461 2002 1499 a
2040 1446 2194 1501 nobis
2244 1448 2335 1503 de-

762 1550 1078 1609 monstrata,
1114 1554 1257 1595 nunc
1292 1553 1419 1594 vero
1452 1540 1505 1593 in
1543 1545 1759 1594 brevem
1791 1540 1858 1595 ad
1893 1555 1988 1595 vos
2032 1541 2334 1597 confessio-

761 1653 884 1692 nem
911 1637 1019 1689 sint
1050 1643 1352 1700 contracta,
1374 1650 1394 1685 ι
1429 1640 1535 1688 etc.
1578 1631 1747 1701 Quem
1785 1635 1850 1689 ad
1886 1635 2059 1688 locum
2097 1636 2139 1688 is
2172 1649 2331 1704 quem

762 1743 883 1781 mox
912 1728 1188 1783 nominavi
1219 1728 1303 1782 vir
1332 1727 1679 1781 doctissimus
1711 1727 1850 1780 hanc
1874 1736 2052 1779 notam
2076 1726 2280 1780 addidit
2315 1744 2328 1779 :

766 1839 784 1870 ι
830 1819 1107 1876 Notandus
1152 1820 1237 1874 hic
1293 1818 1465 1881 locus,
1497 1832 1603 1885 quo
1633 1816 1698 1869 ad
1729 1816 1980 1871 uberiora
2008 1832 2103 1872 sua
2133 1818 2332 1886 scripta

2434 633 2776 688 serviendum
2811 633 3082 699 sapienter
3108 633 3385 702 judicarit.
3420 634 3592 702 Atque
3618 636 3668 690 in
3703 633 3805 689 illis
3859 635 3997 703 ipsis

2433 739 2570 791 quos
2603 725 2679 779 De
2729 724 2935 795 Spiritu
2977 735 3157 779 sancto
3209 723 3531 787 conscripsit
3575 726 3747 789 libris,
3795 741 3998 781 nomen

2433 812 2527 866 Dei
2552 828 2618 869 ne
2654 814 2820 869 semel
2848 811 3061 881 quidem
3098 814 3321 882 Spiritui
3359 822 3545 867 sancto
3597 817 3851 871 tributum
3918 815 4000 868 le-

2432 903 2627 973 gimus.
2653 905 2780 973 Ejus
2804 904 3013 975 generis
3041 913 3165 957 sunt
3194 905 3328 959 liber
3359 904 3549 960 tertius
3582 904 3634 956 iu
3669 906 3999 961 Eunomium

2432 1003 2487 1047 et
2524 995 2910 1049 celeberrimus
2946 994 3034 1048 ille
3075 992 3141 1046 ad
3179 992 3608 1061 Amphilochium
3664 992 3741 1048 De
3789 997 3998 1064 Spiritu

2433 1100 2612 1141 sancto
2650 1086 2781 1139 liber
2815 1100 3081 1155 :quorum
3109 1084 3161 1139 iu
3194 1094 3418 1155 utroque
3458 1097 3516 1143 ut
3572 1087 3997 1159 evidentissime,

2435 1180 2508 1233 ita
2540 1177 2889 1233 invictissime
2920 1178 3344 1250 probatquidem
3402 1179 3638 1249 Spiritus
3688 1182 3860 1237 sancti
3915 1185 4001 1239 di—

2436 1271 2735 1329 vinitatem,
2773 1283 2869 1323 nec
2912 1283 3141 1337 usquam
3198 1278 3373 1324 tamen
3432 1270 3697 1339 Spiritum
3748 1283 3999 1329 sanctum

2436 1362 2601 1417 Deum
2644 1358 2895 1429 appellat.
2928 1358 3028 1425 Qui
3059 1372 3188 1428 ergo
3223 1360 3340 1416 neri
3388 1363 3578 1429 possit,
3607 1374 3666 1418 ut
3696 1379 3882 1419 eorum
3930 1364 4002 1420 de

2434 1453 2627 1523 quibus
2650 1451 2827 1520 agitur
2858 1451 3116 1507 librorum
3146 1461 3334 1507 auctor
3358 1456 3467 1520 sit,
3492 1468 3619 1507 cum
3648 1454 3701 1507 in
3730 1457 3859 1527 ipsis
3891 1471 4001 1512 non

2434 1544 2598 1601 semel
2624 1544 2858 1614 Spiritus
2884 1557 3104 1600 sanctus
3135 1544 3276 1599 Deus
3321 1548 3588 1601 vocetur?
3630 1547 3887 1621 Exempla
3934 1566 4005 1607 eo

2434 1649 2542 1705 quo
2584 1634 2931 1690 inveniuntur
2985 1637 3197 1701 ordine,
3226 1637 3496 1705 subjicere
3540 1640 3713 1693 visum
3747 1652 3848 1695 est.
3883 1644 4007 1698 l’ri-

2435 1736 2580 1776 mum
2635 1723 2876 1779 occurrit
2929 1722 3056 1777 illud
3122 1724 3196 1795 (p.
3250 1725 3373 1796 299)
3419 1727 3526 1780 :Ei
3560 1728 3738 1781 τοίνυν
3790 1731 4008 1797 οὐδενός

2436 1814 2580 1867 ἐστιν
2597 1816 2813 1883 ἀφιέναι
2840 1816 3132 1887 ἁμαρτίας,
3156 1817 3342 1890 ὥσπερ
3360 1820 3458 1874 οὐκ
3480 1820 3644 1885 ἐστιν,
3665 1824 3712 1874 εί
3732 1823 3806 1895 μὴ
3839 1824 4008 1894 μόνου

755 1913 867 1981 jam
895 1924 1018 1967 ante
1049 1911 1179 1966 illud
1219 1918 1429 1978 tempus
1458 1907 1602 1963 edita
1651 1907 1948 1963 Eunomius
1986 1918 2260 1978 provocat.
2307 1930 2327 1964 ι
2364 1889 2405 1945 Β

2435 1907 2590 1975 Θεοῦ,
2624 1909 2816 1980 ἀφίησι
2861 1909 2917 1961 δὲ
2946 1910 3006 1962 τὸ
3034 1908 3258 1981 Πνεῦμα
3299 1889 3361 1967 εδ
3408 1916 3561 1983 ἆγιον
3588 1916 3677 1969 διὰ
3709 1889 3817 1971 ξω
3840 1889 4005 1973 ’ἀπο-

761 2005 827 2059 Ει
866 2019 990 2058 vero
1021 2004 1064 2056 si
1121 2000 1287 2057 semel
1333 2015 1521 2055 verum
1568 2013 1655 2057 est
1686 2002 2006 2057 Eunomium
2052 2014 2177 2058 ante
2212 2020 2333 2060 eum

760 2111 922 2165 quem
983 2094 1214 2149 Basilius
1271 2092 1577 2149 confutavit
1630 2094 1826 2148 librum
1885 2094 2021 2149 alios
2073 2097 2334 2163 quosdam

761 2188 1034 2258 longiores
1083 2188 1350 2253 edidisse;
1381 2186 1639 2255 quidquid
1681 2202 1709 2239 a
1760 2186 1916 2240 nobis
1974 2188 2222 2257 superius
2255 2188 2335 2242 di-

766 2292 914 2337 ctum
940 2292 1041 2345 est,
1071 2296 1163 2350 per
1192 2295 1250 2333 se
1291 2280 1505 2347 penitus
1545 2279 1675 2333 ruit.
1711 2276 1844 2332 Nam
1868 2278 1971 2333 dici
2008 2279 2208 2349 poterit
2232 2278 2337 2333 Ba-

762 2375 937 2437 silius,
970 2389 1091 2427 cum
1129 2374 1182 2426 in
1209 2372 1364 2427 libris
1391 2382 1585 2442 quarto
1613 2382 1669 2425 et
1692 2372 1882 2441 quinto
1935 2384 2121 2426 contra
2160 2372 2336 2427 Euno-

761 2467 924 2517 mium
990 2465 1154 2517 multa
1214 2462 1615 2533 Scripturarum
1693 2462 1810 2516 loca
1858 2463 2183 2532 explicaret,
2226 2479 2329 2517 non

762 2560 1063 2630 respexisse
1084 2561 1299 2629 quidem
1336 2560 1401 2612 ad
1430 2574 1552 2613 eum
1588 2558 1782 2613 librum
1811 2598 1827 2624 ,
1862 2573 2022 2628 quem
2058 2560 2330 2613 nominavi

765 2654 997 2722 primum
1027 2652 1273 2707 Ennomii
1319 2650 1581 2714 libellum,
1612 2650 1705 2704 sed
1743 2651 1808 2704 ad
1840 2652 2039 2720 scripta
2087 2651 2331 2720 quaadam

767 2745 1033 2815 longiora,
1063 2760 1181 2814 qua:
1204 2744 1315 2813 jam
1367 2756 1494 2801 ante
1542 2747 1686 2799 edita
1724 2745 1790 2799 ab
1836 2744 2100 2799 Eunomio
2166 2745 2333 2799 fuisse

767 2837 995 2890 allirmat
1055 2837 1292 2892 Joannes
1341 2838 1592 2891 Albertus
1620 2837 1921 2892 Fabricius.
1955 2836 2060 2892 Sed
2087 2838 2179 2908 qui
2220 2853 2331 2891 rem

767 2928 925 2995 paulo
953 2929 1209 2982 attentius
1242 2926 1619 2990 considerarit,
1659 2929 1835 2992 facile,
1882 2930 2092 2997 Opinor,
2146 2927 2335 2981 fatebi-

770 3031 856 3070 tur
882 3034 985 3071 non
1012 3018 1155 3085 loqui
1184 3017 1525 3079 Eunomium,
1558 3031 1623 3071 eo
1639 3032 1795 3085 quem
1814 3017 2075 3085 exscripsi
2098 3017 2238 3078 loco,
2268 3017 2333 3069 de

772 3113 1040 3181 prioribus
1070 3112 1389 3180 quibusdam
1426 3111 1641 3178 scriptis
1671 3125 1699 3162 a
1735 3125 1796 3163 se
1838 3109 1949 3178 jam
1977 3118 2132 3163 antea
2158 3109 2333 3178 vulga-

770 3203 859 3263 tis,
888 3202 981 3255 sed
1010 3203 1074 3256 de
1098 3202 1269 3269 prima
1305 3202 1385 3253 sui
1416 3200 1575 3253 libelli
1609 3209 1758 3269 parte
1782 3240 1795 3263 ,
1821 3215 1994 3271 eaque
2021 3200 2328 3269 prolixiore.
2363 3222 2405 3281 ο

772 3295 998 3349 Constat
1030 3298 1171 3347 enim
1210 3294 1533 3348 Eunomiutu
1579 3293 1817 3348 libellum
1879 3310 2034 3347 suum
2096 3293 2148 3346 in
2210 3293 2340 3347 duas

770 3397 951 3455 partes
981 3386 1227 3440 divisisse
1259 3408 1269 3441 :
1298 3401 1522 3455 quarum
1558 3386 1608 3439 in
1638 3387 1817 3455 priore
1840 3401 1989 3440 suam
2017 3387 2341 3440 sententiam

772 3479 946 3531 fusius
973 3480 1212 3545 exponit,
1252 3478 1303 3529 in
1336 3477 1503 3529 altera
1531 3492 1680 3539 vero,
1713 3476 1874 3529 libelli
1905 3479 1986 3529 sui
2020 3479 2175 3546 quasi
2226 3480 2342 3547 epi-

772 3579 950 3621 tomen
987 3568 1271 3637 quamdam
1304 3566 1450 3620 fecit.
1484 3565 1538 3619 ld
1577 3568 1647 3619 ita
1689 3579 1808 3621 esse
1860 3567 2015 3621 docet
2052 3566 2342 3621 Eunomius

774 3662 907 3730 ipse,
939 3661 1090 3728 cujus
1115 3660 1228 3714 hate
1266 3667 1391 3713 sunt
1417 3658 1600 3722 verba,
1627 3673 1775 3711 num.
1799 3656 1869 3710 26
1904 3675 1915 3710 :
1976 3656 2113 3709 Ἀλλ’
2154 3657 2238 3709 ἵνα
2268 3657 2341 3728 μὴ

772 3751 849 3821 τῷ
878 3755 1041 3821 μήκει
1065 3751 1171 3804 τῶν
1200 3752 1371 3819 λόγων
1412 3752 1813 3822 ἀποκνήσωμεν
1851 3751 1979 3814 τοὺς
2028 3749 2341 3815 ἀκούοντας,

773 3842 951 3895 πᾶσαν
998 3844 1056 3894 ὲν
1103 3842 1295 3912 βραχεῖ
1319 3841 1427 3895 τῶν
1480 3842 1751 3914 ῥηθέντων
1818 3843 2202 3912 περιλαϐόντες
2249 3844 2346 3914 τὴν

774 3933 1025 4005 δύναμιν,
1054 3944 1159 3989 etc.
1301 3932 1500 3988 Verum
1558 3949 1625 3987 ne
1674 3949 1985 3987 sermonum
2045 3934 2349 4002 prolixitate

778 4025 1055 4078 auditores
1092 4038 1415 4091 gravemus,
1464 4023 1709 4077 minusve
1757 4022 1964 4077 alacres
2025 4024 2344 4089 reddamus,

778 4116 967 4186 paucis
996 4130 1180 4167 eorum
1207 4129 1326 4181 quae
1356 4114 1589 4168 diximus
1622 4114 1728 4168 vim
1753 4128 1965 4167 omnem
1998 4114 2350 4179 comprehen-

781 4208 993 4270 dentes,
1036 4224 1053 4255 ι
1088 4212 1191 4257 etc.
1247 4203 1426 4270 Quare
1459 4208 1650 4258 horum
1695 4206 2007 4271 verborum,
2034 4202 2250 4257 Τούτων
2282 4203 2345 4274 δὴ

778 4298 994 4351 πάντων
1048 4296 1313 4366 εὖκρινῶς
1358 4296 1454 4365 μὲν
1514 4295 1609 4349 καὶ
1668 4296 2001 4366 πλατύτερον
2046 4299 2101 4349 ὲν
2146 4296 2348 4367 ἑτέροις

777 4391 909 4459 ἡμῖν
936 4386 1423 4456 ἀποδεδειγμένων,
1458 4385 1501 4437 is
1526 4394 1611 4438 est
1639 4400 1833 4439 sensus
1864 4402 1877 4438 ε
1917 4404 1935 4436 ι
1970 4386 2101 4439 Cum
2125 4384 2233 4451 jam
2262 4388 2352 4440 de-

779 4490 1083 4536 monstrata
1114 4482 1221 4533 sint
1259 4495 1287 4532 a
1322 4480 1479 4534 nobis
1504 4480 1616 4533 haec
1649 4482 1831 4533 omnia
1874 4478 2075 4549 liquide
2099 4489 2152 4533 et
2179 4481 2349 4548 magis

2440 2000 2640 2053 στόλων
2664 2018 2675 2031 ο
2707 2001 2837 2064 Θεὸς
2874 2000 2980 2071 ἄρα
3007 2000 3069 2052 τὸ
3091 2001 3314 2071 Πνεῦμα
3358 2006 3419 2057 τὸ
3449 2008 3623 2074 ᾶγιον,
3658 2010 3751 2061 καὶ
3773 2011 3872 2080 τῆς
3903 2013 4006 2063 αὐ-

2435 2092 2533 2163 τῆς
2565 2093 2841 2161 ἐνεργείας
2894 2092 2972 2163 τῷ
3026 2094 3198 2165 Πατρὶ
3247 2096 3342 2147 καὶ
3404 2097 3482 2166 τῷ
3520 2097 3649 2159 Υἱῶ.
3680 2117 3698 2148 r
3744 2099 3932 2168 Itaque
3958 2105 4007 2156 si

2437 2182 2632 2235 nullius
2658 2191 2741 2236 est
2766 2185 3037 2239 remittere
3070 2194 3310 2255 peccata,
3332 2185 3473 2240 sicut
3497 2202 3630 2241 sane
3666 2190 3863 2244 nullius
3898 2202 4005 2253 est,

2439 2271 2541 2326 nisi
2561 2270 2654 2326 Dei
2693 2271 2884 2340 solius,
2929 2274 3162 2329 remittit
3184 2283 3362 2330 autem
3394 2274 3630 2345 Spiritus
3657 2289 3879 2335 sanctus
3904 2296 4007 2351 per

2438 2365 2742 2434 apostolos;
2785 2368 2926 2421 Deus
2968 2382 3094 2436 ergo
3126 2376 3209 2423 est
3254 2366 3486 2437 Spiritus
3516 2381 3756 2435 sanctus,
3785 2381 3839 2427 et
3864 2373 4011 2439 ejus-

2437 2457 2556 2509 dem
2595 2456 2927 2524 Operationis
2957 2468 3118 2524 atque
3154 2458 3316 2513 Pater
3371 2470 3425 2513 et
3482 2461 3669 2515 Filius.
3703 2480 3723 2515 ι
3796 2462 4006 2522 Rursus

2435 2548 2514 2601 sic
2541 2546 2773 2617 loquitur
2799 2546 3034 2617 scriptor
3061 2547 3137 2617 (p.
3165 2547 3291 2615 500)
3325 2566 3337 2599 :
3392 2550 3452 2601 Et
3484 2550 3537 2602 δὲ
3572 2550 3723 2604 λαλεῖ
3768 2555 3825 2607 ὲν
3870 2557 4009 2611 ἀπο-

2437 2641 2640 2705 στόλοις
2670 2643 2763 2696 καὶ
2783 2644 2839 2695 ὲν
2863 2644 3167 2714 προφήταις
3196 2642 3255 2696 τὸ
3279 2642 3523 2714 Πνεῦμα,
3554 2646 3702 2701 πᾶσα
3730 2646 3786 2699 δὲ
3818 2648 4009 2721 Γραφὴ

2436 2731 2813 2796 θεόπνευστος,
2851 2734 3037 2785 εἴπατε
3080 2736 3194 2795 τοῖς
3230 2732 3484 2786 ἀσεϐοῦσι
3509 2776 3522 2798 ,
3557 2735 3672 2799 πῶς
3700 2738 3757 2789 οὐ
3780 2737 3916 2803 Θεὸς
3952 2740 4014 2792 τὸ

2437 2824 2660 2895 Πνεῦμα
2690 2824 2749 2876 τὸ
2782 2824 2935 2892 ἆγιον
2978 2824 3265 2894 τυγχάνει,
3304 2825 3403 2895 τῆς
3448 2826 3636 2879 τούτου
3688 2830 4015 2901 συγγραφῆς

2438 2914 2790 2967 θεοπνεύστου
2848 2913 3041 2982 οῦσηςς
3099 2934 3116 2965 t
3147 2916 3298 2979 Quod
3328 2917 3373 2969 si
3404 2916 3636 2983 Spiritus
3661 2920 3712 2973 iu
3750 2921 4014 2987 apostolis

2435 3014 2489 3056 et
2518 3005 2794 3071 prophetis
2824 3003 3081 3072 loquitur,
3118 3002 3403 3072 omnisque
3428 3006 3704 3073 Scriptura
3750 3008 4017 3063 divinitus

2436 3094 2692 3163 inspirata
2749 3104 2872 3158 est,
2927 3094 3089 3148 dicite
3137 3096 3314 3164 impiis
3376 3112 3389 3147 :
3448 3096 3727 3163 Quomodo
3773 3098 4015 3169 Spiritus

2437 3198 2658 3240 sanctus
2698 3187 2835 3240 Deus
2860 3203 2963 3241 non
2996 3195 3099 3248 est,
3127 3202 3247 3242 eum
3286 3189 3430 3242 illius
3478 3188 3755 3259 Scriptura
3813 3194 4014 3247 divini-

2448 3290 2534 3334 tus
2562 3280 2818 3349 inspirata
2851 3279 2971 3334 sit?
3002 3299 3020 3332 ι
3056 3280 3227 3335 Verba
3269 3282 3572 3349 scriptoris,
3619 3297 3743 3336 cum
3778 3285 4017 3353 explicat

2446 3371 2572 3425 illud
2606 3368 2829 3424 Joannis
2857 3386 2931 3435 IV,
2958 3369 3050 3437 24,
3111 3368 3341 3441 Spiritus
3388 3382 3461 3425 est
3511 3372 3670 3438 Deus,
3708 3374 3822 3427 haec
3888 3384 4018 3429 sunt

2447 3467 2523 3539 (p.
2551 3467 2675 3537 510)
2707 3486 2719 3520 :
2749 3468 2960 3539 Ὥσπερ
3012 3468 3120 3539 γὰρ
3147 3468 3206 3521 τὸ
3256 3468 3477 3538 Πνεῦμα
3510 3469 3537 3520 ὁ
3588 3468 3738 3531 Θεὸς.
3768 3468 3911 3523 κατά
3934 3470 4014 3531 τὸ,

2445 3558 2595 3621 Ναὸς
2621 3558 2756 3612 Θεοῦ
2814 3562 2936 3612 ἐστε
2970 3561 3065 3612 καὶ
3110 3560 3171 3612 τὸ
3225 3559 3447 3627 Πνεῦμα
3483 3558 3576 3611 τοῦ
3617 3558 3753 3611 Θεοῦ
3790 3563 3934 3613 οἰκεῖ
3960 3562 4018 3612 ὲν

2446 3651 2573 3717 ὑμῖν
2593 3667 2605 3680 σ
2639 3649 2780 3701 οὕτω
2806 3650 2900 3702 καὶ
2928 3649 2956 3699 ό
2983 3649 3115 3712 Θεὸς
3143 3649 3202 3700 τὸ
3251 3648 3493 3718 Πνεῦμα,
3521 3648 3621 3719 τῆς
3656 3650 3888 3721 Τριάδος
3945 3652 4021 3722 μὴ

2443 3738 2892 3809 διακοπτομένης,
2930 3738 3063 3808 μηδὲ
3114 3736 3489 3810 χωριζομένης
3526 3741 3624 3811 τὴν
3650 3741 3830 3808 φύσιν,
3876 3742 4018 3796 ὥστε

2447 3830 2541 3882 καὶ
2588 3827 2657 3881 τὰ
2689 3827 2928 3899 ὀνόματα
2960 3826 3033 3898 μὴ
3096 3827 3441 3898 χωρίζεσθαι.
3490 3847 3507 3879 ι
3545 3829 4017 3895 Quemadmodum

2448 3922 2591 3976 enim
2631 3919 2865 3989 Spiritus
2890 3918 3030 3973 Deus
3062 3927 3167 3986 est,
3222 3918 3374 3987 juxta
3431 3918 3577 3983 illud,
3616 3917 3888 3989 Templum
3928 3922 4021 3977 Dei

2448 4013 2593 4077 estis,
2622 4022 2668 4064 et
2705 4009 2935 4077 Spiritus
2970 4008 3067 4063 Dei
3117 4011 3320 4063 habitat
3370 4011 3425 4065 in
3470 4012 3611 4065 vobis
3647 4012 3759 4066 :ita
3784 4023 3840 4067 et
3880 4013 4023 4070 Deus

2448 4101 2684 4171 Spiritus
2725 4113 2829 4166 est,
2868 4118 2972 4155 non
3005 4102 3235 4157 disseuta
3264 4102 3550 4167 Triuitate,
3596 4118 3773 4173 neque
3820 4121 4023 4161 seettn-

2448 4192 2571 4247 dum
2626 4201 2873 4246 naturam
2904 4204 3153 4261 separata
3188 4209 3203 4245 ι
3240 4196 3381 4249 sicut
3423 4196 3635 4250 nomina
3684 4199 3851 4252 etiam
3914 4215 4022 4254 non

2448 4297 2788 4356 separentur.
2827 4305 2846 4338 ι
2887 4285 3077 4339 Parum
3110 4287 3211 4341 fuit
3260 4292 3360 4343 hoc
3404 4289 3522 4343 loco
3559 4292 3811 4361 scriptori
3844 4292 4021 4362 Spiri-

2452 4390 2560 4434 tum
2593 4391 2835 4435 sanctum
2887 4380 3053 4435 Deum
3107 4396 3299 4435 vocare
3339 4398 3354 4435 :
3392 4386 3487 4437 sed
3530 4388 3693 4440 etiam
3745 4388 4020 4442 rationem

2451 4473 2625 4527 reddit
2654 4488 2752 4527 cur
2788 4474 2859 4527 ita
2893 4472 3077 4528 faciat.
3113 4473 3403 4539 Quoniam,
3446 4476 3641 4546 inquit,
3694 4487 3749 4531 ut
3778 4477 4022 4536 Trinitas

779 4572 988 4640 prolixe
1028 4572 1081 4624 in
1114 4572 1325 4623 cmteris
1352 4584 1471 4639 qua:
1510 4570 1821 4637 praecedunt
1870 4570 2349 4638 argumentationi-
2379 4585 2424 4641 ι)
2450 4577 2555 4615 non
2582 4572 2865 4631 separatur
2912 4562 3205 4615 secundum
3243 4571 3490 4615 naturam
3519 4603 3533 4626 ,
3570 4564 3640 4617 ita
3672 4579 3769 4619 nec
3803 4565 4024 4620 nomina

777 4666 899 4727 bos,
934 4682 953 4715 ι
998 4673 1105 4717 etc.
1146 4662 1290 4716 Sane
1320 4676 1349 4715 a
1375 4675 1460 4715 me
1512 4661 1719 4715 faciunt
1748 4659 1955 4729 antiqui
1992 4674 2181 4716 omnes
2208 4662 2346 4716 scri-

778 4765 983 4825 ptores,
1013 4754 1103 4821 qui
1130 4752 1267 4806 duos
1301 4752 1563 4805 duntaxat
1600 4750 1849 4804 Eunomii
1912 4749 2120 4806 libellos
2184 4766 2347 4823 agno-

780 4861 930 4909 vere,
964 4844 1259 4915 Gregorius
1292 4844 1584 4916 Nyssenus,
1626 4841 2045 4912 Pbilostorgius,
2098 4844 2342 4915 Photius,

780 4946 837 4991 et
874 4938 989 4991 alii.
1020 4935 1136 4990 Jam
1171 4936 1216 4990 si
1269 4939 1392 5005 quis
1426 4944 1633 5005 quierat
1661 4948 1723 4987 ex
1764 4950 1869 4999 me,
1892 4950 1991 4989 cur
2030 4937 2342 5002 Eunomius,

781 5031 871 5097 qui
902 5031 953 5083 in
987 5031 1160 5099 primo
1183 5044 1282 5082 suo
1323 5031 1529 5097 scripto
1561 5027 1753 5082 Filium
1802 5028 2033 5082 libenter
2088 5028 2345 5096 simplici—

786 5130 975 5192 terque
1002 5123 1304 5190 genituram
1341 5123 1588 5186 vocabat,
1627 5123 1727 5176 hoc
1749 5120 1888 5175 idem
1918 5127 2096 5175 tamen
2135 5135 2238 5174 non
2268 5118 2348 5174 le-

782 5214 919 5269 cerit
978 5215 1029 5267 in
1079 5213 1281 5279 altero;
1324 5212 1499 5267 dicam
1546 5211 1705 5281 hujus
1755 5212 1830 5267 rei
1890 5211 2119 5266 fortasse
2166 5211 2344 5267 all’erri

785 5320 944 5375 posse
996 5306 1334 5374 probabilem
1386 5320 1625 5368 causam,
1661 5305 1910 5359 videlicet
1960 5304 2280 5359 Eunomium
2317 5318 2345 5356 a

786 5399 983 5453 Basilio
1029 5401 1097 5453 ob
1153 5400 1411 5468 genitura:
1473 5412 1661 5451 nomen
1710 5404 1817 5449 tam
1877 5396 2016 5451 male
2069 5403 2346 5465 acceptum

784 5490 971 5555 fuisse,
1006 5498 1064 5543 ut
1109 5504 1174 5546 eo
1231 5489 1487 5557 deinceps
1548 5500 1655 5542 tam
1705 5488 1870 5541 libere
1920 5488 1993 5540 uti
2054 5501 2217 5540 ausus
2246 5500 2350 5539 non

786 5584 878 5635 sit.

857 5674 967 5731 75'.
996 5674 1119 5729 Fuit
1143 5685 1375 5745 tempus,
1402 5683 1459 5728 ut
1491 5682 1675 5729 notum
1700 5680 1783 5726 est
1810 5712 1825 5736 ,
1854 5685 1974 5726 eum
2010 5669 2238 5723 Basilius
2265 5681 2356 5721 ne-

788 5782 892 5835 que
924 5768 972 5820 in
995 5767 1106 5820 suis
1138 5767 1308 5832 libris,
1341 5781 1513 5836 neque
1541 5766 1593 5819 in
1626 5764 1854 5834 publicis
1874 5762 2211 5818 orationibus
2238 5758 2358 5827 Spi-

790 5858 951 5913 ritum
992 5868 1236 5914 sanctum
1270 5859 1435 5914 Deum
1484 5867 1699 5914 vocaret
1722 5898 1736 5923 ,
1768 5870 1870 5909 non
1910 5857 2048 5925 quod
2080 5853 2193 5921 ejus
2219 5849 2353 5906 divi-

2453 4655 2615 4710 etiam
2664 4662 3003 4724 separantur.
3058 4653 3226 4710 Secus
3278 4667 3454 4710 autem
3514 4655 3709 4710 fecisse
3760 4655 4023 4711 Basiliqu

2457 4756 2678 4815 norunt,
2722 4747 2916 4816 quibus
2955 4760 3062 4799 non
3098 4747 3322 4801 omnino
3364 4748 3542 4816 ignota
3584 4756 3669 4801 est
3722 4757 4023 4817 temporum

2456 4841 2672 4895 illorum
2704 4840 2951 4904 historia,
2980 4839 3059 4893 sic
3099 4848 3158 4892 ut
3204 4838 3539 4893 intereadum
3587 4837 3851 4908 Spiritum
3895 4857 4024 4896 sano

2452 4944 2601 4989 ctum
2655 4942 2859 4987 natura:
2904 4932 3100 4987 divinae
3148 4932 3469 5001 participem
3511 4947 3631 4989 esse
3664 4933 3920 5001 privatim
3970 4943 4025 4988 et

2453 5025 2665 5096 publice
2698 5023 3070 5093 proﬁteretur,
3124 5038 3244 5077 eum
3267 5034 3442 5076 tamen
3468 5024 3617 5092 pacis
3668 5038 3798 5094 ergo
3850 5021 4021 5077 Deum

2453 5117 2727 5186 appellare
2769 5116 3083 5170 abstineret.
3130 5113 3235 5168 Sed
3290 5113 3480 5167 audire
3534 5114 3660 5167 mihi
3700 5114 3884 5165 videor
3933 5114 4021 5180 qui

2455 5209 2642 5262 dicunt
2694 5207 2855 5260 fuisse
2913 5206 3076 5259 etiam
3111 5212 3340 5271 tempus,
3387 5218 3509 5256 cum
3568 5202 3795 5255 Basilius
3820 5209 3934 5254 tum
3966 5202 4021 5255 in

2455 5300 2723 5366 aliquibus
2749 5296 2999 5366 epistolis
3032 5305 3142 5349 tum
3169 5296 3219 5349 in
3274 5293 3503 5363 publicis
3535 5292 3856 5362 quibusdam
3892 5306 4022 5347 con-

2457 5390 2710 5443 cionibus
2741 5387 3001 5456 Spiritum
3034 5395 3278 5440 sanctum
3301 5386 3467 5439 Deum
3488 5391 3700 5438 vocaret
3721 5400 3736 5449 ;
3761 5383 3832 5437 ob
3862 5383 4020 5451 idque.

2457 5479 2571 5535 ﬁeri
2607 5480 2874 5547 potuisse,
2936 5490 2994 5532 ut
3028 5480 3082 5533 in
3121 5478 3310 5547 quinto
3359 5489 3573 5546 quoque
3605 5482 3793 5529 contra
3836 5472 4017 5528 Eunor

2456 5570 2616 5624 miunt
2636 5570 2775 5623 libro
2807 5570 2913 5624 hoc
2939 5569 2987 5622 ei
3023 5584 3215 5622 nomen
3235 5568 3458 5621 dederit.
3477 5564 3638 5617 Bene.
3660 5563 3767 5617 Sed
3793 5562 4021 5631 quaestio

2460 5679 2565 5717 nun
2599 5674 2699 5725 est,
2729 5672 2906 5714 utrum
2941 5660 3173 5714 Basilius
3199 5658 3451 5727 Spiritum
3474 5667 3719 5710 sanctam
3757 5658 3811 5709 in
3833 5656 4021 5724 quinte

2462 5766 2639 5808 contra
2680 5752 2996 5807 Eunomium
3030 5752 3166 5805 libro
3202 5750 3363 5805 Deum
3393 5757 3589 5802 vocare
3625 5746 3887 5813 potuerit,
3930 5744 4020 5800 sed

2462 5854 2638 5901 utrum
2682 5861 2737 5901 re
2779 5845 2890 5915 ipsa
2944 5842 3144 5899 vocarit
3176 5854 3189 5893 :
3224 5839 3364 5910 quod
3403 5838 3585 5894 falsum
3619 5851 3740 5893 esse
3770 5837 4020 5891 arbitror.
