4212 6530
1262 458 1324 509 D.
1365 458 1507 513 IUL.
1542 459 1867 513 GARNERH
1908 460 2289 514 PBEFATIO.

3168 478 3394 514 εωυηι

194 577 391 631 Etenim
426 580 469 631 si
499 574 733 628 Basilius
761 576 861 628 sibi
892 588 986 643 per
1011 582 1216 641 tempus
1250 575 1410 627 licere
1438 576 1747 629 credidisset
1776 583 1822 636 Α
1855 578 2053 646 aliquid
2082 578 2184 629 dici
2208 592 2366 643 posse
2402 577 2573 642 majus
2598 586 2687 627 aut
2728 577 3111 644 magnitudine,
3150 588 3240 628 aut
3269 588 3407 627 teut-

194 662 279 721 Dei
306 680 501 720 nomen
540 663 765 732 Spiritui
795 673 981 717 sancto
1009 661 1060 714 in
1090 662 1226 717 libro
1255 662 1444 730 quinto
1474 664 1744 730 tribuere;

195 772 292 812 non
348 757 506 809 video
545 770 765 811 causam
818 753 1006 819 ullam,
1040 769 1137 809 cur
1178 757 1229 808 itt
1278 755 1436 809 tertio
1485 755 1622 809 libro
1651 756 1751 810 ltac

198 851 304 919 ipsa
338 849 405 901 de
450 863 555 916 qua
601 851 777 921 agitur
831 860 960 901 voce
992 848 1064 902 uti
1100 845 1351 903 noluerit.
1384 847 1451 900 Et
1499 860 1627 901 vero
1662 848 1751 901 nti-

197 939 340 993 randi
387 950 533 994 esset
567 941 750 1001 locus,
780 938 846 1003 si,
898 951 1181 1010 postquam
1216 939 1446 995 Basilius
1492 939 1748 1008 Spiritum

198 1040 439 1086 sanctum
470 1035 522 1087 in
571 1031 732 1086 tertio
761 1030 897 1085 libro
923 1035 1088 1088 Deum
1138 1046 1331 1085 vocare
1367 1042 1470 1085 tam
1515 1030 1752 1085 studiose

196 1124 444 1189 cavisset,
473 1124 654 1180 statim
693 1123 742 1176 id
773 1124 820 1178 ei
870 1126 1104 1180 nominis
1154 1124 1205 1176 in
1241 1124 1428 1193 quinto
1454 1124 1589 1178 libro
1612 1140 1752 1193 strpe

197 1215 478 1273 tribueret.
514 1215 687 1270 Unum
717 1218 893 1271 adhuc
916 1226 1180 1285 superest,
1218 1220 1358 1287 quod
1408 1217 1620 1269 videtur
1660 1230 1754 1269 no-

204 1315 311 1363 tatu
360 1308 757 1375 dignissimum.
800 1310 1087 1375 Postquam
1134 1308 1388 1377 scriptor,
1418 1316 1475 1359 ut
1501 1320 1567 1360 ex
1598 1320 1754 1375 supe-

196 1398 431 1452 rioribus
468 1410 700 1463 constat,
725 1401 929 1467 aliquot
972 1398 1023 1453 in
1068 1399 1202 1454 locis
1230 1398 1487 1469 Spiritum
1511 1407 1753 1453 sanctum

197 1490 363 1545 Deum
398 1492 646 1557 vocarit;
680 1488 1034 1544 conﬁdentior
1083 1489 1277 1553 factus,
1322 1487 1599 1556 aliquanto
1637 1498 1756 1556 post

199 1586 397 1651 majora
429 1584 611 1638 audet.
642 1583 730 1636 Ait
763 1582 905 1637 enim
937 1584 1026 1638 Dei
1056 1581 1316 1652 Spiritum
1351 1580 1529 1634 vocari
1563 1588 1616 1633 et
1651 1581 1756 1632 Do-

201 1676 398 1730 ntiuum
436 1686 490 1732 et
538 1677 728 1742 Deum,
784 1676 1232 1745 quemadmodum
1267 1685 1322 1730 et
1367 1674 1618 1728 Verbum.
1651 1671 1757 1725 Sed

200 1765 366 1836 ipsum
394 1770 579 1822 audire
608 1779 839 1836 prastat.
863 1767 952 1820 Sic
977 1768 1133 1833 igitur
1167 1769 1401 1837 loquitur
1432 1766 1581 1837 (pag.
1606 1765 1665 1819 3i
1680 1763 1752 1835 4):

200 1858 304 1910 Καὶ
336 1858 540 1926 Κύριος
568 1861 659 1910 καὶ
687 1857 815 1919 Θεὲς
832 1856 1044 1927 εἴρηται
1076 1857 1135 1909 τὸ
1167 1856 1259 1908 τοῦ
1273 1857 1403 1909 Θεοῦ
1422 1857 1757 1929 Πνεῦμα,ὡς

1850 676 1999 729 pore,
2030 673 2122 715 aut
2145 662 2426 729 dignitate,
2454 675 2546 717 aut
2576 665 2834 731 potentia,
2863 672 2952 715 aut
2990 672 3245 729 tanquam
3275 678 3407 715 cau-

1852 766 1989 804 sam.
2026 754 2314 821 Postquam
2353 761 2528 805 autem
2569 750 2702 805 dixit
2737 751 2943 804 Patrem
2980 750 3114 805 Filio
3141 765 3247 802 non
3295 763 3414 802 esse

1852 844 2147 911 majorem,
2217 856 2390 907 neque
2442 842 2841 912 magnitudine,
2908 857 3080 910 neque
3134 849 3416 907 tempore,

1853 950 2026 1002 neque
2079 936 2361 1005 dignitate,
2409 948 2576 1002 neque
2605 932 2866 1005 potentia,
2897 932 3165 985 concludit
3199 930 3416 999 genito-

1859 1041 1973 1081 rem
2004 1029 2183 1093 genito
2210 1028 2464 1097 majorem
2494 1039 2705 1093 quoque
2734 1042 2836 1080 non
2869 1038 2988 1079 esse
3017 1034 3265 1089 tanquam
3296 1035 3420 1070 cau-

1852 1116 2255 1182 sam.£jusluee
2285 1116 2584 1171 suntverba
2615 1115 2736 1181 (lib.
2759 1133 2830 1178 tv,
2865 1133 2916 1183 p.
2941 1111 3083 1181 289)
3118 1128 3129 1163 :
3165 1108 3300 1163 Οὔτε
3343 1107 3418 1171 ὡς

1854 1206 2042 1268 αἴτιος·
2066 1204 2188 1256 ἐπεὶ
2212 1205 2407 1273 ὁμοίως
2434 1202 2528 1257 καὶ
2554 1202 2715 1254 αὑτοῦ
2743 1206 2832 1254 καὶ
2851 1205 3007 1273 ἡμῶν
3024 1197 3246 1274 μείζων,
3264 1198 3420 1267 εἴπερ

1854 1298 1961 1368 γὰρ
1992 1296 2155 1348 αὑτοῦ
2180 1295 2272 1349 καὶ
2294 1296 2448 1365 ἡμῶν
2475 1295 2663 1356 αἴτιος.
2686 1312 2704 1343 t
2730 1292 2837 1345 Nec
2862 1305 2917 1343 ιιι
2938 1310 3095 1346 causa
3115 1290 3311 1363 [major
3338 1297 3420 1341 est

1855 1391 2015 1446 Pater
2047 1387 2239 1459 Filio];
2267 1388 2517 1455 quoniam
2544 1385 2747 1454 pariter
2780 1394 2833 1436 et
2869 1383 2965 1435 illo
2987 1394 3039 1435 et
3066 1385 3217 1437 nobis
3248 1380 3421 1450 major

1856 1490 2018 1543 esset,
2066 1496 2185 1533 cum
2225 1480 2391 1546 ipsius
2421 1486 2472 1530 et
2520 1477 2685 1529 nostri
2745 1486 2888 1529 esset
2916 1488 3100 1525 causa.
3137 1492 3155 1523 ι
3191 1473 3420 1526 Basilius

1856 1587 1984 1626 vero
2032 1586 2177 1633 eum,
2224 1582 2384 1638 quem
2414 1567 2555 1630 dixi,
2590 1569 2883 1633 Scriptura:
2931 1566 3103 1619 locum
3153 1563 3218 1614 ita
3258 1563 3422 1615 inter-

1857 1670 2125 1731 pretatur,
2161 1668 2219 1713 ut
2252 1666 2625 1712 asseveranter
2682 1658 2822 1709 dicat
2848 1655 3057 1707 Patrem
3090 1652 3226 1707 Filio
3258 1651 3426 1721 tttajo-

1860 1768 1971 1806 rem
2002 1768 2123 1807 esse
2153 1762 2405 1819 tanquam
2434 1761 2674 1800 causam.
2708 1746 2798 1797 Sic
2830 1754 3008 1796 autem
3048 1745 3280 1810 loquitur
3330 1744 3423 1795 lili.

1861 1844 2031 1910 primo
2060 1858 2208 1896 num.
2235 1843 2306 1894 Q5
2326 1857 2337 1892 :
2359 1841 2614 1892 Λείπεται
2646 1837 2823 1890 τοίνυν
2847 1834 2986 1887 κατὰ
3015 1834 3103 1885 τὸν
3130 1836 3226 1903 τῆς
3250 1834 3425 1895 αἰτίας

202 1950 288 2001 καὶ
318 1950 345 1999 ὁ
373 1919 563 2016 Λᾶγος.
596 1967 615 1998 t
655 1947 717 2001 Et
752 1919 1011 2001 Domitius
1041 1958 1095 2001 et
1126 1948 1264 2001 Deus
1299 1947 1472 2000 dictus
1521 1919 1604 2001 est
1631 1948 1754 2015 Spi-
1786 1919 1828 1974 Β
1862 1932 1865 1984 Ῑ

1786 1919 1828 1974 Β
1862 1932 2017 2000 λόγον
2047 1928 2279 1983 ἐνταῦθα
2311 1930 2369 1981 τὸ
2407 1930 2585 1997 μεῖζον
2624 1926 2895 1995 λέγεσθαι.
2939 1922 3154 1992 Ἐπειδὴ
3181 1925 3287 1991 γὰρ
3322 1922 3427 1973 ἀπὸ

205 2044 335 2094 ritus
367 2042 482 2105 Dei,
535 2041 669 2097 sieut
698 2052 750 2097 et
780 2041 1034 2096 Verbum.
1078 2060 1096 2093 ι
1129 2040 1330 2095 Adduci
1360 2053 1631 2106 nunquam
1664 2054 1760 2105 po-

204 2141 338 2198 tero,
372 2145 433 2187 ut
461 2136 622 2190 haeca
656 2135 859 2190 Basilio
889 2136 1089 2204 scripta
1135 2134 1299 2188 fuisse
1347 2132 1583 2186 credam.
1622 2127 1763 2182 Nihil

206 2228 363 2293 enim,
420 2238 476 2281 ut
526 2228 654 2281 mihi
698 2230 911 2297 quidem
964 2228 1205 2293 videtur,
1246 2242 1274 2279 a
1315 2225 1493 2278 Basilii
1538 2221 1765 2277 consilio

213 2322 382 2389 magis
410 2321 646 2374 alienum
677 2319 969 2386 excogitari
1019 2326 1213 2387 potest.
1247 2318 1395 2383 Quod
1441 2325 1496 2369 ut
1542 2315 1767 2368 inanite-

207 2411 339 2465 stius
369 2411 462 2464 ﬁat
501 2421 662 2480 atque
692 2412 1022 2481 exploratius
1048 2450 1063 2477 ,
1118 2426 1231 2465 rem
1286 2409 1449 2462 altius
1503 2419 1765 2479 repetam.

208 2501 390 2557 Etate
423 2505 512 2557 illa
540 2515 693 2558 erant
726 2520 827 2559 non
859 2505 1036 2575 pauci,
1066 2503 1180 2573 qui,
1212 2503 1351 2571 quod
1376 2502 1608 2571 Spiritus
1644 2517 1768 2555 san-

209 2594 399 2648 ctusin
442 2596 738 2662 Scripturis
765 2612 1028 2662 nusquam
1064 2595 1203 2648 Deus
1238 2607 1494 2654 expresse
1527 2604 1765 2654 vocetur,

211 2686 307 2739 hoc
342 2685 393 2738 ei
432 2700 625 2737 nomen
658 2687 785 2739 dare
820 2685 1163 2737 recusabant.
1202 2680 1297 2734 Vir
1323 2690 1498 2734 autem
1533 2682 1769 2748 prutleu-

212 2778 453 2832 tissimus
481 2776 709 2831 Basilius
739 2779 963 2847 tempori
986 2775 1254 2848 paulisper
1285 2772 1577 2828 cedendum
1602 2782 1767 2834 ratus,

217 2870 376 2923 modo
426 2884 539 2922 rem
598 2879 881 2933 statueret,
931 2869 999 2923 de
1051 2868 1194 2922 nudo
1248 2866 1414 2918 verbo
1450 2864 1770 2917 contendere

214 2963 407 3015 uoluit.
463 2962 694 3015 Malobat
726 2962 889 3025 enim,
943 2975 1060 3029 quae
1094 2960 1210 3028 ejus
1238 2960 1288 3012 iit
1323 2971 1510 3011 omnes
1534 2955 1771 3008 cltaritas

212 3064 351 3115 erat,
385 3053 632 3103 inﬁrmus
680 3066 803 3102 cum
852 3050 1080 3103 infirmis
1107 3051 1245 3111 ﬁeri,
1280 3059 1335 3098 ut
1368 3061 1461 3099 eos
1490 3046 1771 3097 lucriface-

210 3151 308 3206 ret,
345 3156 508 3209 quam
562 3154 720 3191 unam
771 3151 952 3192 vocem
982 3137 1302 3192 obstinatius
1340 3136 1647 3198 defendere,
1682 3149 1774 3186 ve-

1862 2017 1959 2080 τοῦ
1996 2023 2207 2093 Harpe;
2248 2022 2280 2091 ή
2324 2021 2464 2091 ἁρχὴ
2507 2018 2583 2087 τῷ
2628 2018 2760 2085 Υἱῷ,
2798 2016 2937 2068 κατὰ
2977 2015 3135 2067 τοῦτο
3181 2008 3429 2082 μείζωνὸ

1862 2118 2071 2189 Πατὴρ,
2105 2117 2179 2178 ὡς
2208 2116 2375 2177 αἴτιος
2400 2112 2491 2165 καὶ
2515 2111 2675 2181 ἀρχή.
2722 2108 2811 2159 Διὸ
2845 2108 2934 2158 καὶ
2975 2108 3002 2157 ὁ
3031 2107 3229 2178 Κύριος
3257 2102 3431 2166 οὕτως

1864 2208 2015 2262 εἶπεν
2038 2228 2050 2239 ·
2100 2212 2161 2262 '0
2188 2207 2386 2274 Πατήρ
2420 2222 2537 2274 μου
2562 2200 2779 2272 μείζων
2811 2200 2928 2269 μού
2958 2198 3084 2251 ἐστι
3106 2238 3119 2259 ,
3157 2197 3287 2248 καθὸ
3318 2196 3430 2248 Ha-

1864 2303 1973 2373 τὴρ
2005 2302 2266 2370 δηλονότι..
2314 2300 2387 2350 Τὸ
2418 2300 2507 2359 δὲ,
2554 2297 2776 2365 Πατὴρ,
2825 2294 2876 2346 τί
2910 2292 3037 2345 ἄλλο
3087 2288 3360 2358 σημαίνει,
3396 2285 3431 2356 ἢ

1866 2395 1986 2465 οὐχὶ
2032 2393 2092 2445 τὸ
2126 2390 2273 2445 αἰτία
2308 2386 2446 2441 εἶναι
2490 2388 2583 2441 καὶ
2633 2386 2775 2455 ἁρχὴ
2808 2385 2899 2437 τοῦ
2941 2384 2999 2450 ἐξ
3044 2381 3207 2435 αὑτοῦ
3242 2395 3434 2450 γεννη-

1870 2489 2088 2552 θέντος;
2128 2505 2145 2537 ι
2182 2483 2466 2552 Reliquum
2516 2489 2597 2533 est
2656 2480 2838 2547 igitur,
2887 2485 2944 2527 ιιι
2982 2492 3079 2527 vox
3135 2474 3306 2539 majus
3346 2473 3434 2525 ltic

1866 2580 2158 2634 secundum
2214 2590 2393 2628 causae
2444 2572 2706 2625 rationem
2742 2569 2969 2621 dicatur.
3015 2566 3145 2619 Nam
3182 2563 3432 2631 quoniam

1869 2685 1895 2720 a
1931 2669 2087 2719 Patre
2128 2666 2275 2733 origo
2307 2674 2389 2716 est
2428 2662 2583 2723 Filio,
2612 2664 2715 2714 ltoc
2766 2659 2934 2725 major
2961 2669 3043 2710 est
3078 2655 3261 2718 Pater,
3294 2652 3437 2722 quod

1869 2773 2027 2811 causa
2056 2757 2124 2809 sit
2146 2768 2197 2807 et
2229 2752 2575 2822 principittttt.
2604 2752 2939 2817 Quapropter
2978 2759 3031 2800 et
3066 2747 3323 2798 Dominus
3359 2744 3438 2796 sic

1869 2849 2003 2903 dixit
2038 2862 2050 2899 :
2086 2845 2247 2899 Pater
2272 2862 2412 2897 metis
2455 2844 2623 2911 major
2648 2859 2725 2895 me
2755 2856 2851 2901 est,
2906 2849 3059 2908 prout
3090 2837 3248 2889 Pater
3291 2835 3439 2885 vide-

1871 2944 2013 2997 licet.
2046 2939 2178 2994 lllud
2232 2948 2433 2999 autem,
2479 2936 2659 2999 Pater,
2712 2936 2838 3002 quid
2880 2933 3021 2985 aliud
3052 2932 3274 2989 indicat,
3311 2926 3435 2986 nisi,

1870 3050 2087 3089 causam
2120 3041 2281 3101 atque
2303 3029 2562 3094 originem
2593 3042 2711 3080 esse
2733 3026 2847 3091 a-jus
2875 3026 2961 3089 qui
2991 3038 3052 3075 ex
3087 3022 3201 3087 ipso
3226 3026 3439 3086 gerulus

1873 3128 2047 3181 est?»
2087 3128 2373 3192 Postquam
2429 3132 2612 3173 autem
2670 3116 2907 3169 Basilius
2960 3113 3146 3182 paucis
3201 3108 3440 3161 ostrttdit

210 3248 323 3285 ram
354 3232 501 3284 illam
551 3230 792 3300 quidem,
842 3229 935 3283 sed
964 3229 1027 3282 ad
1060 3228 1287 3283 salutem
1324 3237 1498 3279 tamen
1533 3240 1637 3279 non
1677 3237 1772 3277 ne-
1798 3248 1839 3305 ε
1876 3218 2084 3273 Patrem
2124 3232 2225 3267 non
2283 3214 2386 3265 dici
2438 3212 2717 3279 majorum,
2778 3225 2949 3277 neque
2980 3204 3273 3259 secundum
3312 3200 3441 3253 sub-

211 3328 533 3380 cessariatn.
563 3324 741 3386 Fides,
777 3332 833 3376 ut
862 3332 1006 3376 recte
1029 3320 1324 3389 judicabat,
1357 3320 1408 3372 in
1434 3335 1541 3371 rem
1576 3319 1767 3385 ipsam,

212 3433 318 3471 non
353 3418 405 3469 itt
441 3417 644 3468 nudum
672 3416 893 3467 verbum
928 3414 1091 3465 cadit.
1123 3410 1284 3464 Fides
1314 3412 1487 3479 jubet,
1520 3420 1575 3462 ut
1602 3409 1772 3476 Spiri-

211 3518 320 3561 tum
355 3517 602 3560 sanctutu
636 3506 799 3559 Deum
847 3519 965 3558 esse
1005 3504 1323 3567 credamus;
1367 3516 1486 3552 eunt
1520 3510 1575 3552 ut
1603 3501 1773 3553 nomi—

211 3612 404 3651 nemus
437 3596 628 3659 Deutn,
655 3593 948 3663 nonjubet.
986 3593 1057 3646 Ex
1097 3591 1292 3661 quibus
1322 3589 1548 3658 perspici
1580 3598 1773 3656 potest,

208 3689 464 3743 Basilium
500 3688 809 3757 praestitisse
844 3702 899 3741 se
932 3699 1051 3740 eum
1074 3686 1125 3738 itt
1154 3694 1262 3737 toto
1293 3683 1391 3735 boc
1422 3680 1653 3749 negotio,
1685 3678 1774 3748 qtti

209 3792 261 3836 et.
278 3783 395 3849 ipse
412 3796 533 3834 cum
554 3781 780 3833 inﬁrmis
809 3780 1047 3832 inﬁrmus
1070 3776 1235 3829 videri
1260 3776 1432 3835 vellet,
1455 3788 1549 3826 nec
1568 3788 1775 3840 aequum

210 3882 457 3941 putasse,
495 3880 551 3922 ut
596 3872 665 3923 ob
705 3885 862 3921 uuam
918 3882 1138 3925 vocem,
1197 3882 1316 3934 quae
1364 3864 1640 3916 dicebatur
1673 3878 1775 3914 ιιοιι

213 3957 448 4010 inveniri
480 3957 530 4008 iit
562 3957 877 4024 Scripturis,
912 3955 1245 4008 inﬁrmorum
1294 3955 1439 4006 salus
1486 3952 1783 4019 negligere-

215 4057 322 4099 tur.
361 4045 504 4114 Ergo
532 4062 693 4098 unum
733 4048 833 4098 hoc
857 4059 957 4112 ego
991 4043 1057 4096 ab
1096 4058 1158 4096 eo
1188 4056 1483 4111 rogassem,
1519 4050 1572 4091 ιιι
1596 4048 1782 4091 osten—

214 4138 393 4193 di'sset
419 4137 564 4190 hunc
588 4136 878 4204 Scriptura:
902 4136 1097 4198 locum,
1137 4136 1188 4187 itt
1218 4150 1322 4203 quo
1368 4134 1602 4202 Spiritus
1646 4148 1777 4186 san-

217 4243 339 4284 ctus
370 4239 425 4285 et
455 4228 715 4282 Dominus
744 4236 797 4281 et
824 4228 960 4279 Deus
992 4237 1233 4290 vocatur,
1271 4228 1408 4279 sicut
1430 4234 1485 4277 et
1508 4223 1739 4279 Verbum
1765 4244 1778 4279 :

216 4336 323 4390 qua
358 4321 545 4386 utique
597 4319 679 4370 via
717 4326 771 4371 et
798 4316 944 4369 brevi
982 4326 1034 4367 et
1074 4313 1215 4368 facili
1250 4314 1492 4368 inﬁrmos
1538 4312 1659 4366 illos
1693 4329 1781 4365 sa-

217 4428 352 4468 nare
411 4412 694 4480 potuisset.
753 4410 983 4462 Verbum
1044 4407 1258 4475 quulem
1326 4407 1465 4474 apud
1524 4404 1781 4460 Jonnucm

218 4519 481 4577 expresse
536 4505 704 4557 Deum
756 4504 860 4557 dici
913 4512 1125 4557 constat
1162 4516 1175 4550 :
1212 4500 1305 4553 sed
1335 4514 1440 4565 quo
1494 4498 1785 4567 Scriptura:

1873 3312 2337 3372 statttiam,neque
2363 3304 2656 3357 secundum
2707 3301 2919 3361 molem,
2955 3296 3224 3351 statitttita
3257 3305 3442 3357 perse-

1874 3406 2051 3474 quitur
2078 3418 2095 3457 :
2124 3400 2439 3459 ’Υπόλοιπος
2459 3392 2547 3448 οὖν
2572 3397 2713 3447 ἐστιν
2731 3394 2756 3444 ὁ
2786 3391 2911 3462 παρ’
2930 3387 3082 3459 ἡμῶν
3106 3382 3314 3453 λεχθεὶς
3347 3376 3442 3432 τοῦ

1879 3473 2123 3567 μείζονος
2145 3492 2361 3563 τρόπος,
2387 3493 2414 3542 ὁ
2448 3488 2543 3557 τῆς
2570 3486 2764 3555 ἀρχῆς,
2788 3483 2949 3550 λέγω,
2989 3478 3079 3532 καὶ
3117 3475 3215 3544 τῆς
3240 3473 3438 3533 αἰτίας.

1883 3610 1901 3643 t
1945 3592 2201 3658 Superest
2246 3589 2406 3655 igitur
2432 3584 2497 3645 is,
2539 3597 2698 3649 quem
2746 3594 2843 3632 nos
2898 3575 3153 3631 diximus,
3224 3565 3443 3632 majoris

1880 3683 2083 3745 modus,
2137 3677 2403 3749 principii.
2469 3678 2705 3739 inquam,
2764 3681 2817 3723 et
2885 3679 3079 3720 causa}.
3120 3681 3137 3712 ι
3174 3658 3442 3719 Basilius,

1878 3775 2017 3842 quod
2050 3783 2154 3824 tattt
2188 3779 2564 3822 asseverattter
2597 3764 2754 3828 dixit,
2806 3762 2856 3812 id
2901 3758 3079 3812 statim
3118 3764 3313 3820 negare
3338 3763 3442 3800 nou

1881 3840 2050 3928 solet;
2087 3879 2185 3915 nec
2224 3875 2349 3929 puto
2390 3861 2504 3926 ejus
2543 3860 2615 3910 rei
2660 3853 2964 3922 exemplum
3004 3851 3165 3900 ttllttttt
3214 3840 3444 3913 proferri

1883 3972 2055 4025 posse.
2103 3954 2278 4007 Malim
2318 3968 2446 4019 ergo
2482 3952 2613 4003 duos
2668 3949 2763 4000 ltos
2810 3947 2861 3997 iu
2920 3940 3234 3997 Eunomium
3281 3935 3445 3988 libros

1883 4049 2035 4101 alteri
2061 4049 2233 4101 cuivis
2280 4046 2529 4111 set-iptori
2574 4043 2834 4095 tribuere.
2858 4052 3016 4105 quam
3056 4046 3305 4093 maguum
3339 4026 3439 4078 Βει-

1882 4140 2059 4195 sitiutn
2095 4142 2315 4193 iusuctze
2347 4136 2582 4189 levitatis
2608 4142 2913 4200 Suspectum
2957 4126 3197 4179 reddere.
3238 4120 3340 4173 Sed
3382 4117 3448 4171 de

1884 4235 1968 4287 ltis
2006 4234 2136 4286 satis
2170 4249 2182 4284 :
2220 4247 2361 4283 nunc
2410 4230 2473 4282 de
2507 4227 2829 4294 quibusdam
2875 4219 3085 4273 Veteris
3111 4212 3444 4269 Tcstamenti

1885 4326 2018 4379 locis
2049 4323 2412 4375 instituendus
2448 4334 2626 4372 sermo
2660 4328 2760 4369 est.

1963 4414 2049 4467 75.
2085 4414 2160 4483 (ιι)
2196 4412 2376 4464 Mirari
2430 4410 2575 4463 subit
2632 4409 2913 4461 adversam
2965 4400 3289 4457 sententiam
3344 4411 3448 4449 non

1889 4506 2100 4558 aliunde
2127 4504 2291 4574 magis
2325 4503 2607 4563 inﬁrmari,
2630 4515 2789 4567 quam
2824 4497 2962 4550 unde
2993 4494 3225 4546 maxime
3254 4489 3451 4543 conﬁr-

220 4601 338 4653 loco
396 4597 637 4665 Spiritus
682 4606 903 4648 sanctus
950 4608 1207 4661 expresse
1262 4592 1402 4645 Deus
1458 4594 1633 4646 dictus
1679 4593 1779 4651 sit.
1820 4603 1860 4655 D
1894 4596 2026 4650 mari
2067 4595 2224 4664 vulgo
2277 4605 2513 4663 putatur.
2569 4591 2788 4643 Monere
2844 4600 2973 4654 ergo
3021 4584 3191 4652 juvat,
3235 4582 3337 4633 ltoc
3382 4580 3450 4631 ab

220 4691 492 4759 hodieque
552 4690 847 4757 ignoratur.
928 4686 1185 4754 Equidem
1243 4700 1347 4739 non
1407 4683 1674 4747 mirarer,
1738 4684 1782 4737 si

221 4779 492 4848 Spiritum
551 4784 795 4831 sanctum
846 4776 897 4828 in
953 4774 1245 4845 Scripturis
1326 4772 1541 4842 oblique
1618 4772 1782 4827 Deum

219 4870 481 4941 appellari
547 4869 773 4923 dixisset
824 4867 1048 4923 Basilius
1105 4885 1117 4920 :
1182 4868 1317 4932 sed,
1397 4875 1453 4918 ut
1522 4865 1649 4919 mihi
1709 4865 1786 4918 vi-

223 4966 405 5029 detur,
444 4962 703 5030 Spiritum
741 4970 986 5014 sanctum
1019 4960 1205 5013 eodem
1233 4976 1337 5028 quo
1373 4958 1602 5013 Verbum
1631 4957 1786 5011 modo

224 5058 278 5112 in
305 5056 608 5125 Scripturis
632 5055 795 5108 Deum
830 5052 1086 5122 appellari
1122 5053 1185 5117 “,
1221 5069 1318 5107 nec
1350 5054 1483 5121 ipse,
1515 5066 1611 5105 nec
1636 5051 1786 5120 quis-

225 5164 392 5218 quam
429 5146 588 5210 alius,
625 5145 728 5199 nisi
760 5144 922 5199 fuerit
946 5141 1164 5197 omnino
1190 5141 1588 5210 Scripturarum
1621 5142 1788 5207 rudis,

227 5241 410 5293 dicere
436 5236 635 5306 potuit.

300 5326 389 5379 7d.
443 5324 578 5378 Illud
626 5321 867 5386 Joannis,
911 5321 1071 5375 Pater
1105 5320 1275 5390 major
1314 5337 1393 5373 me
1422 5331 1495 5374 est
1524 5322 1590 5387 ⁸⁷,
1624 5322 1703 5375 bis
1734 5322 1787 5375 iit

232 5424 382 5478 libris
413 5430 598 5476 contra
628 5419 963 5472 Etuttomium
993 5418 1329 5487 explicatur:
1365 5416 1459 5471 sed
1486 5416 1597 5471 lucc
1626 5418 1792 5486 expli-

236 5516 378 5571 catio
416 5526 523 5569 tam
559 5513 773 5567 diversa
806 5522 910 5576 est,
944 5520 1003 5564 ut
1034 5512 1151 5580 ejus
1182 5525 1317 5563 unus
1344 5518 1397 5563 et
1443 5509 1580 5562 idem
1609 5520 1794 5565 auctor

234 5623 355 5665 esse
406 5624 511 5663 non
561 5608 754 5676 possit.
800 5605 890 5659 Ait
943 5604 1103 5674 igitur
1148 5604 1377 5673 scriptor
1408 5602 1586 5671 quarti
1637 5601 1782 5670 libri,

1893 4688 2225 4743 adversariis
2261 4684 2612 4739 callidissime
2650 4680 2753 4733 dici
2804 4679 3038 4743 solitum,
3092 4674 3350 4729 Basiliam
3398 4672 3451 4723 in

1892 4789 2084 4850 quarto
2108 4781 2162 4832 in
2199 4777 2517 4831 Eunomium
2570 4772 2705 4825 libro
2738 4781 3045 4824 exsecutum
3100 4768 3265 4821 fuisse
3310 4764 3452 4834 quod

1893 4872 1943 4926 in
1975 4870 2210 4925 secundo
2238 4868 2503 4921 facturum
2535 4880 2595 4919 se
2628 4867 2968 4933 promiserat.
3017 4859 3249 4914 Basilius
3282 4857 3451 4920 enim,

1894 4965 2163 5033 inquiunt,
2195 4960 2550 5028 pollicebatur
2578 4962 2628 5010 in
2664 4956 2898 5010 secundo
2927 4964 3108 5007 contra
3132 4950 3453 5004 Eunomium

1892 5057 2046 5119 libro,
2067 5070 2126 5109 se
2149 5054 2214 5105 ab
2235 5052 2317 5105 illa
2337 5050 2647 5103 Salomonis
2678 5047 2965 5107 sententia,
2981 5045 3231 5097 Dominus
3257 5040 3453 5095 crearit

1891 5164 1971 5200 me
2006 5146 2073 5209 “,
2110 5144 2280 5198 fusius
2313 5144 2365 5196 iit
2406 5139 2624 5210 proprio
2660 5138 2775 5191 loco
2829 5135 3130 5190 locuturum
3163 5151 3176 5185 :
3216 5130 3357 5198 quod
3388 5126 3457 5180 ab

1895 5253 1957 5292 eo
1989 5239 2039 5291 in
2068 5236 2203 5290 libro
2243 5243 2434 5304 quarto
2465 5232 2663 5285 factum
2689 5228 2854 5281 fuisse
2902 5230 3140 5277 censent.
3198 5218 3308 5286 Ego
3337 5215 3457 5304 qui-

1894 5329 2013 5382 dem
2051 5341 2154 5380 non
2197 5300 2333 5394 nego
2362 5324 2473 5376 bam
2506 5318 2771 5388 promissa
2813 5329 2931 5369 esse
2971 5328 2999 5365 a
3033 5307 3231 5363 Basilio
3270 5305 3360 5357 lib.
3392 5300 3453 5365 ll,

1901 5438 2047 5474 num.
2076 5420 2146 5473 20
2182 5435 2195 5473 :
2232 5418 2325 5472 sed
2363 5417 2433 5469 ita
2480 5415 2671 5475 sentio,
2735 5420 2941 5465 tantum
3009 5405 3201 5459 abesse
3246 5407 3300 5451 ut
3356 5397 3457 5450 hoc

1902 5523 2090 5563 eorum
2131 5507 2446 5562 sententiam
2486 5502 2743 5563 stabiliat,
2774 5510 2831 5551 ut
2864 5512 2981 5549 eam
3015 5494 3190 5563 potius
3218 5488 3459 5542 luuditus

1906 5609 2134 5657 evertat.
2162 5600 2249 5664 Et,
2278 5608 2415 5652 utea
2442 5596 2505 5650 de
2526 5610 2584 5648 re
2611 5608 2640 5646 a
2664 5592 2904 5662 quolibet
2932 5583 3226 5642 existimari
3262 5579 3457 5653 possit,

309 5746 384 5817 (at)
408 5746 550 5816 Lege
581 5744 864 5814 Prologum
895 5744 984 5813 qui
1016 5743 1067 5796 in
1096 5742 1221 5796 edit.
1252 5741 1420 5795 Paris.
1448 5748 1652 5804 posuus
1682 5747 1763 5794 est
1787 5748 1907 5793 ante
1932 5739 2124 5795 librum
2159 5746 2400 5809 quartum
2441 5743 2619 5790 contra
2649 5728 2982 5783 Eunomt’unt.

1300 5860 1342 5890 ⁸⁸
1371 5859 1525 5913 Prov,
1552 5872 1668 5919 \‘ttl,
1697 5856 1783 5910 ‘22.

318 5864 531 5920 “ioan.
560 5879 599 5932 ι,
627 5864 675 5917 ί.
754 5864 797 5894 ⁸⁷
822 5861 973 5918 Joan.
1010 5861 1219 5927 xiv,‘28.
