4212 6520
771 454 902 493 αξη

2124 450 2643 505 PROLECOMENA.

764 566 943 624 opera:
975 558 1206 625 pretium
1242 559 1512 630 ducoqua:
1537 564 1589 617 in
1629 564 1780 619 libris
1806 569 2041 619 secundo
2066 576 2117 622 et
2140 573 2328 637 quarto
2354 572 2400 629 Α
2433 580 2521 627 νος
2565 567 2629 635 τῇ
2666 566 2837 633 φωνῇ.
2885 582 2902 614 ι
2942 562 3041 629 Qui
3071 571 3213 619 enim
3249 564 3417 625 dixit.
3466 563 3684 619 Possedi
3717 561 3974 613 hominem

765 645 1013 713 leguntur
1054 648 1129 717 (p.
1156 649 1290 715 256,
1328 650 1482 723 293),
1537 653 1824 725 diligenter
1853 656 1994 709 inter
2028 673 2085 713 se
2108 673 2321 727 compa.

768 752 907 792 rare.
932 738 1479 799 Animadvertendum
1520 746 1702 815 igitur,
1738 746 1992 802 Basilium
2018 752 2177 807 verba
2207 750 2319 806 haec

768 821 1092 893 Salomonis,
1127 829 1380 886 Dominus
1412 836 1606 889 crearit
1654 854 1753 902 me,
1805 836 1911 891 alio
1960 842 2173 911 quidem
2204 839 2321 896 loco

766 917 944 984 aptius
974 917 1389 993 diligentiusque
1412 925 1512 979 sibi
1540 928 1898 981 examinanda
1929 932 2267 1003 proposuisse
2304 950 2315 985 :

765 1006 858 1060 sed
896 1018 1068 1064 tamen
1127 1014 1239 1068 hate
1279 1016 1390 1085 ipsa
1434 1016 1735 1073 Salomonis
1792 1023 1953 1076 verba
1996 1037 2101 1078 tam
2160 1038 2323 1091 parce

769 1108 980 1168 tamque
1042 1104 1381 1175 indiligenter
1420 1111 1472 1164 in
1535 1124 1725 1181 quarto
1778 1125 1958 1169 contra
2008 1117 2320 1171 Eunomium

767 1187 904 1242 libro
932 1196 1327 1261 expenduntur,
1359 1210 1417 1251 ut
1465 1202 1507 1255 si
1557 1204 1674 1269 quis
1706 1202 1964 1259 BlSllltlll]
2018 1210 2203 1262 harum
2240 1205 2319 1260 in-

768 1282 1213 1346 terpretationnin
1235 1284 1401 1343 faciat
1423 1301 1722 1356 auctorem,
1751 1310 1872 1349 cuni
1916 1296 2193 1367 promissis
2216 1311 2320 1351 non

762 1370 977 1425 stetisse
1014 1374 1245 1431 fateatur
1275 1396 1494 1436 necesse
1537 1383 1630 1438 sit.
1681 1384 1745 1440 Et
1777 1403 1904 1442 vero
1928 1390 1969 1441 si
1996 1387 2123 1455 quid
2158 1388 2322 1441 alicu-

758 1460 847 1527 jns
879 1469 1137 1521 momenti
1191 1470 1383 1535 legitur
1414 1473 1464 1525 in
1496 1474 1636 1530 libro
1682 1488 1898 1548 quarto,
1932 1477 1980 1529 id
2004 1478 2115 1546 jam
2159 1492 2187 1531 a
2223 1476 2322 1530 Ba-

763 1551 889 1607 silio
939 1569 1364 1625 prmoccnpatum
1399 1561 1575 1618 fuerat
1630 1566 1681 1619 in
1731 1566 1983 1620 secundo.
2016 1564 2184 1632 Quale
2218 1577 2319 1631 est,

764 1646 906 1708 quod
935 1644 1133 1700 dicitur
1155 1649 1219 1702 de
1252 1653 1519 1721 scriptore
1550 1656 1959 1709 Proverbiornm
1999 1676 2013 1711 :
2048 1672 2147 1712 nec
2170 1658 2321 1711 valde

763 1730 949 1785 ίίυδίῑθ
971 1738 1246 1801 ηυίιγιὶιιγί
1276 1748 1455 1811 quarti
1487 1756 1675 1799 auctor
1706 1760 1857 1799 suam
1887 1747 2317 1817 explanationem

763 1834 793 1874 a
825 1820 1025 1883 Basilio
1060 1840 1330 1887 mttluatus
1385 1834 1475 1887 sit.
1526 1833 1771 1904 Reliqua,
1805 1852 1924 1904 qua:
1966 1852 2131 1906 pauca
2171 1846 2315 1904 sunt,

2421 668 2513 722 per
2539 654 2721 717 Deum,
2754 661 2967 705 constat
2991 667 3112 705 eum
3164 654 3264 708 hac
3311 665 3443 705 voce
3490 667 3643 706 usum
3688 660 3825 715 esse,
3868 662 3972 701 non

2419 743 2561 810 quod
2594 752 2831 796 creasset
2880 741 3037 803 Cain,
3080 744 3174 794 sed
3235 738 3376 811 quod
3435 740 3728 806 genuisset.
3765 756 3785 790 ι
3837 734 3974 789 Vide

2428 831 2609 901 igitur,
2632 847 2756 888 ecce
2786 832 2877 888 tibi
2903 832 3005 885 duo
3035 832 3300 895 homines.
3325 843 3550 902 quorum
3580 830 3734 894 alter,
3764 838 3821 883 ut
3845 840 3974 897 pro-

2420 922 2648 992 positum
2706 930 3046 991 assequalur,
3099 936 3242 986 eum,
3296 937 3456 990 quem
3509 917 3644 979 dixi,
3702 918 3974 973 GeneseOS

2420 1011 2594 1065 locum
2630 1013 2883 1080 depravat
2915 1011 3092 1078 ;alter
3120 1022 3247 1064 vero
3271 1010 3413 1066 hunc
3439 1013 3611 1081 ipsum
3641 1006 3816 1059 locum
3851 1014 3975 1076 apte

2420 1114 2472 1159 et
2502 1105 2659 1157 docte
2692 1105 2844 1157 citat.
2883 1104 2978 1159 llic
3010 1102 3224 1157 tandem
3259 1102 3386 1157 huic
3436 1098 3781 1172 disputationi
3810 1097 3973 1152 linem

2424 1198 2713 1266 imponam,
2745 1195 2791 1247 si
2826 1204 3004 1250 tamen
3035 1196 3182 1266 prius
3214 1207 3493 1259 monuero,
3551 1209 3655 1255 me,
3690 1187 3832 1259 quod
3887 1201 3976 1240 res

2422 1298 2544 1341 nota
2573 1287 2664 1351 sit,
2693 1301 2798 1341 non
2830 1286 3115 1341 allaturum
3172 1284 3403 1355 insignia
3450 1284 3654 1352 aliquot
3702 1278 3973 1346 exempla,

2421 1380 2618 1447 quibus
2646 1377 2855 1431 ostendi
2911 1379 3081 1447 possit
3110 1393 3272 1448 opera
3309 1376 3485 1444 aliqua
3525 1376 3647 1429 aliis
3675 1369 3978 1429 etiamsi‘a-

2423 1471 2591 1525 tribus
2628 1469 2755 1524 olim
2787 1468 2921 1523 falso
2958 1472 3159 1526 tributa
3192 1469 3398 1523 fuisse:
3438 1479 3608 1533 neque
3635 1467 3772 1519 hanc
3802 1474 3975 1517 meam

2419 1562 2722 1632 opinionem
2744 1560 3070 1615 obstinatius
3099 1556 3467 1621 defensurum,
3512 1558 3555 1609 si
3595 1569 3715 1609 eam
3748 1554 3979 1610 eruditis

2420 1654 2726 1709 hominibus
2757 1666 2861 1707 non
2886 1654 3102 1721 probari
3136 1653 3453 1723 intelligam.

2424 1787 2452 1860 ς
2478 1787 2588 1846 XII.
2618 1785 3161 1843 Delucubratiuncula
3188 1788 3408 1857 quadam
3444 1787 3508 1840 de
3548 1780 3748 1855 Spiritu
3772 1787 3978 1834 sancto.

764 1928 886 1969 cum
917 1928 1091 1972 tamen
1122 1920 1348 1977 Basilius
1394 1901 1800 1992 responsionem
1825 1901 2042 1996 longam
2073 1936 2127 1980 et
2159 1901 2318 1981 accu-
2347 1901 2394 1961 Β
2492 1917 2581 1973 76.
2618 1918 2871 1987 Sequitur
2895 1927 3013 1987 post
3045 1918 3289 1987 quintum
3319 1919 3373 1971 iu
3404 1918 3722 1974 Eunomium
3779 1911 3977 1966 librum

766 2015 937 2057 ratam
976 2008 1290 2072 promisisse
1330 2011 1594 2078 videatur,
1643 2026 1736 2067 aut
1791 2030 1894 2067 non
1946 2014 2223 2084 pertinent
2250 2015 2317 2072 ad

765 2110 904 2158 rem,
950 2106 1043 2150 aut
1093 2113 1371 2169 perperam
1416 2113 1467 2156 et
1532 2118 1716 2160 contra
1769 2105 2025 2161 librorum
2077 2110 2315 2163 omnium

764 2181 922 2237 fidem
973 2188 1337 2254 proferuntur.
1369 2192 1701 2259 Adprimum
1730 2210 1896 2263 genus
1944 2206 2154 2266 spectat
2187 2196 2316 2253 illud

765 2272 1021 2330 Davidis:
1051 2278 1311 2346 Κίιρὸτάι·
1363 2284 1627 2352 καθαρὰν
1678 2285 1893 2341 κτίσον
1939 2288 2010 2343 ἐν
2057 2289 2185 2359 ἐμοὶ
2211 2328 2225 2353 ,
2286 2291 2318 2343 ό

764 2368 931 2433 Θεός.
968 2368 1069 2422 Cor
1097 2376 1343 2425 mundum
1386 2392 1505 2429 creo
1541 2378 1712 2444 inme,
1747 2380 1883 2433 Deus
1910 2381 1975 2433 ⁸ο.
2000 2380 2128 2433 item
2154 2381 2314 2434 illud:

762 2457 955 2512 Γενοῦ
985 2477 1084 2529 μοι
1105 2462 1192 2529 εἰς
1223 2464 1370 2518 Θεὸν
1393 2468 1869 2535 ὐπεριισπιστήν.
1917 2469 2045 2523 Esto
2090 2471 2218 2523 mihi
2262 2472 2317 2523 in

763 2545 930 2601 Deum
978 2556 1407 2618 protectorem".
1452 2557 1579 2607 illud
1623 2571 1885 2627 quoque:
1934 2559 2172 2630 ἐγένου
2216 2577 2319 2630 μοι

759 2642 851 2705 εις
886 2644 1204 2710 σωτηρίαν.
1268 2642 1464 2699 Factus
1495 2664 1549 2701 es
1596 2650 1722 2703 milii
1754 2652 1807 2704 iu
1852 2652 2071 2707 salutem
2099 2654 2168 2708 ".
2198 2652 2317 2708 Uno

761 2732 949 2798 verbo,
969 2735 1212 2803 quisquis
1233 2734 1420 2807 legerit
1447 2739 1608 2795 breve
1646 2742 1748 2797 hoc
1770 2744 1919 2812 quasi
1941 2744 2316 2815 fragmentum,

764 2825 817 2880 iu
844 2838 951 2895 quo
978 2838 1165 2883 auctor
1195 2830 1367 2886 locum
1418 2832 1830 2891 Proverbiornm
1900 2837 2189 2906 explanare
2239 2840 2322 2895 in-

764 2917 1039 2981 stituerat,
1071 2933 1431 2989 nequaquam,
1455 2932 1605 2991 puto,
1636 2924 1963 2978 inficiabitur
1985 2927 2154 2993 ipsum
2181 2942 2321 2995 saepe

763 3004 979 3073 quidvis
1004 3007 1181 3075 potius
1224 3010 1437 3075 fecisse,
1468 3027 1628 3079 quam
1682 3016 1824 3082 quod
1878 3015 2181 3071 faciendum
2215 3019 2317 3073 sibi

765 3106 1137 3166 proposuerat.
1170 3100 1248 3154 Ad
1287 3102 1582 3157 secundum
1614 3118 1783 3172 genus
1826 3105 2017 3161 referri
2046 3122 2205 3177 posse
2242 3110 2321 3164 vi-

762 3186 921 3241 detur
991 3187 1117 3243 illud
1162 3209 1176 3243 :
1236 3191 1554 3261 Ἐποίησεν
1602 3195 1772 3262 υἱοὺς
1826 3197 1926 3251 καὶ
1978 3199 2319 3270 θυγατέρας.

768 3276 914 3336 Fecit
948 3283 1085 3351 ﬁlios
1106 3294 1154 3338 et
1186 3285 1351 3355 ﬁlias.
1384 3286 1516 3341 Nam
1557 3288 1610 3343 in
1644 3289 1781 3344 Gen.
1832 3306 1952 3361 cap.
1988 3307 2022 3343 v
2059 3308 2165 3349 non
2199 3309 2324 3350 raro

767 3370 868 3441 legi
900 3373 1187 3445 ἐγέννησεν
1214 3377 1364 3442 υἱοὺς
1408 3379 1502 3431 καὶ
1534 3380 1855 3451 Θυγατέρας,
1885 3401 1904 3433 s
1939 3381 2137 3437 Genuit
2185 3384 2324 3440 filios

765 3474 820 3515 ct
856 3465 1013 3527 filias,
1048 3484 1067 3516 ι
1104 3468 1217 3521 scio
1239 3472 1452 3535 quidem
1486 3489 1500 3523 :
1536 3478 1629 3524 sed
1658 3473 1746 3524 ubi
1785 3473 2045 3542 scriptum
2074 3472 2320 3527 invenia-

767 3565 875 3621 tur,
902 3555 1152 3627 ἐποίησεν
1190 3560 1337 3622 υἱοὺς
1368 3560 1462 3613 καὶ
1489 3558 1814 3633 Θυγατέρας,
1850 3582 1870 3615 t
1918 3562 2071 3618 Fecit
2102 3564 2241 3620 filios
2269 3575 2324 3623 et

769 3646 940 3711 tlhas,
976 3666 995 3698 ι
1034 3649 1234 3727 nescio.
1286 3647 1541 3705 Fortasse
1597 3652 1835 3720 scriptor
1884 3654 2094 3721 putavit
2147 3653 2324 3723 legere

768 3739 869 3791 sibi
894 3738 1078 3804 licere,
1120 3740 1372 3810 ἐποίησεν
1396 3741 1542 3806 υἱοὺς
1580 3741 1675 3795 καὶ
1706 3740 2033 3815 θυγατέρας,
2072 3745 2214 3811 quod
2248 3745 2322 3800 ita

766 3830 883 3898 ejus
904 3833 1229 3902 propositum
1244 3834 1541 3903 postularet
1570 3850 1584 3887 :
1612 3836 1704 3890 sed
1740 3838 1840 3890 hoc
1865 3837 1913 3889 ei
1946 3837 2065 3906 quis
2077 3837 2327 3894 dederit?

772 3922 1020 3991 Ejusdem
1061 3926 1275 3995 generis
1326 3935 1451 3982 sunt
1490 3938 1544 3982 et
1585 3927 1671 3981 illa
1719 3925 1793 3998 (p.
1822 3927 1982 3997 9.95):
2014 3928 2244 3999 Λέγεται
2269 3928 2325 3983 δὲ

770 4015 867 4069 καὶ
887 4015 977 4069 ἐπὶ
996 4018 1325 4088 γεννήματος
1346 4018 1549 4088 κτίσμα
1570 4019 1663 4071 καὶ
1686 4019 1915 4089 ποίημα,
1935 4019 2010 4082 ὡς
2024 4020 2085 4073 τό
2102 4036 2116 4050 ο
2151 4020 2315 4074 Ἐκτιο

768 4105 951 4175 σάμην
978 4107 1264 4177 ἄνθρωπον
1305 4109 1393 4160 διὰ
1431 4108 1525 4160 τοῦ
1558 4108 1714 4160 Θεοῦ.
1756 4126 1774 4160 t
1808 4108 1946 4174 Quin
1994 4120 2046 4164 et
2078 4112 2325 4178 genitura

770 4198 968 4253 dicitur
985 4208 1228 4254 creatura
1254 4208 1307 4254 et
1330 4199 1558 4262 factura.
1584 4200 1809 4263 utillud,
1831 4198 2018 4255 Creavi
2051 4201 2322 4258 hominem

771 4306 869 4358 per
896 4290 1083 4345 Deum.
1122 4310 1141 4343 ι
1182 4291 1345 4357 Satis,
1379 4294 1605 4363 Opinor,
1653 4307 1845 4348 omnes
1882 4302 2081 4348 norunt
2116 4309 2224 4350 non
2251 4294 2324 4349 ita

774 4383 876 4451 legi
902 4380 1038 4437 Gen.
1071 4398 1144 4451 ιν,
1173 4383 1226 4447 l,
1263 4403 1281 4434 v
1320 4383 1507 4439 Creavi
1534 4383 1800 4439 hominem
1826 4399 1922 4453 per
1950 4383 2150 4441 Deum:
2183 4403 2204 4437 ι
2235 4386 2328 4441 sed

776 4482 957 4525 tamen
989 4486 1099 4524 rem
1137 4472 1295 4539 paulo
1345 4472 1655 4541 diligentius
1681 4473 2015 4529 considerari
2042 4473 2180 4529 volo.
2217 4472 2329 4530 iioc

775 4562 937 4630 igitur
971 4561 1100 4615 dicit
1153 4563 1426 4629 scriptor,
1474 4563 1777 4632 genituram
1828 4565 2009 4619 vocari
2064 4579 2223 4635 posse
2276 4575 2329 4621 et

782 4671 803 4705 ι
842 4662 1143 4709 creaturam
1196 4652 1458 4707 facturam
1491 4668 1505 4704 :
1550 4671 1568 4704 ι
1596 4654 1739 4721 quod
1787 4661 1847 4707 ut
1891 4655 2115 4726 probet,
2151 4655 2326 4711 locum

779 4744 1055 4800 Cenrseos
1079 4758 1425 4813 corrumpere
1479 4745 1683 4799 veritus
1728 4758 1835 4798 non
1890 4752 1994 4799 est.
2042 4743 2330 4803 Enimvero

778 4848 953 4903 neque
986 4834 1036 4886 iu
1066 4834 1277 4896 Bibliis,
1331 4848 1501 4903 neque
1547 4833 1600 4889 in
1635 4833 1775 4888 notis
1821 4830 2039 4899 Nohilii,
2072 4849 2247 4905 neque
2275 4837 2328 4890 in

776 4924 1049 4991 ilexaplis,
1072 4939 1248 4993 neque
1278 4925 1331 4978 in
1356 4926 1477 4979 aliis
1508 4939 1626 4994 qua:
1650 4923 2335 4994 viderelicnitcxemplari-

777 5015 878 5069 bus
904 5029 1127 5083 usquam
1160 5016 1354 5085 legitur
1379 5016 1514 5071 Gen.
1542 5033 1614 5082 tv,
1638 5019 1688 5082 I,
1713 5019 2062 5089 ὲκτισάμην,«
2082 5020 2258 5072 crcavi
2279 5036 2291 5071 :
2310 5039 2327 5069 ι

778 5103 871 5157 sed
902 5104 1099 5171 nhique
1131 5118 1321 5167 magno
1352 5103 1609 5159 librorum
1648 5107 1788 5159 inter
1810 5120 1867 5160 se
1896 5121 2165 5161 consensu
2201 5106 2334 5177 legi-

782 5204 871 5243 tur
903 5191 1304 5263 Ἐκτησάμην,
1335 5192 1576 5247 Possedi.
1607 5194 1723 5250 Jam
1749 5197 2030 5250 audiamus
2058 5196 2331 5262 Basiliam,

2422 2008 2878 2065 lucubratiuncula
2904 2008 3146 2079 quaedam
3185 2008 3251 2063 de
3296 2007 3499 2078 Spiritu
3526 2018 3702 2060 sancto
3731 2019 3747 2057 :
3776 2006 3841 2055 de
3873 2012 3980 2069 qua

2422 2115 2564 2156 nunc
2594 2115 2742 2156 more
2771 2112 2957 2156 nostro
2998 2101 3275 2172 disputare
3329 2099 3679 2153 instituimus.
3741 2092 3982 2148 Libellus

2422 2192 2511 2247 ille
2558 2207 2662 2247 non
2704 2193 2895 2265 magni,
2935 2201 3017 2249 est
3068 2190 3355 2253 momenti;
3412 2203 3509 2240 nec
3545 2185 3773 2240 multum
3813 2182 3982 2237 refert

2423 2286 2507 2340 cui
2544 2285 2832 2353 tribuatur,
2868 2284 3091 2348 Basilio,
3138 2296 3205 2335 an
3244 2280 3414 2335 cuivis
3458 2276 3615 2332 alteri
3668 2272 3924 2343 scriptori
3960 2285 3975 2322 :

2424 2377 2673 2446 qu0niam
2706 2385 2882 2431 tamen
2908 2376 3039 2430 mihi
3068 2388 3171 2429 non
3203 2372 3328 2427 licet
3354 2370 3645 2440 quidquam
3678 2363 3981 2435 prmterire,

2422 2468 2604 2536 paucis
2625 2467 2797 2521 dicam
2829 2466 2969 2536 quod
3003 2465 3199 2521 sentio.
3230 2462 3477 2517 Arbitror
3504 2460 3661 2531 igitur
3686 2460 3789 2514 hoc
3812 2468 3980 2521 opus-

2423 2555 2600 2610 culum
2653 2553 2838 2610 Basilii
2876 2571 2980 2611 non
3011 2569 3129 2611 esse
3172 2572 3188 2610 :
3218 2555 3311 2610 sed
3335 2554 3486 2623 cujus
3514 2552 3603 2617 sit,
3626 2559 3771 2605 certo
3802 2547 3984 2599 dicere

2424 2662 2531 2703 non
2563 2662 2725 2718 queo.
2755 2646 2882 2703 Mihi
2916 2657 3092 2703 tamen
3114 2646 3407 2702 verisimile
3451 2646 3511 2698 lit
3540 2639 3899 2710 compositum
3927 2633 3979 2686 id

2429 2739 2597 2795 fuisse
2630 2740 2698 2794 ab
2728 2740 2831 2794 hoc
2879 2739 2996 2810 ipso
3038 2737 3325 2807 scriptore,
3374 2738 3464 2804 qui
3502 2735 3719 2786 ultimos
3757 2729 3893 2782 duos
3927 2726 3983 2779 iu

2425 2829 2742 2884 Eunomium
2768 2830 2933 2886 libros
2962 2829 3151 2884 edidit.
3189 2827 3256 2881 Et
3297 2827 3512 2896 quidem
3546 2838 3650 2877 non
3682 2830 3828 2874 tanta
3857 2818 3980 2873 dili-

2424 2919 2602 2987 gentia
2653 2919 2887 2987 scriptus
2938 2927 3022 2972 est
3048 2918 3137 2973 hic
3182 2916 3417 2983 libellus,
3455 2923 3516 2971 ut
3558 2914 3759 2971 Basilio
3789 2912 3982 2982 Magno

2425 3007 2587 3063 tribui
2619 3009 2740 3077 jure
2762 3010 2934 3080 possit
2968 3025 2983 3062 :
3016 3008 3124 3065 imo
3150 3007 3329 3080 potius
3353 3009 3682 3080 compositus
3719 3016 3804 3063 est
3838 3004 3982 3060 iudi-

2426 3099 2645 3173 ligentia
2669 3116 2753 3169 ea,
2776 3117 2895 3173 qua:
2923 3102 2976 3157 in
2999 3117 3121 3158 eum
3142 3117 3299 3173 quem
3326 3103 3432 3157 dixi
3452 3104 3762 3171 scriptorem
3780 3096 3985 3166 Optime

2428 3200 2731 3250 conveniat.
2766 3195 2917 3262 Quod
2946 3206 3126 3251 autem
3151 3196 3282 3258 dixi,
3327 3194 3494 3248 videri
3547 3193 3684 3246 hanc
3737 3188 3986 3244 lucubra-

2429 3288 2718 3342 tiunculam
2777 3289 2845 3342 ab
2896 3288 3084 3342 eodem
3137 3287 3403 3356 scriptore
3440 3286 3640 3339 editam
3674 3283 3861 3349 fuisse,
3890 3281 3983 3351 qui

2427 3385 2728 3445 postremos
2750 3376 2884 3431 duos
2904 3374 2958 3429 in
2986 3371 3306 3429 Eunomium
3332 3374 3500 3429 libros
3535 3371 3794 3444 vulgavit,
3822 3372 3875 3427 id
3914 3387 3982 3426 ex

2428 3466 2568 3520 uotis
2621 3473 2784 3535 patet.
2831 3464 2889 3520 In
2922 3466 3008 3522 his
3047 3466 3191 3521 enim
3222 3466 3532 3521 monuimus
3578 3464 3766 3520 ultima
3809 3463 3983 3534 quinti

2428 3556 2547 3611 libri
2584 3560 2748 3613 verba
2783 3572 2904 3613 cum
2934 3557 3122 3627 primis
3152 3556 3308 3626 hujus
3335 3554 3818 3612 lucubratiunculas
3864 3569 3983 3608 ver-

2426 3650 2511 3706 bis
2535 3650 2609 3705 ita
2639 3651 2690 3705 in
2744 3651 3016 3706 veteribus
3055 3650 3376 3718 quibusdam
3415 3648 3565 3702 libris
3591 3647 3734 3700 inter
3761 3657 3824 3699 se
3856 3657 3987 3699 con-

2422 3742 2594 3815 jungi,
2628 3754 2685 3798 ut
2711 3742 2965 3798 continua
3020 3742 3264 3797 oratione
3312 3741 3469 3811 plane
3511 3740 3758 3808 legantur
3792 3753 3807 3790 :
3842 3737 3985 3807 quod

2429 3847 2575 3893 certe
2606 3835 2809 3891 indicio
2833 3842 2918 3890 est
2944 3834 3087 3889 hanc
3115 3832 3642 3888 lucubratiunculam
3676 3829 3809 3884 nihil
3834 3828 3986 3885 aliud

2430 3944 2571 3994 esse.
2624 3928 2725 3984 nisi
2759 3927 2929 3998 quinti
2982 3925 3107 3982 libri
3155 3924 3425 3997 epilogum
3470 3924 3539 3978 ab
3572 3937 3677 3977 uno
3711 3931 3766 3978 et
3794 3923 3986 3978 eodem

2430 4031 2647 4077 auctore
2666 4021 3054 4091 conscriptum.
3081 4018 3148 4074 Et
3167 4018 3271 4074 hoc
3302 4016 3429 4073 inde
3450 4016 3760 4070 conﬁrmari
3790 4024 3986 4086 potest,

2429 4112 2572 4182 quod
2605 4121 2667 4167 ut
2693 4112 2746 4167 in
2782 4110 2985 4166 ultimis
3024 4112 3231 4167 duobus
3267 4110 3323 4164 in
3350 4108 3672 4164 Eunomium
3702 4107 3882 4171 libris,
3912 4108 3988 4161 itu

2428 4212 2482 4261 et
2516 4204 2567 4259 in
2597 4203 2688 4259 illo
2718 4216 2933 4274 quoque
2985 4202 3247 4274 opusculo
3295 4201 3529 4271 Spiritus
3581 4208 3801 4256 sanctus
3846 4199 3991 4255 Deus

2430 4305 2670 4352 vocetur.
2704 4294 2820 4362 Qua
2855 4304 3033 4351 autem
3082 4292 3361 4363 diligentia
3392 4293 3628 4362 scriptus
3671 4292 3745 4347 sit
3782 4290 3874 4345 hic
3918 4289 3990 4343 li-

2431 4386 2622 4452 bellus,
2665 4383 2776 4454 jam
2806 4383 3103 4440 videamus.
3154 4382 3255 4438 Ubi
3291 4391 3479 4437 auctor
3523 4384 3589 4436 de
3618 4382 3792 4435 anima
3854 4392 3991 4448 pura

2435 4478 2707 4547 Inqttitltr,
2766 4475 2838 4529 ita
2873 4475 3088 4541 scripsit
3135 4489 3152 4527 :
3194 4473 3441 4547 Προσετω
3473 4472 3527 4525 δὲ
3567 4471 3754 4541 ἡσύχῳ
3777 4471 3844 4539 τῇ
3891 4486 3994 4523 κα-

2432 4568 2708 4621 ταστάσει.
2746 4564 2982 4634 Ἤσυχον
3020 4562 3076 4615 δὲ
3117 4562 3285 4631 αὐτῆς
3324 4561 3480 4622 ἔστω,
3515 4558 3770 4630 μὴμόνον
3802 4557 3865 4611 τὸ
3891 4574 3992 4612 πε-

2437 4654 2742 4728 ρικείμενον
2766 4652 2943 4723 σῶμα,
2976 4651 3069 4703 καὶ
3095 4650 3124 4702 ὁ
3168 4649 3260 4703 τοῦ
3292 4648 3538 4719 σώματος
3568 4647 3804 4703 κλύδων’
3853 4648 3994 4704 ἀλλά

2434 4753 2529 4805 καὶ
2559 4751 2667 4803 πᾶν
2693 4747 2752 4801 τὸ
2773 4744 3053 4817 περιέχονο
3082 4742 3331 4815 οὐρανὸς,
3376 4743 3468 4813 γῆ,
3500 4740 3759 4807 Θάλασσα,
3796 4741 3894 4795 καὶ
3924 4744 3995 4796 τὰ

2436 4842 2493 4892 ὲν
2516 4840 2725 4902 τούτοις
2750 4836 2961 4905 λογικά.
2993 4854 3011 4887 t
3039 4835 3267 4889 Accedat
3297 4843 3474 4888 autem
3508 4833 3795 4902 tranquillo
3823 4843 3991 4887 statu.

2440 4929 2548 4984 Νιιε
2580 4930 2749 4983 solum
2777 4942 2969 4995 corpus
2994 4926 3110 4993 ejus
3133 4925 3546 4993 circumjaccns,
3574 4934 3630 4979 et
3670 4936 3837 4978 cestus
3868 4939 3990 4977 cor-

2437 5025 2583 5093 poris
2632 5020 2919 5088 tranquilla
2950 5018 3054 5073 sint
3085 5036 3099 5072 :
3132 5018 3225 5071 sed
3269 5018 3430 5070 etiam
3465 5016 3722 5085 quidquid
3748 5016 3913 5069 ambit
3942 5024 3994 5068 et

2436 5111 2919 5181 circumplectitur,
2948 5108 3141 5165 cmlum
3193 5108 3457 5173 videlicet,
3499 5120 3663 5173 terra,
3715 5120 3882 5177 mare,
3938 5116 3991 5160 et

2438 5217 2556 5272 qua:
2594 5203 2648 5256 in
2689 5201 2754 5255 iis
2786 5209 2911 5255 sunt
2963 5198 3271 5254 rationalia.
3308 5215 3328 5249 ι
3355 5198 3518 5265 Quasi
3573 5213 3702 5253 vero
3722 5198 3888 5252 situm
3941 5198 3993 5250 in

781 5286 871 5349 qni
909 5286 1010 5339 hoc
1048 5286 1161 5355 ipso
1216 5285 1509 5355 Scriptura:
1559 5288 1875 5341 testimonio
1934 5286 2242 5343 fidelissime
2274 5291 2343 5344 ad
2436 5292 2592 5348 nobis
2615 5300 2780 5353 esset,
2818 5301 2875 5345 ut
2910 5289 3104 5346 coelum
3139 5300 3390 5357 terraque
3436 5299 3492 5343 et
3516 5304 3665 5344 mare
3703 5288 3992 5357 tranquilla

784 5376 1195 5446 institutumque
1226 5378 1781 5433 accommodatissima
1824 5395 1953 5433 usus
1998 5390 2083 5434 est
2130 5380 2221 5435 lib.
2277 5397 2340 5447 tt,
2438 5382 2637 5439 forent.
2674 5382 2825 5449 Quod
2857 5380 3118 5451 sequitur.
3152 5381 3223 5434 ita
3247 5382 3533 5436 obscurum
3581 5388 3687 5445 cst,
3718 5380 3996 5436 utdoctiso

786 5483 937 5520 unm.
979 5467 1066 5521 ευ.
1120 5468 1211 5524 Sic
1257 5481 1435 5523 autem
1485 5470 1722 5536 loquitur
1776 5487 1790 5526 :
1874 5471 1933 5524 '0
1978 5472 2087 5542 γὰρ
2137 5472 2339 5538 εἰπὼν,
2441 5473 2562 5528 simi
2593 5474 2698 5527 duo
2744 5472 2843 5526 viri
2871 5466 3262 5540 Trapezunlius
3292 5483 3343 5524 et
3366 5470 3717 5526 Combeiisius
3763 5470 3995 5543 scripto.

798 5556 1179 5627 Ἐχτησάμην
1206 5558 1515 5629 ἀνθρωτον
1537 5561 1635 5615 διὰ
1656 5561 1761 5615 τοῦ
1798 5562 1965 5624 Θεοῦ,
2000 5565 2119 5634 οὐχὶ
2158 5564 2345 5628 κτίσας
2446 5582 2461 5619 t

2335 5583 2345 5627 ς
2446 5568 2522 5619 ris
2555 5564 2876 5619 sententiam
2916 5579 3019 5617 non
3064 5564 3293 5617 assecuti
3346 5563 3507 5616 fuisse
3553 5561 3863 5617 videantur.
3903 5562 3998 5617 Est

784 5648 874 5701 τὶν
895 5650 1055 5716 seu,
1089 5652 1223 5707 ἀλλὰ
1253 5657 1533 5726 γεννήσας,
1576 5655 1749 5729 ταύτῃ
1794 5656 2038 5724 φαίνεται
2070 5657 2346 5728 χρησάμε-
2446 5667 2621 5713 autem
2646 5655 2905 5725 ejusmodi
2942 5676 2953 5711 :
2986 5653 3094 5709 Kal
3123 5656 3266 5709 πᾶσα
3300 5654 3588 5718 ὑπόστασις
3625 5653 3869 5723 δικαίων,
3906 5658 4001 5710 καὶ

857 5823 900 5854 ⁸⁸
938 5820 1053 5877 i’sal
1108 5841 1159 5891 ι,
1201 5826 1279 5880 i2.
1361 5831 1403 5861 ⁷ο
1445 5828 1581 5884 Ps..l.
1626 5846 1747 5897 xxx,
1783 5830 1833 5883 5.
1906 5832 1945 5861 ⁷⁸
1972 5829 2111 5885 Psal.
2140 5848 2301 5899 cxvu,
2335 5830 2422 5886 2i.
