  <div class='ocr_page' id='page_1' title='image "/cluster/home/n/w/nwhite01/storage/ocr_20150623/29/uva.x004321530/266.png"; bbox 0 0 4212 6492; ppageno 0'>
   <div class='ocr_carea' id='block_1_1' title="bbox 1399 421 2200 481">
    <p class='ocr_par' dir='ltr' id='par_1_1' title="bbox 1399 421 2200 481">
     <span class='ocr_line' id='line_1_1' title="bbox 1399 421 2200 481; baseline -0.004 -3"><span class='ocrx_word' id='word_1_1' title='bbox 1399 422 1679 481; x_wconf 83' lang='grc' dir='ltr'><strong>ΝΟΤΙΤΙΑ</strong></span> <span class='ocrx_word' id='word_1_2' title='bbox 1725 421 1817 475; x_wconf 76' lang='lat' dir='ltr'><strong>EX</strong></span> <span class='ocrx_word' id='word_1_3' title='bbox 1858 421 2200 477; x_wconf 81' lang='lat' dir='ltr'><strong>FABRICIO.</strong></span> 
     </span>
    </p>
   </div>
   <div class='ocr_carea' id='block_1_2' title="bbox 3235 445 3432 483">
    <p class='ocr_par' dir='ltr' id='par_1_2' title="bbox 3235 445 3432 483">
     <span class='ocr_line' id='line_1_2' title="bbox 3235 445 3432 483; baseline 0 0"><span class='ocrx_word' id='word_1_4' title='bbox 3235 445 3432 483; x_wconf 72' lang='lat' dir='ltr'><strong>CCXLI”</strong></span> 
     </span>
    </p>
   </div>
   <div class='ocr_carea' id='block_1_3' title="bbox 180 535 3433 609">
    <p class='ocr_par' dir='ltr' id='par_1_3' title="bbox 180 535 3433 609">
     <span class='ocr_line' id='line_1_3' title="bbox 180 535 3433 609; baseline 0.002 -20"><span class='ocrx_word' id='word_1_5' title='bbox 180 544 423 597; x_wconf 71' lang='lat' dir='ltr'><strong>caeteros,</strong></span> <span class='ocrx_word' id='word_1_6' title='bbox 478 550 572 601; x_wconf 87' lang='lat' dir='ltr'><strong>qut</strong></span> <span class='ocrx_word' id='word_1_7' title='bbox 620 535 688 591; x_wconf 92' lang='lat' dir='ltr'><strong>de</strong></span> <span class='ocrx_word' id='word_1_8' title='bbox 737 535 1085 605; x_wconf 88' lang='lat' dir='ltr'><strong>scriptoribus</strong></span> <span class='ocrx_word' id='word_1_9' title='bbox 1122 536 1519 593; x_wconf 73' lang='lat' dir='ltr'><strong>ecclesiasticis</strong></span> <span class='ocrx_word' id='word_1_10' title='bbox 1571 553 1752 609; x_wconf 90' lang='lat' dir='ltr'><strong>egere.</strong></span> <span class='ocrx_word' id='word_1_11' title='bbox 1785 543 1831 599; x_wconf 76' lang='grc' dir='ltr'><strong>Α</strong></span> <span class='ocrx_word' id='word_1_12' title='bbox 1870 535 1929 589; x_wconf 82' lang='grc' dir='ltr'><strong>ιῑί</strong></span> <span class='ocrx_word' id='word_1_13' title='bbox 1967 536 2231 599; x_wconf 84' lang='lat' dir='ltr'><strong>narratio,</strong></span> <span class='ocrx_word' id='word_1_14' title='bbox 2255 536 2350 591; x_wconf 87' lang='lat' dir='ltr'><strong>sed</strong></span> <span class='ocrx_word' id='word_1_15' title='bbox 2376 535 2571 606; x_wconf 68' lang='lat' dir='ltr'><strong>saepius</strong></span> <span class='ocrx_word' id='word_1_16' title='bbox 2594 538 2913 601; x_wconf 87' lang='lat' dir='ltr'><strong>emendata;</strong></span> <span class='ocrx_word' id='word_1_17' title='bbox 2945 546 3204 607; x_wconf 68' lang='lat' dir='ltr'><strong>prmterea</strong></span> <span class='ocrx_word' id='word_1_18' title='bbox 3240 541 3433 595; x_wconf 82' lang='lat' dir='ltr'><strong>multas</strong></span> 
     </span>
    </p>
   </div>
   <div class='ocr_carea' id='block_1_4' title="bbox 172 624 1758 697">
    <p class='ocr_par' dir='ltr' id='par_1_4' title="bbox 172 624 1758 697">
     <span class='ocr_line' id='line_1_4' title="bbox 172 624 1758 697; baseline 0.003 -16"><span class='ocrx_word' id='word_1_19' title='bbox 172 626 440 681; x_wconf 78' lang='lat' dir='ltr'><strong>Antonius</strong></span> <span class='ocrx_word' id='word_1_20' title='bbox 490 624 823 682; x_wconf 84' lang='lat' dir='ltr'><strong>Possevinus</strong></span> <span class='ocrx_word' id='word_1_21' title='bbox 875 629 928 682; x_wconf 92' lang='lat' dir='ltr'><strong>in</strong></span> <span class='ocrx_word' id='word_1_22' title='bbox 977 629 1247 697; x_wconf 77' lang='lat' dir='ltr'><strong>Apparatu</strong></span> <span class='ocrx_word' id='word_1_23' title='bbox 1292 646 1446 684; x_wconf 89' lang='lat' dir='ltr'><strong>sacro</strong></span> <span class='ocrx_word' id='word_1_24' title='bbox 1480 631 1641 685; x_wconf 86' lang='lat' dir='ltr'><strong>etiam</strong></span> <span class='ocrx_word' id='word_1_25' title='bbox 1691 633 1758 685; x_wconf 87' lang='lat' dir='ltr'><strong>de</strong></span> 
     </span>
    </p>
   </div>
   <div class='ocr_carea' id='block_1_5' title="bbox 172 717 1754 791">
    <p class='ocr_par' dir='ltr' id='par_1_5' title="bbox 172 717 1754 791">
     <span class='ocr_line' id='line_1_5' title="bbox 172 717 1754 791; baseline 0.004 -22"><span class='ocrx_word' id='word_1_26' title='bbox 172 717 455 772; x_wconf 72' lang='lat' dir='ltr'><strong>codicibus</strong></span> <span class='ocrx_word' id='word_1_27' title='bbox 482 718 832 787; x_wconf 88' lang='lat' dir='ltr'><strong>scriptorum,</strong></span> <span class='ocrx_word' id='word_1_28' title='bbox 864 719 1046 774; x_wconf 87' lang='lat' dir='ltr'><strong>Basilii</strong></span> <span class='ocrx_word' id='word_1_29' title='bbox 1099 736 1259 773; x_wconf 89' lang='lat' dir='ltr'><strong>manu</strong></span> <span class='ocrx_word' id='word_1_30' title='bbox 1292 723 1553 788; x_wconf 80' lang='lat' dir='ltr'><strong>exaratis,</strong></span> <span class='ocrx_word' id='word_1_31' title='bbox 1581 724 1670 791; x_wconf 90' lang='lat' dir='ltr'><strong>qtti</strong></span> <span class='ocrx_word' id='word_1_32' title='bbox 1701 724 1754 777; x_wconf 89' lang='lat' dir='ltr'><strong>in</strong></span> 
     </span>
    </p>
   </div>
   <div class='ocr_carea' id='block_1_6' title="bbox 170 809 1750 881">
    <p class='ocr_par' dir='ltr' id='par_1_6' title="bbox 170 809 1750 881">
     <span class='ocr_line' id='line_1_6' title="bbox 170 809 1750 881; baseline 0.003 -19"><span class='ocrx_word' id='word_1_33' title='bbox 170 809 300 863; x_wconf 85' lang='lat' dir='ltr'><strong>bibl.</strong></span> <span class='ocrx_word' id='word_1_34' title='bbox 335 809 676 877; x_wconf 76' lang='lat' dir='ltr'><strong>Augustam,</strong></span> <span class='ocrx_word' id='word_1_35' title='bbox 702 810 1029 867; x_wconf 83' lang='lat' dir='ltr'><strong>Messanensi</strong></span> <span class='ocrx_word' id='word_1_36' title='bbox 1054 822 1108 867; x_wconf 90' lang='lat' dir='ltr'><strong>et</strong></span> <span class='ocrx_word' id='word_1_37' title='bbox 1126 812 1499 871; x_wconf 77' lang='lat' dir='ltr'><strong>Monachiensi</strong></span> <span class='ocrx_word' id='word_1_38' title='bbox 1518 812 1750 881; x_wconf 68' lang='lat' dir='ltr'><strong>exstant,</strong></span> 
     </span>
    </p>
   </div>
   <div class='ocr_carea' id='block_1_7' title="bbox 170 903 1754 977">
    <p class='ocr_par' dir='ltr' id='par_1_7' title="bbox 170 903 1754 977">
     <span class='ocr_line' id='line_1_7' title="bbox 170 903 1754 977; baseline 0.006 -26"><span class='ocrx_word' id='word_1_39' title='bbox 170 912 376 962; x_wconf 76' lang='lat' dir='ltr'><strong>ntunet,</strong></span> <span class='ocrx_word' id='word_1_40' title='bbox 424 912 589 971; x_wconf 82' lang='lat' dir='ltr'><strong>alque</strong></span> <span class='ocrx_word' id='word_1_41' title='bbox 643 903 695 955; x_wconf 90' lang='lat' dir='ltr'><strong>in</strong></span> <span class='ocrx_word' id='word_1_42' title='bbox 725 903 1002 960; x_wconf 87' lang='lat' dir='ltr'><strong>versiones</strong></span> <span class='ocrx_word' id='word_1_43' title='bbox 1028 906 1209 960; x_wconf 87' lang='lat' dir='ltr'><strong>varias</strong></span> <span class='ocrx_word' id='word_1_44' title='bbox 1252 908 1575 977; x_wconf 89' lang='lat' dir='ltr'><strong>scriptorum</strong></span> <span class='ocrx_word' id='word_1_45' title='bbox 1604 909 1754 962; x_wconf 78' lang='lat' dir='ltr'><strong>Basi-</strong></span> 
     </span>
    </p>
   </div>
   <div class='ocr_carea' id='block_1_8' title="bbox 168 992 1753 1066">
    <p class='ocr_par' dir='ltr' id='par_1_8' title="bbox 168 992 1753 1066">
     <span class='ocr_line' id='line_1_8' title="bbox 168 992 1753 1066; baseline 0.006 -23"><span class='ocrx_word' id='word_1_46' title='bbox 168 992 439 1046; x_wconf 86' lang='lat' dir='ltr'><strong>liauorum</strong></span> <span class='ocrx_word' id='word_1_47' title='bbox 518 994 927 1048; x_wconf 66' lang='lat' dir='ltr'><strong>observationes</strong></span> <span class='ocrx_word' id='word_1_48' title='bbox 1000 996 1305 1066; x_wconf 85' lang='lat' dir='ltr'><strong>complures</strong></span> <span class='ocrx_word' id='word_1_49' title='bbox 1360 1013 1482 1053; x_wconf 90' lang='lat' dir='ltr'><strong>cum</strong></span> <span class='ocrx_word' id='word_1_50' title='bbox 1554 998 1753 1054; x_wconf 82' lang='lat' dir='ltr'><strong>lectore</strong></span> 
     </span>
    </p>
   </div>
   <div class='ocr_carea' id='block_1_9' title="bbox 168 1084 560 1137">
    <p class='ocr_par' dir='ltr' id='par_1_9' title="bbox 168 1084 560 1137">
     <span class='ocr_line' id='line_1_9' title="bbox 168 1084 560 1137; baseline 0.013 -8"><span class='ocrx_word' id='word_1_51' title='bbox 168 1084 560 1137; x_wconf 69' lang='lat' dir='ltr'><strong>«Osittnttnicat.</strong></span> 
     </span>
    </p>
   </div>
   <div class='ocr_carea' id='block_1_10' title="bbox 236 1176 1747 1249">
    <p class='ocr_par' dir='ltr' id='par_1_10' title="bbox 236 1176 1747 1249">
     <span class='ocr_line' id='line_1_10' title="bbox 236 1176 1747 1249; baseline 0.007 -22"><span class='ocrx_word' id='word_1_52' title='bbox 236 1176 588 1230; x_wconf 86' lang='lat' dir='ltr'><strong>Abrahantus</strong></span> <span class='ocrx_word' id='word_1_53' title='bbox 632 1176 905 1233; x_wconf 88' lang='lat' dir='ltr'><strong>Scultetus</strong></span> <span class='ocrx_word' id='word_1_54' title='bbox 934 1192 1087 1249; x_wconf 89' lang='lat' dir='ltr'><strong>parte</strong></span> <span class='ocrx_word' id='word_1_55' title='bbox 1121 1197 1173 1234; x_wconf 85' lang='lat' dir='ltr'><strong>tv</strong></span> <span class='ocrx_word' id='word_1_56' title='bbox 1206 1180 1455 1236; x_wconf 69' lang='lat' dir='ltr'><strong>Medulla:</strong></span> <span class='ocrx_word' id='word_1_57' title='bbox 1503 1181 1747 1249; x_wconf 88' lang='lat' dir='ltr'><strong>Patrum,</strong></span> 
     </span>
    </p>
   </div>
   <div class='ocr_carea' id='block_1_11' title="bbox 166 1268 643 1338">
    <p class='ocr_par' dir='ltr' id='par_1_11' title="bbox 166 1268 643 1338">
     <span class='ocr_line' id='line_1_11' title="bbox 166 1268 643 1338; baseline 0.013 -21"><span class='ocrx_word' id='word_1_58' title='bbox 166 1282 286 1335; x_wconf 79' lang='lat' dir='ltr'><strong>pag.</strong></span> <span class='ocrx_word' id='word_1_59' title='bbox 321 1268 463 1321; x_wconf 77' lang='lat' dir='ltr'><strong>l043</strong></span> <span class='ocrx_word' id='word_1_60' title='bbox 490 1284 643 1338; x_wconf 82' lang='lat' dir='ltr'><strong>seqq.</strong></span> 
     </span>
    </p>
   </div>
   <div class='ocr_carea' id='block_1_12' title="bbox 236 1362 1750 1434">
    <p class='ocr_par' dir='ltr' id='par_1_12' title="bbox 236 1362 1750 1434">
     <span class='ocr_line' id='line_1_12' title="bbox 236 1362 1750 1434; baseline 0.005 -19"><span class='ocrx_word' id='word_1_61' title='bbox 236 1362 387 1415; x_wconf 72' lang='lat' dir='ltr'><strong>(Sull.</strong></span> <span class='ocrx_word' id='word_1_62' title='bbox 421 1365 635 1417; x_wconf 83' lang='lat' dir='ltr'><strong>Caveas</strong></span> <span class='ocrx_word' id='word_1_63' title='bbox 669 1365 720 1417; x_wconf 90' lang='lat' dir='ltr'><strong>in</strong></span> <span class='ocrx_word' id='word_1_64' title='bbox 774 1364 907 1419; x_wconf 86' lang='lat' dir='ltr'><strong>Vitis</strong></span> <span class='ocrx_word' id='word_1_65' title='bbox 963 1366 1347 1434; x_wconf 78' lang='lat' dir='ltr'><strong>primitivorum</strong></span> <span class='ocrx_word' id='word_1_66' title='bbox 1385 1366 1603 1421; x_wconf 86' lang='lat' dir='ltr'><strong>Patrum</strong></span> <span class='ocrx_word' id='word_1_67' title='bbox 1646 1368 1750 1423; x_wconf 84' lang='lat' dir='ltr'><strong>Ec-</strong></span> 
     </span>
    </p>
   </div>
   <div class='ocr_carea' id='block_1_13' title="bbox 164 1450 1749 1523">
    <p class='ocr_par' dir='ltr' id='par_1_13' title="bbox 164 1450 1749 1523">
     <span class='ocr_line' id='line_1_13' title="bbox 164 1450 1749 1523; baseline 0.006 -20"><span class='ocrx_word' id='word_1_68' title='bbox 164 1451 363 1513; x_wconf 62' lang='lat' dir='ltr'><strong>clesiie,</strong></span> <span class='ocrx_word' id='word_1_69' title='bbox 401 1450 625 1520; x_wconf 80' lang='lat' dir='ltr'><strong>Anglice</strong></span> <span class='ocrx_word' id='word_1_70' title='bbox 656 1453 891 1523; x_wconf 87' lang='lat' dir='ltr'><strong>scriptis.</strong></span> <span class='ocrx_word' id='word_1_71' title='bbox 925 1466 978 1509; x_wconf 89' lang='lat' dir='ltr'><strong>et</strong></span> <span class='ocrx_word' id='word_1_72' title='bbox 1010 1455 1205 1509; x_wconf 89' lang='lat' dir='ltr'><strong>deinde</strong></span> <span class='ocrx_word' id='word_1_73' title='bbox 1251 1457 1530 1512; x_wconf 90' lang='lat' dir='ltr'><strong>translatis</strong></span> <span class='ocrx_word' id='word_1_74' title='bbox 1572 1462 1622 1511; x_wconf 90' lang='lat' dir='ltr'><strong>in</strong></span> <span class='ocrx_word' id='word_1_75' title='bbox 1650 1460 1749 1513; x_wconf 87' lang='lat' dir='ltr'><strong>litt-</strong></span> 
     </span>
    </p>
   </div>
   <div class='ocr_carea' id='block_1_14' title="bbox 166 1541 1747 1614">
    <p class='ocr_par' dir='ltr' id='par_1_14' title="bbox 166 1541 1747 1614">
     <span class='ocr_line' id='line_1_14' title="bbox 166 1541 1747 1614; baseline 0.011 -26"><span class='ocrx_word' id='word_1_76' title='bbox 166 1558 298 1609; x_wconf 66' lang='lat' dir='ltr'><strong>guas</strong></span> <span class='ocrx_word' id='word_1_77' title='bbox 339 1541 612 1611; x_wconf 83' lang='lat' dir='ltr'><strong>Belgicam</strong></span> <span class='ocrx_word' id='word_1_78' title='bbox 675 1555 838 1614; x_wconf 82' lang='lat' dir='ltr'><strong>atque</strong></span> <span class='ocrx_word' id='word_1_79' title='bbox 886 1545 1290 1611; x_wconf 83' lang='lat' dir='ltr'><strong>Germanicam,</strong></span> <span class='ocrx_word' id='word_1_80' title='bbox 1342 1560 1472 1603; x_wconf 88' lang='lat' dir='ltr'><strong>tom.</strong></span> <span class='ocrx_word' id='word_1_81' title='bbox 1534 1552 1574 1605; x_wconf 92' lang='lat' dir='ltr'><strong>II</strong></span> <span class='ocrx_word' id='word_1_82' title='bbox 1619 1553 1747 1607; x_wconf 86' lang='lat' dir='ltr'><strong>edit.</strong></span> 
     </span>
    </p>
   </div>
   <div class='ocr_carea' id='block_1_15' title="bbox 166 1630 1557 1704">
    <p class='ocr_par' dir='ltr' id='par_1_15' title="bbox 166 1630 1557 1704">
     <span class='ocr_line' id='line_1_15' title="bbox 166 1630 1557 1704; baseline 0.007 -19"><span class='ocrx_word' id='word_1_83' title='bbox 166 1630 531 1696; x_wconf 67' lang='lat' dir='ltr'><strong>Germanicae,</strong></span> <span class='ocrx_word' id='word_1_84' title='bbox 574 1648 691 1702; x_wconf 83' lang='lat' dir='ltr'><strong>pag.</strong></span> <span class='ocrx_word' id='word_1_85' title='bbox 727 1634 829 1689; x_wconf 79' lang='grc'><strong>504</strong></span> <span class='ocrx_word' id='word_1_86' title='bbox 852 1667 877 1676; x_wconf 89' lang='grc'><strong><em>-</em></strong></span> <span class='ocrx_word' id='word_1_87' title='bbox 902 1637 1025 1691; x_wconf 96' lang='grc'>598.</span> <span class='ocrx_word' id='word_1_88' title='bbox 1056 1638 1235 1692; x_wconf 89' lang='lat' dir='ltr'><strong>Brem.</strong></span> <span class='ocrx_word' id='word_1_89' title='bbox 1282 1640 1441 1704; x_wconf 78' lang='grc'>1704,</span> <span class='ocrx_word' id='word_1_90' title='bbox 1473 1641 1557 1695; x_wconf 84' lang='lat'><strong>4°.</strong></span> 
     </span>
    </p>
   </div>
   <div class='ocr_carea' id='block_1_16' title="bbox 235 1720 1751 1792">
    <p class='ocr_par' dir='ltr' id='par_1_16' title="bbox 235 1720 1751 1792">
     <span class='ocr_line' id='line_1_16' title="bbox 235 1720 1751 1792; baseline 0.01 -20"><span class='ocrx_word' id='word_1_91' title='bbox 235 1720 295 1774; x_wconf 87' lang='lat' dir='ltr'><strong>D.</strong></span> <span class='ocrx_word' id='word_1_92' title='bbox 335 1722 664 1791; x_wconf 80' lang='lat' dir='ltr'><strong>Theophilus</strong></span> <span class='ocrx_word' id='word_1_93' title='bbox 700 1723 965 1792; x_wconf 80' lang='lat' dir='ltr'><strong>Spizelins</strong></span> <span class='ocrx_word' id='word_1_94' title='bbox 1021 1727 1074 1782; x_wconf 91' lang='lat' dir='ltr'><strong>in</strong></span> <span class='ocrx_word' id='word_1_95' title='bbox 1136 1727 1314 1783; x_wconf 85' lang='lat' dir='ltr'><strong>Vetere</strong></span> <span class='ocrx_word' id='word_1_96' title='bbox 1349 1733 1633 1785; x_wconf 78' lang='lat' dir='ltr'><strong>Academia</strong></span> <span class='ocrx_word' id='word_1_97' title='bbox 1660 1733 1751 1787; x_wconf 83' lang='lat' dir='ltr'><strong>Je-</strong></span> 
     </span>
    </p>
   </div>
   <div class='ocr_carea' id='block_1_17' title="bbox 164 1814 1082 1888">
    <p class='ocr_par' dir='ltr' id='par_1_17' title="bbox 164 1814 1082 1888">
     <span class='ocr_line' id='line_1_17' title="bbox 164 1814 1082 1888; baseline 0.011 -22"><span class='ocrx_word' id='word_1_98' title='bbox 164 1830 226 1866; x_wconf 86' lang='lat' dir='ltr'><strong>su</strong></span> <span class='ocrx_word' id='word_1_99' title='bbox 250 1814 474 1878; x_wconf 75' lang='lat' dir='ltr'><strong>Christi,</strong></span> <span class='ocrx_word' id='word_1_100' title='bbox 510 1830 634 1884; x_wconf 89' lang='lat' dir='ltr'><strong>pag.</strong></span> <span class='ocrx_word' id='word_1_101' title='bbox 666 1817 735 1871; x_wconf 91' lang='grc'><strong>75</strong></span> <span class='ocrx_word' id='word_1_102' title='bbox 762 1836 877 1888; x_wconf 92' lang='lat' dir='ltr'><strong>seq.</strong></span> <span class='ocrx_word' id='word_1_103' title='bbox 914 1822 1082 1876; x_wconf 78' lang='lat' dir='ltr'><strong>FABR.</strong></span> 
     </span>
    </p>
   </div>
   <div class='ocr_carea' id='block_1_18' title="bbox 1861 627 3431 700">
    <p class='ocr_par' dir='ltr' id='par_1_18' title="bbox 1861 627 3431 700">
     <span class='ocr_line' id='line_1_18' title="bbox 1861 627 3431 700; baseline 0.006 -20"><span class='ocrx_word' id='word_1_104' title='bbox 1861 628 1948 681; x_wconf 92' lang='lat' dir='ltr'><strong>ille</strong></span> <span class='ocrx_word' id='word_1_105' title='bbox 1984 643 2069 681; x_wconf 89' lang='lat' dir='ltr'><strong>res</strong></span> <span class='ocrx_word' id='word_1_106' title='bbox 2097 627 2179 681; x_wconf 88' lang='lat' dir='ltr'><strong>vel</strong></span> <span class='ocrx_word' id='word_1_107' title='bbox 2215 630 2415 683; x_wconf 81' lang='lat' dir='ltr'><strong>certius</strong></span> <span class='ocrx_word' id='word_1_108' title='bbox 2453 629 2533 684; x_wconf 87' lang='lat' dir='ltr'><strong>vel</strong></span> <span class='ocrx_word' id='word_1_109' title='bbox 2564 630 2753 683; x_wconf 77' lang='lat' dir='ltr'><strong>saltem</strong></span> <span class='ocrx_word' id='word_1_110' title='bbox 2784 631 3115 700; x_wconf 79' lang='lat' dir='ltr'><strong>probabilius</strong></span> <span class='ocrx_word' id='word_1_111' title='bbox 3139 634 3384 700; x_wconf 79' lang='lat' dir='ltr'><strong>exposuit</strong></span> <span class='ocrx_word' id='word_1_112' title='bbox 3416 651 3431 689; x_wconf 89' lang='lat'><strong>:</strong></span> 
     </span>
    </p>
   </div>
   <div class='ocr_carea' id='block_1_19' title="bbox 1857 718 3434 794">
    <p class='ocr_par' dir='ltr' id='par_1_19' title="bbox 1857 718 3434 794">
     <span class='ocr_line' id='line_1_19' title="bbox 1857 718 3434 794; baseline 0.004 -23"><span class='ocrx_word' id='word_1_113' title='bbox 1857 720 2095 773; x_wconf 82' lang='lat' dir='ltr'><strong>maxime</strong></span> <span class='ocrx_word' id='word_1_114' title='bbox 2142 730 2357 774; x_wconf 88' lang='lat' dir='ltr'><strong>versata</strong></span> <span class='ocrx_word' id='word_1_115' title='bbox 2402 730 2483 775; x_wconf 88' lang='lat' dir='ltr'><strong>est</strong></span> <span class='ocrx_word' id='word_1_116' title='bbox 2532 718 2645 787; x_wconf 82' lang='lat' dir='ltr'><strong>ejus</strong></span> <span class='ocrx_word' id='word_1_117' title='bbox 2693 736 2822 773; x_wconf 87' lang='lat' dir='ltr'><strong>ettra</strong></span> <span class='ocrx_word' id='word_1_118' title='bbox 2881 723 2930 775; x_wconf 93' lang='lat' dir='ltr'><strong>in</strong></span> <span class='ocrx_word' id='word_1_119' title='bbox 2977 726 3106 787; x_wconf 89' lang='lat' dir='ltr'><strong>vita,</strong></span> <span class='ocrx_word' id='word_1_120' title='bbox 3164 724 3434 794; x_wconf 65' lang='lat' dir='ltr'><strong>praecipue</strong></span> 
     </span>
    </p>
   </div>
   <div class='ocr_carea' id='block_1_20' title="bbox 1857 811 3434 885">
    <p class='ocr_par' dir='ltr' id='par_1_20' title="bbox 1857 811 3434 885">
     <span class='ocr_line' id='line_1_20' title="bbox 1857 811 3434 885; baseline 0.006 -22"><span class='ocrx_word' id='word_1_121' title='bbox 1857 811 2099 879; x_wconf 83' lang='lat' dir='ltr'><strong>epistolis</strong></span> <span class='ocrx_word' id='word_1_122' title='bbox 2120 812 2350 880; x_wconf 90' lang='lat' dir='ltr'><strong>aliisque</strong></span> <span class='ocrx_word' id='word_1_123' title='bbox 2386 813 2603 880; x_wconf 87' lang='lat' dir='ltr'><strong>scriptis</strong></span> <span class='ocrx_word' id='word_1_124' title='bbox 2623 814 2806 868; x_wconf 76' lang='lat' dir='ltr'><strong>Basilii</strong></span> <span class='ocrx_word' id='word_1_125' title='bbox 2850 816 3141 868; x_wconf 89' lang='lat' dir='ltr'><strong>secundum</strong></span> <span class='ocrx_word' id='word_1_126' title='bbox 3174 820 3434 885; x_wconf 84' lang='lat' dir='ltr'><strong>temporis</strong></span> 
     </span>
    </p>
   </div>
   <div class='ocr_carea' id='block_1_21' title="bbox 1856 904 3435 975">
    <p class='ocr_par' dir='ltr' id='par_1_21' title="bbox 1856 904 3435 975">
     <span class='ocr_line' id='line_1_21' title="bbox 1856 904 3435 975; baseline 0.005 -20"><span class='ocrx_word' id='word_1_127' title='bbox 1856 904 2119 957; x_wconf 88' lang='lat' dir='ltr'><strong>rationem</strong></span> <span class='ocrx_word' id='word_1_128' title='bbox 2163 905 2216 958; x_wconf 90' lang='lat' dir='ltr'><strong>itt</strong></span> <span class='ocrx_word' id='word_1_129' title='bbox 2277 906 2555 959; x_wconf 91' lang='lat' dir='ltr'><strong>meliorem</strong></span> <span class='ocrx_word' id='word_1_130' title='bbox 2584 907 2827 959; x_wconf 85' lang='lat' dir='ltr'><strong>ordinem</strong></span> <span class='ocrx_word' id='word_1_131' title='bbox 2863 908 3189 975; x_wconf 80' lang='lat' dir='ltr'><strong>redigendis,</strong></span> <span class='ocrx_word' id='word_1_132' title='bbox 3218 920 3311 962; x_wconf 90' lang='lat' dir='ltr'><strong>aut</strong></span> <span class='ocrx_word' id='word_1_133' title='bbox 3340 926 3435 964; x_wconf 83' lang='lat' dir='ltr'><strong>ve-</strong></span> 
     </span>
    </p>
   </div>
   <div class='ocr_carea' id='block_1_22' title="bbox 1855 993 3431 1065">
    <p class='ocr_par' dir='ltr' id='par_1_22' title="bbox 1855 993 3431 1065">
     <span class='ocr_line' id='line_1_22' title="bbox 1855 993 3431 1065; baseline 0.003 -20"><span class='ocrx_word' id='word_1_134' title='bbox 1855 993 1928 1046; x_wconf 88' lang='lat' dir='ltr'><strong>ris</strong></span> <span class='ocrx_word' id='word_1_135' title='bbox 1957 1010 1983 1045; x_wconf 90' lang='lat' dir='ltr'><strong>a</strong></span> <span class='ocrx_word' id='word_1_136' title='bbox 2025 993 2173 1048; x_wconf 83' lang='lat' dir='ltr'><strong>falsis</strong></span> <span class='ocrx_word' id='word_1_137' title='bbox 2198 1009 2261 1049; x_wconf 91' lang='lat' dir='ltr'><strong>ac</strong></span> <span class='ocrx_word' id='word_1_138' title='bbox 2294 996 2657 1065; x_wconf 87' lang='lat' dir='ltr'><strong>supposititiis</strong></span> <span class='ocrx_word' id='word_1_139' title='bbox 2689 996 3057 1049; x_wconf 81' lang='lat' dir='ltr'><strong>discernendis</strong></span> <span class='ocrx_word' id='word_1_140' title='bbox 3088 1012 3100 1047; x_wconf 89' lang='lat'><strong>:</strong></span> <span class='ocrx_word' id='word_1_141' title='bbox 3134 1012 3229 1050; x_wconf 89' lang='lat' dir='ltr'><strong>nec</strong></span> <span class='ocrx_word' id='word_1_142' title='bbox 3253 1008 3431 1050; x_wconf 88' lang='lat' dir='ltr'><strong>tamen</strong></span> 
     </span>
    </p>
   </div>
   <div class='ocr_carea' id='block_1_23' title="bbox 1853 1088 3431 1157">
    <p class='ocr_par' dir='ltr' id='par_1_23' title="bbox 1853 1088 3431 1157">
     <span class='ocr_line' id='line_1_23' title="bbox 1853 1088 3431 1157; baseline 0.004 -20"><span class='ocrx_word' id='word_1_143' title='bbox 1853 1100 1882 1137; x_wconf 93' lang='lat' dir='ltr'><strong>a</strong></span> <span class='ocrx_word' id='word_1_144' title='bbox 1916 1089 2149 1153; x_wconf 84' lang='lat' dir='ltr'><strong>partium</strong></span> <span class='ocrx_word' id='word_1_145' title='bbox 2192 1088 2375 1142; x_wconf 88' lang='lat' dir='ltr'><strong>studio</strong></span> <span class='ocrx_word' id='word_1_146' title='bbox 2411 1100 2506 1141; x_wconf 87' lang='lat' dir='ltr'><strong>aut</strong></span> <span class='ocrx_word' id='word_1_147' title='bbox 2548 1089 2838 1142; x_wconf 80' lang='lat' dir='ltr'><strong>timiditate</strong></span> <span class='ocrx_word' id='word_1_148' title='bbox 2867 1089 3097 1157; x_wconf 88' lang='lat' dir='ltr'><strong>quadam</strong></span> <span class='ocrx_word' id='word_1_149' title='bbox 3132 1090 3185 1142; x_wconf 91' lang='lat' dir='ltr'><strong>in</strong></span> <span class='ocrx_word' id='word_1_150' title='bbox 3215 1088 3431 1157; x_wconf 87' lang='lat' dir='ltr'><strong>judiciis</strong></span> 
     </span>
    </p>
   </div>
   <div class='ocr_carea' id='block_1_24' title="bbox 1852 1177 2792 1250">
    <p class='ocr_par' dir='ltr' id='par_1_24' title="bbox 1852 1177 2792 1250">
     <span class='ocr_line' id='line_1_24' title="bbox 1852 1177 2792 1250; baseline 0.003 -19"><span class='ocrx_word' id='word_1_151' title='bbox 1852 1177 1963 1231; x_wconf 90' lang='lat' dir='ltr'><strong>suis</strong></span> <span class='ocrx_word' id='word_1_152' title='bbox 1990 1179 2209 1232; x_wconf 90' lang='lat' dir='ltr'><strong>omnino</strong></span> <span class='ocrx_word' id='word_1_153' title='bbox 2241 1179 2341 1233; x_wconf 80' lang='lat' dir='ltr'><strong>fuit</strong></span> <span class='ocrx_word' id='word_1_154' title='bbox 2373 1180 2417 1233; x_wconf 90' lang='lat' dir='ltr'><strong>is</strong></span> <span class='ocrx_word' id='word_1_155' title='bbox 2452 1180 2658 1234; x_wconf 89' lang='lat' dir='ltr'><strong>alienus</strong></span> <span class='ocrx_word' id='word_1_156' title='bbox 2694 1180 2792 1250; x_wconf 76' lang='grc' dir='ltr'>(τι).</span> 
     </span>
    </p>
   </div>
   <div class='ocr_carea' id='block_1_25' title="bbox 1923 1271 3433 1343">
    <p class='ocr_par' dir='ltr' id='par_1_25' title="bbox 1923 1271 3433 1343">
     <span class='ocr_line' id='line_1_25' title="bbox 1923 1271 3433 1343; baseline 0.001 -18"><span class='ocrx_word' id='word_1_157' title='bbox 1923 1271 2098 1340; x_wconf 67' lang='grc' dir='ltr'><strong>Ᾱεψιιι</strong></span> <span class='ocrx_word' id='word_1_158' title='bbox 2145 1272 2297 1326; x_wconf 87' lang='lat' dir='ltr'><strong>lance</strong></span> <span class='ocrx_word' id='word_1_159' title='bbox 2340 1282 2449 1326; x_wconf 84' lang='lat' dir='ltr'><strong>tant</strong></span> <span class='ocrx_word' id='word_1_160' title='bbox 2492 1272 2845 1335; x_wconf 80' lang='lat' dir='ltr'><strong>eruditionis,</strong></span> <span class='ocrx_word' id='word_1_161' title='bbox 2900 1272 3102 1341; x_wconf 77' lang='lat' dir='ltr'><strong>ingenii</strong></span> <span class='ocrx_word' id='word_1_162' title='bbox 3153 1272 3433 1343; x_wconf 86' lang='lat' dir='ltr'><strong>animique</strong></span> 
     </span>
    </p>
   </div>
   <div class='ocr_carea' id='block_1_26' title="bbox 1851 1364 3429 1437">
    <p class='ocr_par' dir='ltr' id='par_1_26' title="bbox 1851 1364 3429 1437">
     <span class='ocr_line' id='line_1_26' title="bbox 1851 1364 3429 1437; baseline -0.002 -17"><span class='ocrx_word' id='word_1_163' title='bbox 1851 1368 2105 1433; x_wconf 79' lang='lat' dir='ltr'><strong>virtutes,</strong></span> <span class='ocrx_word' id='word_1_164' title='bbox 2141 1384 2261 1437; x_wconf 69' lang='lat' dir='ltr'><strong>qua:</strong></span> <span class='ocrx_word' id='word_1_165' title='bbox 2294 1367 2529 1434; x_wconf 77' lang='lat' dir='ltr'><strong>insignes</strong></span> <span class='ocrx_word' id='word_1_166' title='bbox 2566 1368 2616 1419; x_wconf 93' lang='lat' dir='ltr'><strong>in</strong></span> <span class='ocrx_word' id='word_1_167' title='bbox 2657 1364 2857 1419; x_wconf 88' lang='lat' dir='ltr'><strong>Basilio</strong></span> <span class='ocrx_word' id='word_1_168' title='bbox 2895 1365 2960 1417; x_wconf 80' lang='grc' dir='ltr'>Μ.</span> <span class='ocrx_word' id='word_1_169' title='bbox 2999 1366 3237 1427; x_wconf 84' lang='lat' dir='ltr'><strong>luerunt,</strong></span> <span class='ocrx_word' id='word_1_170' title='bbox 3266 1381 3429 1432; x_wconf 88' lang='lat' dir='ltr'><strong>quam</strong></span> 
     </span>
    </p>
   </div>
   <div class='ocr_carea' id='block_1_27' title="bbox 1852 1458 3431 1528">
    <p class='ocr_par' dir='ltr' id='par_1_27' title="bbox 1852 1458 3431 1528">
     <span class='ocr_line' id='line_1_27' title="bbox 1852 1458 3431 1528; baseline 0 -15"><span class='ocrx_word' id='word_1_171' title='bbox 1852 1460 2219 1526; x_wconf 78' lang='lat' dir='ltr'><strong>inﬁrmitates,</strong></span> <span class='ocrx_word' id='word_1_172' title='bbox 2254 1460 2539 1528; x_wconf 83' lang='lat' dir='ltr'><strong>disciplina</strong></span> <span class='ocrx_word' id='word_1_173' title='bbox 2577 1459 2698 1510; x_wconf 78' lang='lat' dir='ltr'><strong>vitae</strong></span> <span class='ocrx_word' id='word_1_174' title='bbox 2729 1460 3040 1511; x_wconf 70' lang='lat' dir='ltr'><strong>monasticae</strong></span> <span class='ocrx_word' id='word_1_175' title='bbox 3070 1474 3190 1512; x_wconf 90' lang='lat' dir='ltr'><strong>eum</strong></span> <span class='ocrx_word' id='word_1_176' title='bbox 3241 1458 3431 1527; x_wconf 87' lang='lat' dir='ltr'><strong>primis</strong></span> 
     </span>
    </p>
   </div>
   <div class='ocr_carea' id='block_1_28' title="bbox 1855 1549 3425 1620">
    <p class='ocr_par' dir='ltr' id='par_1_28' title="bbox 1855 1549 3425 1620">
     <span class='ocr_line' id='line_1_28' title="bbox 1855 1549 3425 1620; baseline -0.002 -13"><span class='ocrx_word' id='word_1_177' title='bbox 1855 1563 2193 1615; x_wconf 84' lang='lat' dir='ltr'><strong>contractas,</strong></span> <span class='ocrx_word' id='word_1_178' title='bbox 2225 1552 2546 1620; x_wconf 82' lang='lat' dir='ltr'><strong>ponderavit</strong></span> <span class='ocrx_word' id='word_1_179' title='bbox 2572 1551 2859 1616; x_wconf 72' lang='lat' dir='ltr'><strong>soltrieqnc</strong></span> <span class='ocrx_word' id='word_1_180' title='bbox 2886 1549 3149 1617; x_wconf 85' lang='lat' dir='ltr'><strong>judicavit</strong></span> <span class='ocrx_word' id='word_1_181' title='bbox 3176 1560 3228 1603; x_wconf 90' lang='lat' dir='ltr'><strong>et</strong></span> <span class='ocrx_word' id='word_1_182' title='bbox 3261 1550 3425 1604; x_wconf 70' lang='lat' dir='ltr'><strong>vitam</strong></span> 
     </span>
    </p>
   </div>
   <div class='ocr_carea' id='block_1_29' title="bbox 1853 1642 3429 1712">
    <p class='ocr_par' dir='ltr' id='par_1_29' title="bbox 1853 1642 3429 1712">
     <span class='ocr_line' id='line_1_29' title="bbox 1853 1642 3429 1712; baseline 0 -17"><span class='ocrx_word' id='word_1_183' title='bbox 1853 1646 2159 1712; x_wconf 85' lang='lat' dir='ltr'><strong>scriptaque</strong></span> <span class='ocrx_word' id='word_1_184' title='bbox 2208 1659 2269 1696; x_wconf 83' lang='lat' dir='ltr'><strong>ac</strong></span> <span class='ocrx_word' id='word_1_185' title='bbox 2315 1644 2615 1695; x_wconf 83' lang='lat' dir='ltr'><strong>doctrinattt</strong></span> <span class='ocrx_word' id='word_1_186' title='bbox 2668 1642 2846 1695; x_wconf 81' lang='lat' dir='ltr'><strong>Basilii</strong></span> <span class='ocrx_word' id='word_1_187' title='bbox 2893 1642 3109 1707; x_wconf 78' lang='lat' dir='ltr'><strong>coltiose</strong></span> <span class='ocrx_word' id='word_1_188' title='bbox 3145 1652 3199 1695; x_wconf 86' lang='lat' dir='ltr'><strong>et.</strong></span> <span class='ocrx_word' id='word_1_189' title='bbox 3245 1652 3429 1696; x_wconf 85' lang='lat' dir='ltr'><strong>curate</strong></span> 
     </span>
    </p>
   </div>
   <div class='ocr_carea' id='block_1_30' title="bbox 1852 1732 3429 1805">
    <p class='ocr_par' dir='ltr' id='par_1_30' title="bbox 1852 1732 3429 1805">
     <span class='ocr_line' id='line_1_30' title="bbox 1852 1732 3429 1805; baseline -0.003 -16"><span class='ocrx_word' id='word_1_190' title='bbox 1852 1736 2117 1805; x_wconf 76' lang='lat' dir='ltr'><strong>exposuit,</strong></span> <span class='ocrx_word' id='word_1_191' title='bbox 2152 1752 2249 1789; x_wconf 90' lang='lat' dir='ltr'><strong>nec</strong></span> <span class='ocrx_word' id='word_1_192' title='bbox 2296 1751 2420 1786; x_wconf 87' lang='lat' dir='ltr'><strong>raro</strong></span> <span class='ocrx_word' id='word_1_193' title='bbox 2450 1733 2698 1786; x_wconf 73' lang='lat' dir='ltr'><strong>Garnct‘ii</strong></span> <span class='ocrx_word' id='word_1_194' title='bbox 2752 1735 3049 1785; x_wconf 77' lang='lat' dir='ltr'><strong>sententias</strong></span> <span class='ocrx_word' id='word_1_195' title='bbox 3084 1732 3429 1803; x_wconf 66' lang='lat' dir='ltr'><strong>rationesque</strong></span> 
     </span>
    </p>
   </div>
   <div class='ocr_carea' id='block_1_31' title="bbox 1852 1824 3423 1889">
    <p class='ocr_par' dir='ltr' id='par_1_31' title="bbox 1852 1824 3423 1889">
     <span class='ocr_line' id='line_1_31' title="bbox 1852 1824 3423 1889; baseline -0.002 -9"><span class='ocrx_word' id='word_1_196' title='bbox 1852 1827 2181 1880; x_wconf 75' lang='lat' dir='ltr'><strong>examinavit</strong></span> <span class='ocrx_word' id='word_1_197' title='bbox 2221 1835 2270 1879; x_wconf 90' lang='lat' dir='ltr'><strong>et</strong></span> <span class='ocrx_word' id='word_1_198' title='bbox 2313 1826 2501 1889; x_wconf 85' lang='lat' dir='ltr'><strong>rcjecit</strong></span> <span class='ocrx_word' id='word_1_199' title='bbox 2543 1824 2625 1877; x_wconf 84' lang='lat' dir='ltr'><strong>Jo.</strong></span> <span class='ocrx_word' id='word_1_200' title='bbox 2672 1824 2928 1878; x_wconf 85' lang='lat' dir='ltr'><strong>Mattltias</strong></span> <span class='ocrx_word' id='word_1_201' title='bbox 2984 1824 3281 1879; x_wconf 69' lang='lat' dir='ltr'><strong>Scilt&#39;mt‘kll</strong></span> <span class='ocrx_word' id='word_1_202' title='bbox 3322 1827 3375 1877; x_wconf 90' lang='lat' dir='ltr'><strong>in</strong></span> <span class='ocrx_word' id='word_1_203' title='bbox 3410 1843 3423 1877; x_wconf 86' lang='lat'><strong>:</strong></span> 
     </span>
    </p>
   </div>
   <div class='ocr_carea' id='block_1_32' title="bbox 233 1901 3424 1987">
    <p class='ocr_par' dir='ltr' id='par_1_32' title="bbox 233 1901 3424 1987">
     <span class='ocr_line' id='line_1_32' title="bbox 233 1901 3424 1987; baseline 0.003 -27"><span class='ocrx_word' id='word_1_204' title='bbox 233 1906 383 1961; x_wconf 72' lang='lat' dir='ltr'><strong>Cave</strong></span> <span class='ocrx_word' id='word_1_205' title='bbox 413 1909 465 1962; x_wconf 90' lang='lat' dir='ltr'><strong>itt</strong></span> <span class='ocrx_word' id='word_1_206' title='bbox 502 1907 740 1963; x_wconf 89' lang='lat' dir='ltr'><strong>Historia</strong></span> <span class='ocrx_word' id='word_1_207' title='bbox 769 1912 1034 1968; x_wconf 84' lang='lat' dir='ltr'><strong>litterario</strong></span> <span class='ocrx_word' id='word_1_208' title='bbox 1070 1917 1316 1984; x_wconf 81' lang='lat' dir='ltr'><strong>scriptor.</strong></span> <span class='ocrx_word' id='word_1_209' title='bbox 1350 1918 1501 1982; x_wconf 87' lang='lat' dir='ltr'><strong>eccl.,</strong></span> <span class='ocrx_word' id='word_1_210' title='bbox 1541 1930 1671 1975; x_wconf 82' lang='lat' dir='ltr'><strong>tom.</strong></span> <span class='ocrx_word' id='word_1_211' title='bbox 1704 1920 1743 1986; x_wconf 95' lang='lat' dir='ltr'><strong>I,</strong></span> <span class='ocrx_word' id='word_1_212' title='bbox 1780 1901 1821 1955; x_wconf 72' lang='grc' dir='ltr'>Β</span> <span class='ocrx_word' id='word_1_213' title='bbox 1851 1919 2073 1974; x_wconf 83' lang='lat' dir='ltr'><strong>Christi.</strong></span> <span class='ocrx_word' id='word_1_214' title='bbox 2104 1918 2655 1987; x_wconf 68' lang='lat' dir='ltr'><strong>Kirchettgeschichte,</strong></span> <span class='ocrx_word' id='word_1_215' title='bbox 2682 1928 2820 1982; x_wconf 83' lang='lat' dir='ltr'><strong>part.</strong></span> <span class='ocrx_word' id='word_1_216' title='bbox 2857 1933 2976 1976; x_wconf 85' lang='lat' dir='ltr'><strong>xm.</strong></span> <span class='ocrx_word' id='word_1_217' title='bbox 3018 1933 3140 1986; x_wconf 72' lang='lat' dir='ltr'><strong>pag.</strong></span> <span class='ocrx_word' id='word_1_218' title='bbox 3193 1917 3215 1970; x_wconf 91' lang='grc'><strong>1</strong></span> <span class='ocrx_word' id='word_1_219' title='bbox 3244 1947 3269 1959; x_wconf 88' lang='grc'><strong>-</strong></span> <span class='ocrx_word' id='word_1_220' title='bbox 3297 1918 3424 1971; x_wconf 79' lang='grc'>220.</span> 
     </span>
    </p>
   </div>
   <div class='ocr_carea' id='block_1_33' title="bbox 168 1999 953 2071">
    <p class='ocr_par' dir='ltr' id='par_1_33' title="bbox 168 1999 953 2071">
     <span class='ocr_line' id='line_1_33' title="bbox 168 1999 953 2071; baseline 0.015 -23"><span class='ocrx_word' id='word_1_221' title='bbox 168 2012 292 2067; x_wconf 81' lang='lat' dir='ltr'><strong>pag.</strong></span> <span class='ocrx_word' id='word_1_222' title='bbox 332 1999 439 2054; x_wconf 90' lang='grc'><strong>258</strong></span> <span class='ocrx_word' id='word_1_223' title='bbox 466 2016 641 2071; x_wconf 85' lang='lat' dir='ltr'><strong>seqq.,</strong></span> <span class='ocrx_word' id='word_1_224' title='bbox 669 2006 757 2062; x_wconf 89' lang='lat' dir='ltr'><strong>ed.</strong></span> <span class='ocrx_word' id='word_1_225' title='bbox 788 2004 953 2060; x_wconf 90' lang='lat' dir='ltr'><strong>Basil.</strong></span> 
     </span>
    </p>
   </div>
   <div class='ocr_carea' id='block_1_34' title="bbox 238 2092 1747 2171">
    <p class='ocr_par' dir='ltr' id='par_1_34' title="bbox 238 2092 1747 2171">
     <span class='ocr_line' id='line_1_34' title="bbox 238 2092 1747 2171; baseline 0.011 -27"><span class='ocrx_word' id='word_1_226' title='bbox 238 2092 349 2146; x_wconf 83' lang='lat' dir='ltr'><strong>The</strong></span> <span class='ocrx_word' id='word_1_227' title='bbox 366 2094 583 2163; x_wconf 87' lang='lat' dir='ltr'><strong>clergies</strong></span> <span class='ocrx_word' id='word_1_228' title='bbox 618 2095 882 2163; x_wconf 85' lang='lat' dir='ltr'><strong>Hottour;</strong></span> <span class='ocrx_word' id='word_1_229' title='bbox 912 2114 996 2162; x_wconf 86' lang='lat' dir='ltr'><strong>or,</strong></span> <span class='ocrx_word' id='word_1_230' title='bbox 1028 2101 1119 2154; x_wconf 89' lang='lat' dir='ltr'><strong>the</strong></span> <span class='ocrx_word' id='word_1_231' title='bbox 1149 2099 1295 2154; x_wconf 81' lang='lat' dir='ltr'><strong>Lives</strong></span> <span class='ocrx_word' id='word_1_232' title='bbox 1322 2102 1384 2171; x_wconf 80' lang='lat' dir='ltr'><strong>of</strong></span> <span class='ocrx_word' id='word_1_233' title='bbox 1404 2102 1459 2157; x_wconf 89' lang='lat' dir='ltr'><strong>S.</strong></span> <span class='ocrx_word' id='word_1_234' title='bbox 1489 2102 1640 2157; x_wconf 85' lang='lat' dir='ltr'><strong>Basil</strong></span> <span class='ocrx_word' id='word_1_235' title='bbox 1664 2107 1747 2160; x_wconf 88' lang='lat' dir='ltr'><strong>the</strong></span> 
     </span>
    </p>
   </div>
   <div class='ocr_carea' id='block_1_35' title="bbox 165 2182 1748 2267">
    <p class='ocr_par' dir='ltr' id='par_1_35' title="bbox 165 2182 1748 2267">
     <span class='ocr_line' id='line_1_35' title="bbox 165 2182 1748 2267; baseline 0.008 -30"><span class='ocrx_word' id='word_1_236' title='bbox 165 2182 348 2250; x_wconf 78' lang='lat' dir='ltr'><strong>Great,</strong></span> <span class='ocrx_word' id='word_1_237' title='bbox 387 2190 719 2255; x_wconf 79' lang='lat' dir='ltr'><strong>arch-bislwp</strong></span> <span class='ocrx_word' id='word_1_238' title='bbox 767 2190 827 2256; x_wconf 81' lang='lat' dir='ltr'><strong>of</strong></span> <span class='ocrx_word' id='word_1_239' title='bbox 876 2189 1291 2255; x_wconf 76' lang='lat' dir='ltr'><strong>Neo-Cwsarea,</strong></span> <span class='ocrx_word' id='word_1_240' title='bbox 1329 2196 1435 2247; x_wconf 82' lang='lat' dir='ltr'><strong>and</strong></span> <span class='ocrx_word' id='word_1_241' title='bbox 1462 2194 1544 2249; x_wconf 82' lang='lat' dir='ltr'><strong>St.</strong></span> <span class='ocrx_word' id='word_1_242' title='bbox 1582 2196 1748 2267; x_wconf 78' lang='lat' dir='ltr'><strong>Chry-</strong></span> 
     </span>
    </p>
   </div>
   <div class='ocr_carea' id='block_1_36' title="bbox 164 2279 1750 2357">
    <p class='ocr_par' dir='ltr' id='par_1_36' title="bbox 164 2279 1750 2357">
     <span class='ocr_line' id='line_1_36' title="bbox 164 2279 1750 2357; baseline 0.008 -30"><span class='ocrx_word' id='word_1_243' title='bbox 164 2290 390 2341; x_wconf 82' lang='lat' dir='ltr'><strong>sostom,</strong></span> <span class='ocrx_word' id='word_1_244' title='bbox 465 2281 834 2345; x_wconf 85' lang='lat' dir='ltr'><strong>arch-bishop</strong></span> <span class='ocrx_word' id='word_1_245' title='bbox 899 2283 960 2348; x_wconf 80' lang='lat' dir='ltr'><strong>of</strong></span> <span class='ocrx_word' id='word_1_246' title='bbox 1001 2279 1212 2351; x_wconf 83' lang='lat' dir='ltr'><strong>CPole,</strong></span> <span class='ocrx_word' id='word_1_247' title='bbox 1274 2286 1453 2338; x_wconf 83' lang='lat' dir='ltr'><strong>drawn</strong></span> <span class='ocrx_word' id='word_1_248' title='bbox 1509 2288 1573 2356; x_wconf 83' lang='lat' dir='ltr'><strong>by</strong></span> <span class='ocrx_word' id='word_1_249' title='bbox 1639 2304 1750 2357; x_wconf 83' lang='lat' dir='ltr'><strong>way</strong></span> 
     </span>
    </p>
   </div>
   <div class='ocr_carea' id='block_1_37' title="bbox 166 2371 1749 2449">
    <p class='ocr_par' dir='ltr' id='par_1_37' title="bbox 166 2371 1749 2449">
     <span class='ocr_line' id='line_1_37' title="bbox 166 2371 1749 2449; baseline 0.008 -26"><span class='ocrx_word' id='word_1_250' title='bbox 166 2371 226 2437; x_wconf 77' lang='lat' dir='ltr'><strong>of</strong></span> <span class='ocrx_word' id='word_1_251' title='bbox 271 2371 527 2425; x_wconf 77' lang='lat' dir='ltr'><strong>l’arallel.</strong></span> <span class='ocrx_word' id='word_1_252' title='bbox 581 2371 820 2430; x_wconf 88' lang='lat' dir='ltr'><strong>London.</strong></span> <span class='ocrx_word' id='word_1_253' title='bbox 868 2372 1089 2430; x_wconf 86' lang='lat' dir='ltr'><strong>Printed</strong></span> <span class='ocrx_word' id='word_1_254' title='bbox 1144 2376 1226 2432; x_wconf 84' lang='lat' dir='ltr'><strong>for</strong></span> <span class='ocrx_word' id='word_1_255' title='bbox 1268 2376 1361 2432; x_wconf 81' lang='lat' dir='ltr'><strong>W.</strong></span> <span class='ocrx_word' id='word_1_256' title='bbox 1398 2379 1626 2449; x_wconf 73' lang='lat' dir='ltr'><strong>COOpCl‘.</strong></span> <span class='ocrx_word' id='word_1_257' title='bbox 1679 2412 1749 2421; x_wconf 97' lang='lat'><strong>—</strong></span> 
     </span>
    </p>
   </div>
   <div class='ocr_carea' id='block_1_38' title="bbox 165 2461 418 2523">
    <p class='ocr_par' dir='ltr' id='par_1_38' title="bbox 165 2461 418 2523">
     <span class='ocr_line' id='line_1_38' title="bbox 165 2461 418 2523; baseline -0.004 -9"><span class='ocrx_word' id='word_1_258' title='bbox 165 2461 327 2523; x_wconf 87' lang='grc'>1681,</span> <span class='ocrx_word' id='word_1_259' title='bbox 361 2461 418 2514; x_wconf 91' lang='lat'><strong>8.</strong></span> 
     </span>
    </p>
   </div>
   <div class='ocr_carea' id='block_1_39' title="bbox 231 2550 1745 2623">
    <p class='ocr_par' dir='ltr' id='par_1_39' title="bbox 231 2550 1745 2623">
     <span class='ocr_line' id='line_1_39' title="bbox 231 2550 1745 2623; baseline 0.004 -18"><span class='ocrx_word' id='word_1_260' title='bbox 231 2550 361 2608; x_wconf 85' lang='lat' dir='ltr'><strong>Cas.</strong></span> <span class='ocrx_word' id='word_1_261' title='bbox 398 2550 643 2609; x_wconf 88' lang='lat' dir='ltr'><strong>Oudinus</strong></span> <span class='ocrx_word' id='word_1_262' title='bbox 700 2554 752 2608; x_wconf 89' lang='lat' dir='ltr'><strong>itt</strong></span> <span class='ocrx_word' id='word_1_263' title='bbox 808 2553 1102 2611; x_wconf 86' lang='lat' dir='ltr'><strong>Comment.</strong></span> <span class='ocrx_word' id='word_1_264' title='bbox 1160 2554 1264 2612; x_wconf 89' lang='lat' dir='ltr'><strong>SS.</strong></span> <span class='ocrx_word' id='word_1_265' title='bbox 1298 2558 1505 2623; x_wconf 87' lang='lat' dir='ltr'><strong>eccles.,</strong></span> <span class='ocrx_word' id='word_1_266' title='bbox 1540 2569 1669 2615; x_wconf 91' lang='lat' dir='ltr'><strong>tout.</strong></span> <span class='ocrx_word' id='word_1_267' title='bbox 1704 2559 1745 2623; x_wconf 93' lang='lat' dir='ltr'><strong>l,</strong></span> 
     </span>
    </p>
   </div>
   <div class='ocr_carea' id='block_1_40' title="bbox 162 2644 1744 2718">
    <p class='ocr_par' dir='ltr' id='par_1_40' title="bbox 162 2644 1744 2718">
     <span class='ocr_line' id='line_1_40' title="bbox 162 2644 1744 2718; baseline 0.004 -20"><span class='ocrx_word' id='word_1_268' title='bbox 162 2660 290 2715; x_wconf 88' lang='lat' dir='ltr'><strong>pag.</strong></span> <span class='ocrx_word' id='word_1_269' title='bbox 325 2644 433 2699; x_wconf 86' lang='grc'><strong>545</strong></span> <span class='ocrx_word' id='word_1_270' title='bbox 486 2661 664 2717; x_wconf 88' lang='lat' dir='ltr'><strong>seqq.,</strong></span> <span class='ocrx_word' id='word_1_271' title='bbox 699 2649 792 2718; x_wconf 91' lang='lat' dir='ltr'><strong>qui</strong></span> <span class='ocrx_word' id='word_1_272' title='bbox 857 2664 915 2703; x_wconf 88' lang='lat' dir='ltr'><strong>se</strong></span> <span class='ocrx_word' id='word_1_273' title='bbox 950 2649 1235 2717; x_wconf 83' lang='lat' dir='ltr'><strong>proﬁtetur</strong></span> <span class='ocrx_word' id='word_1_274' title='bbox 1268 2649 1433 2703; x_wconf 87' lang='lat' dir='ltr'><strong>tnulta</strong></span> <span class='ocrx_word' id='word_1_275' title='bbox 1468 2654 1533 2705; x_wconf 89' lang='lat' dir='ltr'><strong>ab</strong></span> <span class='ocrx_word' id='word_1_276' title='bbox 1564 2652 1645 2704; x_wconf 83' lang='lat' dir='ltr'><strong>EI.</strong></span> <span class='ocrx_word' id='word_1_277' title='bbox 1676 2652 1744 2705; x_wconf 87' lang='lat' dir='ltr'><strong>dtt</strong></span> 
     </span>
    </p>
   </div>
   <div class='ocr_carea' id='block_1_41' title="bbox 163 2738 1746 2807">
    <p class='ocr_par' dir='ltr' id='par_1_41' title="bbox 163 2738 1746 2807">
     <span class='ocr_line' id='line_1_41' title="bbox 163 2738 1746 2807; baseline 0.003 -17"><span class='ocrx_word' id='word_1_278' title='bbox 163 2738 260 2794; x_wconf 86' lang='lat' dir='ltr'><strong>Pin</strong></span> <span class='ocrx_word' id='word_1_279' title='bbox 314 2739 400 2794; x_wconf 87' lang='lat' dir='ltr'><strong>vel</strong></span> <span class='ocrx_word' id='word_1_280' title='bbox 443 2742 666 2807; x_wconf 88' lang='lat' dir='ltr'><strong>omissa,</strong></span> <span class='ocrx_word' id='word_1_281' title='bbox 713 2742 797 2797; x_wconf 84' lang='lat' dir='ltr'><strong>vel</strong></span> <span class='ocrx_word' id='word_1_282' title='bbox 854 2744 1198 2799; x_wconf 87' lang='lat' dir='ltr'><strong>dissimulata</strong></span> <span class='ocrx_word' id='word_1_283' title='bbox 1229 2758 1351 2799; x_wconf 86' lang='lat' dir='ltr'><strong>esse</strong></span> <span class='ocrx_word' id='word_1_284' title='bbox 1395 2745 1746 2798; x_wconf 86' lang='lat' dir='ltr'><strong>animadver-</strong></span> 
     </span>
    </p>
   </div>
   <div class='ocr_carea' id='block_1_42' title="bbox 165 2834 1745 2903">
    <p class='ocr_par' dir='ltr' id='par_1_42' title="bbox 165 2834 1745 2903">
     <span class='ocr_line' id='line_1_42' title="bbox 165 2834 1745 2903; baseline 0.001 -19"><span class='ocrx_word' id='word_1_285' title='bbox 165 2834 320 2897; x_wconf 85' lang='lat' dir='ltr'><strong>tisse,</strong></span> <span class='ocrx_word' id='word_1_286' title='bbox 352 2842 405 2888; x_wconf 91' lang='lat' dir='ltr'><strong>et</strong></span> <span class='ocrx_word' id='word_1_287' title='bbox 453 2834 505 2887; x_wconf 91' lang='lat' dir='ltr'><strong>in</strong></span> <span class='ocrx_word' id='word_1_288' title='bbox 537 2850 656 2901; x_wconf 82' lang='lat' dir='ltr'><strong>cap.</strong></span> <span class='ocrx_word' id='word_1_289' title='bbox 692 2835 863 2903; x_wconf 90' lang='lat' dir='ltr'><strong>primo</strong></span> <span class='ocrx_word' id='word_1_290' title='bbox 892 2836 1059 2889; x_wconf 89' lang='lat' dir='ltr'><strong>vitam</strong></span> <span class='ocrx_word' id='word_1_291' title='bbox 1112 2852 1175 2890; x_wconf 92' lang='lat' dir='ltr'><strong>ac</strong></span> <span class='ocrx_word' id='word_1_292' title='bbox 1215 2836 1519 2889; x_wconf 85' lang='lat' dir='ltr'><strong>doctrinam</strong></span> <span class='ocrx_word' id='word_1_293' title='bbox 1553 2836 1610 2889; x_wconf 93' lang='lat' dir='ltr'><strong>S.</strong></span> <span class='ocrx_word' id='word_1_294' title='bbox 1643 2836 1745 2887; x_wconf 87' lang='lat' dir='ltr'><strong>Ba-</strong></span> 
     </span>
    </p>
   </div>
   <div class='ocr_carea' id='block_1_43' title="bbox 162 2926 1747 2997">
    <p class='ocr_par' dir='ltr' id='par_1_43' title="bbox 162 2926 1747 2997">
     <span class='ocr_line' id='line_1_43' title="bbox 162 2926 1747 2997; baseline 0.003 -20"><span class='ocrx_word' id='word_1_295' title='bbox 162 2927 298 2987; x_wconf 85' lang='lat' dir='ltr'><strong>silii,</strong></span> <span class='ocrx_word' id='word_1_296' title='bbox 332 2926 596 2979; x_wconf 75' lang='lat' dir='ltr'><strong>Crosarea:</strong></span> <span class='ocrx_word' id='word_1_297' title='bbox 643 2927 1025 2995; x_wconf 87' lang='lat' dir='ltr'><strong>Cappadocum</strong></span> <span class='ocrx_word' id='word_1_298' title='bbox 1078 2928 1339 2997; x_wconf 85' lang='lat' dir='ltr'><strong>episcopi,</strong></span> <span class='ocrx_word' id='word_1_299' title='bbox 1370 2928 1590 2983; x_wconf 82' lang='lat' dir='ltr'><strong>uberius</strong></span> <span class='ocrx_word' id='word_1_300' title='bbox 1623 2944 1747 2997; x_wconf 87' lang='lat' dir='ltr'><strong>per-</strong></span> 
     </span>
    </p>
   </div>
   <div class='ocr_carea' id='block_1_44' title="bbox 162 3022 435 3086">
    <p class='ocr_par' dir='ltr' id='par_1_44' title="bbox 162 3022 435 3086">
     <span class='ocr_line' id='line_1_44' title="bbox 162 3022 435 3086; baseline 0 -13"><span class='ocrx_word' id='word_1_301' title='bbox 162 3022 435 3086; x_wconf 76' lang='lat' dir='ltr'><strong>sequitur.</strong></span> 
     </span>
    </p>
   </div>
   <div class='ocr_carea' id='block_1_45' title="bbox 235 3118 1745 3189">
    <p class='ocr_par' dir='ltr' id='par_1_45' title="bbox 235 3118 1745 3189">
     <span class='ocr_line' id='line_1_45' title="bbox 235 3118 1745 3189; baseline -0.001 -16"><span class='ocrx_word' id='word_1_302' title='bbox 235 3118 392 3173; x_wconf 84' lang='lat' dir='ltr'><strong>Sam.</strong></span> <span class='ocrx_word' id='word_1_303' title='bbox 450 3118 693 3189; x_wconf 89' lang='lat' dir='ltr'><strong>Basnagc</strong></span> <span class='ocrx_word' id='word_1_304' title='bbox 750 3118 803 3172; x_wconf 90' lang='lat' dir='ltr'><strong>itt</strong></span> <span class='ocrx_word' id='word_1_305' title='bbox 866 3118 1088 3184; x_wconf 82' lang='lat' dir='ltr'><strong>Anna..,</strong></span> <span class='ocrx_word' id='word_1_306' title='bbox 1150 3128 1282 3173; x_wconf 89' lang='lat' dir='ltr'><strong>tom.</strong></span> <span class='ocrx_word' id='word_1_307' title='bbox 1318 3118 1402 3182; x_wconf 89' lang='lat' dir='ltr'><strong>III,</strong></span> <span class='ocrx_word' id='word_1_308' title='bbox 1441 3134 1561 3189; x_wconf 88' lang='lat' dir='ltr'><strong>pag.</strong></span> <span class='ocrx_word' id='word_1_309' title='bbox 1592 3118 1745 3182; x_wconf 81' lang='lat'><strong>4,25</strong></span> 
     </span>
    </p>
   </div>
   <div class='ocr_carea' id='block_1_46' title="bbox 1924 2008 3424 2079">
    <p class='ocr_par' dir='ltr' id='par_1_46' title="bbox 1924 2008 3424 2079">
     <span class='ocr_line' id='line_1_46' title="bbox 1924 2008 3424 2079; baseline 0 -16"><span class='ocrx_word' id='word_1_310' title='bbox 1924 2010 2000 2065; x_wconf 90' lang='lat' dir='ltr'><strong>De</strong></span> <span class='ocrx_word' id='word_1_311' title='bbox 2033 2011 2321 2079; x_wconf 68' lang='lat' dir='ltr'><strong>prmcipuis</strong></span> <span class='ocrx_word' id='word_1_312' title='bbox 2358 2008 2539 2061; x_wconf 86' lang='lat' dir='ltr'><strong>Basilii</strong></span> <span class='ocrx_word' id='word_1_313' title='bbox 2580 2009 2797 2075; x_wconf 82' lang='lat' dir='ltr'><strong>scriptis</strong></span> <span class='ocrx_word' id='word_1_314' title='bbox 2844 2020 3030 2060; x_wconf 82' lang='lat' dir='ltr'><strong>curate</strong></span> <span class='ocrx_word' id='word_1_315' title='bbox 3082 2010 3213 2075; x_wconf 72' lang='lat' dir='ltr'><strong>egit,</strong></span> <span class='ocrx_word' id='word_1_316' title='bbox 3268 2020 3321 2063; x_wconf 89' lang='lat' dir='ltr'><strong>et</strong></span> <span class='ocrx_word' id='word_1_317' title='bbox 3372 2010 3424 2063; x_wconf 91' lang='lat' dir='ltr'><strong>in</strong></span> 
     </span>
    </p>
   </div>
   <div class='ocr_carea' id='block_1_47' title="bbox 1850 2100 3423 2169">
    <p class='ocr_par' dir='ltr' id='par_1_47' title="bbox 1850 2100 3423 2169">
     <span class='ocr_line' id='line_1_47' title="bbox 1850 2100 3423 2169; baseline 0 -12"><span class='ocrx_word' id='word_1_318' title='bbox 1850 2105 1993 2157; x_wconf 90' lang='lat' dir='ltr'><strong>notis</strong></span> <span class='ocrx_word' id='word_1_319' title='bbox 2028 2110 2182 2155; x_wconf 82' lang='lat' dir='ltr'><strong>acute</strong></span> <span class='ocrx_word' id='word_1_320' title='bbox 2225 2102 2503 2169; x_wconf 83' lang='lat' dir='ltr'><strong>libereque</strong></span> <span class='ocrx_word' id='word_1_321' title='bbox 2528 2100 2796 2169; x_wconf 89' lang='lat' dir='ltr'><strong>judicavit</strong></span> <span class='ocrx_word' id='word_1_322' title='bbox 2829 2102 2897 2156; x_wconf 83' lang='lat' dir='ltr'><strong>de</strong></span> <span class='ocrx_word' id='word_1_323' title='bbox 2946 2103 3051 2156; x_wconf 90' lang='lat' dir='ltr'><strong>illis</strong></span> <span class='ocrx_word' id='word_1_324' title='bbox 3081 2102 3294 2157; x_wconf 89' lang='lat' dir='ltr'><strong>Semler</strong></span> <span class='ocrx_word' id='word_1_325' title='bbox 3324 2104 3373 2156; x_wconf 92' lang='lat' dir='ltr'><strong>in</strong></span> <span class='ocrx_word' id='word_1_326' title='bbox 3411 2123 3423 2157; x_wconf 90' lang='lat'>:</span> 
     </span>
    </p>
   </div>
   <div class='ocr_carea' id='block_1_48' title="bbox 1850 2193 3425 2266">
    <p class='ocr_par' dir='ltr' id='par_1_48' title="bbox 1850 2193 3425 2266">
     <span class='ocr_line' id='line_1_48' title="bbox 1850 2193 3425 2266; baseline 0.002 -17"><span class='ocrx_word' id='word_1_327' title='bbox 1850 2195 2158 2249; x_wconf 78' lang='lat' dir='ltr'><strong>Geschichte</strong></span> <span class='ocrx_word' id='word_1_328' title='bbox 2182 2194 2274 2246; x_wconf 84' lang='lat' dir='ltr'><strong>der</strong></span> <span class='ocrx_word' id='word_1_329' title='bbox 2304 2194 2637 2246; x_wconf 84' lang='lat' dir='ltr'><strong>christlichen</strong></span> <span class='ocrx_word' id='word_1_330' title='bbox 2681 2193 3112 2261; x_wconf 81' lang='lat' dir='ltr'><strong>Claubertslehre,</strong></span> <span class='ocrx_word' id='word_1_331' title='bbox 3144 2198 3425 2266; x_wconf 63' lang='lat' dir='ltr'><strong>prmtttissa</strong></span> 
     </span>
    </p>
   </div>
   <div class='ocr_carea' id='block_1_49' title="bbox 1850 2283 3421 2359">
    <p class='ocr_par' dir='ltr' id='par_1_49' title="bbox 1850 2283 3421 2359">
     <span class='ocr_line' id='line_1_49' title="bbox 1850 2283 3421 2359; baseline 0.004 -22"><span class='ocrx_word' id='word_1_332' title='bbox 1850 2283 2251 2351; x_wconf 67' lang='lat' dir='ltr'><strong>Bautngartenii</strong></span> <span class='ocrx_word' id='word_1_333' title='bbox 2313 2284 2613 2352; x_wconf 76' lang='lat' dir='ltr'><strong>Theologite</strong></span> <span class='ocrx_word' id='word_1_334' title='bbox 2652 2284 2943 2351; x_wconf 74' lang='lat' dir='ltr'><strong>polettticm,</strong></span> <span class='ocrx_word' id='word_1_335' title='bbox 2995 2296 3128 2342; x_wconf 90' lang='lat' dir='ltr'><strong>tom.</strong></span> <span class='ocrx_word' id='word_1_336' title='bbox 3184 2288 3269 2354; x_wconf 94' lang='lat' dir='ltr'><strong>III,</strong></span> <span class='ocrx_word' id='word_1_337' title='bbox 3299 2304 3421 2359; x_wconf 84' lang='lat' dir='ltr'><strong>pag.</strong></span> 
     </span>
    </p>
   </div>
   <div class='ocr_carea' id='block_1_50' title="bbox 1852 2376 2107 2431">
    <p class='ocr_par' dir='ltr' id='par_1_50' title="bbox 1852 2376 2107 2431">
     <span class='ocr_line' id='line_1_50' title="bbox 1852 2376 2107 2431; baseline 0.008 -2"><span class='ocrx_word' id='word_1_338' title='bbox 1852 2376 2107 2431; x_wconf 78' lang='lat' dir='ltr'><strong>I25-I68.</strong></span> 
     </span>
    </p>
   </div>
   <div class='ocr_carea' id='block_1_51' title="bbox 1919 2467 3424 2523">
    <p class='ocr_par' dir='ltr' id='par_1_51' title="bbox 1919 2467 3424 2523">
     <span class='ocr_line' id='line_1_51' title="bbox 1919 2467 3424 2523; baseline 0.003 -7"><span class='ocrx_word' id='word_1_339' title='bbox 1919 2467 2141 2521; x_wconf 72' lang='lat' dir='ltr'><strong>Christi.</strong></span> <span class='ocrx_word' id='word_1_340' title='bbox 2174 2467 2387 2521; x_wconf 81' lang='lat' dir='ltr'><strong>Frider.</strong></span> <span class='ocrx_word' id='word_1_341' title='bbox 2447 2468 2687 2522; x_wconf 65' lang='lat' dir='ltr'><strong>llaessler</strong></span> <span class='ocrx_word' id='word_1_342' title='bbox 2737 2469 2789 2521; x_wconf 91' lang='lat' dir='ltr'><strong>in</strong></span> <span class='ocrx_word' id='word_1_343' title='bbox 2822 2487 2835 2521; x_wconf 88' lang='lat'><strong>:</strong></span> <span class='ocrx_word' id='word_1_344' title='bbox 2870 2468 3117 2521; x_wconf 80' lang='lat' dir='ltr'><strong>Biblioth.</strong></span> <span class='ocrx_word' id='word_1_345' title='bbox 3145 2472 3240 2523; x_wconf 87' lang='lat' dir='ltr'><strong>der</strong></span> <span class='ocrx_word' id='word_1_346' title='bbox 3294 2469 3424 2523; x_wconf 74' lang='grc' dir='ltr'><strong>Κίν-</strong></span> 
     </span>
    </p>
   </div>
   <div class='ocr_carea' id='block_1_52' title="bbox 1854 2559 3431 2633">
    <p class='ocr_par' dir='ltr' id='par_1_52' title="bbox 1854 2559 3431 2633">
     <span class='ocr_line' id='line_1_52' title="bbox 1854 2559 3431 2633; baseline 0.003 -21"><span class='ocrx_word' id='word_1_347' title='bbox 1854 2560 2166 2622; x_wconf 71' lang='lat' dir='ltr'><strong>chenm&#39;ter,</strong></span> <span class='ocrx_word' id='word_1_348' title='bbox 2189 2569 2320 2612; x_wconf 92' lang='lat' dir='ltr'><strong>tom.</strong></span> <span class='ocrx_word' id='word_1_349' title='bbox 2354 2559 2460 2623; x_wconf 91' lang='lat' dir='ltr'><strong>VII,</strong></span> <span class='ocrx_word' id='word_1_350' title='bbox 2491 2576 2611 2628; x_wconf 85' lang='lat' dir='ltr'><strong>pag.</strong></span> <span class='ocrx_word' id='word_1_351' title='bbox 2649 2561 2834 2623; x_wconf 82' lang='grc'>1-157,</span> <span class='ocrx_word' id='word_1_352' title='bbox 2865 2563 2931 2615; x_wconf 86' lang='lat' dir='ltr'><strong>tle</strong></span> <span class='ocrx_word' id='word_1_353' title='bbox 2979 2562 3175 2615; x_wconf 84' lang='lat' dir='ltr'><strong>Basilio</strong></span> <span class='ocrx_word' id='word_1_354' title='bbox 3222 2562 3289 2619; x_wconf 82' lang='grc' dir='ltr'>Μ.</span> <span class='ocrx_word' id='word_1_355' title='bbox 3319 2564 3431 2633; x_wconf 85' lang='lat' dir='ltr'><strong>egit</strong></span> 
     </span>
    </p>
   </div>
   <div class='ocr_carea' id='block_1_53' title="bbox 1848 2652 3430 2720">
    <p class='ocr_par' dir='ltr' id='par_1_53' title="bbox 1848 2652 3430 2720">
     <span class='ocr_line' id='line_1_53' title="bbox 1848 2652 3430 2720; baseline 0.002 -14"><span class='ocrx_word' id='word_1_356' title='bbox 1848 2662 1903 2706; x_wconf 88' lang='lat' dir='ltr'><strong>et</strong></span> <span class='ocrx_word' id='word_1_357' title='bbox 1932 2666 2185 2719; x_wconf 80' lang='lat' dir='ltr'><strong>excerpta</strong></span> <span class='ocrx_word' id='word_1_358' title='bbox 2219 2652 2390 2716; x_wconf 88' lang='lat' dir='ltr'><strong>dedit,</strong></span> <span class='ocrx_word' id='word_1_359' title='bbox 2418 2654 2655 2720; x_wconf 78' lang='lat' dir='ltr'><strong>aspersis</strong></span> <span class='ocrx_word' id='word_1_360' title='bbox 2681 2655 2807 2707; x_wconf 91' lang='lat' dir='ltr'><strong>hinc</strong></span> <span class='ocrx_word' id='word_1_361' title='bbox 2844 2655 2968 2707; x_wconf 90' lang='lat' dir='ltr'><strong>inde</strong></span> <span class='ocrx_word' id='word_1_362' title='bbox 3001 2656 3156 2709; x_wconf 87' lang='lat' dir='ltr'><strong>bonis</strong></span> <span class='ocrx_word' id='word_1_363' title='bbox 3183 2658 3430 2709; x_wconf 87' lang='lat' dir='ltr'><strong>animad-</strong></span> 
     </span>
    </p>
   </div>
   <div class='ocr_carea' id='block_1_54' title="bbox 1856 2745 3428 2812">
    <p class='ocr_par' dir='ltr' id='par_1_54' title="bbox 1856 2745 3428 2812">
     <span class='ocr_line' id='line_1_54' title="bbox 1856 2745 3428 2812; baseline 0.004 -17"><span class='ocrx_word' id='word_1_364' title='bbox 1856 2745 2226 2808; x_wconf 70' lang='lat' dir='ltr'><strong>versionébus,</strong></span> <span class='ocrx_word' id='word_1_365' title='bbox 2258 2760 2321 2798; x_wconf 83' lang='lat' dir='ltr'><strong>ex</strong></span> <span class='ocrx_word' id='word_1_366' title='bbox 2362 2745 2517 2800; x_wconf 89' lang='lat' dir='ltr'><strong>libris</strong></span> <span class='ocrx_word' id='word_1_367' title='bbox 2550 2761 2607 2799; x_wconf 86' lang='grc' dir='ltr'><strong>ιιι</strong></span> <span class='ocrx_word' id='word_1_368' title='bbox 2644 2756 2828 2798; x_wconf 85' lang='lat' dir='ltr'><strong>contra</strong></span> <span class='ocrx_word' id='word_1_369' title='bbox 2874 2745 3210 2812; x_wconf 84' lang='lat' dir='ltr'><strong>Eunomium,</strong></span> <span class='ocrx_word' id='word_1_370' title='bbox 3238 2763 3303 2801; x_wconf 77' lang='lat' dir='ltr'><strong>ex</strong></span> <span class='ocrx_word' id='word_1_371' title='bbox 3332 2749 3428 2808; x_wconf 90' lang='lat' dir='ltr'><strong>lib.</strong></span> 
     </span>
    </p>
   </div>
   <div class='ocr_carea' id='block_1_55' title="bbox 1847 2835 3430 2903">
    <p class='ocr_par' dir='ltr' id='par_1_55' title="bbox 1847 2835 3430 2903">
     <span class='ocr_line' id='line_1_55' title="bbox 1847 2835 3430 2903; baseline 0.004 -17"><span class='ocrx_word' id='word_1_372' title='bbox 1847 2836 1915 2886; x_wconf 78' lang='lat' dir='ltr'><strong>ad</strong></span> <span class='ocrx_word' id='word_1_373' title='bbox 1940 2835 2361 2901; x_wconf 79' lang='lat' dir='ltr'><strong>Amphilochium</strong></span> <span class='ocrx_word' id='word_1_374' title='bbox 2393 2840 2457 2887; x_wconf 89' lang='lat' dir='ltr'><strong>de</strong></span> <span class='ocrx_word' id='word_1_375' title='bbox 2483 2836 2689 2903; x_wconf 85' lang='lat' dir='ltr'><strong>Spiritu</strong></span> <span class='ocrx_word' id='word_1_376' title='bbox 2718 2836 2800 2901; x_wconf 80' lang='lat'><strong>8.,</strong></span> <span class='ocrx_word' id='word_1_377' title='bbox 2828 2852 2891 2891; x_wconf 78' lang='lat' dir='ltr'><strong>ex</strong></span> <span class='ocrx_word' id='word_1_378' title='bbox 2924 2835 3159 2892; x_wconf 85' lang='lat' dir='ltr'><strong>Itomiliis</strong></span> <span class='ocrx_word' id='word_1_379' title='bbox 3186 2841 3240 2893; x_wconf 86' lang='lat' dir='ltr'><strong>I°</strong></span> <span class='ocrx_word' id='word_1_380' title='bbox 3267 2841 3430 2893; x_wconf 85' lang='lat' dir='ltr'><strong>Deum</strong></span> 
     </span>
    </p>
   </div>
   <div class='ocr_carea' id='block_1_56' title="bbox 1848 2928 3431 2997">
    <p class='ocr_par' dir='ltr' id='par_1_56' title="bbox 1848 2928 3431 2997">
     <span class='ocr_line' id='line_1_56' title="bbox 1848 2928 3431 2997; baseline 0.004 -19"><span class='ocrx_word' id='word_1_381' title='bbox 1848 2944 1952 2981; x_wconf 79' lang='lat' dir='ltr'><strong>non</strong></span> <span class='ocrx_word' id='word_1_382' title='bbox 1992 2944 2101 2980; x_wconf 86' lang='lat' dir='ltr'><strong>esse</strong></span> <span class='ocrx_word' id='word_1_383' title='bbox 2146 2938 2415 2981; x_wconf 86' lang='lat' dir='ltr'><strong>auctorem</strong></span> <span class='ocrx_word' id='word_1_384' title='bbox 2447 2928 2598 2991; x_wconf 82' lang='lat' dir='ltr'><strong>ntali,</strong></span> <span class='ocrx_word' id='word_1_385' title='bbox 2625 2931 2683 2980; x_wconf 89' lang='lat'><strong>2°</strong></span> <span class='ocrx_word' id='word_1_386' title='bbox 2722 2929 2796 2981; x_wconf 85' lang='lat' dir='ltr'><strong>De</strong></span> <span class='ocrx_word' id='word_1_387' title='bbox 2822 2931 3096 2997; x_wconf 83' lang='lat' dir='ltr'><strong>gentilium</strong></span> <span class='ocrx_word' id='word_1_388' title='bbox 3130 2932 3277 2985; x_wconf 78' lang='lat' dir='ltr'><strong>libris</strong></span> <span class='ocrx_word' id='word_1_389' title='bbox 3311 2948 3431 2985; x_wconf 79' lang='lat' dir='ltr'><strong>cum</strong></span> 
     </span>
    </p>
   </div>
   <div class='ocr_carea' id='block_1_57' title="bbox 1849 3019 3434 3089">
    <p class='ocr_par' dir='ltr' id='par_1_57' title="bbox 1849 3019 3434 3089">
     <span class='ocr_line' id='line_1_57' title="bbox 1849 3019 3434 3089; baseline 0.003 -18"><span class='ocrx_word' id='word_1_390' title='bbox 1849 3020 2028 3089; x_wconf 76' lang='lat' dir='ltr'><strong>[ructu</strong></span> <span class='ocrx_word' id='word_1_391' title='bbox 2070 3020 2322 3089; x_wconf 84' lang='lat' dir='ltr'><strong>legendis.</strong></span> <span class='ocrx_word' id='word_1_392' title='bbox 2361 3032 2414 3071; x_wconf 81' lang='lat' dir='ltr'><strong>et</strong></span> <span class='ocrx_word' id='word_1_393' title='bbox 2444 3020 2501 3074; x_wconf 86' lang='grc' dir='ltr'>5ο</span> <span class='ocrx_word' id='word_1_394' title='bbox 2535 3019 2609 3073; x_wconf 87' lang='lat' dir='ltr'><strong>De</strong></span> <span class='ocrx_word' id='word_1_395' title='bbox 2651 3020 2812 3072; x_wconf 88' lang='lat' dir='ltr'><strong>libero</strong></span> <span class='ocrx_word' id='word_1_396' title='bbox 2856 3019 3114 3084; x_wconf 84' lang='lat' dir='ltr'><strong>arbitrio;</strong></span> <span class='ocrx_word' id='word_1_397' title='bbox 3146 3038 3208 3076; x_wconf 79' lang='lat' dir='ltr'><strong>ex</strong></span> <span class='ocrx_word' id='word_1_398' title='bbox 3237 3025 3434 3079; x_wconf 83' lang='lat' dir='ltr'><strong>asceti-</strong></span> 
     </span>
    </p>
   </div>
   <div class='ocr_carea' id='block_1_58' title="bbox 1850 3112 3433 3186">
    <p class='ocr_par' dir='ltr' id='par_1_58' title="bbox 1850 3112 3433 3186">
     <span class='ocr_line' id='line_1_58' title="bbox 1850 3112 3433 3186; baseline 0.005 -21"><span class='ocrx_word' id='word_1_399' title='bbox 1850 3115 1929 3165; x_wconf 88' lang='lat' dir='ltr'><strong>cis</strong></span> <span class='ocrx_word' id='word_1_400' title='bbox 1966 3112 2214 3181; x_wconf 88' lang='lat' dir='ltr'><strong>scriptis,</strong></span> <span class='ocrx_word' id='word_1_401' title='bbox 2252 3113 2487 3181; x_wconf 84' lang='lat' dir='ltr'><strong>denique</strong></span> <span class='ocrx_word' id='word_1_402' title='bbox 2528 3127 2593 3166; x_wconf 81' lang='lat' dir='ltr'><strong>ex</strong></span> <span class='ocrx_word' id='word_1_403' title='bbox 2643 3114 2916 3180; x_wconf 81' lang='lat' dir='ltr'><strong>epistolis;</strong></span> <span class='ocrx_word' id='word_1_404' title='bbox 2953 3114 3005 3168; x_wconf 92' lang='lat' dir='ltr'><strong>in</strong></span> <span class='ocrx_word' id='word_1_405' title='bbox 3052 3115 3135 3167; x_wconf 90' lang='lat' dir='ltr'><strong>his</strong></span> <span class='ocrx_word' id='word_1_406' title='bbox 3165 3117 3433 3186; x_wconf 62' lang='lat' dir='ltr'><strong>praecipue</strong></span> 
     </span>
    </p>
   </div>
   <div class='ocr_carea' id='block_1_59' title="bbox 159 3204 3434 3304">
    <p class='ocr_par' dir='ltr' id='par_1_59' title="bbox 159 3204 3434 3304">
     <span class='ocr_line' id='line_1_59' title="bbox 159 3204 3434 3304; baseline -0.001 -41"><span class='ocrx_word' id='word_1_407' title='bbox 159 3225 342 3279; x_wconf 84' lang='lat' dir='ltr'><strong>seqq.,</strong></span> <span class='ocrx_word' id='word_1_408' title='bbox 374 3225 497 3277; x_wconf 79' lang='lat' dir='ltr'><strong>pag.</strong></span> <span class='ocrx_word' id='word_1_409' title='bbox 526 3210 617 3272; x_wconf 87' lang='lat'><strong>29,</strong></span> <span class='ocrx_word' id='word_1_410' title='bbox 660 3211 723 3263; x_wconf 88' lang='lat' dir='ltr'><strong>de</strong></span> <span class='ocrx_word' id='word_1_411' title='bbox 779 3220 1017 3278; x_wconf 75' lang='lat' dir='ltr'><strong>tempore</strong></span> <span class='ocrx_word' id='word_1_412' title='bbox 1073 3224 1179 3276; x_wconf 87' lang='lat' dir='ltr'><strong>quo</strong></span> <span class='ocrx_word' id='word_1_413' title='bbox 1243 3208 1473 3263; x_wconf 70' lang='lat' dir='ltr'><strong>Basilius</strong></span> <span class='ocrx_word' id='word_1_414' title='bbox 1526 3216 1745 3263; x_wconf 88' lang='lat' dir='ltr'><strong>creatus</strong></span> <span class='ocrx_word' id='word_1_415' title='bbox 1776 3247 1818 3304; x_wconf 78' lang='lat' dir='ltr'><strong><em>C</em></strong></span> <span class='ocrx_word' id='word_1_416' title='bbox 1853 3213 2073 3259; x_wconf 89' lang='lat' dir='ltr'><strong>secutus</strong></span> <span class='ocrx_word' id='word_1_417' title='bbox 2126 3214 2211 3258; x_wconf 88' lang='lat' dir='ltr'><strong>est</strong></span> <span class='ocrx_word' id='word_1_418' title='bbox 2259 3204 2633 3259; x_wconf 90' lang='lat' dir='ltr'><strong>recensionem</strong></span> <span class='ocrx_word' id='word_1_419' title='bbox 2680 3204 2756 3257; x_wconf 89' lang='lat' dir='ltr'><strong>Dtt</strong></span> <span class='ocrx_word' id='word_1_420' title='bbox 2795 3205 2915 3271; x_wconf 75' lang='lat' dir='ltr'><strong>l’iu,</strong></span> <span class='ocrx_word' id='word_1_421' title='bbox 2948 3208 3039 3276; x_wconf 90' lang='lat' dir='ltr'><strong>qui</strong></span> <span class='ocrx_word' id='word_1_422' title='bbox 3094 3207 3146 3259; x_wconf 88' lang='lat' dir='ltr'><strong>itt</strong></span> <span class='ocrx_word' id='word_1_423' title='bbox 3196 3212 3434 3263; x_wconf 86' lang='lat' dir='ltr'><strong>secundo</strong></span> 
     </span>
    </p>
   </div>
   <div class='ocr_carea' id='block_1_60' title="bbox 160 3300 1750 3372">
    <p class='ocr_par' dir='ltr' id='par_1_60' title="bbox 160 3300 1750 3372">
     <span class='ocr_line' id='line_1_60' title="bbox 160 3300 1750 3372; baseline -0.001 -17"><span class='ocrx_word' id='word_1_424' title='bbox 160 3302 329 3357; x_wconf 83' lang='lat' dir='ltr'><strong>fuerit</strong></span> <span class='ocrx_word' id='word_1_425' title='bbox 357 3304 647 3371; x_wconf 86' lang='lat' dir='ltr'><strong>episcopus</strong></span> <span class='ocrx_word' id='word_1_426' title='bbox 673 3301 897 3367; x_wconf 72' lang='lat' dir='ltr'><strong>Cmsar.,</strong></span> <span class='ocrx_word' id='word_1_427' title='bbox 927 3316 1051 3370; x_wconf 84' lang='lat' dir='ltr'><strong>pag.</strong></span> <span class='ocrx_word' id='word_1_428' title='bbox 1076 3302 1163 3361; x_wconf 83' lang='grc'><strong>52,</strong></span> <span class='ocrx_word' id='word_1_429' title='bbox 1190 3300 1258 3354; x_wconf 88' lang='grc'><strong>56</strong></span> <span class='ocrx_word' id='word_1_430' title='bbox 1284 3316 1461 3372; x_wconf 86' lang='lat' dir='ltr'><strong>seqq.,</strong></span> <span class='ocrx_word' id='word_1_431' title='bbox 1482 3301 1552 3355; x_wconf 87' lang='lat'><strong>42</strong></span> <span class='ocrx_word' id='word_1_432' title='bbox 1572 3316 1750 3370; x_wconf 90' lang='lat' dir='ltr'><strong>seqq.,</strong></span> 
     </span>
    </p>
   </div>
   <div class='ocr_carea' id='block_1_61' title="bbox 159 3394 492 3457">
    <p class='ocr_par' dir='ltr' id='par_1_61' title="bbox 159 3394 492 3457">
     <span class='ocr_line' id='line_1_61' title="bbox 159 3394 492 3457; baseline 0 -10"><span class='ocrx_word' id='word_1_433' title='bbox 159 3394 253 3451; x_wconf 85' lang='lat' dir='ltr'><strong>5i.</strong></span> <span class='ocrx_word' id='word_1_434' title='bbox 295 3394 380 3457; x_wconf 75' lang='grc'><strong>09,</strong></span> <span class='ocrx_word' id='word_1_435' title='bbox 400 3394 492 3447; x_wconf 90' lang='grc'><strong>70.</strong></span> 
     </span>
    </p>
   </div>
   <div class='ocr_carea' id='block_1_62' title="bbox 232 3483 1751 3556">
    <p class='ocr_par' dir='ltr' id='par_1_62' title="bbox 232 3483 1751 3556">
     <span class='ocr_line' id='line_1_62' title="bbox 232 3483 1751 3556; baseline -0.001 -17"><span class='ocrx_word' id='word_1_436' title='bbox 232 3483 351 3540; x_wconf 82' lang='lat' dir='ltr'><strong>Jac.</strong></span> <span class='ocrx_word' id='word_1_437' title='bbox 391 3485 637 3556; x_wconf 81' lang='lat' dir='ltr'><strong>Basnage</strong></span> <span class='ocrx_word' id='word_1_438' title='bbox 668 3486 719 3540; x_wconf 89' lang='lat' dir='ltr'><strong>in</strong></span> <span class='ocrx_word' id='word_1_439' title='bbox 755 3503 767 3538; x_wconf 91' lang='lat'>:</span> <span class='ocrx_word' id='word_1_440' title='bbox 804 3484 1041 3540; x_wconf 87' lang='lat' dir='ltr'><strong>Histoire</strong></span> <span class='ocrx_word' id='word_1_441' title='bbox 1090 3484 1153 3538; x_wconf 87' lang='lat' dir='ltr'><strong>de</strong></span> <span class='ocrx_word' id='word_1_442' title='bbox 1199 3483 1438 3552; x_wconf 81' lang='lat' dir='ltr'><strong>I‘Eglise,</strong></span> <span class='ocrx_word' id='word_1_443' title='bbox 1464 3500 1588 3553; x_wconf 68' lang='lat' dir='ltr'><strong>ptg.</strong></span> <span class='ocrx_word' id='word_1_444' title='bbox 1627 3483 1751 3548; x_wconf 80' lang='grc'>615,</span> 
     </span>
    </p>
   </div>
   <div class='ocr_carea' id='block_1_63' title="bbox 160 3578 1381 3648">
    <p class='ocr_par' dir='ltr' id='par_1_63' title="bbox 160 3578 1381 3648">
     <span class='ocr_line' id='line_1_63' title="bbox 160 3578 1381 3648; baseline -0.002 -15"><span class='ocrx_word' id='word_1_445' title='bbox 160 3578 295 3641; x_wconf 84' lang='grc'>655,</span> <span class='ocrx_word' id='word_1_446' title='bbox 329 3578 428 3633; x_wconf 82' lang='grc'><strong>641</strong></span> <span class='ocrx_word' id='word_1_447' title='bbox 466 3594 645 3648; x_wconf 88' lang='lat' dir='ltr'><strong>seqq.,</strong></span> <span class='ocrx_word' id='word_1_448' title='bbox 676 3579 812 3633; x_wconf 81' lang='grc'>1156</span> <span class='ocrx_word' id='word_1_449' title='bbox 840 3593 1021 3647; x_wconf 86' lang='lat' dir='ltr'><strong>seqq.,</strong></span> <span class='ocrx_word' id='word_1_450' title='bbox 1056 3578 1196 3633; x_wconf 85' lang='grc'>1195</span> <span class='ocrx_word' id='word_1_451' title='bbox 1229 3592 1381 3647; x_wconf 83' lang='lat' dir='ltr'><strong>seqq.</strong></span> 
     </span>
    </p>
   </div>
   <div class='ocr_carea' id='block_1_64' title="bbox 233 3668 1749 3737">
    <p class='ocr_par' dir='ltr' id='par_1_64' title="bbox 233 3668 1749 3737">
     <span class='ocr_line' id='line_1_64' title="bbox 233 3668 1749 3737; baseline -0.001 -13"><span class='ocrx_word' id='word_1_452' title='bbox 233 3672 438 3725; x_wconf 82' lang='lat' dir='ltr'><strong>Arnold</strong></span> <span class='ocrx_word' id='word_1_453' title='bbox 473 3673 522 3724; x_wconf 88' lang='lat' dir='ltr'><strong>itt</strong></span> <span class='ocrx_word' id='word_1_454' title='bbox 562 3685 576 3722; x_wconf 93' lang='lat'><strong>:</strong></span> <span class='ocrx_word' id='word_1_455' title='bbox 610 3669 973 3722; x_wconf 80' lang='lat' dir='ltr'><strong>Kirchen-uml</strong></span> <span class='ocrx_word' id='word_1_456' title='bbox 1018 3668 1493 3730; x_wconf 78' lang='lat' dir='ltr'><strong>Ketzer-Historie,</strong></span> <span class='ocrx_word' id='word_1_457' title='bbox 1544 3677 1679 3737; x_wconf 90' lang='lat' dir='ltr'><strong>part.</strong></span> <span class='ocrx_word' id='word_1_458' title='bbox 1712 3683 1749 3729; x_wconf 89' lang='lat' dir='ltr'><strong>l,</strong></span> 
     </span>
    </p>
   </div>
   <div class='ocr_carea' id='block_1_65' title="bbox 161 3760 1023 3833">
    <p class='ocr_par' dir='ltr' id='par_1_65' title="bbox 161 3760 1023 3833">
     <span class='ocr_line' id='line_1_65' title="bbox 161 3760 1023 3833; baseline -0.006 -16"><span class='ocrx_word' id='word_1_459' title='bbox 161 3764 262 3817; x_wconf 87' lang='lat' dir='ltr'><strong>lib.</strong></span> <span class='ocrx_word' id='word_1_460' title='bbox 292 3778 367 3825; x_wconf 84' lang='lat' dir='ltr'><strong>tv,</strong></span> <span class='ocrx_word' id='word_1_461' title='bbox 393 3778 513 3831; x_wconf 90' lang='lat' dir='ltr'><strong>cap.</strong></span> <span class='ocrx_word' id='word_1_462' title='bbox 545 3762 599 3826; x_wconf 90' lang='lat'><strong>4,</strong></span> <span class='ocrx_word' id='word_1_463' title='bbox 633 3761 659 3833; x_wconf 85' lang='lat'>§</span> <span class='ocrx_word' id='word_1_464' title='bbox 698 3761 789 3825; x_wconf 87' lang='grc'><strong>57,</strong></span> <span class='ocrx_word' id='word_1_465' title='bbox 819 3760 909 3823; x_wconf 90' lang='grc'><strong>58,</strong></span> <span class='ocrx_word' id='word_1_466' title='bbox 932 3760 1023 3814; x_wconf 88' lang='grc'><strong>59.</strong></span> 
     </span>
    </p>
   </div>
   <div class='ocr_carea' id='block_1_66' title="bbox 234 3850 1756 3913">
    <p class='ocr_par' dir='ltr' id='par_1_66' title="bbox 234 3850 1756 3913">
     <span class='ocr_line' id='line_1_66' title="bbox 234 3850 1756 3913; baseline -0.007 0"><span class='ocrx_word' id='word_1_467' title='bbox 234 3856 478 3913; x_wconf 74' lang='grc' dir='ltr'><strong>ϐοιιΙίρΙ)</strong></span> <span class='ocrx_word' id='word_1_468' title='bbox 550 3855 719 3910; x_wconf 90' lang='lat' dir='ltr'><strong>Slolle</strong></span> <span class='ocrx_word' id='word_1_469' title='bbox 792 3853 843 3908; x_wconf 88' lang='lat' dir='ltr'><strong>itt</strong></span> <span class='ocrx_word' id='word_1_470' title='bbox 877 3870 892 3909; x_wconf 90' lang='lat'><strong>:</strong></span> <span class='ocrx_word' id='word_1_471' title='bbox 930 3852 1221 3907; x_wconf 77' lang='lat' dir='ltr'><strong>Nachricht</strong></span> <span class='ocrx_word' id='word_1_472' title='bbox 1274 3869 1371 3907; x_wconf 85' lang='lat' dir='ltr'><strong>von</strong></span> <span class='ocrx_word' id='word_1_473' title='bbox 1428 3853 1530 3907; x_wconf 78' lang='lat' dir='ltr'><strong>dett</strong></span> <span class='ocrx_word' id='word_1_474' title='bbox 1582 3850 1756 3906; x_wconf 87' lang='lat' dir='ltr'><strong>Leben</strong></span> 
     </span>
    </p>
   </div>
   <div class='ocr_carea' id='block_1_67' title="bbox 164 3944 1435 4016">
    <p class='ocr_par' dir='ltr' id='par_1_67' title="bbox 164 3944 1435 4016">
     <span class='ocr_line' id='line_1_67' title="bbox 164 3944 1435 4016; baseline -0.005 -11"><span class='ocrx_word' id='word_1_475' title='bbox 164 3952 358 4005; x_wconf 90' lang='lat' dir='ltr'><strong>....der</strong></span> <span class='ocrx_word' id='word_1_476' title='bbox 387 3947 799 4011; x_wconf 65' lang='lat' dir='ltr'><strong>Kircnettt&#39;a’ter,</strong></span> <span class='ocrx_word' id='word_1_477' title='bbox 829 3955 959 4010; x_wconf 90' lang='lat' dir='ltr'><strong>etc.,</strong></span> <span class='ocrx_word' id='word_1_478' title='bbox 991 3961 1113 4016; x_wconf 80' lang='lat' dir='ltr'><strong>pag.</strong></span> <span class='ocrx_word' id='word_1_479' title='bbox 1141 3944 1245 3998; x_wconf 87' lang='grc'><strong>559</strong></span> <span class='ocrx_word' id='word_1_480' title='bbox 1284 3960 1435 4014; x_wconf 82' lang='lat' dir='ltr'><strong>seqq.</strong></span> 
     </span>
    </p>
   </div>
   <div class='ocr_carea' id='block_1_68' title="bbox 235 4036 1752 4107">
    <p class='ocr_par' dir='ltr' id='par_1_68' title="bbox 235 4036 1752 4107">
     <span class='ocr_line' id='line_1_68' title="bbox 235 4036 1752 4107; baseline -0.005 -10"><span class='ocrx_word' id='word_1_481' title='bbox 235 4043 306 4097; x_wconf 71' lang='grc' dir='ltr'>Β.</span> <span class='ocrx_word' id='word_1_482' title='bbox 337 4041 533 4095; x_wconf 86' lang='lat' dir='ltr'><strong>Ceiller</strong></span> <span class='ocrx_word' id='word_1_483' title='bbox 562 4038 703 4091; x_wconf 91' lang='lat' dir='ltr'><strong>Hist.</strong></span> <span class='ocrx_word' id='word_1_484' title='bbox 757 4041 876 4107; x_wconf 70' lang='lat' dir='ltr'><strong>gen.</strong></span> <span class='ocrx_word' id='word_1_485' title='bbox 925 4043 1017 4093; x_wconf 85' lang='lat' dir='ltr'><strong>des</strong></span> <span class='ocrx_word' id='word_1_486' title='bbox 1070 4048 1183 4091; x_wconf 85' lang='lat' dir='ltr'><strong>aut.</strong></span> <span class='ocrx_word' id='word_1_487' title='bbox 1223 4036 1431 4100; x_wconf 87' lang='lat' dir='ltr'><strong>eccles.,</strong></span> <span class='ocrx_word' id='word_1_488' title='bbox 1489 4046 1619 4092; x_wconf 89' lang='lat' dir='ltr'><strong>tom.</strong></span> <span class='ocrx_word' id='word_1_489' title='bbox 1664 4037 1752 4103; x_wconf 90' lang='lat' dir='ltr'><strong>VI,</strong></span> 
     </span>
    </p>
   </div>
   <div class='ocr_carea' id='block_1_69' title="bbox 159 4132 391 4208">
    <p class='ocr_par' dir='ltr' id='par_1_69' title="bbox 159 4132 391 4208">
     <span class='ocr_line' id='line_1_69' title="bbox 159 4132 391 4208; baseline -0.022 0"><span class='ocrx_word' id='word_1_490' title='bbox 159 4149 288 4208; x_wconf 69' lang='grc' dir='ltr'><strong>ρες-</strong></span> <span class='ocrx_word' id='word_1_491' title='bbox 321 4132 391 4187; x_wconf 83' lang='lat'><strong>60</strong></span> 
     </span>
    </p>
   </div>
   <div class='ocr_carea' id='block_1_70' title="bbox 233 4216 1749 4299">
    <p class='ocr_par' dir='ltr' id='par_1_70' title="bbox 233 4216 1749 4299">
     <span class='ocr_line' id='line_1_70' title="bbox 233 4216 1749 4299; baseline -0.003 -17"><span class='ocrx_word' id='word_1_492' title='bbox 233 4225 551 4299; x_wconf 82' lang='lat' dir='ltr'><strong>Apollinare</strong></span> <span class='ocrx_word' id='word_1_493' title='bbox 593 4220 821 4292; x_wconf 84' lang='lat' dir='ltr'><strong>Agresta</strong></span> <span class='ocrx_word' id='word_1_494' title='bbox 875 4216 997 4273; x_wconf 82' lang='lat' dir='ltr'><strong>Vita</strong></span> <span class='ocrx_word' id='word_1_495' title='bbox 1054 4218 1141 4273; x_wconf 88' lang='lat' dir='ltr'><strong>del</strong></span> <span class='ocrx_word' id='word_1_496' title='bbox 1206 4219 1642 4289; x_wconf 86' lang='lat' dir='ltr'><strong>protopatriarca</strong></span> <span class='ocrx_word' id='word_1_497' title='bbox 1670 4218 1749 4277; x_wconf 64' lang='lat' dir='ltr'><strong>.S.</strong></span> 
     </span>
    </p>
   </div>
   <div class='ocr_carea' id='block_1_71' title="bbox 158 4311 1754 4384">
    <p class='ocr_par' dir='ltr' id='par_1_71' title="bbox 158 4311 1754 4384">
     <span class='ocr_line' id='line_1_71' title="bbox 158 4311 1754 4384; baseline -0.005 -8"><span class='ocrx_word' id='word_1_498' title='bbox 158 4321 374 4378; x_wconf 81' lang='lat' dir='ltr'><strong>Basilio</strong></span> <span class='ocrx_word' id='word_1_499' title='bbox 410 4317 487 4372; x_wconf 80' lang='grc' dir='ltr'>Μ.</span> <span class='ocrx_word' id='word_1_500' title='bbox 528 4316 583 4371; x_wconf 91' lang='lat' dir='ltr'><strong>In</strong></span> <span class='ocrx_word' id='word_1_501' title='bbox 615 4315 871 4382; x_wconf 76' lang='lat' dir='ltr'><strong>Messina,</strong></span> <span class='ocrx_word' id='word_1_502' title='bbox 912 4311 1055 4370; x_wconf 87' lang='lat' dir='ltr'><strong>nella</strong></span> <span class='ocrx_word' id='word_1_503' title='bbox 1089 4314 1381 4384; x_wconf 88' lang='lat' dir='ltr'><strong>stantperia</strong></span> <span class='ocrx_word' id='word_1_504' title='bbox 1423 4314 1479 4369; x_wconf 87' lang='lat' dir='ltr'><strong>di</strong></span> <span class='ocrx_word' id='word_1_505' title='bbox 1519 4312 1754 4369; x_wconf 81' lang='lat' dir='ltr'><strong>Vicenzo</strong></span> 
     </span>
    </p>
   </div>
   <div class='ocr_carea' id='block_1_72' title="bbox 161 4410 731 4476">
    <p class='ocr_par' dir='ltr' id='par_1_72' title="bbox 161 4410 731 4476">
     <span class='ocr_line' id='line_1_72' title="bbox 161 4410 731 4476; baseline -0.014 -7"><span class='ocrx_word' id='word_1_506' title='bbox 161 4415 265 4469; x_wconf 85' lang='lat' dir='ltr'><strong>d&#39;A</strong></span> <span class='ocrx_word' id='word_1_507' title='bbox 277 4412 440 4476; x_wconf 89' lang='lat' dir='ltr'><strong>mico,</strong></span> <span class='ocrx_word' id='word_1_508' title='bbox 466 4411 593 4465; x_wconf 74' lang='lat' dir='ltr'><strong>168I</strong></span> <span class='ocrx_word' id='word_1_509' title='bbox 608 4450 623 4473; x_wconf 91' lang='lat'><strong>,</strong></span> <span class='ocrx_word' id='word_1_510' title='bbox 650 4410 731 4464; x_wconf 83' lang='lat'><strong>4°.</strong></span> 
     </span>
    </p>
   </div>
   <div class='ocr_carea' id='block_1_73' title="bbox 234 4496 1747 4571">
    <p class='ocr_par' dir='ltr' id='par_1_73' title="bbox 234 4496 1747 4571">
     <span class='ocr_line' id='line_1_73' title="bbox 234 4496 1747 4571; baseline -0.007 -11"><span class='ocrx_word' id='word_1_511' title='bbox 234 4504 322 4560; x_wconf 83' lang='lat' dir='ltr'><strong>Jo.</strong></span> <span class='ocrx_word' id='word_1_512' title='bbox 356 4502 456 4559; x_wconf 86' lang='lat' dir='ltr'><strong>Ge.</strong></span> <span class='ocrx_word' id='word_1_513' title='bbox 490 4500 847 4571; x_wconf 83' lang='lat' dir='ltr'><strong>Werenberg,</strong></span> <span class='ocrx_word' id='word_1_514' title='bbox 880 4499 1026 4553; x_wconf 89' lang='lat' dir='ltr'><strong>Diss.</strong></span> <span class='ocrx_word' id='word_1_515' title='bbox 1090 4500 1155 4553; x_wconf 82' lang='lat' dir='ltr'><strong>de</strong></span> <span class='ocrx_word' id='word_1_516' title='bbox 1212 4497 1493 4567; x_wconf 83' lang='lat' dir='ltr'><strong>prudentia</strong></span> <span class='ocrx_word' id='word_1_517' title='bbox 1553 4496 1747 4552; x_wconf 80' lang='lat' dir='ltr'><strong>Basilii</strong></span> 
     </span>
    </p>
   </div>
   <div class='ocr_carea' id='block_1_74' title="bbox 162 4590 1501 4664">
    <p class='ocr_par' dir='ltr' id='par_1_74' title="bbox 162 4590 1501 4664">
     <span class='ocr_line' id='line_1_74' title="bbox 162 4590 1501 4664; baseline -0.008 -10"><span class='ocrx_word' id='word_1_518' title='bbox 162 4599 245 4656; x_wconf 71' lang='lat' dir='ltr'><strong>ll.</strong></span> <span class='ocrx_word' id='word_1_519' title='bbox 273 4600 332 4651; x_wconf 82' lang='lat' dir='ltr'><strong>in</strong></span> <span class='ocrx_word' id='word_1_520' title='bbox 377 4595 673 4664; x_wconf 74' lang='lat' dir='ltr'><strong>refutandis</strong></span> <span class='ocrx_word' id='word_1_521' title='bbox 698 4594 976 4647; x_wconf 71' lang='lat' dir='ltr'><strong>htrrett&#39;cis.</strong></span> <span class='ocrx_word' id='word_1_522' title='bbox 1004 4591 1201 4661; x_wconf 67' lang='lat' dir='ltr'><strong>Lipsiae</strong></span> <span class='ocrx_word' id='word_1_523' title='bbox 1234 4590 1393 4655; x_wconf 83' lang='lat' dir='ltr'><strong>I724,</strong></span> <span class='ocrx_word' id='word_1_524' title='bbox 1424 4590 1501 4643; x_wconf 94' lang='lat'><strong>4°.</strong></span> 
     </span>
    </p>
   </div>
   <div class='ocr_carea' id='block_1_75' title="bbox 235 4680 1748 4752">
    <p class='ocr_par' dir='ltr' id='par_1_75' title="bbox 235 4680 1748 4752">
     <span class='ocr_line' id='line_1_75' title="bbox 235 4680 1748 4752; baseline -0.008 -7"><span class='ocrx_word' id='word_1_525' title='bbox 235 4689 285 4745; x_wconf 81' lang='lat' dir='ltr'><strong>J.</strong></span> <span class='ocrx_word' id='word_1_526' title='bbox 321 4688 422 4743; x_wconf 89' lang='lat' dir='ltr'><strong>Ge.</strong></span> <span class='ocrx_word' id='word_1_527' title='bbox 467 4686 685 4745; x_wconf 79' lang='lat' dir='ltr'><strong>Walclt,</strong></span> <span class='ocrx_word' id='word_1_528' title='bbox 727 4683 868 4738; x_wconf 86' lang='lat' dir='ltr'><strong>Hist.</strong></span> <span class='ocrx_word' id='word_1_529' title='bbox 935 4685 1119 4740; x_wconf 79' lang='lat' dir='ltr'><strong>eccles.</strong></span> <span class='ocrx_word' id='word_1_530' title='bbox 1178 4680 1250 4736; x_wconf 87' lang='grc' dir='ltr'>Ν.</span> <span class='ocrx_word' id='word_1_531' title='bbox 1306 4681 1392 4745; x_wconf 88' lang='lat' dir='ltr'><strong>T.,</strong></span> <span class='ocrx_word' id='word_1_532' title='bbox 1456 4696 1577 4752; x_wconf 82' lang='lat' dir='ltr'><strong>pag.</strong></span> <span class='ocrx_word' id='word_1_533' title='bbox 1614 4681 1748 4735; x_wconf 87' lang='grc'>1557</span> 
     </span>
    </p>
   </div>
   <div class='ocr_carea' id='block_1_76' title="bbox 163 4772 1751 4852">
    <p class='ocr_par' dir='ltr' id='par_1_76' title="bbox 163 4772 1751 4852">
     <span class='ocr_line' id='line_1_76' title="bbox 163 4772 1751 4852; baseline -0.009 -12"><span class='ocrx_word' id='word_1_534' title='bbox 163 4797 351 4852; x_wconf 84' lang='lat' dir='ltr'><strong>seqq.,</strong></span> <span class='ocrx_word' id='word_1_535' title='bbox 386 4789 443 4834; x_wconf 87' lang='lat' dir='ltr'><strong>et</strong></span> <span class='ocrx_word' id='word_1_536' title='bbox 496 4781 702 4849; x_wconf 83' lang='lat' dir='ltr'><strong>passim</strong></span> <span class='ocrx_word' id='word_1_537' title='bbox 750 4778 803 4832; x_wconf 82' lang='lat' dir='ltr'><strong>in</strong></span> <span class='ocrx_word' id='word_1_538' title='bbox 850 4776 1182 4832; x_wconf 84' lang='lat' dir='ltr'><strong>Bibliotheca</strong></span> <span class='ocrx_word' id='word_1_539' title='bbox 1238 4775 1551 4844; x_wconf 82' lang='lat' dir='ltr'><strong>patt&#39;istica;</strong></span> <span class='ocrx_word' id='word_1_540' title='bbox 1610 4772 1751 4827; x_wconf 72' lang='lat' dir='ltr'><strong>lena:</strong></span> 
     </span>
    </p>
   </div>
   <div class='ocr_carea' id='block_1_77' title="bbox 164 4871 583 4937">
    <p class='ocr_par' dir='ltr' id='par_1_77' title="bbox 164 4871 583 4937">
     <span class='ocr_line' id='line_1_77' title="bbox 164 4871 583 4937; baseline -0.01 -8"><span class='ocrx_word' id='word_1_541' title='bbox 164 4875 326 4937; x_wconf 85' lang='grc'>1770,</span> <span class='ocrx_word' id='word_1_542' title='bbox 363 4872 493 4927; x_wconf 91' lang='lat' dir='ltr'><strong>mai.</strong></span> <span class='ocrx_word' id='word_1_543' title='bbox 529 4871 583 4925; x_wconf 90' lang='lat'><strong>8.</strong></span> 
     </span>
    </p>
   </div>
   <div class='ocr_carea' id='block_1_78' title="bbox 240 4960 1750 5016">
    <p class='ocr_par' dir='ltr' id='par_1_78' title="bbox 240 4960 1750 5016">
     <span class='ocr_line' id='line_1_78' title="bbox 240 4960 1750 5016; baseline -0.003 0"><span class='ocrx_word' id='word_1_544' title='bbox 240 4962 634 5016; x_wconf 79' lang='lat' dir='ltr'><strong>Ditucidazioni</strong></span> <span class='ocrx_word' id='word_1_545' title='bbox 676 4960 1131 5015; x_wconf 86' lang='lat' dir='ltr'><strong>critico-istoriche</strong></span> <span class='ocrx_word' id='word_1_546' title='bbox 1162 4960 1303 5015; x_wconf 85' lang='lat' dir='ltr'><strong>della</strong></span> <span class='ocrx_word' id='word_1_547' title='bbox 1346 4960 1453 5012; x_wconf 83' lang='lat' dir='ltr'><strong>vita</strong></span> <span class='ocrx_word' id='word_1_548' title='bbox 1498 4960 1552 5013; x_wconf 87' lang='lat' dir='ltr'><strong>di</strong></span> <span class='ocrx_word' id='word_1_549' title='bbox 1597 4966 1750 5012; x_wconf 85' lang='lat' dir='ltr'><strong>sattto</strong></span> 
     </span>
    </p>
   </div>
   <div class='ocr_carea' id='block_1_79' title="bbox 166 5051 1701 5123">
    <p class='ocr_par' dir='ltr' id='par_1_79' title="bbox 166 5051 1701 5123">
     <span class='ocr_line' id='line_1_79' title="bbox 166 5051 1701 5123; baseline -0.005 -12"><span class='ocrx_word' id='word_1_550' title='bbox 166 5056 371 5111; x_wconf 85' lang='lat' dir='ltr'><strong>Basilio</strong></span> <span class='ocrx_word' id='word_1_551' title='bbox 405 5056 482 5111; x_wconf 80' lang='grc' dir='ltr'>Μ.</span> <span class='ocrx_word' id='word_1_552' title='bbox 508 5054 593 5110; x_wconf 88' lang='lat' dir='ltr'><strong>dal</strong></span> <span class='ocrx_word' id='word_1_553' title='bbox 618 5051 887 5123; x_wconf 86' lang='lat' dir='ltr'><strong>Giuseppe</strong></span> <span class='ocrx_word' id='word_1_554' title='bbox 918 5052 1005 5108; x_wconf 89' lang='lat' dir='ltr'><strong>del</strong></span> <span class='ocrx_word' id='word_1_555' title='bbox 1031 5051 1194 5105; x_wconf 85' lang='lat' dir='ltr'><strong>Pozo.</strong></span> <span class='ocrx_word' id='word_1_556' title='bbox 1229 5053 1414 5107; x_wconf 72' lang='lat' dir='ltr'><strong>Itonia:</strong></span> <span class='ocrx_word' id='word_1_557' title='bbox 1441 5052 1599 5117; x_wconf 84' lang='grc'>1746,</span> <span class='ocrx_word' id='word_1_558' title='bbox 1624 5051 1701 5104; x_wconf 82' lang='lat'><strong>4°.</strong></span> 
     </span>
    </p>
   </div>
   <div class='ocr_carea' id='block_1_80' title="bbox 241 5139 1752 5213">
    <p class='ocr_par' dir='ltr' id='par_1_80' title="bbox 241 5139 1752 5213">
     <span class='ocr_line' id='line_1_80' title="bbox 241 5139 1752 5213; baseline -0.002 -15"><span class='ocrx_word' id='word_1_559' title='bbox 241 5144 575 5213; x_wconf 85' lang='lat' dir='ltr'><strong>Hamberger</strong></span> <span class='ocrx_word' id='word_1_560' title='bbox 605 5141 658 5195; x_wconf 92' lang='lat' dir='ltr'><strong>in</strong></span> <span class='ocrx_word' id='word_1_561' title='bbox 686 5156 699 5193; x_wconf 87' lang='lat'><strong>:</strong></span> <span class='ocrx_word' id='word_1_562' title='bbox 731 5139 1093 5211; x_wconf 73' lang='lat' dir='ltr'><strong>Zuverlazssig.</strong></span> <span class='ocrx_word' id='word_1_563' title='bbox 1135 5140 1472 5209; x_wconf 83' lang='lat' dir='ltr'><strong>Nachricht.,</strong></span> <span class='ocrx_word' id='word_1_564' title='bbox 1525 5153 1653 5197; x_wconf 89' lang='lat' dir='ltr'><strong>tom.</strong></span> <span class='ocrx_word' id='word_1_565' title='bbox 1690 5141 1752 5205; x_wconf 93' lang='lat' dir='ltr'><strong>II,</strong></span> 
     </span>
    </p>
   </div>
   <div class='ocr_carea' id='block_1_81' title="bbox 166 5232 1751 5310">
    <p class='ocr_par' dir='ltr' id='par_1_81' title="bbox 166 5232 1751 5310">
     <span class='ocr_line' id='line_1_81' title="bbox 166 5232 1751 5310; baseline -0.004 -18"><span class='ocrx_word' id='word_1_566' title='bbox 166 5252 291 5310; x_wconf 78' lang='lat' dir='ltr'><strong>pag.</strong></span> <span class='ocrx_word' id='word_1_567' title='bbox 325 5234 431 5290; x_wconf 86' lang='lat'><strong>804</strong></span> <span class='ocrx_word' id='word_1_568' title='bbox 460 5251 616 5305; x_wconf 87' lang='lat' dir='ltr'><strong>seqq.</strong></span> <span class='ocrx_word' id='word_1_569' title='bbox 657 5232 905 5303; x_wconf 89' lang='lat' dir='ltr'><strong>Inprimis</strong></span> <span class='ocrx_word' id='word_1_570' title='bbox 954 5236 1255 5289; x_wconf 76' lang='lat' dir='ltr'><strong>laudandus</strong></span> <span class='ocrx_word' id='word_1_571' title='bbox 1282 5246 1366 5287; x_wconf 78' lang='lat' dir='ltr'><strong>est</strong></span> <span class='ocrx_word' id='word_1_572' title='bbox 1394 5251 1422 5288; x_wconf 86' lang='lat' dir='ltr'><strong>a</strong></span> <span class='ocrx_word' id='word_1_573' title='bbox 1453 5234 1751 5306; x_wconf 84' lang='lat' dir='ltr'><strong>diligentia,</strong></span> 
     </span>
    </p>
   </div>
   <div class='ocr_carea' id='block_1_82' title="bbox 168 5320 1751 5394">
    <p class='ocr_par' dir='ltr' id='par_1_82' title="bbox 168 5320 1751 5394">
     <span class='ocr_line' id='line_1_82' title="bbox 168 5320 1751 5394; baseline -0.004 -12"><span class='ocrx_word' id='word_1_574' title='bbox 168 5327 348 5382; x_wconf 87' lang='lat' dir='ltr'><strong>studio</strong></span> <span class='ocrx_word' id='word_1_575' title='bbox 374 5340 619 5394; x_wconf 90' lang='lat' dir='ltr'><strong>curaque</strong></span> <span class='ocrx_word' id='word_1_576' title='bbox 662 5326 713 5378; x_wconf 91' lang='lat' dir='ltr'><strong>in</strong></span> <span class='ocrx_word' id='word_1_577' title='bbox 767 5320 888 5375; x_wconf 85' lang='lat' dir='ltr'><strong>Vita</strong></span> <span class='ocrx_word' id='word_1_578' title='bbox 935 5322 1121 5379; x_wconf 88' lang='lat' dir='ltr'><strong>Basilii</strong></span> <span class='ocrx_word' id='word_1_579' title='bbox 1174 5322 1391 5376; x_wconf 85' lang='lat' dir='ltr'><strong>uberius</strong></span> <span class='ocrx_word' id='word_1_580' title='bbox 1437 5324 1751 5393; x_wconf 82' lang='lat' dir='ltr'><strong>explicanda</strong></span> 
     </span>
    </p>
   </div>
   <div class='ocr_carea' id='block_1_83' title="bbox 167 5412 1753 5486">
    <p class='ocr_par' dir='ltr' id='par_1_83' title="bbox 167 5412 1753 5486">
     <span class='ocr_line' id='line_1_83' title="bbox 167 5412 1753 5486; baseline -0.003 -13"><span class='ocrx_word' id='word_1_581' title='bbox 167 5432 224 5473; x_wconf 87' lang='lat' dir='ltr'><strong>et</strong></span> <span class='ocrx_word' id='word_1_582' title='bbox 253 5416 564 5486; x_wconf 88' lang='lat' dir='ltr'><strong>colligendis</strong></span> <span class='ocrx_word' id='word_1_583' title='bbox 599 5424 763 5485; x_wconf 85' lang='lat' dir='ltr'><strong>atque</strong></span> <span class='ocrx_word' id='word_1_584' title='bbox 808 5412 1001 5469; x_wconf 88' lang='lat' dir='ltr'><strong>melius</strong></span> <span class='ocrx_word' id='word_1_585' title='bbox 1045 5412 1361 5469; x_wconf 89' lang='lat' dir='ltr'><strong>ordinandis</strong></span> <span class='ocrx_word' id='word_1_586' title='bbox 1394 5412 1579 5470; x_wconf 88' lang='lat' dir='ltr'><strong>Basilii</strong></span> <span class='ocrx_word' id='word_1_587' title='bbox 1615 5414 1753 5470; x_wconf 88' lang='lat' dir='ltr'><strong>scri-</strong></span> 
     </span>
    </p>
   </div>
   <div class='ocr_carea' id='block_1_84' title="bbox 170 5516 295 5579">
    <p class='ocr_par' dir='ltr' id='par_1_84' title="bbox 170 5516 295 5579">
     <span class='ocr_line' id='line_1_84' title="bbox 170 5516 295 5579; baseline 0.048 -18"><span class='ocrx_word' id='word_1_588' title='bbox 170 5516 295 5579; x_wconf 86' lang='lat' dir='ltr'><strong>ptis.</strong></span> 
     </span>
    </p>
   </div>
   <div class='ocr_carea' id='block_1_85' title="bbox 1859 3296 3427 3364">
    <p class='ocr_par' dir='ltr' id='par_1_85' title="bbox 1859 3296 3427 3364">
     <span class='ocr_line' id='line_1_85' title="bbox 1859 3296 3427 3364; baseline 0.003 -13"><span class='ocrx_word' id='word_1_589' title='bbox 1859 3308 2005 3351; x_wconf 90' lang='lat' dir='ltr'><strong>tomo</strong></span> <span class='ocrx_word' id='word_1_590' title='bbox 2062 3296 2231 3351; x_wconf 81' lang='lat' dir='ltr'><strong>Nova:</strong></span> <span class='ocrx_word' id='word_1_591' title='bbox 2284 3296 2451 3361; x_wconf 87' lang='lat' dir='ltr'><strong>Bibl.,</strong></span> <span class='ocrx_word' id='word_1_592' title='bbox 2504 3312 2623 3364; x_wconf 87' lang='lat' dir='ltr'><strong>pag.</strong></span> <span class='ocrx_word' id='word_1_593' title='bbox 2672 3296 2915 3350; x_wconf 83' lang='grc'>268-512</span> <span class='ocrx_word' id='word_1_594' title='bbox 2968 3300 3094 3351; x_wconf 88' lang='lat' dir='ltr'><strong>edit.</strong></span> <span class='ocrx_word' id='word_1_595' title='bbox 3153 3298 3293 3364; x_wconf 86' lang='lat' dir='ltr'><strong>Lat.,</strong></span> <span class='ocrx_word' id='word_1_596' title='bbox 3330 3315 3427 3355; x_wconf 89' lang='lat' dir='ltr'><strong>eas</strong></span> 
     </span>
    </p>
   </div>
   <div class='ocr_carea' id='block_1_86' title="bbox 1856 3388 3434 3460">
    <p class='ocr_par' dir='ltr' id='par_1_86' title="bbox 1856 3388 3434 3460">
     <span class='ocr_line' id='line_1_86' title="bbox 1856 3388 3434 3460; baseline 0.001 -16"><span class='ocrx_word' id='word_1_597' title='bbox 1856 3390 2148 3444; x_wconf 81' lang='lat' dir='ltr'><strong>Secundum</strong></span> <span class='ocrx_word' id='word_1_598' title='bbox 2192 3388 2453 3455; x_wconf 84' lang='lat' dir='ltr'><strong>temporis</strong></span> <span class='ocrx_word' id='word_1_599' title='bbox 2496 3389 2743 3441; x_wconf 84' lang='lat' dir='ltr'><strong>ordinem</strong></span> <span class='ocrx_word' id='word_1_600' title='bbox 2791 3389 3080 3457; x_wconf 88' lang='lat' dir='ltr'><strong>disponere</strong></span> <span class='ocrx_word' id='word_1_601' title='bbox 3136 3400 3299 3460; x_wconf 90' lang='lat' dir='ltr'><strong>atque</strong></span> <span class='ocrx_word' id='word_1_602' title='bbox 3339 3408 3434 3446; x_wconf 77' lang='lat' dir='ltr'><strong>ex-</strong></span> 
     </span>
    </p>
   </div>
   <div class='ocr_carea' id='block_1_87' title="bbox 1857 3479 3417 3549">
    <p class='ocr_par' dir='ltr' id='par_1_87' title="bbox 1857 3479 3417 3549">
     <span class='ocr_line' id='line_1_87' title="bbox 1857 3479 3417 3549; baseline 0.004 -18"><span class='ocrx_word' id='word_1_603' title='bbox 1857 3480 2055 3549; x_wconf 88' lang='lat' dir='ltr'><strong>plicare</strong></span> <span class='ocrx_word' id='word_1_604' title='bbox 2109 3480 2390 3533; x_wconf 90' lang='lat' dir='ltr'><strong>sustinuit.</strong></span> <span class='ocrx_word' id='word_1_605' title='bbox 2448 3479 2556 3535; x_wconf 89' lang='lat' dir='ltr'><strong>Sed</strong></span> <span class='ocrx_word' id='word_1_606' title='bbox 2600 3480 2890 3535; x_wconf 89' lang='lat' dir='ltr'><strong>dolendum</strong></span> <span class='ocrx_word' id='word_1_607' title='bbox 2931 3491 3035 3543; x_wconf 85' lang='lat' dir='ltr'><strong>est,</strong></span> <span class='ocrx_word' id='word_1_608' title='bbox 3089 3481 3417 3537; x_wconf 78' lang='lat' dir='ltr'><strong>Rtesslcrum</strong></span> 
     </span>
    </p>
   </div>
   <div class='ocr_carea' id='block_1_88' title="bbox 1853 3572 3435 3642">
    <p class='ocr_par' dir='ltr' id='par_1_88' title="bbox 1853 3572 3435 3642">
     <span class='ocr_line' id='line_1_88' title="bbox 1853 3572 3435 3642; baseline 0.003 -16"><span class='ocrx_word' id='word_1_609' title='bbox 1853 3573 2095 3626; x_wconf 89' lang='lat' dir='ltr'><strong>caruisse</strong></span> <span class='ocrx_word' id='word_1_610' title='bbox 2120 3574 2250 3627; x_wconf 89' lang='lat' dir='ltr'><strong>edit.</strong></span> <span class='ocrx_word' id='word_1_611' title='bbox 2287 3572 2564 3637; x_wconf 82' lang='lat' dir='ltr'><strong>Garnerii,</strong></span> <span class='ocrx_word' id='word_1_612' title='bbox 2589 3574 2677 3642; x_wconf 88' lang='lat' dir='ltr'><strong>qui</strong></span> <span class='ocrx_word' id='word_1_613' title='bbox 2709 3572 2874 3625; x_wconf 87' lang='lat' dir='ltr'><strong>tttulta</strong></span> <span class='ocrx_word' id='word_1_614' title='bbox 2910 3574 3043 3627; x_wconf 89' lang='lat' dir='ltr'><strong>vidit</strong></span> <span class='ocrx_word' id='word_1_615' title='bbox 3086 3576 3298 3629; x_wconf 91' lang='lat' dir='ltr'><strong>acutius</strong></span> <span class='ocrx_word' id='word_1_616' title='bbox 3323 3590 3435 3631; x_wconf 83' lang='lat' dir='ltr'><strong>tne-</strong></span> 
     </span>
    </p>
   </div>
   <div class='ocr_carea' id='block_1_89' title="bbox 1856 3664 2561 3735">
    <p class='ocr_par' dir='ltr' id='par_1_89' title="bbox 1856 3664 2561 3735">
     <span class='ocr_line' id='line_1_89' title="bbox 1856 3664 2561 3735; baseline -0.001 -17"><span class='ocrx_word' id='word_1_617' title='bbox 1856 3664 2065 3735; x_wconf 83' lang='lat' dir='ltr'><strong>liusque</strong></span> <span class='ocrx_word' id='word_1_618' title='bbox 2090 3665 2379 3735; x_wconf 86' lang='lat' dir='ltr'><strong>disposuit.</strong></span> <span class='ocrx_word' id='word_1_619' title='bbox 2412 3665 2561 3718; x_wconf 73' lang='grc' dir='ltr'><strong>ΗΑιιι.</strong></span> 
     </span>
    </p>
   </div>
   <div class='ocr_carea' id='block_1_90' title="bbox 2213 3798 3064 3855">
    <p class='ocr_par' dir='ltr' id='par_1_90' title="bbox 2213 3798 3064 3855">
     <span class='ocr_line' id='line_1_90' title="bbox 2213 3798 3064 3855; baseline -0.004 -1"><span class='ocrx_word' id='word_1_620' title='bbox 2213 3798 2301 3854; x_wconf 95' lang='lat' dir='ltr'><strong>IV.</strong></span> <span class='ocrx_word' id='word_1_621' title='bbox 2344 3815 2451 3854; x_wconf 78' lang='grc' dir='ltr'><strong>Αιιι</strong></span> <span class='ocrx_word' id='word_1_622' title='bbox 2493 3815 2681 3854; x_wconf 71' lang='lat' dir='ltr'><strong>BASILII</strong></span> <span class='ocrx_word' id='word_1_623' title='bbox 2723 3814 2892 3855; x_wconf 76' lang='lat' dir='ltr'><strong>curnt</strong></span> <span class='ocrx_word' id='word_1_624' title='bbox 2938 3814 3064 3853; x_wconf 78' lang='lat' dir='ltr'><strong>xxx.</strong></span> 
     </span>
    </p>
   </div>
   <div class='ocr_carea' id='block_1_91' title="bbox 1924 3933 3431 4008">
    <p class='ocr_par' dir='ltr' id='par_1_91' title="bbox 1924 3933 3431 4008">
     <span class='ocr_line' id='line_1_91' title="bbox 1924 3933 3431 4008; baseline -0.001 -16"><span class='ocrx_word' id='word_1_625' title='bbox 1924 3937 2158 3992; x_wconf 90' lang='lat' dir='ltr'><strong>Basilius</strong></span> <span class='ocrx_word' id='word_1_626' title='bbox 2212 3937 2379 3990; x_wconf 87' lang='lat' dir='ltr'><strong>abbas</strong></span> <span class='ocrx_word' id='word_1_627' title='bbox 2450 3936 2507 3991; x_wconf 90' lang='lat' dir='ltr'><strong>S.</strong></span> <span class='ocrx_word' id='word_1_628' title='bbox 2566 3934 2758 3988; x_wconf 76' lang='lat' dir='ltr'><strong>Laurze</strong></span> <span class='ocrx_word' id='word_1_629' title='bbox 2818 3949 2988 4005; x_wconf 87' lang='lat' dir='ltr'><strong>prope</strong></span> <span class='ocrx_word' id='word_1_630' title='bbox 3042 3933 3431 4008; x_wconf 83' lang='lat' dir='ltr'><strong>Hierosolyma.</strong></span> 
     </span>
    </p>
   </div>
   <div class='ocr_carea' id='block_1_92' title="bbox 1855 4028 2517 4093">
    <p class='ocr_par' dir='ltr' id='par_1_92' title="bbox 1855 4028 2517 4093">
     <span class='ocr_line' id='line_1_92' title="bbox 1855 4028 2517 4093; baseline 0.003 -12"><span class='ocrx_word' id='word_1_631' title='bbox 1855 4028 1989 4082; x_wconf 90' lang='lat' dir='ltr'><strong>Vide</strong></span> <span class='ocrx_word' id='word_1_632' title='bbox 2028 4029 2189 4093; x_wconf 81' lang='lat' dir='ltr'><strong>infra,</strong></span> <span class='ocrx_word' id='word_1_633' title='bbox 2229 4028 2517 4083; x_wconf 78' lang='lat' dir='ltr'><strong>Maleinus.</strong></span> 
     </span>
    </p>
   </div>
   <div class='ocr_carea' id='block_1_93' title="bbox 1922 4118 3437 4188">
    <p class='ocr_par' dir='ltr' id='par_1_93' title="bbox 1922 4118 3437 4188">
     <span class='ocr_line' id='line_1_93' title="bbox 1922 4118 3437 4188; baseline 0.002 -16"><span class='ocrx_word' id='word_1_634' title='bbox 1922 4119 2178 4186; x_wconf 90' lang='lat' dir='ltr'><strong>Basilius,</strong></span> <span class='ocrx_word' id='word_1_635' title='bbox 2222 4120 2587 4175; x_wconf 88' lang='lat' dir='ltr'><strong>Achridenus.</strong></span> <span class='ocrx_word' id='word_1_636' title='bbox 2628 4118 2762 4177; x_wconf 83' lang='lat' dir='ltr'><strong>Vide</strong></span> <span class='ocrx_word' id='word_1_637' title='bbox 2811 4120 2972 4188; x_wconf 84' lang='lat' dir='ltr'><strong>infra,</strong></span> <span class='ocrx_word' id='word_1_638' title='bbox 3002 4121 3437 4176; x_wconf 76' lang='lat' dir='ltr'><strong>Thessalonicen-</strong></span> 
     </span>
    </p>
   </div>
   <div class='ocr_carea' id='block_1_94' title="bbox 1926 4306 3429 4382">
    <p class='ocr_par' dir='ltr' id='par_1_94' title="bbox 1926 4306 3429 4382">
     <span class='ocr_line' id='line_1_94' title="bbox 1926 4306 3429 4382; baseline -0.001 -19"><span class='ocrx_word' id='word_1_639' title='bbox 1926 4308 2204 4382; x_wconf 85' lang='lat' dir='ltr'><strong>[Basilius,</strong></span> <span class='ocrx_word' id='word_1_640' title='bbox 2238 4309 2526 4380; x_wconf 87' lang='lat' dir='ltr'><strong>episcopus</strong></span> <span class='ocrx_word' id='word_1_641' title='bbox 2558 4308 2921 4371; x_wconf 60' lang='lat' dir='ltr'><strong>Alexandria,</strong></span> <span class='ocrx_word' id='word_1_642' title='bbox 2951 4321 3073 4361; x_wconf 89' lang='lat' dir='ltr'><strong>cum</strong></span> <span class='ocrx_word' id='word_1_643' title='bbox 3103 4306 3171 4359; x_wconf 82' lang='lat'><strong>72</strong></span> <span class='ocrx_word' id='word_1_644' title='bbox 3209 4306 3429 4376; x_wconf 88' lang='lat' dir='ltr'><strong>episco-</strong></span> 
     </span>
    </p>
   </div>
   <div class='ocr_carea' id='block_1_95' title="bbox 1854 4397 3439 4472">
    <p class='ocr_par' dir='ltr' id='par_1_95' title="bbox 1854 4397 3439 4472">
     <span class='ocr_line' id='line_1_95' title="bbox 1854 4397 3439 4472; baseline -0.003 -16"><span class='ocrx_word' id='word_1_645' title='bbox 1854 4403 1937 4472; x_wconf 89' lang='lat' dir='ltr'><strong>pis</strong></span> <span class='ocrx_word' id='word_1_646' title='bbox 1979 4400 2301 4471; x_wconf 85' lang='lat' dir='ltr'><strong>subscripsit</strong></span> <span class='ocrx_word' id='word_1_647' title='bbox 2333 4400 2621 4463; x_wconf 85' lang='lat' dir='ltr'><strong>Gennadii,</strong></span> <span class='ocrx_word' id='word_1_648' title='bbox 2668 4399 2995 4467; x_wconf 81' lang='lat' dir='ltr'><strong>patriarchae</strong></span> <span class='ocrx_word' id='word_1_649' title='bbox 3038 4397 3269 4461; x_wconf 86' lang='lat' dir='ltr'><strong>CPolit.,</strong></span> <span class='ocrx_word' id='word_1_650' title='bbox 3312 4398 3439 4469; x_wconf 80' lang='lat' dir='ltr'><strong>Epi-</strong></span> 
     </span>
    </p>
   </div>
   <div class='ocr_carea' id='block_1_96' title="bbox 1856 4490 3432 4565">
    <p class='ocr_par' dir='ltr' id='par_1_96' title="bbox 1856 4490 3432 4565">
     <span class='ocr_line' id='line_1_96' title="bbox 1856 4490 3432 4565; baseline -0.001 -17"><span class='ocrx_word' id='word_1_651' title='bbox 1856 4494 2005 4548; x_wconf 68' lang='lat' dir='ltr'><strong>stolrc</strong></span> <span class='ocrx_word' id='word_1_652' title='bbox 2052 4494 2344 4565; x_wconf 71' lang='lat' dir='ltr'><strong>encyclicae</strong></span> <span class='ocrx_word' id='word_1_653' title='bbox 2401 4494 2466 4547; x_wconf 88' lang='lat' dir='ltr'><strong>ad</strong></span> <span class='ocrx_word' id='word_1_654' title='bbox 2522 4507 2715 4547; x_wconf 88' lang='lat' dir='ltr'><strong>omnes</strong></span> <span class='ocrx_word' id='word_1_655' title='bbox 2770 4492 3220 4561; x_wconf 88' lang='lat' dir='ltr'><strong>metropolitanos</strong></span> <span class='ocrx_word' id='word_1_656' title='bbox 3270 4490 3432 4546; x_wconf 83' lang='lat' dir='ltr'><strong>A.C.</strong></span> 
     </span>
    </p>
   </div>
   <div class='ocr_carea' id='block_1_97' title="bbox 1785 4582 3436 4655">
    <p class='ocr_par' dir='ltr' id='par_1_97' title="bbox 1785 4582 3436 4655">
     <span class='ocr_line' id='line_1_97' title="bbox 1785 4582 3436 4655; baseline 0.001 -17"><span class='ocrx_word' id='word_1_657' title='bbox 1785 4597 1830 4655; x_wconf 81' lang='grc' dir='ltr'>υ</span> <span class='ocrx_word' id='word_1_658' title='bbox 1856 4585 1981 4642; x_wconf 88' lang='grc'>459.</span> <span class='ocrx_word' id='word_1_659' title='bbox 2010 4583 2072 4641; x_wconf 82' lang='grc' dir='ltr'>ν.</span> <span class='ocrx_word' id='word_1_660' title='bbox 2108 4586 2228 4640; x_wconf 89' lang='lat' dir='ltr'><strong>cod.</strong></span> <span class='ocrx_word' id='word_1_661' title='bbox 2261 4585 2561 4639; x_wconf 86' lang='lat' dir='ltr'><strong>Vindobon.</strong></span> <span class='ocrx_word' id='word_1_662' title='bbox 2611 4582 2817 4639; x_wconf 71' lang='lat' dir='ltr'><strong>Caesar.</strong></span> <span class='ocrx_word' id='word_1_663' title='bbox 2855 4582 3039 4645; x_wconf 74' lang='lat' dir='ltr'><strong>XLIV.</strong></span> <span class='ocrx_word' id='word_1_664' title='bbox 3090 4593 3145 4637; x_wconf 88' lang='lat' dir='ltr'><strong>et</strong></span> <span class='ocrx_word' id='word_1_665' title='bbox 3180 4582 3436 4639; x_wconf 87' lang='lat' dir='ltr'><strong>Lambec.</strong></span> 
     </span>
    </p>
   </div>
   <div class='ocr_carea' id='block_1_98' title="bbox 1858 4675 3433 4749">
    <p class='ocr_par' dir='ltr' id='par_1_98' title="bbox 1858 4675 3433 4749">
     <span class='ocr_line' id='line_1_98' title="bbox 1858 4675 3433 4749; baseline -0.001 -17"><span class='ocrx_word' id='word_1_666' title='bbox 1858 4676 2151 4733; x_wconf 86' lang='lat' dir='ltr'><strong>Comment.</strong></span> <span class='ocrx_word' id='word_1_667' title='bbox 2212 4676 2344 4741; x_wconf 93' lang='lat' dir='ltr'><strong>VIII,</strong></span> <span class='ocrx_word' id='word_1_668' title='bbox 2406 4692 2531 4749; x_wconf 85' lang='lat' dir='ltr'><strong>pag.</strong></span> <span class='ocrx_word' id='word_1_669' title='bbox 2592 4676 2695 4733; x_wconf 82' lang='lat'><strong>888</strong></span> <span class='ocrx_word' id='word_1_670' title='bbox 2742 4692 2924 4747; x_wconf 89' lang='lat' dir='ltr'><strong>seqq.,</strong></span> <span class='ocrx_word' id='word_1_671' title='bbox 2974 4676 3156 4746; x_wconf 89' lang='lat' dir='ltr'><strong>ibique</strong></span> <span class='ocrx_word' id='word_1_672' title='bbox 3220 4675 3433 4731; x_wconf 78' lang='lat' dir='ltr'><strong>Kollar.</strong></span> 
     </span>
    </p>
   </div>
   <div class='ocr_carea' id='block_1_99' title="bbox 1859 4770 2058 4843">
    <p class='ocr_par' dir='ltr' id='par_1_99' title="bbox 1859 4770 2058 4843">
     <span class='ocr_line' id='line_1_99' title="bbox 1859 4770 2058 4843; baseline -0.005 -17"><span class='ocrx_word' id='word_1_673' title='bbox 1859 4770 2058 4843; x_wconf 59' lang='lat' dir='ltr'><strong>Nutu]</strong></span> 
     </span>
    </p>
   </div>
   <div class='ocr_carea' id='block_1_100' title="bbox 1932 4859 3439 4929">
    <p class='ocr_par' dir='ltr' id='par_1_100' title="bbox 1932 4859 3439 4929">
     <span class='ocr_line' id='line_1_100' title="bbox 1932 4859 3439 4929; baseline -0.003 -12"><span class='ocrx_word' id='word_1_674' title='bbox 1932 4862 2181 4927; x_wconf 81' lang='lat' dir='ltr'><strong>Basilius,</strong></span> <span class='ocrx_word' id='word_1_675' title='bbox 2213 4862 2520 4917; x_wconf 81' lang='lat' dir='ltr'><strong>Amasenus</strong></span> <span class='ocrx_word' id='word_1_676' title='bbox 2568 4860 2620 4914; x_wconf 93' lang='lat' dir='ltr'><strong>in</strong></span> <span class='ocrx_word' id='word_1_677' title='bbox 2671 4860 3005 4927; x_wconf 88' lang='lat' dir='ltr'><strong>Cappadocia</strong></span> <span class='ocrx_word' id='word_1_678' title='bbox 3056 4859 3343 4929; x_wconf 87' lang='lat' dir='ltr'><strong>episcopus</strong></span> <span class='ocrx_word' id='word_1_679' title='bbox 3382 4866 3439 4914; x_wconf 88' lang='lat' dir='ltr'><strong>ct</strong></span> 
     </span>
    </p>
   </div>
   <div class='ocr_carea' id='block_1_101' title="bbox 1862 4950 3438 5025">
    <p class='ocr_par' dir='ltr' id='par_1_101' title="bbox 1862 4950 3438 5025">
     <span class='ocr_line' id='line_1_101' title="bbox 1862 4950 3438 5025; baseline -0.002 -16"><span class='ocrx_word' id='word_1_680' title='bbox 1862 4966 2071 5025; x_wconf 85' lang='lat' dir='ltr'><strong>martyr</strong></span> <span class='ocrx_word' id='word_1_681' title='bbox 2106 4953 2431 5009; x_wconf 81' lang='lat' dir='ltr'><strong>Nicomediae</strong></span> <span class='ocrx_word' id='word_1_682' title='bbox 2465 4952 2529 5005; x_wconf 86' lang='lat' dir='ltr'><strong>A.</strong></span> <span class='ocrx_word' id='word_1_683' title='bbox 2560 4951 2621 5005; x_wconf 88' lang='lat' dir='ltr'><strong>C.</strong></span> <span class='ocrx_word' id='word_1_684' title='bbox 2661 4951 2789 5015; x_wconf 86' lang='grc'>522,</span> <span class='ocrx_word' id='word_1_685' title='bbox 2816 4957 2880 5007; x_wconf 86' lang='lat' dir='ltr'><strong>de</strong></span> <span class='ocrx_word' id='word_1_686' title='bbox 2912 4966 3020 5021; x_wconf 91' lang='lat' dir='ltr'><strong>quo</strong></span> <span class='ocrx_word' id='word_1_687' title='bbox 3060 4950 3438 5006; x_wconf 81' lang='lat' dir='ltr'><strong>Ilenschenius</strong></span> 
     </span>
    </p>
   </div>
   <div class='ocr_carea' id='block_1_102' title="bbox 1862 5041 3414 5115">
    <p class='ocr_par' dir='ltr' id='par_1_102' title="bbox 1862 5041 3414 5115">
     <span class='ocr_line' id='line_1_102' title="bbox 1862 5041 3414 5115; baseline -0.004 -14"><span class='ocrx_word' id='word_1_688' title='bbox 1862 5047 1916 5101; x_wconf 89' lang='lat' dir='ltr'><strong>in</strong></span> <span class='ocrx_word' id='word_1_689' title='bbox 1952 5048 2095 5100; x_wconf 83' lang='lat' dir='ltr'><strong>Actis</strong></span> <span class='ocrx_word' id='word_1_690' title='bbox 2133 5058 2389 5108; x_wconf 81' lang='lat' dir='ltr'><strong>sanctor.,</strong></span> <span class='ocrx_word' id='word_1_691' title='bbox 2424 5052 2554 5097; x_wconf 92' lang='lat' dir='ltr'><strong>tom.</strong></span> <span class='ocrx_word' id='word_1_692' title='bbox 2594 5041 2659 5097; x_wconf 95' lang='lat' dir='ltr'><strong>III</strong></span> <span class='ocrx_word' id='word_1_693' title='bbox 2716 5045 2883 5115; x_wconf 89' lang='lat' dir='ltr'><strong>April.</strong></span> <span class='ocrx_word' id='word_1_694' title='bbox 2918 5042 3011 5105; x_wconf 89' lang='lat'><strong>26,</strong></span> <span class='ocrx_word' id='word_1_695' title='bbox 3040 5056 3166 5112; x_wconf 82' lang='lat' dir='ltr'><strong>pag.</strong></span> <span class='ocrx_word' id='word_1_696' title='bbox 3189 5041 3293 5096; x_wconf 84' lang='lat' dir='ltr'><strong>4l6</strong></span> <span class='ocrx_word' id='word_1_697' title='bbox 3320 5058 3414 5111; x_wconf 89' lang='lat' dir='ltr'><strong>seq</strong></span> 
     </span>
    </p>
   </div>
   <div class='ocr_carea' id='block_1_103' title="bbox 1856 5130 3435 5203">
    <p class='ocr_par' dir='ltr' id='par_1_103' title="bbox 1856 5130 3435 5203">
     <span class='ocr_line' id='line_1_103' title="bbox 1856 5130 3435 5203; baseline -0.007 -9"><span class='ocrx_word' id='word_1_698' title='bbox 1856 5141 1993 5194; x_wconf 82' lang='lat' dir='ltr'><strong>Acta</strong></span> <span class='ocrx_word' id='word_1_699' title='bbox 2055 5137 2145 5189; x_wconf 87' lang='lat' dir='ltr'><strong>illa</strong></span> <span class='ocrx_word' id='word_1_700' title='bbox 2200 5136 2447 5191; x_wconf 80' lang='lat' dir='ltr'><strong>fabulosa</strong></span> <span class='ocrx_word' id='word_1_701' title='bbox 2494 5136 2745 5189; x_wconf 88' lang='lat' dir='ltr'><strong>videntur</strong></span> <span class='ocrx_word' id='word_1_702' title='bbox 2793 5132 3026 5199; x_wconf 82' lang='lat' dir='ltr'><strong>Valesio,</strong></span> <span class='ocrx_word' id='word_1_703' title='bbox 3064 5147 3186 5203; x_wconf 84' lang='lat' dir='ltr'><strong>pag.</strong></span> <span class='ocrx_word' id='word_1_704' title='bbox 3230 5130 3336 5186; x_wconf 91' lang='lat'><strong>208</strong></span> <span class='ocrx_word' id='word_1_705' title='bbox 3368 5133 3435 5183; x_wconf 86' lang='lat' dir='ltr'><strong>ad</strong></span> 
     </span>
    </p>
   </div>
   <div class='ocr_carea' id='block_1_104' title="bbox 1859 5221 3435 5301">
    <p class='ocr_par' dir='ltr' id='par_1_104' title="bbox 1859 5221 3435 5301">
     <span class='ocr_line' id='line_1_104' title="bbox 1859 5221 3435 5301; baseline -0.004 -16"><span class='ocrx_word' id='word_1_706' title='bbox 1859 5228 2053 5285; x_wconf 82' lang='lat' dir='ltr'><strong>Euseb.</strong></span> <span class='ocrx_word' id='word_1_707' title='bbox 2088 5227 2385 5301; x_wconf 87' lang='lat' dir='ltr'><strong>[canticum</strong></span> <span class='ocrx_word' id='word_1_708' title='bbox 2414 5244 2556 5285; x_wconf 90' lang='lat' dir='ltr'><strong>sacr.</strong></span> <span class='ocrx_word' id='word_1_709' title='bbox 2587 5230 2636 5279; x_wconf 89' lang='lat' dir='ltr'><strong>in</strong></span> <span class='ocrx_word' id='word_1_710' title='bbox 2662 5226 2812 5279; x_wconf 91' lang='lat' dir='ltr'><strong>illum</strong></span> <span class='ocrx_word' id='word_1_711' title='bbox 2841 5223 2895 5279; x_wconf 94' lang='lat' dir='ltr'><strong>d.</strong></span> <span class='ocrx_word' id='word_1_712' title='bbox 2919 5224 2989 5280; x_wconf 81' lang='lat'><strong>26</strong></span> <span class='ocrx_word' id='word_1_713' title='bbox 3022 5227 3153 5296; x_wconf 86' lang='lat' dir='ltr'><strong>Apr.</strong></span> <span class='ocrx_word' id='word_1_714' title='bbox 3180 5221 3245 5277; x_wconf 88' lang='lat' dir='ltr'><strong>V.</strong></span> <span class='ocrx_word' id='word_1_715' title='bbox 3272 5222 3435 5278; x_wconf 87' lang='lat' dir='ltr'><strong>Lant-</strong></span> 
     </span>
    </p>
   </div>
   <div class='ocr_carea' id='block_1_105' title="bbox 1857 5315 2730 5391">
    <p class='ocr_par' dir='ltr' id='par_1_105' title="bbox 1857 5315 2730 5391">
     <span class='ocr_line' id='line_1_105' title="bbox 1857 5315 2730 5391; baseline -0.006 -13"><span class='ocrx_word' id='word_1_716' title='bbox 1857 5324 1973 5378; x_wconf 89' lang='lat' dir='ltr'><strong>bec.</strong></span> <span class='ocrx_word' id='word_1_717' title='bbox 2015 5322 2219 5378; x_wconf 86' lang='lat' dir='ltr'><strong>Comm.</strong></span> <span class='ocrx_word' id='word_1_718' title='bbox 2252 5319 2387 5385; x_wconf 87' lang='lat' dir='ltr'><strong>VIII,</strong></span> <span class='ocrx_word' id='word_1_719' title='bbox 2422 5336 2542 5391; x_wconf 88' lang='lat' dir='ltr'><strong>pag.</strong></span> <span class='ocrx_word' id='word_1_720' title='bbox 2578 5315 2730 5390; x_wconf 83' lang='lat' dir='ltr'><strong>2l0.]</strong></span> 
     </span>
    </p>
   </div>
   <div class='ocr_carea' id='block_1_106' title="bbox 1928 5408 3437 5479">
    <p class='ocr_par' dir='ltr' id='par_1_106' title="bbox 1928 5408 3437 5479">
     <span class='ocr_line' id='line_1_106' title="bbox 1928 5408 3437 5479; baseline -0.005 -10"><span class='ocrx_word' id='word_1_721' title='bbox 1928 5414 2157 5478; x_wconf 77' lang='lat' dir='ltr'><strong>Basilus,</strong></span> <span class='ocrx_word' id='word_1_722' title='bbox 2188 5414 2305 5469; x_wconf 90' lang='lat' dir='ltr'><strong>sive</strong></span> <span class='ocrx_word' id='word_1_723' title='bbox 2345 5412 2572 5466; x_wconf 88' lang='lat' dir='ltr'><strong>Basilius</strong></span> <span class='ocrx_word' id='word_1_724' title='bbox 2620 5414 2763 5465; x_wconf 90' lang='lat' dir='ltr'><strong>arcis</strong></span> <span class='ocrx_word' id='word_1_725' title='bbox 2794 5410 3038 5466; x_wconf 68' lang='lat' dir='ltr'><strong>Mecium:</strong></span> <span class='ocrx_word' id='word_1_726' title='bbox 3067 5408 3142 5478; x_wconf 93' lang='lat' dir='ltr'><strong>(b)</strong></span> <span class='ocrx_word' id='word_1_727' title='bbox 3177 5417 3339 5479; x_wconf 84' lang='lat' dir='ltr'><strong>atque</strong></span> <span class='ocrx_word' id='word_1_728' title='bbox 3369 5408 3437 5462; x_wconf 90' lang='lat' dir='ltr'><strong>ab</strong></span> 
     </span>
    </p>
   </div>
   <div class='ocr_carea' id='block_1_107' title="bbox 1859 5501 3438 5577">
    <p class='ocr_par' dir='ltr' id='par_1_107' title="bbox 1859 5501 3438 5577">
     <span class='ocr_line' id='line_1_107' title="bbox 1859 5501 3438 5577; baseline -0.006 -12"><span class='ocrx_word' id='word_1_729' title='bbox 1859 5512 1925 5565; x_wconf 88' lang='lat' dir='ltr'><strong>A.</strong></span> <span class='ocrx_word' id='word_1_730' title='bbox 1958 5510 2019 5565; x_wconf 87' lang='lat' dir='ltr'><strong>C.</strong></span> <span class='ocrx_word' id='word_1_731' title='bbox 2048 5507 2173 5570; x_wconf 84' lang='grc'>556,</span> <span class='ocrx_word' id='word_1_732' title='bbox 2206 5523 2315 5577; x_wconf 91' lang='lat' dir='ltr'><strong>quo</strong></span> <span class='ocrx_word' id='word_1_733' title='bbox 2359 5504 2671 5559; x_wconf 81' lang='lat' dir='ltr'><strong>Marcellum</strong></span> <span class='ocrx_word' id='word_1_734' title='bbox 2714 5506 2767 5558; x_wconf 90' lang='lat' dir='ltr'><strong>itt</strong></span> <span class='ocrx_word' id='word_1_735' title='bbox 2799 5503 3002 5575; x_wconf 81' lang='lat' dir='ltr'><strong>synodo</strong></span> <span class='ocrx_word' id='word_1_736' title='bbox 3028 5501 3189 5558; x_wconf 85' lang='lat' dir='ltr'><strong>CPol.</strong></span> <span class='ocrx_word' id='word_1_737' title='bbox 3222 5502 3438 5570; x_wconf 84' lang='lat' dir='ltr'><strong>deposi-</strong></span> 
     </span>
    </p>
   </div>
   <div class='ocr_carea' id='block_1_108' title="bbox 238 5593 3433 5671">
    <p class='ocr_par' dir='ltr' id='par_1_108' title="bbox 238 5593 3433 5671">
     <span class='ocr_line' id='line_1_108' title="bbox 238 5593 3433 5671; baseline -0.004 -13"><span class='ocrx_word' id='word_1_738' title='bbox 238 5606 342 5662; x_wconf 82' lang='lat' dir='ltr'><strong>Jul.</strong></span> <span class='ocrx_word' id='word_1_739' title='bbox 374 5603 700 5661; x_wconf 85' lang='lat' dir='ltr'><strong>Garnier.in</strong></span> <span class='ocrx_word' id='word_1_740' title='bbox 729 5600 849 5655; x_wconf 85' lang='lat' dir='ltr'><strong>Vita</strong></span> <span class='ocrx_word' id='word_1_741' title='bbox 875 5601 934 5656; x_wconf 90' lang='lat' dir='ltr'><strong>S.</strong></span> <span class='ocrx_word' id='word_1_742' title='bbox 964 5598 1169 5664; x_wconf 84' lang='lat' dir='ltr'><strong>Basilii,</strong></span> <span class='ocrx_word' id='word_1_743' title='bbox 1204 5602 1489 5671; x_wconf 66' lang='lat' dir='ltr'><strong>pratmissa</strong></span> <span class='ocrx_word' id='word_1_744' title='bbox 1531 5614 1659 5658; x_wconf 87' lang='lat' dir='ltr'><strong>tom.</strong></span> <span class='ocrx_word' id='word_1_745' title='bbox 1697 5602 1766 5657; x_wconf 82' lang='lat' dir='ltr'><strong>ll&#39;I</strong></span> <span class='ocrx_word' id='word_1_746' title='bbox 1865 5612 1975 5656; x_wconf 89' lang='lat' dir='ltr'><strong>tum</strong></span> <span class='ocrx_word' id='word_1_747' title='bbox 2006 5608 2243 5662; x_wconf 90' lang='lat' dir='ltr'><strong>constat,</strong></span> <span class='ocrx_word' id='word_1_748' title='bbox 2273 5600 2592 5667; x_wconf 82' lang='lat' dir='ltr'><strong>Ancyranus</strong></span> <span class='ocrx_word' id='word_1_749' title='bbox 2617 5597 2928 5665; x_wconf 88' lang='lat' dir='ltr'><strong>cpiscopus,</strong></span> <span class='ocrx_word' id='word_1_750' title='bbox 2974 5594 3039 5649; x_wconf 87' lang='lat' dir='ltr'><strong>de</strong></span> <span class='ocrx_word' id='word_1_751' title='bbox 3073 5611 3179 5664; x_wconf 82' lang='lat' dir='ltr'><strong>quo</strong></span> <span class='ocrx_word' id='word_1_752' title='bbox 3210 5593 3433 5648; x_wconf 87' lang='lat' dir='ltr'><strong>Ilieron.</strong></span> 
     </span>
    </p>
   </div>
   <div class='ocr_carea' id='block_1_109' title="bbox 168 5693 1768 5768">
    <p class='ocr_par' dir='ltr' id='par_1_109' title="bbox 168 5693 1768 5768">
     <span class='ocr_line' id='line_1_109' title="bbox 168 5693 1768 5768; baseline 0.001 -21"><span class='ocrx_word' id='word_1_753' title='bbox 168 5694 324 5765; x_wconf 88' lang='lat' dir='ltr'><strong>0pp.,</strong></span> <span class='ocrx_word' id='word_1_754' title='bbox 342 5713 464 5768; x_wconf 75' lang='lat' dir='ltr'><strong>pag.</strong></span> <span class='ocrx_word' id='word_1_755' title='bbox 484 5693 1125 5753; x_wconf 74' lang='lat' dir='ltr'><strong>xxxm-cxxxvu1.Basis</strong></span> <span class='ocrx_word' id='word_1_756' title='bbox 1150 5695 1365 5760; x_wconf 87' lang='lat' dir='ltr'><strong>quidem</strong></span> <span class='ocrx_word' id='word_1_757' title='bbox 1379 5693 1768 5749; x_wconf 83' lang='lat' dir='ltr'><strong>estTillemon—</strong></span> 
     </span>
    </p>
   </div>
   <div class='ocr_carea' id='block_1_110' title="bbox 1868 5684 3439 5760">
    <p class='ocr_par' dir='ltr' id='par_1_110' title="bbox 1868 5684 3439 5760">
     <span class='ocr_line' id='line_1_110' title="bbox 1868 5684 3439 5760; baseline -0.005 -14"><span class='ocrx_word' id='word_1_758' title='bbox 1868 5694 1942 5746; x_wconf 88' lang='lat' dir='ltr'><strong>De</strong></span> <span class='ocrx_word' id='word_1_759' title='bbox 1966 5694 2207 5759; x_wconf 81' lang='lat' dir='ltr'><strong>scriptor.</strong></span> <span class='ocrx_word' id='word_1_760' title='bbox 2234 5690 2442 5754; x_wconf 88' lang='lat' dir='ltr'><strong>eccles.,</strong></span> <span class='ocrx_word' id='word_1_761' title='bbox 2480 5706 2598 5760; x_wconf 84' lang='lat' dir='ltr'><strong>cap.</strong></span> <span class='ocrx_word' id='word_1_762' title='bbox 2632 5688 2720 5742; x_wconf 90' lang='lat'><strong>89.</strong></span> <span class='ocrx_word' id='word_1_763' title='bbox 2757 5686 2920 5741; x_wconf 89' lang='lat' dir='ltr'><strong>Plura</strong></span> <span class='ocrx_word' id='word_1_764' title='bbox 2952 5688 3018 5743; x_wconf 88' lang='lat' dir='ltr'><strong>de</strong></span> <span class='ocrx_word' id='word_1_765' title='bbox 3056 5702 3120 5741; x_wconf 89' lang='lat' dir='ltr'><strong>eo</strong></span> <span class='ocrx_word' id='word_1_766' title='bbox 3148 5684 3439 5741; x_wconf 79' lang='lat' dir='ltr'><strong>Tillemou-</strong></span> 
     </span>
    </p>
   </div>
   <div class='ocr_carea' id='block_1_111' title="bbox 237 5804 3327 5941">
    <p class='ocr_par' dir='ltr' id='par_1_111' title="bbox 237 5804 3327 5941">
     <span class='ocr_line' id='line_1_111' title="bbox 237 5804 3327 5941; baseline 0.005 -83"><span class='ocrx_word' id='word_1_767' title='bbox 237 5813 311 5941; x_wconf 51' lang='lat' dir='ltr'><strong>5a)</strong></span> <span class='ocrx_word' id='word_1_768' title='bbox 349 5812 546 5891; x_wconf 62' lang='lat' dir='ltr'><strong>Recole</strong></span> <span class='ocrx_word' id='word_1_769' title='bbox 584 5806 879 5899; x_wconf 22' lang='lat' dir='ltr'><strong>potam-ll)</strong></span> <span class='ocrx_word' id='word_1_770' title='bbox 914 5804 1209 5887; x_wconf 74' lang='lat' dir='ltr'><strong>superioris</strong></span> <span class='ocrx_word' id='word_1_771' title='bbox 1238 5807 1447 5889; x_wconf 74' lang='lat' dir='ltr'><strong>paginae</strong></span> <span class='ocrx_word' id='word_1_772' title='bbox 1471 5820 1649 5889; x_wconf 54' lang='lat' dir='ltr'><strong>ccam.</strong></span> <span class='ocrx_word' id='word_1_773' title='bbox 1686 5805 1849 5890; x_wconf 73' lang='lat' dir='ltr'><strong>_Eot1&#39;.</strong></span> <span class='ocrx_word' id='word_1_774' title='bbox 1925 5879 1935 5888; x_wconf 36' lang='lat'>.</span> <span class='ocrx_word' id='word_1_775' title='bbox 2063 5876 2073 5889; x_wconf 41' lang='lat'><strong>.</strong></span> <span class='ocrx_word' id='word_1_776' title='bbox 2802 5872 2813 5883; x_wconf 60' lang='grc'><strong>,</strong></span> <span class='ocrx_word' id='word_1_777' title='bbox 3053 5871 3064 5883; x_wconf 70' lang='grc'><strong>,</strong></span> <span class='ocrx_word' id='word_1_778' title='bbox 3269 5872 3279 5881; x_wconf 79' lang='grc'><strong>,</strong></span> <span class='ocrx_word' id='word_1_779' title='bbox 3317 5870 3327 5881; x_wconf 82' lang='grc'><strong>,</strong></span> 
     </span>
     <span class='ocr_line' id='line_1_112' title="bbox 261 5870 3326 5941; baseline -0.005 -2"><span class='ocrx_word' id='word_1_780' title='bbox 261 5888 307 5941; x_wconf 80' lang='lat' dir='ltr'><strong>bl</strong></span> <span class='ocrx_word' id='word_1_781' title='bbox 342 5884 567 5941; x_wconf 80' lang='lat' dir='ltr'><strong>Rectius</strong></span> <span class='ocrx_word' id='word_1_782' title='bbox 593 5899 645 5934; x_wconf 91' lang='lat' dir='ltr'><strong>tu</strong></span> <span class='ocrx_word' id='word_1_783' title='bbox 673 5877 915 5941; x_wconf 77' lang='lat' dir='ltr'><strong>pluribus</strong></span> <span class='ocrx_word' id='word_1_784' title='bbox 935 5880 1089 5931; x_wconf 80' lang='lat' dir='ltr'><strong>codd.</strong></span> <span class='ocrx_word' id='word_1_785' title='bbox 1130 5877 1254 5932; x_wconf 90' lang='lat' dir='ltr'><strong>ltbrt</strong></span> <span class='ocrx_word' id='word_1_786' title='bbox 1293 5878 1697 5941; x_wconf 78' lang='lat' dir='ltr'><strong>Ilteronytntant</strong></span> <span class='ocrx_word' id='word_1_787' title='bbox 1734 5877 1805 5932; x_wconf 83' lang='lat' dir='ltr'><strong>De</strong></span> <span class='ocrx_word' id='word_1_788' title='bbox 1834 5875 2174 5941; x_wconf 80' lang='lat' dir='ltr'><strong>scriptortbus</strong></span> <span class='ocrx_word' id='word_1_789' title='bbox 2203 5875 2414 5941; x_wconf 85' lang='lat' dir='ltr'><strong>ecclcs.,</strong></span> <span class='ocrx_word' id='word_1_790' title='bbox 2445 5887 2565 5941; x_wconf 87' lang='lat' dir='ltr'><strong>cap.</strong></span> <span class='ocrx_word' id='word_1_791' title='bbox 2593 5870 2683 5939; x_wconf 85' lang='lat'><strong>89,</strong></span> <span class='ocrx_word' id='word_1_792' title='bbox 2714 5873 2929 5941; x_wconf 72' lang='lat' dir='ltr'><strong>legttur,</strong></span> <span class='ocrx_word' id='word_1_793' title='bbox 2959 5879 3094 5925; x_wconf 86' lang='lat' dir='ltr'><strong>artts</strong></span> <span class='ocrx_word' id='word_1_794' title='bbox 3141 5871 3326 5925; x_wconf 73' lang='lat' dir='ltr'><strong>medici</strong></span> 
     </span>
    </p>
   </div>
   <div class='ocr_carea' id='block_1_112' title="bbox 261 5870 3433 5960">
    <p class='ocr_par' dir='ltr' id='par_1_112' title="bbox 261 5870 3433 5960">
     <span class='ocr_line' id='line_1_113' title="bbox 261 5870 3433 5960; baseline -0.005 -21"><span class='ocrx_word' id='word_1_795' title='bbox 261 5870 307 5960; x_wconf 52' lang='lat' dir='ltr'><strong>lt),</strong></span> <span class='ocrx_word' id='word_1_796' title='bbox 342 5884 567 5941; x_wconf 80' lang='lat' dir='ltr'><strong>Rectius</strong></span> <span class='ocrx_word' id='word_1_797' title='bbox 593 5884 645 5934; x_wconf 90' lang='lat' dir='ltr'><strong>in</strong></span> <span class='ocrx_word' id='word_1_798' title='bbox 673 5870 915 5947; x_wconf 80' lang='lat' dir='ltr'><strong>pluribus</strong></span> <span class='ocrx_word' id='word_1_799' title='bbox 935 5870 1089 5931; x_wconf 80' lang='lat' dir='ltr'><strong>codd.</strong></span> <span class='ocrx_word' id='word_1_800' title='bbox 1130 5870 1254 5932; x_wconf 88' lang='lat' dir='ltr'><strong>libri</strong></span> <span class='ocrx_word' id='word_1_801' title='bbox 1293 5870 1697 5949; x_wconf 76' lang='lat' dir='ltr'><strong>Ilieronytniani</strong></span> <span class='ocrx_word' id='word_1_802' title='bbox 1734 5877 1805 5932; x_wconf 83' lang='lat' dir='ltr'><strong>De</strong></span> <span class='ocrx_word' id='word_1_803' title='bbox 1834 5875 2174 5949; x_wconf 82' lang='lat' dir='ltr'><strong>scriptoribus</strong></span> <span class='ocrx_word' id='word_1_804' title='bbox 2203 5875 2414 5943; x_wconf 84' lang='lat' dir='ltr'><strong>ecclcs.,</strong></span> <span class='ocrx_word' id='word_1_805' title='bbox 2445 5887 2565 5943; x_wconf 87' lang='lat' dir='ltr'><strong>cap.</strong></span> <span class='ocrx_word' id='word_1_806' title='bbox 2593 5870 2683 5939; x_wconf 85' lang='lat'><strong>89,</strong></span> <span class='ocrx_word' id='word_1_807' title='bbox 2714 5872 2929 5942; x_wconf 71' lang='lat' dir='ltr'><strong>legitur,</strong></span> <span class='ocrx_word' id='word_1_808' title='bbox 2959 5871 3094 5925; x_wconf 86' lang='lat' dir='ltr'><strong>artis</strong></span> <span class='ocrx_word' id='word_1_809' title='bbox 3141 5870 3433 5925; x_wconf 68' lang='lat' dir='ltr'><strong>medicina.</strong></span> 
     </span>
    </p>
   </div>
  </div>
