4212 6488
805 433 989 473 CCXL"

2161 407 2686 470 PBOLEGOSIENA.

813 540 935 601 tius,
979 547 1109 591 tom.
1161 533 1225 591 Vl
1262 535 1485 592 Alemor.
1553 536 1893 592 ecclesiastic.
1948 534 2085 589 Cum
2148 532 2364 587 Arianis
2396 540 2440 597 Α
2473 530 2695 594 dicavit,
2741 527 3045 591 familiaris,
3076 526 3188 595 jatu
3228 529 3509 601 episcOpus
3538 531 3682 587 circa
3711 531 3775 587 A.
3820 530 3882 588 C.
3910 534 4039 601 572,

808 643 914 685 non
942 626 1159 693 fecisse,
1197 631 1388 699 probat
1414 631 1475 685 D.
1508 630 1714 702 lttigius
1742 628 2036 699 appendice
2065 626 2133 683 ad
2165 625 2256 681 lib.
2292 624 2366 680 De

801 720 1164 775 Amcsiarcliis
1187 721 1369 775 seculi
1400 736 1416 775 ι
1445 732 1493 775 ct
1529 738 1589 784 ll,
1628 737 1749 792 pag.
1782 721 1887 776 455
1913 735 2067 789 seqq.

879 810 1136 878 Basilius,
1186 814 1503 884 Ant-yranus
1557 815 1863 884 episcopus,
1918 812 2122 883 iunior,
2158 810 2252 881 qni
2316 810 2369 863 in

807 904 1011 977 synodo
1040 904 1252 959 Nicena
1284 920 1345 970 ll,
1376 907 1437 959 A.
1472 903 1533 959 C.
1562 904 1688 970 787,
1731 904 2126 959 confessionem
2154 900 2369 964 obtulit,

807 1010 925 1067 qua:
972 1004 1151 1050 exstat
1198 1005 1332 1048 tom.
1370 994 1433 1047 lll
1482 992 1767 1049 Conrilior.
1797 994 1929 1049 edit.
1963 994 2219 1056 Biniana,
2248 1008 2368 1063 pag.

805 1086 930 1143 48L
958 1084 1125 1140 Fasti.
1160 1084 1315 1140 Conf.
1352 1084 1481 1138 Actu
1504 1096 1734 1140 sanctor.
1769 1101 1843 1139 ιιι.
1880 1083 2063 1148 Marb,
2091 1085 2369 1153 Antwerp.

809 1177 967 1240 1685,
996 1186 1126 1232 ιοιιι.
1172 1173 1259 1230 lll.
1300 1174 1559 1231 Diversus
1588 1179 1657 1233 ab
1688 1175 1902 1242 Basilio,
1931 1177 2219 1246 Ancyrano
2251 1189 2373 1243 pre-

803 1268 1043 1342 sbytero.

872 1360 1077 1426 Basilii,
1144 1363 1447 1436 presbyteri
1499 1360 1795 1433 Ancyrani,
1852 1358 2195 1430 martyrium,
2245 1355 2368 1412 Flo-

805 1462 943 1509 rent.
979 1453 1032 1508 in
1068 1456 1189 1510 cod.
1222 1454 1481 1510 Laurent.
1515 1451 1605 1517 IV,
1644 1468 1728 1506 nr.
1764 1452 1855 1511 45,
1889 1450 2021 1520 plut.
2044 1449 2099 1503 ι.
2136 1448 2196 1503 V.
2230 1448 2370 1502 Ban-

806 1544 919 1601 dini
955 1542 1074 1598 Cat.
1113 1543 1268 1599 codd.
1297 1542 1463 1598 Laur.
1501 1544 1544 1607 l,
1581 1556 1704 1611 pag.
1740 1538 1847 1593 522
1872 1552 2048 1608 seqq.,
2076 1536 2300 1592 Fasntc.

870 1634 1124 1701 Basilius,
1184 1635 1561 1690 Antiochenus
1604 1644 1911 1701 cpiscolins,
1945 1631 2012 1682 A.
2068 1628 2130 1682 (2.
2160 1624 2268 1681 456
2317 1636 2371 1680 et

801 1726 928 1793 457,
983 1728 1139 1797 cujus
1200 1726 1445 1783 meminit
1480 1724 1813 1795 Nicephorus
1866 1738 1954 1788 xv,
1986 1719 2072 1776 19.
2104 1719 2370 1776 Simeoms

801 1820 1043 1875 eremitte
1074 1820 1141 1875 ad
1195 1834 1318 1875 eum
1362 1817 1588 1889 epistola
1641 1817 1781 1885 apud
1833 1815 2145 1884 Evagrium,
2178 1813 2270 1868 lib.
2305 1826 2364 1877 tt,

2478 623 2721 691 adeoque
2743 637 2771 675 a
2808 620 3162 692 Seleuciensi,
3190 623 3281 697 qui
3306 622 3460 678 annis
3496 623 3773 693 sexaginta
3809 627 4042 696 amplius

2476 724 2598 783 post
2627 710 2825 778 ﬂoruit,
2855 715 2998 770 haud
3029 716 3194 771 dubie
3225 715 3491 779 diversus,
3522 712 3647 770 licet
3671 714 3819 771 aliud
3847 718 4023 773 visum

2476 804 2547 857 sit
2577 803 2711 859 viris
2763 804 3082 874 quibusdam
3132 806 3327 870 doctis,
3372 806 3573 861 secutis
3614 804 3871 862 Photium
3919 809 4040 863 cod.

2474 908 2695 950 cmnt.
2752 893 2951 951 Confer
2996 895 3433 961 Tillemontium,
3481 906 3615 953 tom.
3669 897 3759 954 XV
3812 896 4039 954 lentor.

2474 988 2597 1044 hist.
2626 986 2837 1053 παίει..
2867 1004 2987 1060 pag.
3020 988 3146 1054 540,
3178 998 3236 1046 et
3290 1003 3411 1061 quae
3446 987 3589 1045 infra
3614 989 3670 1045 in
3696 989 3908 1048 Basilio
3933 989 4041 1045 Ba-

2476 1078 2755 1148 phanensh

2545 1168 2799 1243 [Basilius
2846 1168 3285 1228 lalimbanensis.
3320 1168 3385 1226 V.
3427 1184 3589 1243 supra
3619 1170 3725 1229 vol.
3777 1170 3871 1241 IV,
3911 1186 4035 1244 pag.

2475 1259 2598 1327 666,
2630 1271 2743 1317 not.
2777 1278 2828 1316 ο.
2859 1259 3055 1332 ilum]

2544 1352 2796 1416 Basilius,
2835 1352 3258 1423 Irenopolitanus
3320 1352 3374 1407 in
3416 1352 3607 1411 Cilicia
3664 1366 3974 1425 episcOpus,
4010 1370 4038 1404 τι

2474 1459 2583 1513 quo
2655 1444 2959 1500 Nestoriani
3046 1444 3178 1499 dicti
3250 1443 3627 1506 Βασιλειανοι.
3698 1454 3760 1501 ιιι
3836 1444 4045 1501 noavit

2477 1535 2635 1591 Bich.
2691 1536 2738 1592 le
2788 1535 2957 1605 Quien
3026 1537 3093 1593 ad
3163 1534 3249 1591 Jo.
3305 1536 3737 1604 Damascenum,
3787 1548 3917 1594 tom.
3975 1554 3996 1591 ι
4025 1576 4041 1599 .

2478 1642 2598 1697 pag.
2628 1626 2751 1683 100.
2787 1628 2877 1683 De
2913 1626 3032 1697 ejus
3064 1625 3317 1682 Historia:
3342 1628 3710 1686 ecclesiastica:
3737 1629 3892 1685 libris
3926 1630 4028 1683 tri-

2476 1721 2596 1785 bus,
2619 1717 2838 1775 Photius
2862 1719 2983 1777 cod.
3010 1733 3139 1774 xm.
3171 1715 3330 1791 [Add.
3362 1717 3517 1773 Phot.
3547 1720 3670 1775 cod.
3701 1720 3848 1788 xcv.)
3878 1720 4033 1782 Viue.

2475 1825 2596 1881 qua
2624 1811 2733 1866 dixi
2774 1811 2865 1867 lib.
2898 1827 2945 1877 ν,
2981 1827 3101 1881 cap.
3156 1812 3207 1866 1.
3237 1807 3370 1882 [τοι.
3408 1812 3511 1876 Vll,
3534 1826 3659 1883 pag.
3686 1812 3793 1868 M9
3820 1823 3875 1869 et
3901 1811 4030 1873 157.

800 1926 924 1983 cap.
952 1911 1038 1967 10.
1090 1913 1169 1967 Ad
1203 1911 1452 1967 eumdem
1501 1908 1758 1963 Basilium
1812 1906 2031 1975 scripsit
2079 1904 2188 1959 Leo
2218 1906 2369 1974 inip.,
2404 1904 2445 1959 Β
2478 1902 2778 1977 ςιχχιω
2806 1903 2933 1974 Ejus
2964 1920 3099 1976 opus
3126 1916 3310 1963 contra
3346 1904 3682 1972 Archelaum,
3717 1903 3954 1962 Colonia
3980 1907 4033 1960 in

800 2012 856 2059 i-t
880 2001 1335 2073 LeolepiscOpns
1365 2002 1524 2058 Rom.
1548 1998 1941 2062 etBaradatus,
1982 2004 2121 2053 teste
2157 1996 2372 2068 Ephre-

800 2109 890 2149 ιιιο
904 2096 1046 2165 apud
1067 2093 1316 2150 Photinm
1350 2094 1471 2148 cod.
1495 2108 1713 2157 ccxxtx,
1745 2095 1845 2146 sub
1870 2089 2208 2145 οη.-Ισ“ιιιιι.
2234 2087 2371 2141 Lau-

799 2186 1035 2241 daturin
1063 2185 1279 2241 Nicama
1306 2186 1531 2255 synodo,
1564 2184 1615 2238 in
1645 2182 1764 2239 cod.
1789 2180 2006 2237 XXXIV
2053 2178 2276 2235 Coislin.
2310 2176 2372 2232 V.

799 2275 1100 2332 blontfauc.
1133 2276 1275 2333 Bibl.
1300 2276 1485 2341 (ἐρέει,
1525 2291 1647 2347 pag.
1672 2274 1793 2329 102.
1825 2273 1996 2327 Ilum.

871 2366 1126 2443 [Basilius
1171 2370 1557 2435 Armeniacus,
1601 2366 1984 2437 calligraphus,
2017 2364 2082 2417 A.
2117 2362 2179 2420 C.
2211 2362 2371 2419 1066.

801 2458 869 2515 V.
902 2459 1195 2515 Montlaur.
1252 2461 1522 2529 Pula'ogr.
1557 2456 1675 2522 Gn,
1720 2473 1841 2529 pag.
1867 2458 1937 2514 55
1959 2473 2021 2512 ac
2043 2456 2142 2522 96;
2166 2465 2221 2511 et
2248 2471 2369 2527 pag.

798 2546 856 2613 9,
879 2546 969 2612 55,
999 2548 1091 2612 65,
1118 2548 1208 2613 76,
1243 2547 1334 2609 80.
1357 2547 1481 2604 505.
1528 2548 1717 2602 Adhuc
1746 2556 2114 2603 memorantur
2146 2547 2375 2602 Basilius

799 2636 1013 2705 Barele,
1040 2654 1088 2697 s.
1130 2638 1361 2705 Balcris,
1392 2641 1484 2709 qui
1516 2640 1742 2710 scripsit
1787 2640 2032 2709 quaedam
2068 2636 2373 2705 Euripidis;

797 2729 1053 2799 Basilius,
1086 2732 1278 2799 let-tor,
1311 2735 1533 2802 scripsit
1562 2731 1761 2789 saeculo
1779 2746 1857 2787 ιιι
1887 2730 2033 2786 Petri
2056 2728 2374 2785 Antiocheni

798 2835 857 2882 et
885 2827 1114 2883 aliorum
1145 2843 1293 2897 epp.;
1322 2826 1555 2883 Basilius
1601 2828 1859 2885 sacerdos
1879 2824 2098 2899 scripsit
2125 2825 2377 2898 Origcnis

798 2934 939 2989 opus
989 2920 1044 2974 in
1093 2916 1219 2974 Job.
1262 2930 1319 2975 et
1362 2918 1736 2991 Chrysostoml
1781 2916 2052 2988 quietiam,
2100 2918 2165 2973 A.
2209 2915 2369 2983 ius;

801 3010 1032 3067 Basilius
1067 3008 1371 3076 Scalidrus,
1415 3011 1682 3073 notarius,
1729 3007 1952 3078 scripsit
1998 3008 2064 3062 A.
2096 3007 2235 3062 “Si
2263 3008 2372 3063 Da-

802 3101 1042 3158 mascenl
1072 3116 1197 3173 opp.
1215 3099 1461 3171 quasdam
1494 3100 1590 3162 ib.,
1616 3113 1738 3171 pag.
1766 3096 1859 3167 55,
1887 3098 1955 3155 de
1983 3098 2234 3164 notariis,
2264 3098 2376 3154 sive

800 3208 1124 3251 arcanorum
1149 3192 1369 3249 scribis.
1413 3189 1613 3264 llsat..]

870 3283 1122 3349 Basilius,
1172 3285 1449 3355 Aquarum
1508 3284 1817 3341 Sexttarum
1862 3285 2168 3358 episcopus.
2217 3286 2371 3357 cujus

802 3373 1048 3430 metuitiit
1072 3372 1383 3429 llonoratus
1418 3374 1470 3429 in
1509 3372 1627 3428 Vita
1658 3371 1862 3428 Hilarii
1890 3375 2094 3430 Arctoi.
2123 3392 2241 3447 cap.
2275 3376 2366 3432 22.

870 3464 1103 3521 Basilius
1151 3463 1361 3537 junior,
1417 3472 1623 3529 asceta,
1692 3460 1849 3534 cujus
1916 3459 2097 3517 Vitam
2159 3467 2373 3536 scripsit

798 3556 1119 3627 Gregorius,
1157 3555 1277 3628 ejus
1297 3554 1615 3627 discipulus,
1650 3554 1831 3611 clarus
1878 3554 2212 3626 temporibus
2238 3551 2374 3610 Lro-

804 3646 889 3702 nis
926 3646 1193 3717 Sapientis
1227 3648 1356 3717 imp.
1405 3648 1595 3703 Exstat
1646 3646 1702 3702 in
1736 3646 1885 3701 Actis
1933 3655 2190 3709 sanctam.
2237 3656 2369 3703 toni.

804 3736 871 3795 Ill
902 3737 1187 3810 April.26.
1221 3736 1539 3811 [Nuntiatum
1565 3738 1619 3793 in
1654 3734 1918 3805 Palwogr.
1949 3734 2068 3801 σι’..
2098 3752 2218 3808 pag.
2243 3738 2350 3794 525

800 3844 871 3885 ex
917 3825 1279 3901 cod.Regia.'|
1326 3829 1477 3885 Adde
1536 3826 1884 3882 Lambeciuni
1937 3824 2069 3893 Vlll,
2102 3842 2224 3900 pag.
2268 3829 2372 3886 559

800 3913 950 3990 [με.
985 3917 1091 3971 760
1121 3917 1209 3971 ed.
1238 3914 1444 3972 Kollar.
1472 3916 1541 3972 de
1574 3913 1695 3971 cod.
1733 3911 1975 3983 XXXIV,
2000 3932 2055 3971 η.
2089 3913 2226 3989 Lll.]

876 4009 1130 4074 Basilius,
1158 4009 1533 4067 Bicantiorum
1564 4008 1870 4081 presbyter,
1894 4010 1961 4066 de
1982 4023 2090 4081 quo
2121 4006 2374 4068 Moschus

802 4100 860 4157 in
900 4098 1060 4155 Pralo
1079 4099 1332 4168 spiritali,
1359 4114 1481 4169 cap.
1514 4099 1605 4155 40.

872 4189 1097 4247 Basilius
1137 4188 1569 4263 Bulgaroctouus
1616 4188 1693 4262 (a)
1743 4189 2064 4261 imperator,
2103 4190 2173 4247 ab
2217 4190 2281 4247 A.
2306 4191 2369 4249 ϐ.

798 4279 906 4337 978
934 4283 999 4335 ad
1022 4278 1179 4347 1025,
1204 4279 1433 4349 decujus
1456 4280 1685 4337 novellis
1699 4279 2182 4336 constitutionibus
2197 4279 2371 4338 dicam

802 4373 941 4429 libro
963 4368 1050 4427 Vl.
1066 4370 1218 4443 [Ejus
1237 4370 1708 4439 Antipliarmacarn
1731 4370 1785 4427 in
1807 4370 1929 4427 cod.
1944 4367 2196 4424 Laurent.
2232 4366 2371 4434 XIX,

803 4482 860 4521 tt.
884 4465 940 4531 5.
974 4463 1107 4534 plut.
1137 4463 1227 4519 75.
1264 4461 1394 4519 Vide
1440 4463 1670 4518 Bandin.
1703 4463 1827 4523 Gal.
1856 4462 2011 4520 codd.
2055 4459 2148 4517 Gr.
2177 4459 2368 4531 Laur.,

800 4556 892 4625 ill,
918 4572 1038 4629 pag.
1075 4555 1189 4611 167.
1220 4554 1415 4628 llant..]

873 4651 1107 4708 Basilius
1175 4649 1522 4706 Cmsariends
1579 4648 1654 4722 (ὸ)
1710 4646 1916 4717 iunior,
1974 4644 2129 4717 cujus
2184 4642 2370 4700 inediti

806 4741 1181 4799 commentarii
1211 4743 1276 4797 ad
1310 4739 1587 4797 orationes
1629 4738 1981 4804 Nazianzeni,
2009 4736 2368 4795 Constantino

804 4832 1278 4905 l‘orphyrogeneto
1309 4828 1494 4894 dicati,
1524 4840 1739 4885 exstant
1787 4828 1840 4883 in
1874 4826 2037 4881 variis
2072 4824 2366 4882 bibliothe-

800 4929 900 4989 eis,
926 4934 985 4980 ut
1012 4922 1181 4996 [ιῖίοτ.
1234 4921 1486 4977 Laurent.
1548 4920 1679 4976 Vide
1738 4918 1965 4975 Baniini
2021 4916 2142 4974 Cat.
2175 4918 2217 4983 Ι.
2244 4931 2368 4989 pag.

800 5016 905 5075 556
935 5012 1118 5087 seqq.)
1145 5013 1497 5077 Coisliniana,
1539 5031 1661 5085 pag.
1696 5013 1822 5081 290,
1856 5024 1913 5068 et
1959 5013 2014 5067 in
2071 5012 2244 5067 tribus
2274 5025 2367 5066 co-

801 5108 1030 5172 dicibus,
1079 5119 1202 5177 pag.
1248 5105 1355 5161 298
1385 5119 1538 5175 seqq.
1578 5103 1695 5179 [ubi
1739 5118 1954 5176 quoque
1999 5117 2121 5173 pag.
2152 5100 2258 5158 299
2291 5103 2357 5157 de

800 5200 916 5265 ejus
950 5212 1038 5266 ep.
1091 5193 1157 5250 ad
1211 5193 1625 5252 Constantinum
1675 5194 1835 5265 imp..
1882 5195 2001 5264 ejus
2062 5190 2181 5246 Vita
2222 5194 2274 5247 in
2306 5206 2362 5246 c.

798 5286 938 5344 Gaia.
976 5285 1331 5343 CLXXXVII.
1363 5285 1427 5341 V.
1457 5286 1647 5342 Lamb.
1680 5285 1769 5351 Ill,
1805 5300 1927 5356 pag.
1964 5284 2089 5339 412.
2130 5280 2327 5355 llam.)

870 5376 1120 5444 Basilius,
1150 5378 1544 5451 Chrysostomi.
1572 5379 1663 5449 qui
1688 5380 1736 5434 ei
1770 5376 1938 5433 libros
1972 5376 2046 5431 De
2076 5374 2367 5430 sacerdotio

875 5584 1114 5661 iam”?
1141 5587 1415 5661 Allatium,
1446 5604 1570 5661 pag.
1600 5587 1821 5661 25οιπά
1852 5584 2048 5661 Georg.
2082 5580 2363 5661 Acropoli-

803 5650 1311 5731 Baudin.
1359 5650 1476 5715 Gai.
1512 5650 1667 5716 Eadd.
1709 5650 1875 5714 Laur.
1933 5650 2024 5713 lll'
2074 5671 2195 5727 pag.
2231 5650 2360 5715 ⁷191»

802 5742 858 5779 Ιι.
886 5726 947 5780 Π
964 5726 1025 5783 ct
1045 5726 1158 5800 18]

836 5864 845 5869 _
875 5794 949 5866 (ὸ)
982 5797 1263 5869 Vitiarium
1296 5797 1362 5852 de
1396 5798 1487 5855 illo
1518 5799 1611 5855 lib.
1636 5814 1692 5869 γ.
1727 5814 1850 5869 cap.
1900 5799 2003 5869 l_3,_
2050 5813 2175 5866 pag.
2220 5793 2359 5869 540.

834 5864 888 5914 In
917 5864 1021 5918 Vol.
1048 5866 1135 5919 Vll
1163 5864 1294 5924 'uov.
1324 5870 1437 5936 cd.,
1467 5884 1585 5940 pag.
1623 5867 1721 5923 451
1753 5864 1934 5938 séqq.]
1963 5864 2176 5924 Caycus
2218 5867 2362 5920 hunc

2473 1996 2733 2052 Armenia
2791 1998 3188 2069 presbyterum,
3256 2007 3524 2055 memorat
3579 1995 4038 2053 Suidas:cantra

2472 2084 2733 2141 Joannem
2771 2084 3208 2157 chtltopolitarn,
3236 2087 3460 2146 Photius
3488 2087 3607 2145 cod.
3636 2100 3764 2142 cm.

2544 2177 2776 2234 Basilius
2820 2176 3121 2245 confessor,
3165 2182 3449 2251 episcopus
3478 2178 3755 2237 Cretensis
3805 2189 3861 2236 et
3916 2180 4045 2236 dein

2481 2266 3014 2336 Thessalonicensis,
3070 2269 3136 2325 de
3185 2284 3292 2337 quo
3344 2269 3635 2329 Bollandus
3688 2272 3755 2328 ad
3812 2270 4046 2328 Kalend.

2474 2361 2765 2425 Februan,
2795 2372 2923 2417 tom.
2954 2360 2996 2426 l,
3013 2375 3136 2431 pag.
3173 2359 3279 2415 242
3310 2375 3459 2433 seqq.
3486 2363 3652 2421 Fatis.
3673 2362 4047 2421 -Canticum

2474 2457 2529 2510 d.
2561 2453 2628 2510 12
2653 2454 2826 2525 April.
2858 2456 2912 2510 in
2940 2453 3001 2513 S.
3042 2452 3403 2510 confessorem
3436 2454 3709 2520 Basiliam,
3734 2458 4046 2527 episcopum

2476 2547 2619 2604 Parii
2650 2548 2702 2603 in
2736 2548 2867 2604 Asia
2896 2546 3123 2612 Minore,
3152 2546 3294 2602 inter
3327 2546 3536 2601 cantica
3558 2561 3714 2601 sacra
3742 2548 3798 2602 in
3825 2558 4047 2604 sanctos

2476 2637 2640 2692 totius
2666 2637 2866 2691 mensis
2905 2636 3074 2705 April.
3104 2638 3158 2692 in
3205 2635 3327 2691 cod.
3354 2633 3451 2691 XII
3476 2632 3675 2692 Ccsar.
3710 2634 3941 2693 Vindob.
3976 2640 4043 2693 de

2475 2740 2583 2795 quo
2610 2722 2674 2780 V.
2730 2722 2987 2782 Lambec.
3021 2724 3313 2781 Comment.
3372 2717 3505 2789 VIII,
3554 2739 3680 2798 pag.
3728 2724 3835 2781 208
3884 2740 4041 2797 seqq.

2475 2816 2648 2873 Hanc.

2542 2929 2801 2989 Consules
2834 2944 2852 2984 :
2888 2928 3103 2988 (Iccius
3134 2929 3329 2988 Decius
3356 2928 3588 2987 Basilius
3618 2927 3690 3003 (e)
3714 2928 3781 2986 Δ.
3817 2927 3885 2986 C.
3915 2927 4043 2991 ‘63.

2473 3031 2529 3078 ct
2546 3021 2760 3080 Caelus
2785 3020 2979 3077 Decius
3008 3020 3264 3084 Basilius,
3289 3019 3494 3091 junior,
3518 3020 3584 3075 A.
3611 3018 3751 3085 529;
3780 3027 3894 3075 tum
3916 3016 4045 3075 ινιν

2474 3114 2594 3169 vius
2624 3112 2855 3168 Basilius
2873 3110 2939 3165 A.
2968 3109 3096 3177 480.
3132 3119 3189 3167 et
3213 3109 3431 3166 Flavius
3456 3110 3683 3166 Basilius
3735 3109 3949 3179 junior,
3974 3112 4043 3166 Δ.

2480 3201 2615 3269 Nl,
2648 3202 2872 3260 ultius
2905 3203 3262 3275 privatorum,
3296 3201 3390 3272 qui
3429 3198 3771 3257 consulatum
3817 3199 4047 3257 orditas.

2474 3296 2613 3353 rium
2640 3297 2896 3369 gesserit,
2926 3310 3236 3367 nomenque
3276 3309 3422 3353 anno
3445 3294 3676 3352 dederit.
3704 3292 3837 3351 Vide
3863 3293 4049 3351 Victo-

2474 3390 2537 3445 rii
2566 3388 2833 3447 Cononem
2863 3388 3201 3454 Paschalcm,
3230 3404 3356 3462 pag.
3384 3384 3477 3446 69.

2544 3500 2844 3574 [Basilius,
2909 3498 3239 3555 Emessenus
3306 3498 3622 3569 cpiscopus,
3675 3512 3785 3555 scr.
3862 3494 4045 3553 Vitatis

2477 3590 2759 3656 Theodori,
2812 3588 3135 3661 archiepisc.
3177 3587 3456 3651 Edesseni.
3512 3588 3568 3643 In
3619 3590 3743 3647 eod.
3805 3587 4038 3645 Taurin.

2471 3680 2721 3739 CXLVII.
2760 3678 2881 3738 Viti.
2942 3677 3068 3738 Cat.
3116 3678 3276 3735 codd.
3333 3672 3430 3733 Gr.
3472 3676 3663 3743 Tuan,
3726 3694 3850 3751 pag.
3915 3680 4043 3737 258,

2353 3779 2372 3849 ζ
2473 3772 2670 3849 um.)

2542 3886 2822 3959 [Basilius,
2861 3886 3125 3943 diaconus
3162 3892 3219 3943 et
3265 3897 3299 3942 a
3327 3882 3753 3950 commentariis,
3794 3882 4048 3940 interluit

2472 3978 2680 4050 synodo
2720 3975 2789 4033 ab
2824 3976 3017 4034 Alexio
3051 3976 3328 4033 Comneno
3377 3986 3735 4050 congregata.
3768 3974 3835 4032 V.
3872 3974 4035 4033 Mont-

2475 4070 2621 4126 faue.
2644 4065 2789 4124 Bibl.
2816 4065 3062 4132 Coislin.,
3083 4079 3204 4138 pag.
3238 4063 3360 4121 105.
3391 4093 3463 4108 --
3487 4067 3642 4122 Alius
3670 4065 3882 4135 Basilii,
3916 4067 4043 4123 dia-

2473 4162 2617 4228 coni,
2667 4160 3113 4234 reliquorumque
3173 4154 3561 4213 monachorum
3600 4157 3924 4227 supplicatio
3976 4162 4045 4215 ad

2474 4251 2638 4324 iinpp.
2672 4248 3035 4305 Theodosium
3062 4254 3120 4303 et
3147 4242 3609 4310 Valentinianum,
3653 4245 3915 4301 adversus
3935 4246 4044 4302 Ne-

2474 4341 2727 4406 storium,
2760 4341 2815 4396 In
2842 4338 3059 4395 concilii
3092 4337 3350 4409 Ephesini
3377 4344 3518 4407 part.
3567 4349 3606 4399 ι.
3635 4350 3758 4410 pag.
3792 4336 3922 4406 510,
3954 4340 4042 4395 ed.

2474 4434 2730 4489 Romana:
2775 4428 2935 4487 1008.
2981 4428 3042 4484 V.
3077 4426 3399 4485 Assemanni
3449 4425 3694 4500 Prolegg.
3753 4428 3820 4486 ad
3876 4428 4041 4500 Ephr.

2474 4525 2623 4598 Syri,
2650 4523 2813 4596 Opp.,
2848 4532 2976 4577 tom.
3029 4521 3073 4588 ι,
3095 4537 3215 4594 pag.
3252 4536 3309 4587 x,
3340 4518 3368 4594 ς
3394 4535 3488 4579 xit.
3519 4519 3719 4594 Hast..]

2548 4639 2793 4702 Basilius,
2828 4633 3023 4704 Ephesi
3043 4635 3347 4704 cpiscopus,
3382 4632 3443 4689 A.
3470 4632 3533 4689 C.
3559 4631 3818 4690 4M“.

2544 4731 2646 4805 [Ad
2676 4728 2952 4796 Basilium,
2986 4726 3293 4790 erentitant,
3326 4726 3515 4783 scribit
3545 4724 3815 4782 Theodor.
3849 4725 4043 4783 Studi-

2472 4832 2548 4881 ta.
2582 4820 2958 4881 V.Montfauc.
2998 4818 3139 4875 Bibl.
3168 4816 3357 4885 Coisl.,
3388 4831 3511 4887 pag.
3543 4816 3667 4874 515.

2543 4912 2796 4977 Basilius,
2823 4911 3208 4969 Euchaitarum
3236 4910 3544 4982 cpiscopus,
3572 4918 3627 4964 et
3647 4907 3904 4974 Basilius,
3928 4912 4046 4981 epi-

2473 5018 2669 5075 scopus
2724 5000 2973 5065 Larisus,
3033 5000 3397 5056 interfuerunt
3447 5002 3673 5070 synodo,
3732 4997 3802 5053 ab
3853 4997 4045 5057 Alexio

2472 5096 2747 5153 Conineno
2772 5101 3135 5163 congregata.
3170 5086 3235 5146 V.
3272 5086 3563 5148 Montfauc.
3592 5090 3631 5145 Ι.
3665 5102 3887 5163 c..pag.
3918 5092 4041 5148 104.

2474 5185 2671 5260 Iisnt..]

2542 5283 2792 5347 Basilius,
2827 5275 3347 5349 llierosolymitanus
3383 5271 3715 5346 patriarcha,
3741 5272 3901 5345 cujus
3927 5286 4041 5341 epi-

2477 5377 2614 5434 stola
2645 5373 2898 5445 synodica
2936 5371 3003 5424 ad
3049 5370 3181 5439 imp.
3213 5366 3595 5438 Theophilum,
3632 5365 3724 5436 qui
3772 5365 3842 5421 ab
3875 5365 3945 5420 Δ.
3976 5360 4038 5418 C.

2470 5578 2641 5635 refert
2668 5578 2737 5633 ad
2767 5578 2831 5632 A.
2858 5574 2922 5633 (Ξ.
2952 5564 3078 5636 675.
3112 5572 3204 5631 sed
3243 5571 3430 5642 junior
3453 5580 3556 5642 est,
3588 5581 3646 5627 et
3696 5570 4040 5628 Constantini

2468 5646 3096 5721 fﬁnrpliyrrogenititetate
3122 5641 3376 5721 scripsit.
3436 5641 3783 5721 Ansanibueo
3820 5653 4045 5721 vocatur

2468 5710 2990 5780 Thessalonicensis,
3042 5714 3137 5769 sed
3190 5710 3305 5781 ipse
3354 5726 3413 5766 se
3460 5711 3645 5766 Basilii
3685 5710 4040 5771 Caesariensis

2468 5789 2722 5845 κοινωνὸν
2748 5788 2842 5843 καὶ
2870 5782 3257 5858 ὀνόματοςᾼκᾳὶ
3286 5782 3476 5858 Βρόνου
3508 5783 3742 5853 appellat

2540 5861 2617 5931 (ε)
2642 5859 2723 5914 Ad
2747 5860 2889 5915 hunc
2915 5852 3104 5914 scribit
3134 5852 3406 5911 Sidonius.
