4212 6492
1446 412 1723 470 ΝΟΤΠΙΑ
1765 414 1858 467 EX
1904 415 2242 473 FABRICIO.

3279 416 3452 461 CCXLV

216 536 319 597 ω
341 540 411 597 ad
444 540 547 596 8M
579 538 743 593 rebus
774 535 1003 607 prefuit,
1029 544 1209 591 exstat
1235 531 1286 588 in
1320 535 1629 593 Combellsii
1664 537 1784 593 ια·
1812 544 1861 601 Δ
1886 539 2111 597 Coislin.
2143 538 2397 603 CCLXX,
2442 548 2602 609 quam
2654 530 2820 589 edidit
2872 527 3162 585 lontlauc.
3204 527 3258 581 in
3309 526 3449 583 Bibl.

216 634 391 701 stipula
425 634 568 699 orig.
601 627 794 694 CPol.,
827 642 948 698 pag.
996 624 1255 684 110-145.
1292 626 1466 682 Paris.
1504 628 1667 694 1661,
1694 633 1772 685 ιο.

216 722 376 779 lina.
410 721 655 790 Epistula
698 720 786 774 illa
834 720 1109 791 synodalia
1161 716 1226 772 all
1274 720 1464 790 imper.
1510 718 1782 794 Theophi—

214 814 319 867 hnn
348 812 791 878 Iconomachum,
826 829 923 883 pro
965 810 1113 866 cultu
1165 825 1444 866 sacrarum
1482 811 1778 881 imaginum

216 918 557 962 memoratur
587 916 641 959 et
679 906 831 962 locus
859 903 1170 973 excerpitur
1197 920 1227 959 a
1264 903 1551 959 Lambecio
1578 904 1777 965 Comm.

214 999 277 1049 dc
300 998 431 1050 bibl.
463 996 693 1065 Circam,
744 998 855 1052 vol.
884 994 1015 1059 VIII,
1041 1010 1165 1067 pag.
1199 996 1325 1051 697.
1357 996 1493 1049 Add.
1534 1011 1653 1068 pag.
1679 998 1782 1054 708

214 1101 387 1156 aeqq.,
419 1088 512 1141 ubi
546 1089 595 1143 in
631 1098 755 1144 nota
802 1086 1158 1141 Combelisius
1188 1086 1433 1155 carpitur
1467 1097 1523 1143 et
1562 1099 1782 1143 contex-

215 1188 298 1231 tus
322 1177 420 1232 Gr.
457 1179 723 1235 benelicio
758 1176 959 1232 codicis
986 1176 1219 1232 Czesarei
1272 1177 1570 1247 suppletur.
1622 1177 1778 1234 ConI'.

212 1280 369 1338 supra
407 1270 519 1322 vol.
554 1268 685 1329 VIII,
727 1282 847 1338 pag.
877 1269 967 1330 8|,
992 1273 1129 1320 scct.
1158 1264 1211 1319 5.
1257 1264 1428 1322 Haec.

282 1358 564 1431 [Basilins,
594 1358 1019 1425 Λατινελὲγκτης
1058 1355 1507 1413 hieromonachus
1550 1356 1783 1423 Studita,

214 1452 300 1519 qui
332 1458 527 1503 contra
573 1447 793 1502 Latinos
837 1446 1074 1515 scripsit,
1116 1458 1448 1503 memoratus
1476 1447 1545 1502 ab
1592 1448 1785 1507 Allatio

215 1540 287 1594 Dc
311 1556 589 1599 consensu,
613 1555 665 1607 p.
701 1537 807 1591 555
832 1547 886 1592 ct
916 1537 1040 1593 62‘.
1073 1538 1269 1609 llant..]

282 1630 522 1685 Basilius
544 1630 991 1699 lrenopolitanus,
1024 1643 1309 1698 perperam
1345 1643 1374 1683 a
1404 1629 1569 1685 Cilicc
1597 1631 1787 1686 distin—

215 1724 398 1790 guitur
427 1725 481 1779 in
534 1722 942 1792 Chartopliylnce
975 1720 1135 1775 Cavei
1167 1719 1279 1790 (qui
1316 1721 1367 1775 id
1410 1733 1554 1777 recte
1596 1720 1788 1777 deinde

215 1818 549 1886 emendavit)
566 1825 621 1871 et
644 1816 697 1869 in
728 1812 1009 1866 Pandectis
1041 1811 1379 1868 Hendreichii
1417 1813 1787 1869 Brandenbur-

214 1922 369 1977 giers.

285 1994 539 2055 Basilius,
586 1991 799 2049 Isauria
852 1996 1171 2066 episcopus,
1228 1994 1368 2051 idem
1412 2010 1531 2051 cum
1594 1995 1777 2052 Seleu-

213 2086 410 2141 ciensi.

282 2176 535 2245 Basilius,
566 2178 793 2234 Larissae
817 2179 869 2233 In
903 2178 1182 2234 Thessalia
1217 2181 1659 2249 metropolitanus
1683 2182 1787 2235 Ba-

214 2268 354 2335 lus.,
405 2287 460 2340 p.
496 2271 600 2325 886
660 2270 822 2325 Nam
868 2271 1069 2324 collcct.
1112 2270 1299 2324 concil.
1353 2270 1440 2342 [V.
1487 2275 1552 2326 de
1591 2271 1786 2327 Basilio

213 2360 553 2424 Euchaitar.,
580 2372 711 2427 etc.,
747 2371 929 2416 notata
959 2376 1011 2431 p.
1044 2362 1077 2415 8
1108 2360 1277 2433 extr.]

281 2474 519 2530 Basilius
564 2474 805 2538 Macedo,
863 2474 992 2542 imp.
1030 2474 1097 2527 ab
1148 2474 1212 2527 Λ.
1258 2472 1317 2528 C.
1348 2472 1451 2528 866
1492 2474 1558 2529 ad
1586 2472 1689 2529 889
1724 2473 1788 2529 de

211 2565 365 2636 cujus
395 2566 710 2636 κεφαλαίοις
735 2569 1138 2640 παραινετικοῑς
1169 2566 1279 2620 dixi
1308 2567 1403 2622 lib.
1431 2582 1481 2634 v,
1502 2582 1553 2622 c.
1578 2566 1632 2622 5.
1654 2566 1783 2639 [voL

213 2652 345 2723 VIII,
376 2672 430 2725 p.
474 2657 545 2709 12
586 2656 703 2726 sq.]
740 2658 813 2711 De
860 2658 976 2723 ejus
1018 2658 1183 2711 variis
1220 2656 1705 2712 Constitutiouibus
1735 2669 1789 2712 et

213 2745 442 2813 legibus,
480 2745 704 2814 aliisque
738 2746 971 2815 scriptis,
1005 2746 1073 2800 ad
1098 2745 1217 2815 jura
1246 2746 1639 2814 spectantibus,
1675 2746 1787 2800 dis-

214 2835 424 2889 serendi
486 2833 636 2889 locus
675 2835 780 2890 erit
804 2837 962 2918 .libro
1006 2851 1092 2902 vt,
1133 2835 1586 2905 quemadmodum
1619 2845 1674 2893 et
1723 2838 1791 2893 de

214 2920 451 2982 Novellis
485 2924 669 2982 Basilii
692 2924 1134 2997 Porphyrogcniti
1158 2926 1288 2997 imp.

281 3039 555 3105 Basilius,
591 3040 873 3109 Magnesia
915 3041 1229 3110 cpiscopus,
1282 3039 1526 3105 interfuit
1562 3041 1789 3098 concilio

213 3130 434 3185 Niceno
464 3146 526 3194 rt,
564 3140 692 3183 tom.
727 3129 791 3182 III
824 3130 983 3193 Biuii,
1008 3146 1059 3199 p.
1086 3130 1208 3184 5I6.

281 3242 521 3298 Basilius
558 3256 761 3310 magus,
792 3242 858 3295 de
889 3256 995 3310 quo
1048 3240 1341 3311 Gregorius
1385 3241 1608 3311 Magnus
1642 3243 1735 3297 lib.
1774 3233 1860 3297 ιϐ

216 3332 517 3401 υίαιοςον.,
543 3348 597 3401 p.
650 3333 779 3387 1551
842 3348 982 3403 scq.,
1018 3342 1145 3389 tom.
1184 3334 1199 3387 Ι
1228 3332 1387 3404 0pp..
1425 3345 1479 3388 et
1509 3332 1793 3389 Cassiodo-

212 3443 303 3483 rus
335 3442 411 3489 tv,
444 3426 500 3487 2,
543 3426 667 3479 Var.

279 3541 517 3597 Basilius
537 3539 815 3600 Haleinus.
835 3539 891 3596 S.
914 3538 1101 3595 Laure
1126 3554 1289 3609 pr0pe
1311 3539 1675 3612 Hierosolyma
1704 3556 1791 3595 ar-

211 3632 591 3703 chipresbyter
605 3640 658 3687 et
674 3631 856 3694 abbas,
877 3632 1026 3701 cujus
1040 3630 1308 3702 ἀσκητικὴ
1326 3628 1669 3696 ὐποτύπωσις
1691 3632 1787 3701 (a),

212 3737 263 3785 et
293 3727 532 3790 libellus,
567 3740 675 3794 quo
727 3724 936 3795 probat,
986 3736 1179 3781 ascene
1220 3740 1324 3778 non
1355 3739 1475 3780 esse
1519 3724 1786 3795 captanda

212 3820 504 3875 honoraria
559 3832 658 3871 nec
707 3818 938 3872 honores
988 3816 1322 3881 ambiendus,
1360 3831 1462 3870 ms.
1500 3814 1687 3869 Grmce
1734 3814 1788 3867 in

212 3906 506 3961 Bodleiano
539 3904 669 3959 bibl.
722 3905 883 3959 FABI.
917 3904 1236 3973 Infurmatio
1282 3904 1537 3971 ascetica,
1569 3903 1621 3957 in
1656 3902 1785 3959 bibl.

210 3997 417 4054 Bodlei.
446 3998 569 4051 cod.
592 3987 653 4042 V.
672 3989 914 4050 Herbert.
934 3996 1062 4050 ibid.
1083 3996 1221 4050 inter
1242 3995 1397 4051 codd.
1428 3994 1530 4050 Th.
1558 3995 1693 4059 Boe,
1730 4011 1784 4051 η.

208 4087 457 4144 CCLXIII
488 4091 605 4143 cod.
636 4087 795 4151 XVII,
823 4088 1023 4142 Asccta-
1058 4104 1159 4141 non
1180 4104 1289 4143 csse
1314 4088 1599 4158 captandas
1624 4088 1788 4143 Itono-

212 4195 318 4235 rcs.
343 4207 414 4221 -
443 4180 581 4232 Αιιιι.
609 4179 673 4233 ad
699 4188 880 4233 notam
909 4178 1132 4246 scripta.

280 4268 539 4343 [Basilius
564 4268 745 4329 abbas,
776 4268 1093 4340 ἡγούμενος
1135 4268 1199 4321 ad
1246 4282 1369 4323 eum
1404 4266 1786 4323 scribitTheo-

208 4360 376 4417 dorus
402 4358 637 4414 Studita.
659 4360 713 4413 V.
739 4360 1099 4413 Montlaucon.
1127 4358 1265 4432 Bibl.
1294 4359 1482 4425 Coisl.,
1514 4374 1635 4430 pag.
1662 4358 1784 4425 144,

208 4450 335 4517 380,
358 4451 487 4515 322,
518 4450 645 4517 321,
679 4451 805 4507 415.
840 4449 1036 4521 IIant..]

1886 630 2071 697 Coisl.,
2099 646 2151 701 p.
2184 629 2286 685 349
2309 645 2425 700 sqq.
2459 637 2515 687 et
2539 623 2765 682 Basilius
2791 626 2890 680 iste
2923 623 3228 677 nominatur
3256 636 3308 692 p.
3326 619 3449 673 373.

1889 719 2234 884 "‘[g‘atltilium
2266 808 2523 872 medicus,
2552 805 2947 881 Bogomilorum
2985 806 3255 861 haereseos
3289 802 3375 856 fax
3400 813 3457 856 et

1890 904 2038 960 tuba.
2070 904 2131 960 Υ.
2182 900 2434 957 Allatium
2463 898 2539 953 Dc
2580 916 2855 962 consensu,
2899 912 3018 967 pag.
3067 896 3194 951 6'55.
3234 896 3309 950 De
3335 894 3457 948 aliis

1888 994 2101 1051 Basiliis
2145 993 2370 1049 medicis
2400 1008 2450 1045 v.
2490 990 2625 1045 infra
2658 993 2708 1045 in
2752 990 2977 1047 elencho
3008 990 3265 1043 medicor.
3299 994 3457 1051 vett.,

1891 1085 1996 1139 vol.
2022 1083 2153 1149 XIII,
2186 1082 2370 1154 p.100
2408 1097 2516 1151 sq.;
2577 1080 2670 1136 sed
2708 1083 2849 1137 conf.
2905 1081 3079 1148 ipsum
3136 1077 3347 1133 Fabric.
3399 1076 3457 1131 in

1890 1176 1997 1230 vol.
2030 1173 2156 1238 VIII,
2196 1192 2247 1243 p.
2286 1175 2390 1231 547
2425 1188 2505 1240 sq.
2536 1182 2639 1227 vet.
2677 1170 2809 1225 edit.
2842 1168 3037 1243 Ilua]

1962 1266 2191 1321 Basilius
2214 1266 2606 1335 Megalomites,
2630 1262 2783 1331 cujus
2820 1260 3124 1331 Enigmala
3154 1258 3339 1315 Grmce
3365 1272 3461 1313 cr-

1889 1369 2036 1418 stant
2064 1375 2166 1414 ms.
2216 1357 2328 1413 CXI
2354 1359 2405 1413 in
2464 1356 2597 1412 bibl.
2633 1354 2834 1409 Bodlei.
2865 1352 2965 1426 [De
2999 1354 3196 1409 Basilio
3229 1350 3461 1422 Megalo-

1890 1456 2021 1509 mite
2072 1468 2127 1508 ν.
2177 1450 2317 1505 infra
2352 1449 2459 1505 vol.
2508 1447 2576 1511 X,
2609 1463 2660 1519 p.
2694 1446 2796 1500 558
2834 1445 2919 1499 ed.
2968 1454 3076 1498 vet.
3125 1444 3251 1510 Ejus
3295 1442 3459 1497 Eni-

1890 1554 2064 1609 gmnta
2133 1543 2185 1595 in
2256 1542 2413 1596 codd.
2474 1538 2604 1595 bibl.
2664 1535 2811 1609 publ.
2868 1534 3039 1589 Paris.
3103 1531 3349 1587 GIILVIII
3406 1543 3459 1587 ct

1893 1630 2204 1687 "DCXXX.
2236 1628 2431 1700 ἢμην]

1964 1720 2252 1792 [Basilius,
2285 1718 2517 1775 Moldav.
2569 1719 2840 1787 princeps,
2892 1718 2957 1771 de
3006 1733 3111 1787 quo
3155 1734 3206 1772 ν.
3254 1716 3458 1771 Kollar.

1894 1812 2168 1883 Supplcm.
2224 1812 2291 1865 ad
2343 1810 2615 1866 Lambecii
2671 1808 2993 1873 Comment.,
3045 1823 3164 1878 pag.
3215 1810 3321 1864 ειυ
3372 1823 3456 1879 sq.

1820 1901 1864 1958 B
1892 1904 2094 1977 Ilum]

1958 2000 2205 2063 Basilius,
2259 1996 2549 2050 monachus
2595 1996 2918 2067 Cappadox,
2950 1994 3103 2064 cujus
3157 1994 3328 2048 fertur
3374 2008 3460 2047 re-

1887 2110 2140 2165 sponsum
2186 2093 2299 2147 sive
2344 2088 2589 2159 ἀναφορὰ
2644 2090 2708 2142 ad
2752 2088 3014 2149 Nicctam,
3063 2086 3459 2157 metmpolitarn

1888 2184 2423 2239 Thessalonicensem
2464 2181 2608 2234 circa
2649 2178 2712 2231 Δ.
2749 2177 2811 2232 C.
2848 2175 3003 2231 1890.
3062 2176 3225 2232 νηι.
3261 2177 3325 2230 ad
3354 2174 3459 2230 Ba-

1888 2277 2067 2331 silium
2110 2291 2163 2328 v.
2202 2273 2429 2329 Bandin.
2472 2271 2593 2327 Cat.
2628 2269 2782 2325 codd.
2833 2267 2926 2324 Gr.
2967 2267 3149 2333 Laur.,
3189 2269 3229 2336 Ι,
3260 2283 3379 2339 pag.
3404 2268 3459 2331 9,

1889 2382 1942 2419 n.
1981 2365 2069 2418 86.
2091 2365 2406 2419 Monachum
2436 2363 2621 2416 scribit
2651 2361 2920 2416 Theodor.
2963 2360 3193 2415 Studita.
3214 2360 3273 2413 ν.
3292 2362 3464 2415 Mont-

1890 2453 2031 2511 lauc.
2076 2453 2209 2508 Bibl.
2241 2452 2487 2516 Coislin.,
2520 2468 2639 2523 pag.
2672 2453 2789 2507 H9.
2812 2451 2954 2507 Inter
2989 2453 3227 2509 tnelodos
3246 2452 3464 2509 Graecos

1890 2546 2050 2613 infra,
2086 2546 2193 2601 vol.
2230 2546 2301 2611 X,
2335 2562 2455 2615 pag.
2492 2546 2612 2601 131.
2639 2545 2866 2614 Quidam
2926 2546 3289 2618 calligraphus
3334 2562 3459 2602 saec.

1887 2654 1961 2691 ιι.
1990 2638 2053 2688 ν.
2087 2638 2377 2691 Montl'auc.
2408 2637 2771 2705 Palwograph.
2805 2637 2926 2701 Gr.,
2955 2654 3008 2704 p.
3057 2617 3179 2692 511.
3221 2639 3389 2693 Hanc.

1961 2727 2169 2799 [Basilii
2230 2726 2431 2781 minimi
2469 2726 2581 2794 (qui
2632 2724 2833 2781 scholia
2890 2741 3103 2796 quoque
3146 2727 3361 2797 scripsit
3411 2729 3463 2782 in

1890 2818 2134 2889 Gregorii
2157 2817 2409 2873 Nazinnz.
2436 2816 2550 2873 XVI
2583 2819 2769 2887 oratt.)
2799 2818 3079 2887 epistolam
3109 2820 3175 2873 ad
3197 2818 3465 2875 Constan-

1892 2908 2062 2960 tinum
2098 2906 2523 2976 Porphyrogen.,
2556 2923 2586 2961 e
2642 2907 2764 2961 cod.
2811 2906 3053 2961 Nauiano
3093 2905 3255 2961 LXIV
3289 2908 3463 2977 publi-

1891 2998 2032 3052 cavit
2087 2995 2384 3066 Mingarell.
2433 2997 2487 3051 in
2541 3006 2645 3052 cat.
2682 2998 2838 3054 codd.
2870 3014 2951 3067 gr.
3004 2998 3139 3054 Nan.
3167 3016 3216 3069 p.
3249 2999 3352 3056 115
3376 3017 3461 3071 sq.

1891 3088 2028 3144 Add.
2054 3086 2281 3143 Bandin.
2322 3088 2373 3143 in
2423 3098 2523 3143 cat.
2558 3090 2712 3145 codd.
2764 3088 2857 3145 Gr.
2893 3088 3168 3154 Laurent.,
3194 3092 3235 3154 I,
3274 3107 3327 3160 p.
3359 3094 3463 3148 556

1893 3196 2013 3251 sqq.
2048 3180 2245 3252 Hant..]

1968 3270 2246 3342 [Basilius,
2269 3272 2551 3342 episcopus
2573 3272 2885 3334 Ναυκλέων.
2910 3274 3044 3328 inter
3071 3275 3465 3345 subscriptores

1892 3361 2130 3431 epistolae
2162 3362 2425 3418 Gennadii
2479 3365 2770 3437 encyclica
2815 3381 2866 3423 a.
2912 3366 3036 3421 459.
3086 3365 3148 3420 ν.
3193 3366 3463 3425 Lambecil

1892 3454 2178 3509 Comment.
2200 3468 2253 3511 et
2275 3453 2475 3511 Kollar.
2508 3466 2619 3511 not.
2650 3457 2757 3511 vol.
2800 3444 2928 3517 VIII,
2957 3472 3009 3527 p.
3041 3457 3165 3513 896.
3198 3457 3393 3532 ΙΙΑιι..]

1959 3544 2188 3600 Basilius
2244 3546 2699 3610 Nicomediensis,
2734 3559 2961 3621 martyr.
2999 3550 3173 3620 Supra
3208 3552 3261 3607 in
3301 3556 3465 3609 Ama-

1889 3652 2038 3692 seno.
2068 3636 2142 3688 De
2172 3636 2290 3690 aliis
2331 3636 2541 3693 Basiliis
2594 3641 2923 3712 martyribus
2966 3653 3088 3698 octo
3125 3644 3205 3699 vel
3241 3660 3459 3713 novem,

1888 3726 2152 3781 Baronius
2173 3729 2239 3782 ad
2267 3728 2610 3799 Martyrolog.
2652 3729 2973 3787 Romanum.

1960 3807 2213 3880 Basilius,
2263 3819 2523 3887 patricius
2570 3827 2625 3871 et
2677 3806 2976 3887 praefectus
3006 3822 3262 3886 cubiculi,
3310 3822 3463 3887 cujus

1892 3904 2273 3970 Naumacltica,
2321 3906 2579 3961 hactenus
2615 3906 2837 3975 inedita,
2886 3910 3023 3963 dabo
3071 3911 3257 3967 Grtece
3299 3910 3459 3969 infra.

1888 3995 2051 4052 FABB.
2080 3996 2159 4052 Ad
2185 4012 2307 4051 eum
2338 3998 2524 4051 scribit
2567 3997 2883 4052 Theodorus
2926 3999 3156 4055 Studita.
3201 4001 3262 4057 V.
3292 4002 3463 4058 Mont-

1886 4087 2029 4143 I‘auc.
2063 4088 2196 4142 Bibl.
2229 4088 2467 4153 Coislin.,
2492 4104 2613 4159 pag.
2640 4089 2764 4143 392.
2802 4088 2970 4145 Haec.

1960 4180 2185 4235 Basilius
2220 4179 2497 4249 Pegoriota
2522 4221 2537 4244 ,
2570 4182 2661 4249 qui
2695 4181 2834 4236 inter
2863 4182 3101 4238 melodos
3128 4182 3327 4238 Greca:
3354 4183 3458 4238 Ec-

1889 4269 2064 4324 clesitc
2090 4269 2339 4323 laudatur
2369 4285 2397 4323 a
2431 4268 2612 4325 Leone
2649 4270 2866 4338 Allatio,
2896 4282 2969 4337 et,
3002 4274 3091 4342 qui
3125 4275 3275 4344 plura
3307 4278 3371 4329 de
3393 4292 3459 4331 eo

1887 4361 2283 4427 dicet,Urbauo
2308 4360 2565 4418 Godlrido
2594 4362 2783 4420 Sibero
2810 4362 2970 4437 [infra
3000 4366 3105 4425 vol.
3126 4366 3196 4430 Χ,
3221 4384 3274 4437 p.
3310 4366 3455 4443 Ibi].

1957 4454 2188 4511 Basilius
2216 4454 2589 4526 Philippensis,
2629 4455 2780 4525 cujus
2806 4458 3022 4512 bomilia
3066 4458 3117 4509 in
3168 4471 3460 4526 praesenta-

278 4544 515 4601 Basilius
554 4552 753 4608 asceta,
805 4541 1064 4598 Marciani
1098 4540 1411 4612 discipulus,
1446 4558 1475 4596 a
1514 4559 1623 4614 quo
1656 4558 1785 4600 con-
1817 4574 1862 4630 Β
1890 4542 2088 4597 tionem
2140 4542 2201 4599 B.
2238 4544 2472 4611 Virginis
2515 4546 2566 4599 in
2597 4545 2795 4613 templo
2827 4584 2843 4607 ,
2873 4560 2973 4599 ms.
3015 4545 3199 4600 Gmce
3236 4549 3284 4601 iu
3323 4549 3454 4605 bibl.

208 4639 380 4695 ditum
412 4635 800 4692 monasterium
833 4635 885 4689 in
928 4634 1297 4699 Seleucobelo,
1335 4635 1552 4690 civitate
1592 4634 1781 4706 Syriae,

208 4740 399 4786 narrat
452 4729 815 4785 'I‘beodoritus
869 4726 1072 4782 Ilistor.
1125 4726 1355 4797 rch'gios.
1404 4743 1523 4798 cap.
1552 4729 1607 4793 5,
1643 4729 1785 4783 inter

208 4821 504 4887 discipulos
531 4820 646 4891 ejus
681 4820 963 4882 Sabinum,
1005 4819 1305 4890 miramque
1342 4829 1397 4873 et
1430 4819 1585 4887 hujus
1612 4821 1785 4874 absti-

207 4912 448 4967 nentiam
508 4912 825 4979 prmdicans.
864 4910 1124 4964 Eumdem
1173 4925 1295 4965 cum
1349 4909 1547 4965 Basilio
1596 4909 1781 4964 Seleu-

206 5002 373 5057 clensi
417 5001 566 5055 illum
596 5001 723 5058 facit
758 5001 1022 5057 Barouius
1047 5003 1112 5057 ad
1142 5002 1208 5055 A.
1233 5000 1297 5056 G.
1326 5001 1453 5065 383,
1487 5018 1539 5056 n.
1570 5000 1659 5065 68,
1686 5001 1779 5055 sed

208 5093 443 5156 rectius,
493 5090 931 5163 distinguendum
979 5106 1133 5156 esse,
1177 5103 1360 5149 monet
1409 5091 1783 5147 Tillemontius

206 5187 335 5236 lout.
372 5178 466 5235 XV
492 5178 738 5249 Hemon,
768 5198 822 5252 p.
844 5181 970 5237 3H.

275 5272 531 5345 [Basilius
570 5271 919 5339 ﬂanicbaus,
949 5274 1121 5344 Scrgii
1167 5272 1485 5345 discipulus,
1522 5273 1575 5329 in
1600 5272 1779 5330 Photii

206 5364 517 5419 narratione
562 5363 631 5419 de
676 5362 985 5421 Ilanichaeis
1044 5364 1524 5435 repullulantibus,
1556 5367 1609 5421 in
1655 5367 1779 5422 cod.

272 5521 348 5589 (a)
397 5519 776 5594 ξΥπρτύωσις
810 5520 899 5594 Illa
940 5522 1064 5594 sive
1107 5522 1397 5594 descriptio
1430 5525 1553 5579 vita:
1581 5539 1767 5580 mona-

206 5589 350 5645 stica
396 5590 588 5647 Latine
625 5601 805 5645 exstat
838 5592 891 5644 in
940 5589 1529 5648 bibliothecis'Patrum
1552 5635 1568 5658 ,
1598 5596 1769 5649 inter-

206 5669 349 5735 prete
367 5658 485 5735 Jac.
503 5659 765 5735 Pontano,
789 5670 918 5735 tom.
952 5658 1095 5735 XXII
1119 5662 1463 5735 edit.Lugd.,
1496 5680 1618 5735 pag.
1638 5665 1769 5735 750-

1890 4635 2090 4689 Bodlei.
2132 4634 2213 4707 [n.
2261 4634 2566 4691 CCXXXIV
2592 4644 2647 4689 et
2671 4633 3245 4703 MMMCCCLXXXIII,
3278 4650 3331 4694 ct
3380 4641 3459 4696 in-

1891 4734 1973 4781 ter
2010 4725 2163 4780 codd.
2210 4725 2340 4781 Gale
2366 4743 2420 4779 η.
2453 4724 3032 4799 munuucuxum

1958 4817 2212 4881 Basilius,
2269 4816 2487 4872 Pisidiae
2556 4818 2863 4889 episcopus,
2930 4820 3342 4889 Icouumachus,
3402 4824 3453 4877 in

1888 4925 2041 4979 quem
2074 4910 2395 4964 invehuntur
2420 4909 2603 4965 Patres
2642 4912 2830 4981 synodi
2864 4913 3262 4979 vu,actionet,
3287 4912 3455 4969 tom.l

1885 4998 2121 5055 Biniana:
2148 5000 2277 5055 edit.
2316 5015 2364 5052 a.
2402 4998 2558 5063 1618,
2597 5016 2647 5069 p.
2673 4998 2802 5055 I82.

1956 5090 2188 5146 Basilius
2222 5091 2524 5161 presbyter,
2560 5091 2715 5159 cujus
2751 5088 2873 5143 Vita
2907 5102 3126 5146 auctore
3167 5092 3367 5145 incerto
3399 5090 3456 5144 in

1888 5191 2014 5237 tom.
2045 5181 2108 5235 Ill
2143 5183 2257 5236 Act.
2305 5189 2560 5244 sanctor.,
2595 5179 2769 5234 Martii
2812 5180 2903 5245 εἰ,
2938 5196 3057 5253 pag.
3098 5182 3220 5237 380.
3266 5180 3456 5235 Latino

1884 5284 1938 5327 et
1973 5273 2159 5329 Graece
2188 5274 2254 5327 ad
2296 5272 2580 5326 voluminis
2620 5274 2841 5331 calcem.
2876 5274 3037 5330 Faan.
3076 5276 3154 5328 Ad
3198 5273 3449 5326 Basilium

1885 5366 2255 5435 presbyterum
2282 5364 2468 5419 scribit
2490 5363 2643 5419 Joan.
2679 5366 3046 5439 Chrysostom.
3072 5365 3137 5421 V.
3162 5363 3450 5419 Montlauc.

1871 5522 2207 5581 DCCCLVIII
2243 5532 2299 5578 et
2330 5522 2636 5578 "DCXXX.
2680 5554 2749 5563 —
2786 5522 2966 5579 Basilii
3023 5524 3289 5585 monachi,
3314 5540 3454 5592 pra:-

1872 5597 2029 5664 positi
2084 5595 2275 5648 Laurm
2348 5593 2702 5654 Mallinorum,
2748 5592 2936 5664 Gapita
3002 5594 3315 5664 parwnctica
3380 5593 3454 5649 ad

1871 5662 2059 5748 ﬁlinn¢_
2075 5680 2257 5748 anu-tn;
2305 5664 2383 5748 it.-
2402 5664 2745 5748 ejusdemmet
2773 5662 3012 5748 aliorum.
3032 5662 3235 5730 Ecloya:
3259 5664 3455 5748 (siquia,

206 5726 321 5805 752.
366 5728 469 5805 [In
506 5731 680 5805 indice
728 5730 850 5805 cod.
880 5731 1001 5805 msti
1046 5726 1538 5805 AntoniiHBparchi
1567 5726 1765 5805 :Ainl‘ra
1871 5726 1927 5788 in
1962 5737 2115 5805 codd.
2156 5726 2441 5805 Escoria_l.,’
2457 5741 2593 5789 teste
2628 5730 2820 5787 Pluero
2859 5732 2910 5788 in
2944 5726 3240 5802 ltincr.pcr
3272 5726 3454 5805 "iam;

201 5796 256 5855 ὶι
296 5796 399 5856 vol.
426 5797 498 5865 Χ,
526 5801 671 5871 [μᾶς.
726 5798 861 5858 479.
909 5798 964 5853 In
1019 5802 1178 5860 codd.
1230 5796 1368 5859 bibl:
1414 5804 1557 5874 publ.
1591 5803 1763 5860 Paris.

514 5896 789 5958 ΡΔτιιοι..
814 5896 932 5959 Gtt.
968 5897 1211 5959 XXIX.

1877 5820 1997 5874 pag.
2033 5804 2152 5858 161.
2186 5802 2379 5874 llattt..]

3094 5913 3147 5975 Ρ
