4212 6496
1434 451 1715 508 NOTITIA
1755 451 1844 505 EX
1886 451 2221 509 FABRICIO.

3214 479 3431 517 εειιιιι

194 581 445 638 magnam
498 565 713 623 Erasm.
766 566 916 636 praef.
950 573 1153 635 partem
1209 573 1263 620 et
1310 565 1551 620 ultimam
1590 566 1773 621 Basilii
1802 571 1851 630 Α
1884 568 2288 625 Volaterranum
2323 587 2486 637 nuper
2509 572 2564 623 in
2598 570 2840 626 Latinum
2888 590 3155 629 conversa.
3183 575 3239 629 In
3270 576 3373 631 line
3412 594 3426 629 :

193 659 353 726 epist.
387 658 458 712 ad
492 658 880 728 calligraphum
916 656 969 709 in
999 667 1121 710 nota
1170 657 1351 711 recudi
1376 658 1522 726 fecit)
1549 674 1563 723 ;
1589 658 1766 713 Denis.

195 748 421 802 Memor.
457 748 583 803 bibl.
620 747 840 808 Garell.,
882 762 1002 817 pag.
1035 748 1137 801 547
1162 764 1285 817 sq.;
1320 746 1586 805 Clement.
1628 747 1768 802 Bibl.

194 842 439 910 critique,
467 850 597 903 etc.,
639 840 700 905 II,
736 855 789 909 p.
840 840 986 905 485;
1022 840 1271 907 Panzer.,
1302 840 1367 896 Α.
1422 840 1503 907 Τ.,
1538 840 1641 898 vol.
1684 839 1769 907 Vl,

194 947 243 999 p.
270 933 406 997 285,
445 950 500 988 n.
524 932 647 988 853.
681 931 852 986 llsuL.

268 1022 463 1079 Venet.
499 1024 657 1086 1535,
712 1022 829 1086 fol.,
878 1024 1019 1092 apud
1046 1022 1234 1094 Steph.
1270 1022 1514 1087 Sabium,
1549 1025 1599 1078 in
1662 1039 1771 1094 quo

196 1116 476 1170 volumine
518 1126 647 1169 sunt
717 1118 950 1169 ascetica
986 1117 1272 1185 ethicaque
1302 1125 1353 1169 et
1377 1114 1453 1168 De
1477 1117 1771 1184 virginitate

192 1216 248 1263 et
310 1218 496 1261 contra
528 1206 849 1259 Eunomium
885 1207 1005 1261 libri
1057 1210 1332 1277 quinque,
1385 1222 1664 1262 sermones
1716 1218 1771 1263 et.

196 1313 323 1368 epp.
355 1297 526 1352 FAIR.
557 1297 712 1353 Conf.
759 1297 1031 1353 Maittaire
1080 1299 1215 1351 Ann.
1250 1297 1378 1367 Tgp.
1408 1298 1473 1362 Il,
1500 1314 1618 1370 pag.
1642 1298 1769 1365 819,

198 1391 287 1458 qui
321 1392 533 1457 prastat.
569 1405 635 1444 ex
664 1403 765 1459 qua
792 1430 809 1458 ,
841 1404 978 1458 quos
1011 1389 1167 1443 codd.
1221 1388 1528 1442 adhibuerit
1577 1390 1768 1456 editur,

196 1479 454 1547 cognosci
504 1486 699 1546 potest,
751 1490 998 1546 magnam
1039 1484 1247 1546 partem
1302 1475 1554 1529 reddidit.
1599 1474 1767 1528 HARL.

267 1592 441 1647 Basil.
473 1590 636 1655 1551,
675 1590 770 1645 1⁵01.
819 1589 983 1662 [apud
1011 1589 1234 1645 Hieron.
1268 1589 1500 1645 Froben.
1544 1598 1598 1642 et
1650 1587 1769 1643 Nic.

198 1682 543 1753 Episcopiuin
577 1720 593 1745 ,
652 1691 712 1737 ut
753 1682 804 1736 in
838 1682 985 1737 calce
1012 1681 1234 1753 legitur]
1285 1697 1407 1736 cum
1460 1678 1773 1749 pratiatione

195 1774 388 1828 Greca
424 1772 544 1827 lani
600 1772 847 1829 Cornarii
900 1775 967 1827 ad
1017 1772 1216 1828 Iulium
1249 1812 1263 1837 ,
1304 1772 1769 1841 Numburgensem

197 1868 533 1936 episcopum.
567 1864 625 1919 In
658 1866 758 1921 hac
783 1865 1017 1921 editione
1044 1865 1391 1920 continentur
1420 1881 1431 1915 :
1462 1862 1527 1914 In
1558 1861 1770 1915 Hexae-

1874 663 2188 731 Impressum
2223 662 2362 731 apud
2388 661 2509 714 Jac.
2546 660 2899 731 Mazochium,
2934 675 3066 731 etc.,
3098 667 3191 721 fol.
3231 668 3304 723 De
3330 668 3432 724 hac

1872 753 1961 808 ed.
1994 767 2046 808 γ.
2074 752 2339 805 Maittaire
2367 754 2428 804 Α.
2460 749 2521 804 Τ.
2551 749 2612 815 II,
2661 768 2714 821 p.
2742 751 2850 807 264
2903 763 2956 807 et
3004 753 3233 809 Panzcr.
3269 755 3333 809 Α.
3366 752 3428 808 Τ.

1873 842 2007 907 VIII,
2031 858 2153 913 pag.
2183 842 2311 905 255,
2347 857 2401 894 n.
2428 840 2517 895 92.
2550 842 2833 910 Copiosius
2872 858 2989 898 eam
3022 845 3151 898 edit.
3186 854 3433 900 recenset

1871 933 2205 987 Lambacher
2235 933 2285 984 in
2319 930 2457 986 Bibl.
2492 934 2709 998 antiqua
2752 930 3044 989 Vindobon.
3075 935 3263 995 civica,
3306 950 3429 1005 pag.

1870 1027 1962 1090 85,
1990 1040 2135 1094 sqq.,
2162 1025 2252 1092 qui
2281 1040 2404 1093 pag.
2430 1024 2499 1077 86
2534 1033 2739 1087 monet,
2774 1025 2825 1078 in
2855 1025 2943 1078 illa
2972 1028 3104 1081 edit.
3135 1026 3296 1080 etiam
3328 1043 3433 1080 nu-

1871 1120 2070 1173 merari
2101 1126 2309 1173 tantum
2350 1116 2464 1171 XVI
2510 1118 2761 1172 humilius
2787 1118 2843 1171 in
2886 1117 3127 1173 Psalmos
3156 1160 3172 1185 ,
3215 1130 3272 1175 et
3305 1121 3430 1175 uni-

1872 1224 1989 1263 cam
2026 1219 2229 1263 tantum
2266 1210 2317 1261 in
2356 1208 2629 1262 Psalmum
2658 1224 2863 1271 xxvttt,
2894 1224 3015 1263 cum
3057 1212 3108 1263 in
3158 1211 3279 1266 aliis
3336 1225 3431 1265 ex-

1873 1310 2019 1355 stent
2073 1301 2210 1353 bin:e
2266 1299 2317 1352 in
2370 1299 2552 1363 illum;
2583 1315 2648 1353 ex
2673 1315 2778 1368 quo
2804 1300 3110 1355 Combel‘tsii
3139 1303 3429 1369 judicium,

1872 1393 2095 1446 alteram
2126 1392 2268 1445 illam
2300 1392 2353 1443 in
2386 1391 2647 1458 psalmum
2704 1408 2872 1447 xxvut
2910 1394 3100 1447 homil.
3147 1410 3249 1448 non
3309 1410 3435 1453 esse

1871 1485 2160 1555 genuinum
2222 1484 2405 1537 Basilii
2463 1483 2671 1547 fetum,
2731 1500 2836 1538 non
2897 1485 3088 1541 leviter
3145 1486 3433 1541 conﬁrma-

1874 1577 1918 1630 ri
1953 1585 2156 1631 censet.
2192 1573 2472 1628 —Basilii
2524 1574 2779 1643 opuscula
2833 1576 3007 1641 varia,
3059 1576 3222 1632 Basil.
3274 1578 3431 1642 1494,

1872 1670 1951 1734 4⁸,
2007 1669 2139 1724 citat
2192 1668 2463 1721 Maittaira
2516 1668 2583 1723 Α.
2616 1667 2701 1733 Τ.,
2731 1666 2817 1731 IV,
2860 1682 2983 1737 pag.
3036 1669 3162 1735 570,
3204 1684 3270 1724 ex
3302 1671 3432 1727 bibl.

1870 1760 2000 1814 Adr.
2031 1759 2188 1823 Paw;
2218 1760 2311 1812 sed
2340 1760 2473 1813 ﬁdes
2501 1759 2573 1812 sit
2598 1774 2762 1827 penes
2796 1768 3090 1813 auctorem.
3128 1758 3325 1833 Hasta]

1941 1848 2118 1902 Paris.
2167 1847 2324 1910 1520,
2372 1846 2487 1911 iol.,
2547 1847 2685 1915 apud
2737 1847 3052 1902 Ascensiutn
3089 1847 3277 1920 [opera
3314 1847 3432 1905 lac.

197 1932 653 2013 ruerem-humilia:
686 1958 953 2011 undecim.
982 1954 1043 2009 In
1074 1954 1313 2009 Psalmas
1346 1954 1581 2009 humilia:
1601 1952 1762 2008 XVII.
1800 1932 1843 1992 Β

1384 1954 1581 2009 omnia,
1601 1952 1762 2008 xv".
1800 1932 1843 1992 Β
1870 1942 2029 1998 Fabri
2055 1940 2261 2009 Stapul.
2294 1940 2357 1994 V.
2398 1939 2645 2001 Panzer.,
2694 1937 2823 2003 VIII,
2846 1954 2897 2009 p.
2926 1940 3042 2013 67.]

202 2049 629 2105 Variahomilim
644 2046 1019 2103 XXIX.Liber
1060 2046 1137 2100 De
1169 2046 1375 2111 Spiritu
1401 2054 1603 2101 sancto.
1626 2045 1770 2115 [Epi-

192 2139 350 2195 stola
373 2139 556 2194 Basilii
574 2137 963 2193 etNazianzeni
981 2136 1238 2193 CLXXX.
1268 2136 1604 2208 ’Δσκητικῶν
1622 2137 1768 2204 λόγοι

197 2239 429 2299 septem.
475 2228 546 2282 De
594 2229 799 2297 judicio
865 2227 981 2282 Dei.
1045 2228 1118 2282 De
1182 2228 1310 2296 ﬁde.
1380 2227 1611 2281 Ἠθικῶν
1650 2228 1767 2297 ὅροι

198 2323 413 2377 LXXX.
453 2319 855 2391 Ἐρωτημάτων
894 2320 1208 2392 ἀσκητικῶν
1237 2319 1380 2373 κατὰ
1410 2319 1613 2383 πλάτος
1652 2320 1767 2391 ὅροι

194 2414 305 2468 LV.
365 2412 764 2482 Ἐρωτημὰτων
815 2412 1128 2483 ἁσκητικῶν
1167 2413 1285 2466 κατ’
1336 2412 1603 2482 ἐπιτομὴν
1655 2414 1769 2482 ὅροι

192 2503 469 2564 CCCXIII.
532 2504 812 2577 Ἐπιτὶμια
855 2506 1089 2577 διάφορα
1116 2504 1229 2557 sive
1266 2517 1438 2573 patum
1464 2504 1626 2556 varia:
1675 2518 1769 2557 ec-

197 2596 560 2664 clesiasticae,
623 2597 1055 2667 delinquentibus
1112 2594 1393 2650 monachis
1447 2603 1501 2649 et
1560 2611 1771 2648 κανονι-

197 2691 318 2753 καίς
371 2690 697 2742 constitutze.
745 2687 1174 2743 Constitutiones
1218 2686 1467 2741 asceticre
1516 2685 1764 2741 XXXIV.

197 2778 441 2849 Epistula
474 2780 541 2833 ad
569 2778 871 2833 Chilonem.
922 2778 1039 2833 Alia
1072 2778 1139 2831 ad
1174 2779 1496 2832 monachum
1519 2818 1534 2841 ,
1566 2792 1771 2846 prama-

207 2873 522 2926 ricalurem.
557 2869 627 2923 De
650 2869 906 2937 baptismo
937 2870 1058 2925 libri
1083 2869 1145 2923 II.
1166 2869 1327 2925 Liber
1349 2870 1482 2941 Περὶ
1516 2869 1609 2923 τοῦ
1643 2871 1773 2924 αὐτ-

196 2963 466 3029 ιξουπίου,
514 2961 590 3016 De
635 2962 798 3016 libero
850 2964 1093 3017 arbitrio.
1138 2962 1289 3016 Alius
1341 2960 1417 3013 De
1440 2963 1761 3030 virginitate.

201 3056 274 3109 De
310 3055 578 3109 Paradiso
630 3054 768 3109 liber
813 3064 867 3109 et
900 3053 1021 3107 libri
1068 3050 1108 3103 V
1146 3052 1393 3105 adversus
1430 3050 1767 3103 Eunomium.

191 3140 287 3214 {V.
319 3142 569 3199 Garuerii
598 3142 749 3213 praei.
777 3142 843 3195 ad
873 3149 1003 3195 tom.
1038 3140 1055 3195 l
1088 3141 1249 3211 Opp.,
1284 3156 1406 3211 pag.
1437 3138 1537 3211 tv.]

875 3230 1105 3287 Latina).

1941 2035 2179 2090 Colonia:
2226 2033 2364 2088 1523
2415 2042 2467 2087 et
2508 2032 2667 2096 1531,
2694 2032 2809 2096 IoI.,
2855 2034 2991 2099 apud
3022 2035 3432 2105 Cervicurnum,

1870 2142 2032 2197 quam
2051 2126 2343 2180 editionem
2367 2124 2711 2193 persequitur
2732 2123 3002 2179 Gesnerus
3029 2124 3081 2178 in
3096 2124 3240 2182 Bibl.
3262 2128 3429 2183 Fsul.

1872 2217 2016 2271 Edit.
2048 2214 2236 2272 Colon.
2272 2213 2430 2278 1523,
2457 2229 2619 2284 quam
2646 2215 2698 2267 in
2734 2214 2983 2269 manibus
3008 2216 3199 2283 habeo,
3234 2217 3433 2274 inscri-

1871 2319 1961 2380 pta
1990 2318 2073 2364 est

1942 2400 2061 2453 Divi
2099 2398 2287 2452 Basilii
2316 2396 2394 2455 Μ.
2426 2396 2627 2452 Caesar.
2662 2399 2888 2468 episcopi
2918 2402 3281 2458 eruditissime
3310 2422 3433 2474 ope-

1870 2507 1955 2552 ra,
1980 2504 2201 2557 quorum
2225 2487 2531 2557 catalognm
2562 2490 2619 2542 in
2649 2490 2884 2559 sequenti
2910 2491 3116 2560 pagella
3151 2494 3435 2561 deprehen-

1870 2584 1979 2636 des.
2002 2583 2324 2649 lnterpretes
2344 2576 2501 2633 Joan.
2522 2582 2883 2652 Agyropylus,
2910 2580 3105 2652 Georg.
3127 2583 3433 2655 Trapezun-

1874 2675 1979 2731 tius
2006 2717 2022 2742 ,
2076 2674 2337 2743 Baphael.
2370 2673 2760 2727 Volaterranus
2789 2712 2806 2734 .
2848 2674 3079 2730 Rufinus
3129 2678 3433 2748 presbyter.

1873 2768 2123 2824 blunodia
2164 2766 2389 2836 Gregor.
2418 2764 2682 2819 Nazianz.
2715 2763 2870 2818 1523.
2900 2764 2957 2818 In
2993 2766 3140 2821 calce
3172 2786 3186 2820 :
3223 2769 3436 2824 Excusa

1872 2871 1989 2913 sunt
2021 2862 2129 2913 luec
2161 2875 2315 2926 opera
2349 2859 2402 2911 in
2430 2856 2630 2911 a'dibus
2683 2855 2933 2911 Eucharii
2970 2856 3290 2923 Cervicorni,
3334 2878 3438 2915 iere

1872 2964 1919 3005 et
1947 2950 2208 3019 impendio
2248 2949 2323 3003 Μ.
2376 2947 2598 3017 Codefr.
2644 2948 2918 3017 Hittorpii,
2966 2950 3089 3004 cibis
3136 2951 3322 3007 Colon.
3358 2952 3435 3007 Η.

1869 3043 2037 3095 Junio
2070 3042 2162 3107 fol.
2198 3041 2335 3094 Add.
2360 3040 2655 3094 Lamhach.
2682 3042 2721 3095 I.
2753 3054 2827 3103 c.,
2859 3055 2913 3108 ιι.
2952 3041 3038 3100 86,
3075 3044 3165 3109 qui
3201 3044 3252 3097 in
3288 3054 3438 3106 uola.

1877 3131 2167 3193 Habentur,
2203 3130 2297 3191 ait,
2326 3129 2409 3181 hic
2435 3140 2623 3195 prater
2656 3145 2811 3198 opera
2842 3146 2957 3200 qua!
2988 3134 3139 3183 modo
3170 3137 3438 3186 recensui-

1875 3239 1988 3277 mus
2043 3238 2107 3276 ea:
2167 3224 2293 3275 edit.
2350 3221 2608 3285 Romana,
2642 3224 2764 3275 libri
2805 3222 2840 3273 V
2878 3234 3061 3276 contra
3096 3224 3434 3285 Eunomium.

267 3322 480 3395 [Romae
506 3365 521 3390 ,
558 3323 695 3378 1515
720 3365 736 3390 ,
774 3323 945 3393 Opera
980 3324 1054 3380 Μ.
1096 3325 1276 3379 Basilii
1320 3340 1411 3393 per
1444 3321 1770 3393 Baphaclem
1800 3314 1841 3369 C
1876 3316 2094 3386 Georgio
2144 3315 2495 3382 Trapezuntio
2526 3316 2830 3384 interprete,
2863 3327 2912 3370 et
2940 3320 3119 3386 regula
3150 3321 3438 3373 monac/to-

199 3481 318 3535 pag.
373 3464 480 3523 118
537 3474 591 3522 et
662 3467 767 3523 292
821 3470 985 3537 sqq.)
1040 3469 1202 3523 multa
1264 3467 1469 3537 Basilii,
1503 3468 1556 3521 in
1607 3480 1772 3537 opere

200 3533 543 3607 asc—elicuit!
574 3539 692 3589 cod.
742 3533 1023 3593 CCXXXII
1080 3541 1190 3607 (ib.
1270 3553 1388 3605 pag.
1447 3536 1689 3607 29L)—
1720 3533 1773 3588 In

194 3606 707 3685 CQII.“FCLX_¥_XI.
748 3609 837 3671 50,
882 3606 1160 3685 sermones
1209 3607 1284 3685 ad
1340 3606 1667 3685 monia-chus,
1706 3612 1778 3685 et

198 3678 299 3729 alia
325 3678 423 3745 (ib.
454 3692 505 3743 p.
530 3675 676 3743 393,,
702 3687 807 3731 etc.
839 3708 913 3718 —
935 3677 1040 3731 Nec
1061 3686 1216 3731 vacat
1239 3676 1447 3743 singula
1481 3674 1660 3731 Basilii
1703 3674 1771 3729 Μ.

199 3745 484 3814 opitscula,
534 3754 667 3807 etc.,
713 3761 831 3814 qua:
873 3749 923 3801 in
975 3748 1130 3802 codd.
1190 3746 1498 3802 Bodleianis
1548 3746 1775 3811 aliisque

199 3813 533 3867 Britannicis
572 3813 806 3879 exstant,
847 3818 931 3872 vel
977 3832 1331 3881 enumerare;
1363 3828 1417 3871 et
1452 3816 1774 3884 ablegandus

202 3884 328 3937 mihi
372 3892 461 3967 est
487 3884 960 3967 _i_llorutn_._notit_ize
1007 3888 1237 3967 cupidus
1281 3888 1347 3942 ad
1386 3888 1588 3967 indices
1611 3885 1769 3967 catal.

203 3967 333 4008 mss.
360 3954 570 4022 Anglia
602 3964 655 4010 et
686 3955 954 4012 Hibernia:
995 3957 1285 4023 subjectos.
1326 3985 1394 3994 —-
1428 3956 1567 4022 Quot
1614 3957 1770 4008 codd.

201 4024 289 4092 qui
316 4025 471 4102 multi
503 4036 646 4102 sunt,
675 4037 735 4102 et
770 4028 915 4102 varia
948 4026 1289 4102 B_asili_i_op_p_.
1329 4029 1629 4102 continent.
1662 4040 1773 4078 ser-

202 4105 397 4181 ventur.
436 4095 489 4145 in
516 4094 643 4150 bibl.
675 4096 932 4181 Eseorial.
975 4096 1189 4179 docebit
1214 4095 1391 4181 Piper.
1429 4095 1479 4147 in
1510 4093 1765 4181 Illinerar.

202 4180 291 4228 per
320 4163 577 4243 llispan.,
604 4177 725 4245 pag.
762 4167 994 4245 I6.l,ant
1041 4168 1132 4287 qui
1163 4167 1214 4220 in
1234 4165 1373 4248 .aliis
1415 4164 1597 4246 multis
1642 4164 1768 4245 bibl.

204 4244 567 4316 :l-epert‘anlur,
605 4236 880 4316 ltltllcabtl”
901 4235 1196 4316 Montium;
1210 4252 1285 4316 _tn
1334 4238 1504 4315 tn'dtce
1536 4236 1599 4316 ad

203 4300 443 4359 bibltatlt.
475 4302 913 4357 mss.—Venetiis
935 4306 989 4357 in
1015 4305 1142 4357 bibl.
1176 4306 1346 4358 Marc.
1382 4306 1432 4357 in
1454 4305 1609 4358 codd.
1640 4302 1769 4365 Llll,

202 4386 377 4453 usque
394 4373 463 4425 ad
482 4374 601 4453 cod.
618 4372 800 4439 LXVI,
818 4376 869 4427 in
891 4373 1008 4453 Gal.
1026 4375 1179 4428 codd.
1200 4372 1316 4431 σι’..
1340 4389 1458 4453 pag.
1482 4374 1572 4453 56,
1603 4388 1773 4453 usque

205 4442 267 4494 ad
412 4444 655 4524 curatius
675 4447 975 4526 memorati,
1006 4453 1220 4526 castam
1240 4444 1515 4526 permulta:
1540 4444 1773 4526 humilia

203 4520 255 4562 et
278 4514 387 4564 alia
414 4527 604 4577 opusc.
642 4516 692 4567 in
734 4516 848 4579 his,
884 4516 1117 4569 lmutiliae
1162 4524 1217 4569 et
1244 4514 1368 4579 alia,
1399 4527 1517 4580 quae
1558 4514 1608 4565 iu
1637 4515 1768 4568 edit.

205 4583 610 4654 monac_l_tor.S.
662 4585 831 4637 Mauri
873 4600 976 4637 non
1008 4586 1367 4654 reperiuntur.
1414 4582 1485 4636 De
1535 4582 1771 4638 bomiliis

1876 3478 1941 3517 ea:
1972 3461 2252 3532 Evangelio
2282 3462 2438 3518 Luca:
2462 3464 2517 3517 in
2543 3461 2932 3532 paralyticup};
2964 3462 3017 3515 in
3049 3463 3437 3518 ordinationem

1876 3516 1980 3587 SS.
2030 3516 2575 3595 apovuoloruml—I'n
2627 3516 2747 3587 cod.
2796 3516 2930 3585 LXII
2975 3546 3143 3599 usque
3173 3534 3238 3585 ad
3270 3516 3434 3595 LXV,

1875 3614 2002 3658 sunt
2043 3602 2219 3656 Basilii
2248 3604 2479 3658 ascetica
2516 3602 2647 3663 (cat.
2675 3617 2798 3672 pag.
2825 3603 2895 3655 l5
2939 3603 3075 3672 ξφ).
3101 3631 3171 3642 —
3198 3601 3253 3655 In
3307 3606 3430 3661 cod.

1876 3672 1986 3727 DIII
2018 3673 2201 3727 Basilii
2231 3689 2293 3727 ex
2332 3672 2630 3741 proverbiis
2651 3671 2925 3736 {capitula
2968 3671 3078 3725 VIII
3111 3672 3163 3725 in
3189 3674 3431 3727 diversas

1877 3744 2218 3815 hypotheses.
2243 3740 2644 3815 etme-Taurini
2679 3743 2729 3815 in
2753 3740 2890 3815 Bibl.
2916 3743 3184 3815 quondam
3210 3745 3350 3815 regia
3377 3762 3429 3798 tu

1876 3812 2058 3868 multis
2091 3814 2246 3868 codd.
2280 3814 2477 3868 multas
2516 3812 2769 3881 epistolas
2813 3812 3169 3882 homiliasque
3203 3812 3431 3882 aliaque

1876 3884 2055 3939 inesse
2089 3899 2273 3952 opera,
2301 3880 2593 3949 cognosces
2625 3898 2689 3935 cx
2709 3881 2875 3936 catal.
2905 3882 3063 3935 codd.
3091 3898 3176 3951 gr.
3201 3880 3425 3937 Taurin.

1876 3952 1940 4016 V,
1968 3954 2128 4005 indic.
2154 3966 2271 4005 voc.
2312 3950 2562 4013 Basilius,
2596 3950 2869 4004 (Ἰωακ-
2898 3951 3123 4019 Insignis
3154 3955 3427 4008 variorum

1876 4023 2054 4076 Basilii
2089 4023 2377 4087 librorum,
2414 4020 2700 4076 Florentia:
2744 4021 2795 4074 in
2824 4020 2951 4074 bibl.
2985 4019 3146 4073 Laur.
3184 4033 3431 4075 servatu-

1875 4107 2013 4156 rum,
2044 4108 2296 4147 numerus
2346 4091 2656 4161 designatur
2696 4106 2725 4144 a
2763 4091 2985 4161 Bandin.
3036 4093 3087 4144 in
3119 4091 3237 4146 Cat.
3270 4094 3426 4147 codd.

1873 4161 1966 4216 Gr.
2006 4163 2168 4217 Laur.
2202 4162 2332 4216 Vide
2385 4159 2495 4216 iuil.
2530 4163 2595 4215 ad
2622 4171 2747 4230 tum.
2780 4159 2874 4223 lIl,
2906 4176 3026 4230 pag.
3060 4160 3165 4230 {80
3202 4191 3256 4203 -—
3298 4160 3425 4218 482.

1872 4264 1943 4275 -
1971 4234 2044 4288 De
2097 4233 2252 4286 codd.
2290 4230 2623 4299 Neapolitan.
2648 4229 2714 4284 V.
2746 4245 2926 4299 supra.
2947 4228 3054 4286 viil.
3082 4228 3223 4294 V,,in
3258 4234 3427 4287 calce.

1874 4303 2051 4359 Lcidaa
2082 4305 2133 4356 in
2176 4301 2307 4354 bibl.
2342 4301 2488 4366 publ.
2523 4300 2685 4356 inter.
2712 4301 2867 4354 codd.
2901 4300 3197 4353 Bonavent.
3232 4301 3427 4356 Vulca-

1874 4377 1979 4441 nii;
2015 4390 2077 4428 ex
2115 4371 2294 4424 Basilii
2341 4371 2635 4439 appendice
2676 4374 2741 4424 ad
2768 4369 3026 4441 Naueleri
3076 4367 3429 4441 Chronogra-

1872 4438 2044 4512 phiam
2071 4442 2199 4513 (cat.
2229 4442 2356 4497 bibl.
2379 4438 2385 4439 ⁷
2409 4441 2577 4501 Leid,
2609 4456 2728 4513 pag.
2764 4438 2869 4494 548
2894 4440 3080 4510 lin).—
3099 4439 3173 4494 Ib.
3212 4441 3424 4513 inibibl.

1874 4513 2017 4585 publ.
2053 4514 2191 4585 inter
2218 4528 2351 4585 mss.
2371 4516 2479 4585 vol.
2514 4512 2813 4585 membran.
2849 4522 3120 4585 pervetus,
3145 4512 3426 4585 continens

1871 4580 2114 4655 uuwdam
2148 4583 2326 4637 Basilii
2369 4582 2464 4641 Μ..
2511 4582 2804 4655 pi'azsertiin
2838 4582 3096 4655 ascetica,
3150 4580 3289 4647 quod
3346 4583 3428 4632 vir

206 4650 477 4724 nonnullis
509 4652 663 4724 infra
711 4668 930 4717 agemus
976 4674 985 4705 :
1028 4648 1235 4724 reliqua
1288 4655 1481 4708 inedita
1536 4667 1768 4720 quorum
1812 4723 1822 4724 ί
1874 4648 2062 4709 doctus
2116 4655 2324 4708 videtur
2352 4650 2653 4724 contulisse
2687 4652 2752 4704 ad
2787 4648 3266 4724 edit._l3_asilee‘ns.,
3294 4659 3428 4724 teste

205 4721 353 4775 initia
384 4718 567 4773 retulit
597 4733 784 4776 auctor
834 4724 974 4777 illius
1007 4718 1179 4779 Calai.
1203 4742 1265 4779 ea
1312 4739 1428 4779 esse
1472 4718 1766 4776 notantur:
1804 4723 1845 4779 D
1875 4725 2183 4779 coniectore
2214 4733 2319 4774 cat.
2351 4720 2478 4773 bibl.
2518 4721 2839 4789 Leid.,pag.
2889 4720 3016 4780 254,
3046 4735 3101 4774 n.
3140 4719 3190 4773 1.
3220 4749 3292 4759 --
3324 4720 3425 4784 lb.,

206 4793 256 4846 in
286 4792 411 4847 cod.
456 4789 587 4854 LIII,
616 4790 684 4843 In
726 4793 1090 4846 obscuritatem
1131 4796 1769 4862 proplietiarum,_etquo-

205 4864 356 4913 modo
396 4878 491 4914 nos
544 4872 777 4931 oporteat
828 4865 1101 4931 diligenter
1134 4860 1332 4917 ineas
1364 4860 1675 4917 incumbere.
1710 4863 1765 4917 In

202 4934 325 4984 cod.
382 4931 518 4997 LIV,
574 4934 926 4987 consolatoria
972 4934 1039 4984 ad
1094 4935 1369 4999 inﬁrmos;
1427 4937 1488 4985 de
1535 4931 1766 4984 admini-

203 5000 480 5063 stratione,
516 5019 606 5053 seu
652 5007 897 5073 regimine
925 5005 975 5055 in
1009 5002 1255 5073 Christo;
1290 5007 1353 5057 de
1402 5002 1761 5056 misericordia

203 5080 249 5125 et
279 5072 484 5138 judicio
516 5072 621 5143 (est
657 5072 869 5143 quoque
917 5074 968 5127 in
1002 5076 1119 5125 cod.
1173 5072 1306 5135 LVI,
1337 5084 1399 5143 et
1420 5073 1577 5143 huius
1604 5084 1763 5139 argu-

206 5143 373 5196 menti
433 5142 705 5194 ltomiliam
746 5141 1000 5199 ineditam
1036 5155 1298 5195 memorat
1356 5141 1649 5197 Moutl'uuc.
1706 5144 1759 5196 in

205 5212 340 5266 Bibl.
380 5210 631 5277 Coislin.,
666 5227 787 5281 pag.
818 5215 1035 5281 118).σ-
1061 5211 1159 5281 Ep.
1194 5216 1261 5264 ad
1299 5212 1548 5266 Urbicum
1575 5226 1760 5264 monu-

206 5286 352 5334 clmm
388 5284 455 5333 de
482 5285 822 5335 continentia.
854 5284 907 5336 In
936 5286 1053 5337 cod.
1083 5283 1190 5342 LV,
1214 5281 1522 5335 Encomium
1547 5283 1598 5332 in
1621 5298 1761 5345 pra:-

204 5368 455 5423 cessarent
512 5369 701 5417 suum;
746 5354 800 5405 in
854 5353 1158 5407 Trinitatem
1203 5355 1399 5423 (exstat
1450 5367 1662 5423 quoque
1708 5354 1759 5406 in

205 5426 321 5476 eod.
358 5422 527 5491 LXI);
565 5425 616 5475 in
642 5424 770 5477 illud
801 5422 997 5477 Christi
1029 5442 1043 5479 :
1083 5424 1280 5477 Horam
1312 5422 1636 5475 illam’nemo
1666 5437 1758 5474 no-

206 5492 294 5562 uit,
327 5495 432 5544 nisi
478 5494 636 5562 Pater
686 5493 856 5561 (conf.
902 5493 1044 5550 Bibl.
1074 5494 1317 5562 Coislim,
1350 5508 1467 5562 pag.
1504 5494 1630 5561 295)
1659 5508 1673 5552 ;
1706 5495 1761 5545 in

209 5558 543 5629 Evangelinm
569 5558 726 5632 Luem
754 5574 801 5615 et
830 5566 883 5617 in
907 5565 1143 5626 Annam;
1182 5566 1233 5617 in
1263 5558 1465 5614 Pascha
1500 5558 1759 5632 (estquo-

208 5646 307 5699 que
335 5633 385 5683 in
415 5635 537 5686 cod.
573 5631 742 5701 LXI);
794 5635 848 5686 in
901 5635 1071 5686 lacum
1117 5632 1463 5687 Gennesaretli
1495 5629 1542 5684 et
1572 5635 1623 5683 in
1658 5629 1761 5683 Pe-

206 5714 359 5771 trum,
388 5705 683 5769 apostolum
715 5704 973 5771 (ejusdem
1016 5705 1315 5770 argumenti
1359 5703 1628 5754 hnmiham
1660 5705 1759 5755 sub

207 5770 573 5843 Chrysostomt
625 5770 844 5827 nomine
896 5776 1073 5828 laudat
1106 5772 1292 5827 Montl.
1325 5772 1459 5826 Bibl.
1492 5772 1679 5843 Cois!”
1704 5788 1756 5837 p.

211 5840 328 5905 151,
355 5857 473 5913 qua
503 5856 684 5898 tamen
724 5844 883 5898 initio
909 5846 1173 5911 discrepat
1205 5846 1269 5895 ab
1297 5842 1526 5913 exempl.
1588 5840 1757 5894 Vene-

209 5914 315 5985 to);
345 5912 407 5970 In
458 5916 768 5969 memoriam
804 5925 1087 5982 martyrum
1118 5931 1134 5978 ;
1167 5914 1345 5967 homil.
1378 5914 1431 5965 in
1460 5912 1752 5975 Abraham;

1874 4812 1993 4866 pag.
2026 4791 2149 4866 53b.
2174 4808 2227 4846 n.
2256 4791 2345 4853 47,
2380 4790 2566 4866 Basilii
2587 4793 2641 4866 in
2669 4788 3125 4866 llexaemeron.—
3147 4790 3272 4861 Pag.
3298 4790 3424 4855 555,

1873 4859 2049 4924 ἰι.”61.
2084 4864 2214 4931 Epp.
2247 4866 2520 4917 amatbaxe
2543 4861 2736 4913 .Iuliani
2768 4870 2823 4915 et
2854 4859 3055 4931 Basilii,

1872 4946 1958 4990 tur
1991 4929 2231 5000 Scaliger
2270 4947 2328 4986 se
2367 4933 2565 4984 vidisse
2588 4931 2839 4987 Arabice.
2864 4960 2934 4971 —
2964 4930 3262 5000 Ibid._pag.
3293 4929 3421 4987 402.

1869 5023 1921 5059 ιι.
1966 5004 2019 5063 7,
2066 4998 2205 5055 inter
2253 5004 2408 5056 codd.
2444 5001 2714 5062 V'ussian.,
2762 5002 3041 5068 arnigmata
3096 4998 3286 5054 Basilii
3331 5001 3425 5054 τοῦ

1864 5072 2153 5145 Μαιουμᾲν
2184 5074 2263 5136 εἰς
2291 5071 2448 5125 Κύτι.
2482 5100 2553 5145 _——
2580 5070 2644 5124 Et
2668 5088 2743 5145 Διι.
2786 5070 2871 5145 l_6,
2910 5068 3096 5145 Basilii
3127 5071 3195 5124 Μ.
3226 5070 3424 5145 ἐκκλη-

1867 5139 2119 5215 σιαστιιεὴ
2150 5145 2264 5215 καὶᾼ
2287 5141 2521 5213 μυστικὴ
2555 5139 3424 5215 apobewplw_per_inter_rugatiu-

1867 5232 1981 5271 nes.
2001 5246 2072 5256 —
2099 5208 2457 5268 Montiuucon.
2494 5208 2543 5263 III
2577 5208 2977 5281 Ralwographia
3006 5210 3101 5264 Gr.
3134 5208 3289 5275 XLV,
3315 5210 3424 5263 lau-

1864 5290 1955 5341 dat
1981 5288 2098 5341 cod.
2128 5283 2420 5339 Colhertin.
2469 5280 2823 5344 CCCCXILIX,
2850 5280 3100 5342 tnemhr.,
3134 5280 3223 5348 qui
3269 5282 3423 5333 exhi-

1864 5359 1952 5411 het
1981 5356 2162 5411 Basilii
2194 5369 2318 5419 upp.
2354 5368 2460 5406 scr.
2495 5367 2656 5404 manu
2703 5351 2927 5413 Niceten,
2973 5351 3421 5418 proluspatharii.

1863 5436 1994 5491 etc.,
2020 5429 2084 5479 A.
2112 5424 2210 5479 Ch.
2237 5424 2335 5479 971
2375 5424 2589 5475 oblatus
2633 5423 2875 5476 ecclesia:
2917 5423 3172 5491 martyris
3204 5420 3423 5491 Georgii

1862 5488 2053 5554 Oriati.
2076 5528 2143 5539 --
2167 5506 2220 5549 et
2249 5509 2367 5562 pag.
2396 5492 2523 5552 287,
2548 5495 2666 5547 cod.
2703 5493 2999 5545 Romanum
3035 5488 3093 5543 Ρ.
3129 5490 3189 5543 Ρ.
3225 5490 3280 5543 S.
3309 5488 3416 5544 Ba-

1862 5569 1991 5631 silii,
2023 5569 2112 5635 qui
2142 5568 2381 5620 continet
2413 5562 2595 5615 Basilii
2633 5563 2872 5635 ascetica
2907 5569 2960 5614 et
2995 5562 3347 5635 quaestiones,
3367 5569 3423 5635 et

1867 5631 2123 5701 illustrat,
2159 5650 2277 5704 qua:
2299 5643 2478 5704 uolatu
2509 5634 2668 5701 digna
2694 5634 2759 5686 ad
2793 5631 2994 5704 calcem
3030 5631 3296 5704 leguntur.
3317 5631 3421 5684 Sed

1866 5709 1979 5762 hac
2012 5700 2295 5765 sufﬁciant,
2329 5718 2393 5757 ne
2427 5700 2835 5773 leges’instituti
2863 5704 3032 5755 nostri
3068 5700 3292 5773 migrcm
3321 5718 3333 5755 :
3366 5711 3424 5773 et

1865 5782 1929 5833 de
1977 5778 2297 5847 quibusdam
2332 5789 2455 5845 opp.
2484 5771 2656 5829 'codd.
2695 5772 2894 5844 passim
2925 5774 3100 5826 adhuc
3132 5772 3281 5826 locus
3315 5771 3425 5826 erit

1864 5850 2094 5905 dicendi.
2132 5848 2302 5902 llsuL.

3092 4875 3225 4929 quas
3259 4870 3426 4914 testa-
