4212 6494
774 447 1001 487 CCXLVI”

2125 428 2653 485 PROLECOSIEXA.

752 564 912 612 ‘rum,
949 567 979 601 α
1018 548 1205 616 lia/ina
1234 564 1498 602 conversa.
1552 548 1627 603 De
1657 548 1840 618 regula
1877 547 2124 604 monach.
2157 549 2219 603 γ.
2249 550 2327 602 ἰη-
2354 555 2400 613 Α

2354 555 2400 613 Α
2428 570 2505 624 De
2545 571 2785 637 scriptor.
2831 569 3036 635 eccles.,
3078 586 3199 641 pag.
3246 570 3344 625 177
3375 585 3511 639 seq.,
3547 569 3612 623 ab
3640 567 4002 625 chdreiehio

771 644 855 697 fra
882 645 947 697 ad
983 642 1048 696 IX
1077 684 1091 707 ,
1138 642 1219 695 11.
1276 640 1526 696 Ruﬁnum
1555 655 1673 696 esse
1722 642 2012 710 pessimum
2065 641 2327 709 interpre-

772 743 903 797 tem,
937 734 1123 787 statuit
1184 731 1407 787 lluetius
1463 732 1541 787 De
1593 733 2049 802 interpretatione,
2111 733 2231 786 libr.
2265 750 2327 798 ιι,

769 840 892 894 pag.
940 824 1045 877 246
1077 839 1159 893 sq.
1193 823 1279 878 ed.
1326 824 1519 879 Stadte.
1553 823 1711 886 1680,
1751 824 1830 879 8°.
1856 852 1922 866 -
1954 823 2027 877 De
2080 825 2166 878 ed.
2207 823 2322 877 Col.

772 917 931 970 1551.
979 915 1109 970 Vide
1160 913 1385 969 Panzer.
1442 914 1508 969 Α.
1566 914 1651 980 Τ.,
1707 914 1794 979 Vl,
1837 931 1885 984 p.
1936 914 2061 979 414,
2112 932 2165 969 n.
2202 913 2325 967 609.

771 1007 937 1062 lianL.

840 1097 1038 1170 [Paris
1062 1097 1223 1151 1523.
1255 1096 1438 1150 Basilii
1462 1094 1531 1149 Μ.
1551 1110 1710 1164 opera
1728 1111 1791 1151 ex
1818 1096 2151 1165 interpretat.
2168 1094 2323 1149 Joan.

766 1189 1106 1259 Argyropuli,
1148 1189 1213 1243 G.
1254 1187 1630 1257 Trapezuntii,
1658 1197 1709 1241 et
1748 1187 1923 1258 Rapit.
1969 1187 2323 1242 Volaterrani.

766 1295 855 1348 ap.
904 1278 1023 1333 Jod.
1055 1279 1300 1331 Badium.
1338 1275 1468 1342 fol.;
1523 1278 1664 1331 conf.
1723 1277 2149 1334 Schoenemann.
2181 1277 2320 1331 Bibl.

762 1398 834 1412 --
887 1368 1110 1423 Patrum
1160 1366 1307 1435 Lat.,
1342 1368 1380 1433 1,
1411 1383 1461 1436 p.
1492 1367 1594 1422 619
1621 1383 1703 1439 sq.
1736 1398 1807 1409 —
1846 1368 1921 1423 De
1978 1368 2321 1437 Trapezuntii

764 1461 1014 1515 versione
1065 1460 1325 1513 librorum
1363 1460 1547 1515 Basilii
1576 1471 1761 1513 contra
1792 1458 2131 1525 Eunomium,
2181 1460 2323 1529 ejus-

763 1569 868 1623 que
924 1552 1252 1606 editionibus
1286 1566 1336 1605 v.
1370 1551 1503 1606 Ζειιί
1550 1551 1769 1604 Dissert.
1808 1550 2073 1616 Vossiane,
2099 1562 2227 1607 tom.
2254 1552 2319 1617 ll,

761 1662 815 1716 p.
843 1646 896 1710 9,
923 1661 977 1698 n.
1016 1642 1100 1698 Vl.
1128 1671 1202 1685 —-
1229 1642 1462 1698 Garnier
1497 1644 1551 1695 in
1586 1641 1737 1711 praef.
1764 1642 1831 1696 ad
1867 1650 1999 1698 tom.
2030 1640 2050 1693 Ι
2078 1642 2234 1712 Ορρ.,
2264 1657 2317 1712 p.

762 1752 835 1801 IV,
871 1742 1134 1791 memorat
1160 1734 1289 1788 edit.
1325 1733 1445 1787 Lat.
1477 1730 1651 1789 Paris.
1675 1732 1835 1800 1525,
1864 1726 1982 1799 fol.,
2012 1748 2100 1804 ap.
2127 1735 2320 1790 Ascen-

756 1830 919 1884 siutn.
955 1827 1127 1882 "an.

2428 662 2481 715 in
2524 660 2808 715 Pandectis
2850 661 3356 731 Bramlenburgicis,
3406 661 3521 726 sed,
3546 662 3633 729 qui
3669 661 3832 716 multa
3866 676 3999 715 con-

2428 751 2545 807 fuse
2593 767 2655 805 ac
2689 750 2821 804 falso
2851 745 2916 805 de
2945 753 3273 806 editionihus
3311 752 3490 806 Basilii
3536 753 3859 821 scriptorum
3890 762 4001 805 tra-

2426 844 2523 897 dit.
2593 841 2691 908 Qui
2755 843 2893 896 hanc
2954 842 3310 897 Parisiensem
3363 842 3653 897 editionem
3709 854 3993 905 curarunt,

2426 935 2623 989 Fronto
2657 934 2880 989 Ducmus
2908 945 2961 988 et
2996 934 3123 990 Fed.
3164 935 3435 1000 Morcllus,
3469 942 3751 996 testantur,
3782 948 3841 987 se
3868 947 3998 987 usos

2426 1029 2658 1082 editione
2703 1026 2888 1082 Grzeca
2935 1027 3057 1080 anni
3106 1026 3262 1091 1551,
3302 1027 3491 1080 collata
3530 1042 3648 1080 cum
3679 1038 3807 1077 mss.
3840 1038 3869 1075 a
3901 1022 3997 1075 Bi-

2426 1120 2623 1175 chardo
2670 1118 3014 1174 Montacutio.
3064 1117 3237 1172 Duczei
3286 1129 3445 1180 nom.
3488 1117 3681 1186 quibus
3716 1113 3995 1168 versiones

2425 1210 2621 1279 passim
2671 1210 3019 1279 castigantur,
3064 1208 3285 1276 implent
3329 1208 3381 1262 in
3426 1205 3728 1276 Appendice
3781 1205 3907 1257 ιοιηί
3949 1202 3993 1256 Il

2424 1302 2641 1371 paginas
2683 1301 2817 1367 118;
2852 1302 2976 1355 hinc
3018 1301 3312 1355 succedunt
3360 1301 3565 1367 exigua
3600 1296 3840 1351 Federici
3878 1292 3994 1350 Mo-

2422 1392 2542 1446 relli
2571 1408 2621 1461 p.
2660 1394 2758 1447 119
2787 1422 2855 1433 —
2888 1393 3006 1447 126.
3052 1390 3211 1463 [Add.
3244 1390 3471 1446 Garnier
3499 1390 3534 1444 I.
3574 1404 3645 1452 c.,
3683 1403 3735 1457 p.
3766 1385 3846 1458 v.]

2494 1483 2647 1539 1658.
2677 1483 2845 1540 Paris.
2883 1500 2968 1553 ap.
2996 1483 3173 1554 Egid.
3206 1482 3434 1547 MorelL,
3471 1480 3591 1547 fo|.,
3630 1481 3663 1535 5
3695 1479 3854 1543 voll.;
3891 1478 3994 1531 mi-

2419 1590 2522 1631 nus
2551 1576 2717 1629 nitida
2760 1577 3043 1644 minusque
3079 1574 3387 1637 emendata,
3432 1586 3603 1641 neque
3648 1571 3750 1626 ulla
3788 1584 3849 1625 re
3884 1569 3991 1623 alia

2419 1668 2647 1724 auctior.
2690 1665 2836 1722 lianc
2880 1674 3124 1721 recenset
3152 1663 3448 1719 Casimirus
3477 1663 3717 1719 Oudinus
3751 1663 3804 1718 in
3848 1660 3993 1730 Sup-

2416 1761 2670 1831 plementa
2703 1757 2767 1812 de
2803 1756 3157 1825 Scriptoribus
3187 1754 3396 1817 eccles.,
3434 1770 3487 1824 p.
3520 1754 3592 1810 42
3620 1769 3737 1825 seq.
3773 1750 3931 1827 [tom.
3970 1751 3990 1806 1

2421 1849 2731 1914 Comment,
2774 1864 2828 1918 p.
2872 1846 2977 1902 548
3022 1861 3170 1915 sqq.,
3199 1854 3254 1900 et
3287 1843 3441 1908 ibid.,
3471 1860 3524 1913 p.
3552 1846 3654 1899 577
3683 1845 3835 1917 sqq.]
3891 1859 3993 1899 no-

830 1921 991 1975 Basil.
1025 1920 1183 1985 1560,
1218 1916 1337 1985 fol.,
1364 1918 1505 1988 apud
1552 1917 1877 1990 Hervagium
1932 1933 2053 1973 cum
2106 1919 2315 1990 pra-fat.
2349 1903 2392 1959 Β
2423 1903 2493 1996 ,,,

2349 1903 2392 1959 Β
2423 1903 2540 1997 vam
2584 1903 2977 2011 sciagrapliiam
3020 1903 3242 2007 subjicit
3277 1903 3505 2002 ordinis,
3548 1950 3655 2006 quo
3688 1903 3991 2006 ipse‘optet

759 2012 1059 2083 Wolfgangi
1090 2011 1333 2066 Masculi.
1363 2010 1514 2065 lianc
1542 2011 1832 2065 editionem
1864 2020 2059 2079 prater
2109 2012 2318 2069 Gesne-

756 2123 874 2161 rum
914 2114 1159 2160 recenset
1201 2104 1560 2157 Bellarntinus
1584 2102 1661 2158 De
1696 2102 1756 2158 S.
1794 2103 1862 2158 Ε.
1893 2113 1948 2158 et
1980 2104 2041 2159 Β.
2078 2104 2316 2159 Gerhar-

755 2202 857 2254 dus
885 2201 937 2252 in
965 2195 1294 2265 Patrologia.
1314 2196 1479 2250 Fama.
1513 2194 1803 2266 inscriptio
1836 2196 1952 2251 haec
1982 2205 2067 2251 est
2097 2214 2113 2250 :
2148 2186 2320 2265 opm

755 2289 823 2343 D.
856 2290 1045 2344 Basilii
1077 2289 1155 2344 Μ.
1191 2320 1257 2330 -
1282 2290 1473 2344 Omnia
1498 2331 1513 2356 ,
1545 2293 1651 2345 sive
1678 2307 1851 2345 recens
1884 2308 2058 2356 versa,
2092 2293 2199 2347 sive
2250 2293 2321 2347 ad

756 2380 965 2437 ercos
1015 2384 1321 2453 archetypos
1359 2384 1433 2437 ita
1472 2382 1697 2447 collata,
1734 2400 1826 2452 per
1866 2382 2067 2455 Wolfg.
2099 2385 2317 2439 Museu-

752 2477 861 2529 lum
882 2514 898 2537 ,
931 2474 1237 2540 Dusanum,
1270 2485 1325 2528 ut
1366 2475 1529 2529 aliam
1558 2476 1771 2530 omnino
1798 2476 1988 2545 faciem
2036 2480 2315 2547 sumpsisse

753 2566 1048 2620 rideantur.
1065 2564 1301 2630 Quorum
1320 2568 1587 2636 catalogus
1618 2569 1909 2637 insequitur
1927 2571 2311 2639 prafationem.

754 2657 916 2712 Basil.
951 2671 1016 2713 ex
1063 2655 1153 2712 oﬂ'.
1207 2655 1547 2726 liervagiana
1583 2657 1799 2721 MDXL,
1831 2659 1922 2713 fol.
1954 2660 2198 2729 Exempl.
2232 2669 2317 2716 est

751 2749 805 2804 in
835 2748 963 2804 bibl.
1003 2750 1158 2804 acad.
1193 2748 1410 2821 Erlang.
1443 2748 1614 2804 Hann.

820 2843 983 2897 Basil.
1017 2843 1175 2906 1552,
1206 2842 1323 2909 10L,
1363 2843 1555 2897 edente
1586 2840 1723 2897 Jano
1752 2843 2033 2905 Cornario.

820 2934 982 2991 Basil.
1005 2933 1300 3001 1565,1ο1.,
1318 2934 1456 3005 apud
1473 2932 1628 2990 Joan.
1652 2931 1966 3005 Oporinum,
1986 2952 2106 2991 cum
2127 2939 2312 2994 eadem

752 3025 972 3081 lusculi
1005 3026 1340 3097 prtcfatione,
1373 3025 1462 3095 qui
1508 3026 1563 3081 in
1615 3027 1717 3082 hac
1754 3029 1987 3084 editione
2020 3030 2223 3086 scholia
2257 3031 2312 3087 in

748 3116 1014 3180 Psalmos,
1044 3126 1099 3170 et
1135 3117 1531 3172 enarrationem
1570 3118 1625 3171 in
1665 3120 1899 3176 sedecim
1937 3122 2109 3191 capita
2140 3122 2309 3187 Isaia,

2419 2049 2579 2106 opera
2636 2034 2694 2089 S.
2736 2031 2916 2087 Basilii
2966 2029 3167 2094 recudi,
3218 2037 3275 2085 ut
3319 2027 3492 2099 primo
3536 2036 3680 2081 tomo
3728 2027 3988 2089 bomilias,

2418 2124 2589 2179 altero
2626 2121 2747 2177 libri
2786 2130 2840 2175 et
2874 2120 3243 2183 tractationes,
3277 2118 3437 2173 tertio
3464 2115 3721 2187 epistolae,
3769 2114 3990 2183 liturgia

2416 2224 2472 2268 et
2506 2214 2610 2267 alia
2645 2213 2909 2283 quaedam,
2947 2211 2999 2265 in
3031 2210 3301 2279 prioribus
3333 2223 3436 2263 non
3484 2206 3662 2268 obvia,
3690 2204 3994 2260 exhibean-

2421 2312 2530 2357 ωτι
2550 2301 2935 2374 [proscribendi
2984 2309 3159 2355 tamen
3201 2299 3295 2353 lib.
3342 2299 3416 2352 De
3449 2297 3793 2369 grammatica
3835 2311 3992 2351 exer-

2418 2395 2566 2448 citat.
2594 2401 2648 2449 et
2675 2391 2894 2462 epistola
2917 2390 2971 2443 in
2999 2388 3229 2442 adversis
3256 2385 3649 2459 consolatoria].

2484 2485 2687 2541 Novam
2729 2482 2912 2538 Basilii
2943 2496 3165 2553 operum
3212 2480 3502 2536 editionem
3533 2480 3749 2535 molitus
3778 2480 3989 2551 pridem

2415 2577 2515 2632 fuit
2574 2576 2895 2631 Franciscus
2938 2573 3270 2639 Combells.,
3303 2586 3531 2641 cumque
3576 2572 3770 2628 edendi
3817 2573 3991 2643 ipsius

2417 2666 2552 2721 vasti
2590 2667 2770 2737 operis
2815 2666 3029 2719 occasio
3085 2666 3317 2730 deesset,
3366 2666 3749 2734 castigationes
3800 2664 3989 2719 saltim

2415 2773 2545 2814 suas
2578 2774 2644 2814 es
2676 2758 2845 2813 variis
2878 2756 3155 2812 codicibus
3194 2771 3327 2809 mss.
3357 2766 3410 2810 et
3458 2758 3863 2810 observationes
3888 2772 3986 2810 va-

2415 2849 2526 2904 rias
2558 2848 2624 2902 ad
2653 2848 2877 2918 paginas
2914 2845 3166 2900 editionis
3204 2843 3375 2899 Paris.
3413 2842 3550 2897 1618
3576 2844 3794 2915 vulgare
3830 2845 3994 2899 insti-

2416 2940 2536 3005 tuit,
2568 2942 2822 3009 variaque
2852 2940 3050 2995 inedita
3087 2938 3146 2995 S.
3190 2936 3376 2992 Basilii
3402 2946 3749 2992 monumenta
3780 2938 3987 3003 passim

2412 3034 2656 3089 inseruit.
2703 3033 2807 3087 Sed
2840 3033 2903 3086 Α.
2939 3031 3097 3098 1679,
3126 3032 3195 3086 25
3228 3029 3376 3095 Jun.,
3421 3038 3564 3085 aetat.
3591 3029 3677 3093 74,
3707 3030 3856 3099 operi
3888 3030 3992 3084 im-

2413 3135 2624 3179 mortuo
2648 3124 2994 3187 Combelisio,
3037 3124 3438 3179 observationes
3466 3123 3569 3178 illa:
3592 3122 3779 3177 eodem
3810 3123 3993 3176 adhuc

750 3216 804 3261 et
829 3206 1080 3275 epistolas
1110 3208 1371 3274 quasdam
1400 3206 1664 3273 adiunxit.
1703 3208 1869 3263 FAIB.
1911 3208 2044 3266 Late
2073 3221 2314 3266 recenset
2339 3232 2382 3290 ο
2414 3228 2557 3268 anno
2599 3214 2899 3283 publicane,
2944 3224 2998 3267 et
3039 3216 3275 3284 archiep.
3329 3214 3641 3281 Parisiensi,
3687 3213 3987 3269 Francisco

750 3299 891 3351 hanc
934 3298 1065 3351 edit.
1116 3308 1171 3349 et
1211 3296 1316 3350 alia
1358 3296 1499 3351 lectu
1547 3297 1706 3369 digna
1749 3298 1814 3353 de
1855 3296 2051 3355 Basilio
2094 3299 2315 3372 ejusque

751 3388 969 3457 scriptis
1008 3397 1169 3456 atque
1213 3388 1596 3458 interpretibus
1647 3388 1871 3460 profert,
1924 3400 2176 3460 notatque
2212 3395 2313 3447 tria

749 3480 1097 3550 interpretum
1134 3489 1349 3549 peccata
1372 3479 1527 3536 Joan.
1547 3480 1758 3536 Fabric.
1790 3482 1841 3535 iu
1858 3479 1999 3536 Hist.
2025 3482 2146 3537 bibl.
2180 3500 2311 3552 sure,

749 3581 878 3625 tom.
909 3570 949 3633 l,
978 3585 1098 3639 pag.
1131 3569 1227 3623 101
1258 3598 1328 3610 -
1356 3571 1478 3625 106.
1512 3569 1683 3624 ﬂant.

821 3661 1137 3716 i‘arisiensis
1169 3659 1411 3717 Godfridi
1442 3659 1709 3717 Tilmanni
1750 3662 1905 3727 1566,
1941 3662 2057 3729 fol.,
2091 3680 2209 3733 qua:
2238 3681 2315 3719 rc-

744 3770 876 3810 cusa
914 3764 1015 3811 851.

820 3848 1093 3917 Antwerp.
1144 3846 1301 3913 1568,
1358 3845 1477 3910 fol.,
1536 3844 1677 3914 apud
1724 3842 2028 3915 Philippum
2070 3841 2311 3900 Nutium.

751 3939 901 3994 Hanc
951 3940 1241 3995 editionem
1286 3945 1533 3993 recenset
1582 3936 1903 3993 Possevinus
1944 3936 1999 3992 in
2044 3936 2314 4008 Apparatu

748 4048 919 4086 saera.
953 4030 1114 4101 [Add.
1147 4028 1374 4082 Garnier
1403 4028 1610 4097 praefat.
1644 4028 1737 4082 cit.
1775 4043 1830 4097 p.
1863 4028 1964 4101 tv.]

820 4122 994 4177 Paris.
1037 4121 1196 4187 1571,
1237 4120 1355 4185 fol.,
1397 4121 1533 4190 apud
1567 4119 1779 4176 Sebast.
1811 4120 2093 4176 Nivellium
2122 4139 2137 4177 :
2169 4122 2314 4194 prio-

748 4215 901 4269 ribus
946 4214 1182 4279 nitidior,
1228 4212 1539 4282 pleniorque
1579 4221 1634 4267 et
1670 4211 2002 4283 castigatior,
2040 4226 2200 4279 quam
2233 4226 2316 4266 se-

748 4314 873 4362 cuta
904 4305 1224 4360 Parisieusis
1257 4305 1395 4375 apud
1426 4306 1686 4359 Sonnium
1713 4308 1779 4360 Α.
1812 4305 1971 4370 1605,
2006 4302 2100 4359 fol.

818 4396 1096 4452 Postrema
1142 4396 1567 4468 Antwerpiensis
1610 4396 1781 4460 1616,
1835 4406 2059 4453 curante
2104 4396 2314 4452 Andrea

747 4488 995 4551 Scitotto,
1038 4487 1153 4550 lol.,
1190 4490 1412 4558 repetita
1443 4489 1675 4545 Colonia:
1709 4488 1864 4555 16l8,
1901 4490 1991 4545 fol.

2419 3305 2648 3371 Harlaeo,
2690 3304 2958 3374 inscripta:
3003 3313 3129 3359 sunt
3166 3320 3195 3357 a
3231 3305 3515 3359 Vincentio
3544 3305 3593 3359 le
3627 3305 3820 3373 Ferre,
3861 3306 3987 3361 ord.

2415 3397 2611 3461 Praed.,
2640 3396 2731 3467 qui
2774 3395 2873 3451 sub
2900 3395 3115 3449 nomine
3147 3392 3306 3446 Pauli
3343 3394 3405 3446 de
3446 3394 3658 3461 Golefer
3693 3395 3864 3450 latere
3891 3412 3989 3450 vo-

2414 3490 2532 3545 luit.
2561 3489 2769 3545 Titulus
2792 3488 2971 3558 operis
3002 3494 3085 3540 est
3120 3503 3133 3539 :
3162 3483 3395 3538 Basilius
3432 3500 3653 3554 magnus
3685 3501 3751 3537 ea:
3785 3486 3988 3554 integro

2414 3582 2731 3645 recensitus,
2780 3590 2949 3635 textus
2993 3578 3096 3647 ﬁde
3142 3578 3453 3647 optimorum
3506 3576 3743 3630 codicum
3796 3577 3988 3646 ubique

2414 3673 2724 3741 castigatus,
2758 3684 2963 3734 auctus,
3005 3670 3322 3733 illustratus,
3360 3668 3682 3733 emendatus,
3724 3668 3985 3722 ceraiones

2414 3765 2708 3833 recognita,
2735 3772 2839 3817 etc.
2875 3762 3051 3817 Paris.
3095 3760 3253 3822 1679,
3283 3762 3356 3824 8°,
3397 3760 3606 3815 duobus
3639 3760 3761 3815 voll.
3799 3759 3984 3832 [COIIL

2415 3852 2660 3908 Garnerii
2691 3854 2837 3921 praef.
2870 3854 2960 3905 cit.
2993 3869 3044 3921 p.
3074 3851 3173 3921 νι.]

2484 3941 2700 3995 Memini
2739 3952 2793 3995 et
2813 3940 3158 3993 Wilbelmum
3187 3939 3471 3997 Ernestum
3501 3942 3860 4009 Tentzelium,
3892 3949 3989 4001 τὸν

2418 4032 2745 4105 μακαρίτην,
2776 4031 2959 4087 multis
2986 4030 3160 4095 annis,
3195 4038 3249 4085 et
3287 4030 3656 4089 beatissimum
3697 4036 3984 4092 desidera-

2418 4127 2786 4195 tissimumque
2836 4123 3023 4181 Godfr.
3072 4122 3345 4180 Olearium
3394 4134 3636 4181 nostrum
3688 4128 3987 4196 aliquando

2414 4220 2479 4272 de
2509 4233 2643 4272 nova
2670 4216 2850 4272 Basilii
2884 4218 3115 4272 editione
3142 4216 3511 4270 concinnanda
3538 4219 3823 4289 cogitasse.
3848 4227 3905 4271 et
3934 4219 3986 4271 in

2414 4323 2531 4362 eam
2589 4324 2699 4363 rem
2743 4310 2890 4364 varia
2937 4307 3215 4376 collegisse
3262 4306 3520 4370 subsidia,
3570 4308 3661 4362 sed
3704 4308 3988 4378 utriusque

2416 4397 2602 4452 doctos
2635 4408 2862 4453 conatus
2897 4411 3190 4467 properans
3228 4395 3394 4451 fatum
3424 4398 3713 4453 antevertit

2487 4484 2686 4541 Novam
2719 4504 2860 4543 nunc
2889 4486 2945 4539 S.
2978 4484 3160 4539 Basilii
3188 4488 3477 4543 editionem
3509 4488 3702 4543 eruditi
3733 4490 3985 4545 monachi

820 4580 1059 4649 Denique
1109 4579 1432 4635 Franciscus
1484 4581 1840 4637 Combefisius
1899 4581 1952 4634 in
1998 4580 2314 4637 Ecclesiaste
2345 4587 2389 4641 D
2420 4579 2769 4643 Benedictini,
2813 4578 3005 4647 quibus
3054 4590 3129 4635 tot
3176 4581 3589 4649 praeclarissima
3634 4593 3986 4636 monumenta

751 4666 954 4734 Gnaeo,
994 4670 1165 4726 Paris.
1208 4669 1366 4735 1674,
1412 4671 1581 4725 forma
1618 4681 1805 4724 octava
1842 4672 2062 4741 majore,
2113 4683 2218 4725 tum
2260 4673 2311 4727 in

746 4758 1072 4814 Bibliotheca
1111 4762 1496 4815 concionatoria
1544 4760 1672 4815 ibid.
1697 4800 1712 4825 ,
1754 4762 1915 4826 1662,
1960 4762 2051 4818 fol.
2076 4802 2091 4826 ,
2138 4765 2315 4818 varias

749 4850 916 4905 Basil.
960 4851 1210 4907 bomilias
1248 4852 1437 4907 Latine
1478 4866 1509 4905 a
1551 4868 1609 4908 se
1648 4854 1730 4908 vel
1772 4854 2087 4918 recensitas,
2129 4854 2209 4908 vel
2248 4856 2314 4909 de

744 4941 959 5008 integro
998 4954 1181 4995 versas
1206 4939 1396 4996 Latine
1425 4942 1609 4997 edidit.

1366 5033 1705 5090 Germanica.

820 5126 1108 5197 lngoistad.
1156 5127 1314 5191 1591,
1355 5128 1470 5196 ῐοΙ.,
1516 5124 1931 5183 Schweikhardo
1966 5126 2157 5181 comite
2194 5125 2313 5181 llcl-

749 5219 1144 5284 fensteiniensi,
1201 5228 1332 5285 etc.,
1386 5220 1697 5289 interprete.
1748 5216 1930 5291 [Praell
1986 5220 2181 5287 scripta
2230 5228 2313 5273 est

749 5310 1105 5379 Landsbergte
1134 5311 1185 5365 in
1217 5309 1443 5365 Bavaria
1475 5325 1682 5379 super.,
1714 5307 1899 5373 1589.]

1306 5402 1741 5459 Gra'co-Latinw.

819 5497 883 5552 Α.
922 5494 1077 5559 1618,
1104 5493 1300 5561 Paris.,
1332 5494 1447 5557 fol.,
1474 5496 1509 5548 2
1537 5494 1683 5557 voll.,
1721 5510 1787 5549 ex
1818 5491 2029 5549 ollicina
2065 5492 2313 5549 Nivellia-

748 5603 818 5644 na
880 5586 989 5660 [ap.
1049 5586 1327 5641 Claudium
1388 5585 1595 5641 Morell.
1668 5589 1960 5641 secundum
2026 5585 2310 5656 llamberg.

748 5680 962 5739 Zuverl.
1007 5677 1228 5743 Nachr.,
1276 5679 1340 5746 ll,
1384 5694 1439 5749 p.
1467 5677 1612 5749 808].
1653 5677 1777 5733 Haec
1815 5678 2039 5747 insignis
2069 5689 2121 5732 et
2150 5679 2314 5733 nitida

747 5772 1137 5839 cmentlataque
1179 5770 1258 5842 [et
1293 5772 1358 5824 ad
1400 5770 1555 5825 codd.
1599 5772 1851 5839 Anglicos
1881 5780 1936 5825 et
1968 5769 2203 5825 Gallicos
2233 5785 2315 5822 re-

750 5864 978 5938 censita]
1007 5865 1170 5920 editio
1204 5872 1511 5919 recensetur
1543 5879 1570 5918 a
1606 5863 1851 5933 Philippo
1889 5863 2099 5918 Labbcn
2134 5874 2261 5916 tom.
2297 5862 2311 5914 l

2416 4669 2779 4725 ecclesiastica
2808 4669 3082 4733 debemus.
3110 4671 3299 4739 jubent
3326 4683 3641 4740 exspeCtare
3667 4670 3734 4723 ab
3757 4670 3988 4743 insigni-

2416 4762 2512 4818 bus
2562 4762 2831 4819 sodalibus
2883 4764 3015 4829 suis,
3072 4763 3284 4819 Juliano
3330 4764 3634 4827 Garnierio,
3692 4762 3988 4819 Francisco

2414 4852 2711 4909 Farerollio
2736 4862 2788 4907 et
2817 4853 2973 4909 loan.
3031 4853 3229 4909 Jacobo
3256 4853 3522 4917 Raverdo,
3552 4860 3836 4923 postquam
3875 4853 3985 4913 ille,

2412 4945 2502 5014 qni
2544 4960 2607 5000 ex
2655 4943 2843 4999 eodem
2882 4946 3073 5000 ordine
3115 4948 3369 5000 ornanda:
3413 4945 3538 4999 huic
3562 4956 3758 5016 spartae
3792 4943 3988 5012 praele-

2412 5046 2531 5092 ctus
2575 5046 2730 5091 antea
2781 5038 2975 5102 fuerat,
3000 5034 3230 5093 Jacobus
3271 5036 3531 5107 Lopinus,
3566 5036 3678 5106 jam
3717 5037 3783 5090 Δ.
3820 5037 3986 5101 1695,

2410 5128 2481 5183 29
2511 5130 2660 5193 Dec.,
2687 5128 2808 5184 fatis
2839 5131 3125 5185 concessit.
3153 5127 3441 5199 [Lopinum
3470 5142 3626 5183 antea
3658 5126 3825 5181 fuisse
3851 5142 3977 5197 pra:-

2412 5220 2633 5286 fectum,
2656 5232 2812 5290 negat
2835 5222 3083 5276 Garnier.
3105 5219 3254 5289 praef.
3278 5220 3343 5273 ad
3371 5232 3501 5275 tom.
3521 5235 3560 5283 ι,
3582 5217 3718 5287 Opp.
3743 5232 3867 5287 pag.
3885 5216 3985 5290 tv.)

2484 5315 2711 5388 [Prodiit
2741 5316 2826 5370 ed.
2859 5312 3105 5369 Garnier.
3140 5327 3259 5381 qua:
3288 5312 3391 5367 huc
3424 5326 3592 5379 usque
3622 5309 3985 5380 principatum

2414 5416 2625 5469 tuetur;
2676 5407 2838 5461 alium
2878 5407 3136 5461 librorum
3178 5402 3361 5457 Basilii
3409 5404 3654 5457 ordinem
3708 5400 3892 5468 habet,
3934 5411 3989 5453 et

2412 5511 2494 5553 est
2530 5499 2784 5565 inscripta
2830 5519 2841 5551 :

2484 5591 2591 5642 ’1⁸οὖ
2616 5618 2684 5629 -
2712 5588 2987 5643 Βασιλεία.)
3017 5619 3086 5628 -
3116 5621 3184 5629 ——
3212 5588 3394 5643 Sancti
3428 5586 3608 5640 Patris
3638 5588 3802 5640 nostri
3832 5583 3988 5638 Basi-

2415 5684 2492 5746 lii,
2516 5683 2768 5737 Caesareo:
2795 5682 3139 5749 Cappadociae
3165 5680 3556 5748 archiepiswpi,
3586 5676 3757 5747 Opera
3790 5676 3983 5742 omnia,

2414 5791 2527 5842 qua:
2570 5784 2791 5834 exstant,
2834 5771 2911 5824 vel
2955 5788 3070 5840 qua:
3110 5770 3221 5837 ejus
3272 5773 3479 5824 nomine
3522 5770 3981 5837 circumferuntur,

2417 5869 2482 5918 ad
2516 5883 2637 5920 mss.
2672 5868 2821 5919 codd.
2862 5863 3182 5923 Gallicanos,
3234 5860 3530 5925 Vaticanus,
3566 5860 3901 5915 Florentinos
3934 5869 3980 5912 et
