4212 6488
1429 445 1712 501 ΝΟΠῚΊΛ
1752 442 1839 496 EX
1882 438 2219 495 FABRICII).

3227 436 3427 479 CCXth

180 577 436 648 Anglicas,
491 591 585 630 nec
635 590 738 631 non
789 574 857 629 ad
906 573 1224 643 antiquiores
1292 572 1418 624 edit.
1466 571 1749 638 castigata,
1782 576 1826 630 Α
1856 580 1913 619 ra
1946 565 2000 618 in
2029 558 2370 618 conferendis
2406 552 2864 621 entcndandisque
2904 550 3055 604 libris
3098 546 3270 602 sacris
3306 545 3423 600 lau-

178 671 347 725 multis
381 679 544 723 aucta
572 684 592 724 :
620 684 753 723 nova
786 666 1236 736 interpretatione,
1262 664 1455 717 criticis
1485 664 1754 733 prmfutio—

178 763 343 823 nibus,
407 758 571 822 notis,
613 757 775 811 variis
818 755 1125 809 lectionibus
1169 754 1460 817 illustratn,
1504 768 1633 805 noro
1690 751 1750 807 S.

178 850 422 905 Doctoris
460 850 568 903 vita
605 858 654 903 et
686 848 1065 916 copiosissimis
1104 845 1363 898 indicibus
1414 844 1749 912 locupletato.

180 940 343 1011 Opera
387 951 439 996 et
482 942 661 995 studio
694 939 910 995 Domini
943 936 1146 992 Juliani
1188 933 1435 1000 Garnier,
1464 935 1753 1004 presbyteri

177 1045 219 1086 et
254 1030 505 1085 monachi
554 1030 899 1094 Benedictini,
937 1044 964 1082 e
1003 1027 1404 1097 congregatione
1443 1026 1506 1081 S.
1551 1023 1748 1078 Mauri.

178 1123 373 1179 Tomus
404 1123 615 1193 primus
643 1121 816 1176 Paris.
844 1118 982 1190 typis
1002 1127 1056 1173 et
1076 1119 1381 1187 sumptibus
1411 1116 1564 1169 Joan.
1596 1115 1749 1184 Bapt.

177 1215 467 1285 Coignard,
509 1212 669 1276 I721,
712 1210 845 1275 [0].;
887 1221 1062 1264 tomus
1096 1209 1387 1273 secundus,
1420 1207 1548 1260 ibid.
1584 1206 1749 1273 1722;

178 1318 349 1362 tomus
375 1308 575 1361 tertius
602 1303 875 1375 (defuncto
895 1302 1007 1373 jam
1032 1299 1262 1356 Garnier
1288 1301 1341 1354 d.
1371 1297 1541 1354 .‘SJnn.
1570 1298 1753 1368 I725),

176 1413 333 1470 opera
378 1407 436 1454 et
479 1396 657 1453 studio
692 1396 1008 1451 monachor.
1030 1394 1153 1450 ord.
1186 1393 1245 1449 S.
1276 1392 1575 1456 Benedicti,
1620 1391 1752 1447 ibid.

180 1489 331 1545 I750.
358 1488 525 1545 Conf.
557 1487 744 1543 doctas
772 1500 1031 1543 censuras
1070 1487 1124 1541 in
1153 1486 1298 1541 Actis
1328 1488 1480 1539 erud.
1507 1483 1651 1553 Lips.
1684 1484 1750 1538 A.

184 1578 334 1645 liii,
382 1592 440 1648 p.
482 1577 590 1633 465
640 1592 805 1648 sqq.;
850 1608 924 1619 —
949 1578 1016 1632 Δ.
1057 1576 1216 1643 1751,
1257 1592 1310 1647 p.
1340 1576 1436 1632 191
1467 1590 1587 1645 sqq.
1619 1583 1749 1643 etp.

178 1670 277 1726 531
309 1684 439 1739 sqq.
469 1698 539 1709 —
564 1668 733 1723 Codd.
777 1668 845 1723 ad
868 1682 1005 1739 quos
1031 1678 1221 1725 exacta
1251 1676 1337 1723 est
1357 1668 1544 1733 editio,
1572 1668 1756 1735 singu-

179 1764 240 1818 lis
272 1762 445 1817 tomis
491 1770 614 1833 post
654 1761 867 1832 praiat.
910 1762 1242 1818 indicantur.
1274 1792 1345 1801 —
1371 1759 1599 1817 Garnier
1640 1759 1755 1829 ipse

178 1856 228 1909 in
272 1853 435 1925 praef.
487 1854 554 1909 ad
594 1854 701 1910 vol.
742 1853 786 1922 Ι,
834 1869 956 1925 pag.
998 1868 1033 1904 ν
1074 1868 1222 1923 sqq.,
1263 1852 1391 1922 quid
1421 1850 1751 1921 praestiterit,

1855 659 2015 712 datur
2065 655 2139 723 (ν.
2184 666 2343 722 supra
2384 648 2489 704 vol.
2535 644 2625 713 Ill,
2659 660 2712 714 p.
2743 642 2900 713 715);
2942 641 2993 695 in
3024 653 3213 693 omnes
3242 648 3423 692 tamen

1854 748 2019 804 libros
2042 745 2255 801 divinos
2290 742 2341 797 id
2372 741 2441 795 ab
2470 755 2535 795 eo
2570 738 2771 792 factum
2797 748 2936 797 esse,
2966 730 3179 801 probari
3212 729 3422 797 nequit.

1852 838 2180 896 —IIomiIi:e
2227 838 2285 891 in
2325 833 2686 889 Hexaemeron
2726 834 2945 884 exstant
2983 832 3169 893 mspta:
3209 821 3262 875 in
3301 816 3426 872 XIX

1853 934 2011 991 codd.
2048 930 2252 995 Paris.,
2285 925 2602 995 etquidem,
2623 919 2907 977 Garnierio
2941 918 2995 971 in
3032 912 3183 986 prmi.
3216 928 3337 983 pag.
3369 927 3425 965 ﬂ

1854 1032 2126 1089 monente,
2178 1035 2373 1077 novem
2417 1016 2653 1072 bomilia:
2706 1013 2759 1067 ir.
2822 1010 2978 1067 codd.
3037 1004 3427 1076 antiquissimis

1854 1118 2178 1179 membran.,
2222 1114 2277 1167 in
2314 1108 2587 1165 nonnullis
2637 1113 2815 1160 autem
2871 1107 3073 1156 recent.
3126 1096 3428 1153 chartaceis

1854 1210 2103 1267 undecim
2137 1205 2393 1263 homilize.

1923 1303 2213 1359 Florentiae
2254 1302 2310 1355 in
2349 1298 2507 1355 codd.
2542 1295 2801 1350 Laurent.
2854 1288 2971 1355 XII,
3000 1303 3055 1343 n.
3085 1285 3142 1350 ἓ,
3166 1284 3304 1353 plut.
3344 1283 3431 1345 I0,

1857 1413 2049 1454 novem
2073 1394 2305 1452 humilia:
2344 1395 2402 1448 in
2438 1390 2696 1445 Hexaem.
2727 1416 2794 1427 -
2818 1385 2877 1439 In
2913 1382 3033 1438 cod.
3071 1377 3253 1441 XVIII,
3291 1393 3346 1430 n.
3377 1378 3428 1439 1,

1855 1490 1994 1560 plut.
2034 1488 2085 1552 ι,
2115 1484 2398 1541 duodecim
2442 1483 2590 1536 hom.
2624 1479 2675 1532 in
2700 1477 2853 1531 illud.
2880 1505 2948 1515 -—
2978 1471 3033 1526 In
3066 1470 3187 1527 cod.
3210 1464 3429 1560 XXVII,

1854 1558 1910 1637 ii.
1930 1582 1983 1647 5,
2008 1594 2198 1635 novem
2224 1577 2371 1632 hom.
2396 1589 2517 1629 cum
2540 1568 2759 1627 scholiis
2786 1564 3057 1623 nonnullis
3076 1560 3303 1632 margin.
3327 1558 3430 1614 Se-

1854 1674 2086 1737 veriani,
2119 1670 2445 1728 Gabalorum
2473 1664 2734 1735 episcOpi,
2758 1671 2998 1729 tempore
3033 1652 3427 1726 Chrysostomi.

1854 1764 2097 1836 Gregorii
2127 1762 2378 1833 Nysseni,
2406 1767 2462 1814 et
2485 1755 2760 1828 anonymi.
2790 1751 2852 1807 V.
2881 1749 3107 1805 Bandin.
3130 1746 3247 1800 Cat.
3274 1743 3428 1797 codd.

1855 1858 1948 1914 Gr.
1978 1856 2166 1921 ιω..
2190 1852 2233 1922 1,
2263 1868 2317 1923 p.
2348 1850 2475 1915 482,
2499 1849 2596 1904 5H
2622 1857 2675 1902 et
2696 1846 2822 1910 550,
2858 1845 2947 1900 ubi
2985 1840 3229 1898 scbolion
3266 1837 3433 1893 Seve-

177 1956 227 2001 et
266 1950 320 2002 in
382 1948 583 2017 quibus
628 1961 888 2017 superare
942 1945 1208 2001 studuerit
1256 1943 1493 1997 laborem
1534 1941 1755 1997 merita-

1857 1951 1993 2007 riani
2020 1949 2087 2004 ad
2109 1945 2432 2019 principium
2459 1940 2693 1997 bomilias
2727 1936 3039 2009 speciminis
3071 1934 3190 1990 loco
3220 1930 3429 1987 retulit.

178 2054 279 2109 que
335 2040 680 2110 superiorum
738 2037 1041 2101 editorum,
1100 2035 1208 2090 late
1254 2034 1508 2090 ostendit.
1559 2033 1752 2089 Totum

179 2145 360 2189 autem
398 2147 536 2201 Opus
573 2132 652 2185 sic
679 2129 977 2184 distribuit.
1009 2127 1397 2199 Complectitur
1430 2135 1606 2182 tomus
1639 2126 1753 2197 pri-

180 2240 294 2278 mus
327 2222 587 2277 bomilias
621 2221 675 2274 in
722 2218 1087 2274 Hexaemeron
1122 2219 1255 2273 etin
1288 2215 1553 2282 Psalmos,
1590 2217 1756 2272 libros

178 2317 231 2369 in
257 2313 608 2379 Eunomium,
646 2318 809 2383 atque
846 2310 1293 2367 commentarium
1324 2311 1379 2364 in
1410 2308 1644 2372 Isaiam;
1674 2323 1757 2362 se-

180 2409 408 2473 candus,
452 2405 705 2461 bomilias
755 2407 820 2461 de
860 2404 1106 2468 diversis,
1152 2402 1413 2465 ascetica,
1458 2402 1649 2455 librum
1681 2400 1758 2454 De

178 2502 505 2573 virginitate,
539 2500 816 2568 librosque
862 2496 937 2551 De
981 2498 1273 2565 baptismo;
1310 2494 1521 2557 tertius,
1558 2492 1756 2548 librum

180 2594 256 2649 De
267 2593 475 2663 Spiritu
508 2606 709 2658 sancto,
728 2590 998 2662 epistolas,
1018 2588 1312 2660 liturgiam,
1331 2588 1516 2659 viginti
1532 2595 1759 2657 quatuor

183 2702 466 2743 sermones
501 2684 805 2756 Symeonis,
847 2685 1086 2755 magistri
1140 2699 1203 2737 ac
1248 2684 1553 2753 Iogothetze,
1602 2682 1760 2735 vitam

184 2780 392 2835 Basilii.
435 2779 617 2845 Quare
662 2780 713 2833 in
745 2778 1091 2834 recensendis
1118 2776 1301 2829 Basilii
1337 2775 1408 2828 Μ.
1443 2775 1660 2842 scriptis
1686 2774 1758 2827 ita

184 2870 465 2932 versabar,
492 2868 717 2921 utilium
743 2867 957 2937 quidem
984 2866 1227 2921 ordinem
1258 2874 1490 2928 teneam,
1514 2863 1759 2919 ordinem

183 2976 312 3017 vero
354 2962 412 3015 in
452 2971 681 3030 utraque
716 2960 845 3015 edit.
880 2958 1288 3015 Gmco-Latina
1318 2957 1610 3014 Parisiensi
1648 2971 1763 3012 ser-

186 3064 368 3108 vatum
411 3061 468 3109 et
493 3070 522 3107 a
554 3053 806 3109 Fabricio
834 3054 1125 3109 indicatum
1162 3054 1460 3124 designem,
1488 3053 1764 3121 adjiciam-

185 3165 309 3220 que,
348 3164 473 3219 qua:
507 3149 571 3203 de
599 3148 821 3219 singulis
852 3157 1068 3203 notarat
1102 3146 1403 3212 Fabricius,
1432 3161 1549 3214 quae
1584 3158 1761 3199 autem

1926 2040 2168 2098 Venetiis
2198 2039 2341 2094 inter
2370 2034 2527 2093 codd.
2561 2031 2692 2088 bibl.
2719 2030 2779 2087 S.
2810 2028 3107 2095 Michaelis,
3138 2032 3264 2082 sunt
3284 2025 3435 2079 Basi-

1854 2134 1914 2189 lii
1944 2133 2093 2188 bom.
2136 2144 2329 2186 novem
2352 2126 2618 2197 genuine,
2645 2132 2699 2178 et
2731 2123 2849 2177 duze
2877 2119 2949 2175 De
2976 2128 3241 2174 structura
3261 2116 3434 2171 homi-

1856 2223 1939 2278 nis
1968 2220 2189 2293 spuria),
2228 2219 2297 2274 ab
2324 2217 2445 2272 aliis
2476 2213 2737 2283 Gregorio
2759 2210 3005 2283 Nysseno
3032 2209 3328 2271 attributa,
3364 2205 3432 2261 γ.

1856 2312 2123 2369 Mittarelli
2163 2309 2305 2366 Bibl.
2352 2310 2508 2365 codd.
2546 2324 2670 2363 mss.
2720 2303 2778 2361 S.
2822 2301 3096 2359 Michaelis
3140 2298 3338 2362 γεω,
3377 2314 3432 2367 p.

1856 2406 1954 2462 Hi
1988 2420 2073 2475 sq.
2107 2432 2179 2445 —-
2205 2402 2337 2458 ibid.
2375 2402 2429 2456 in
2457 2400 2589 2456 bibl.
2625 2398 2793 2453 Marc.
2823 2397 2941 2451 cod.
2981 2394 3071 2449 LV
3102 2402 3154 2448 et
3181 2390 3359 2446 LVIII.

1927 2496 2129 2553 Matriti
2178 2496 2232 2551 in
2269 2493 2402 2551 bibl.
2447 2493 2610 2563 regia:
2649 2491 2775 2550 cod.
2818 2486 3050 2553 CXXIII,
3081 2484 3314 2542 bomilias
3342 2481 3437 2539 XII

1857 2593 1913 2647 iu
1953 2589 2235 2658 Hexaem.,
2268 2602 2498 2659 quarum
2539 2594 2720 2641 tamen
2754 2583 2915 2639 tertia
2957 2582 3013 2637 in
3046 2580 3179 2636 duas
3199 2587 3283 2634 est
3322 2578 3436 2633 dis-

1863 2692 2052 2749 tracta,
2084 2684 2181 2746 ita,
2242 2690 2301 2735 ut
2333 2678 2549 2749 proprie
2581 2677 2690 2732 sint
2717 2674 2788 2729 XI
2819 2673 3187 2737 numeranda,
3223 2679 3283 2725 ut
3312 2669 3439 2739 plu-

1860 2777 2009 2831 ribus
2037 2773 2273 2831 ostendit
2300 2771 2494 2827 Iriarte
2523 2769 2581 2825 in
2612 2769 2733 2825 Cat.
2762 2766 2919 2823 codd.
2950 2762 3045 2819 Gr.
3083 2763 3272 2829 Mam,
3310 2777 3435 2834 pag.

1861 2865 1987 2933 501,
2012 2865 2104 2936 qui
2143 2863 2289 2919 hunc
2315 2860 2559 2918 codicem
2592 2860 2646 2914 in
2670 2858 2873 2914 ultimis
2905 2853 3141 2912 bomiliis
3182 2868 3307 2909 cum
3347 2852 3437 2907 ed.

1862 2957 2258 3017 Combellsiana
2291 2952 2682 3012 conferendum
2714 2964 2833 3005 esse
2857 2948 3081 3017 iudicat.

1934 3048 2203 3105 Monacbii
2228 3047 2280 3101 in
2303 3046 2462 3101 codd.
2480 3045 2676 3101 Bavar.
2696 3039 2911 3108 XXXII,
2928 3035 3170 3105 XXXIV,
3188 3033 3438 3103 CCXL",

1864 3142 2035 3200 CCLI.

188 3244 318 3296 mihi
378 3241 685 3294 adnotanda
740 3239 1141 3308 supplendaque
1189 3238 1493 3302 videantur,
1552 3235 1762 3291 uncinis
1791 3255 1838 3319 ρ
1938 3236 2192 3306 Augusta:
2218 3229 2430 3288 Vindel.
2465 3230 2606 3285 Inter
2632 3226 2795 3285 codd.
2824 3224 3007 3282 Basilii
3044 3222 3295 3279 undecim
3338 3220 3439 3276 b0-

188 3348 434 3401 separem
467 3347 496 3385 a
531 3332 768 3399 reliquis.
808 3330 1004 3402 Hann]

189 3423 275 3481 Vl.
322 3424 521 3480 Basilii
577 3423 760 3495 Magni
812 3426 1027 3493 scripta,
1095 3440 1211 3492 quae
1277 3431 1505 3489 exstant,
1548 3421 1603 3475 in
1639 3419 1763 3475 edit.

475 3516 879 3574 Gnaeo-Latina
915 3517 1093 3572 Paris.
1131 3515 1480 3571 Carneriana.

257 3612 311 3667 ι.
329 3609 907 3683 ΕἰςτὴνἘξαήμερον,
937 3613 992 3664 in
1020 3609 1380 3664 Hexaemeron
1403 3605 1631 3660 homilia:
1660 3600 1764 3656 IX.

192 3705 260 3779 [1,
289 3723 342 3777 p.
377 3723 421 3773 ι,
447 3704 641 3775 Carm]
672 3706 746 3757 Ex
775 3704 858 3757 his
885 3702 1138 3771 pleraque
1162 3700 1227 3753 ad
1258 3702 1477 3753 verbum
1504 3694 1771 3765 expressit

192 3794 588 3852 8.Ambrosius
611 3793 761 3845 libris
792 3806 843 3845 vr
872 3788 945 3861 (a)
974 3791 1026 3843 in
1056 3788 1438 3866 Hexaemeron,
1468 3787 1557 3855 qui
1579 3786 1771 3841 etiam-

191 3904 321 3941 num
362 3891 675 3952 supersunt.
712 3880 939 3936 Easdem
963 3879 1299 3945 Eustathius,
1324 3880 1428 3933 sive
1448 3875 1770 3933 Eustachius

192 3979 388 4049 (Afer),
431 3979 512 4031 vir
549 3976 945 4044 disertissimus,
988 3977 1064 4031 ita
1103 3976 1369 4029 transtulit
1408 3976 1462 4028 in
1499 3971 1766 4036 Latinum,

193 4081 250 4123 ut
294 4071 568 4142 ingenium
615 4071 908 4124 doctissimi
958 4070 1057 4124 viri
1097 4066 1324 4137 (Basilii)
1366 4064 1630 4132 facundiw
1660 4079 1770 4118 sum

194 4164 393 4220 viribus
446 4164 797 4231 a'quiparasse
833 4162 1091 4224 videatur,
1118 4160 1207 4227 qui
1247 4173 1408 4227 usque
1444 4156 1511 4209 ad
1546 4155 1770 4210 hominis

193 4257 552 4310 conditionem
582 4270 761 4307 norem
792 4253 953 4305 libros
999 4251 1236 4318 tetendit,
1276 4260 1335 4304 ut
1372 4259 1522 4304 notat
1551 4248 1770 4304 Cassio-

196 4350 360 4403 dorus
388 4363 512 4417 cap.
546 4346 572 4401 1
610 4345 847 4399 Divinar.
886 4343 1024 4398 Lect.
1055 4344 1185 4411 Qua:
1213 4344 1389 4399 versio
1425 4343 1597 4397 sorori
1635 4342 1772 4411 Syn-

195 4441 421 4507 cleticas,
442 4440 757 4495 diacouissa:
782 4436 877 4508 (b),
902 4437 969 4491 ab
991 4437 1272 4491 Eustathio
1299 4438 1472 4490 dicata
1492 4445 1543 4490 et
1569 4450 1772 4490 memo-

201 4544 312 4585 rata
352 4532 520 4585 etiam
558 4530 835 4599 Sigeberto
861 4528 1233 4585 Getnblacensi
1265 4544 1382 4598 cap.
1411 4526 1473 4581 21
1507 4526 1583 4580 De
1614 4526 1676 4582 S.
1705 4527 1767 4580 E.

1869 3329 2030 3385 nulla
2074 3328 2131 3385 in
2180 3326 2412 3399 primum
2451 3323 2725 3381 Geneseos
2770 3328 2932 3391 caput
2980 3319 3047 3375 de
3091 3316 3308 3388 opiﬁcio
3342 3330 3442 3371 sex

1869 3424 2110 3488 dierum;
2150 3427 2310 3488 atque
2351 3416 2560 3471 Reiser.
2600 3414 2657 3468 in
2688 3411 2863 3468 Catal.
2901 3426 2954 3481 p.
2996 3408 3066 3464 30
3100 3410 3342 3472 adnotat,
3381 3406 3439 3459 iu

1869 3515 1961 3568 illo
2006 3512 2196 3569 codice
2245 3510 2381 3565 duas
2418 3506 2749 3580 posteriores
2778 3503 3027 3560 bomilias
3064 3501 3260 3558 ascribi
3298 3499 3437 3556 Grec

1868 3603 2019 3675 gorio
2063 3599 2330 3672 Nysseno,
2371 3599 2491 3665 sed,
2526 3597 2715 3667 judice
2762 3592 3104 3657 Hoescbelio,
3150 3605 3435 3663 perperam

1870 3703 2089 3767 pr0pter
2123 3692 2348 3765 Nysseni
2383 3692 2509 3748 libr.
2541 3689 2654 3762 (qui
2696 3690 2751 3744 in
2783 3691 2972 3744 eodem
3014 3685 3259 3756 sequitur
3293 3684 3437 3748 cod.)

1869 3788 1947 3844 De
1984 3788 2208 3842 hominis
2252 3794 2543 3850 structura,
2576 3781 2667 3851 qui
2708 3779 2947 3849 ejusdem
2984 3778 3200 3848 quidem
3238 3784 3319 3832 est
3349 3790 3441 3830 aro

1870 3879 2131 3951 gumenti,
2163 3879 2256 3933 sed
2286 3892 2392 3932 non
2421 3874 2661 3945 ejusdem
2693 3869 2946 3926 methodi.

1940 3969 2170 4026 Vindob.
2191 3970 2243 4024 in
2272 3969 2429 4025 codd.
2456 3966 2593 4023 Caes.
2619 3962 2907 4035 LXIV,qui
2930 3960 3092 4017 multa
3108 3959 3290 4017 Basilii
3313 3973 3437 4031 opp.

1870 4064 2132 4131 continet,
2174 4079 2229 4120 n.
2268 4064 2320 4117 1.
2353 4060 2419 4117 V.
2464 4058 2762 4122 Lantbert.,
2804 4055 2889 4122 III,
2934 4070 2988 4126 p.
3020 4054 3145 4111 294.
3175 4083 3247 4096 —
3281 4054 3345 4108 lt.
3385 4053 3441 4107 iu

1870 4157 1990 4214 cod.
2014 4154 2174 4222 LXII,
2207 4172 2262 4210 n.
2300 4154 2351 4209 1.
2382 4182 2451 4192 -
2479 4151 2613 4206 Cod.
2640 4148 2822 4215 LXIII,
2852 4164 2906 4202 n.
2934 4148 2987 4217 I,
3025 4162 3146 4203 cum
3173 4146 3442 4202 nonnullis

1871 4250 2044 4308 schol.
2096 4249 2328 4318 margin.
2379 4278 2453 4289 —-
2492 4248 2627 4303 Cod.
2655 4245 2817 4310 LXV,
2869 4261 2922 4299 n.
2976 4244 3028 4306 1,
3085 4243 3204 4297 cod.
3253 4236 3439 4296 LXVI.

1873 4344 2108 4415 (Lamb.,
2135 4341 2220 4409 III,
2248 4357 2299 4413 p.
2324 4341 2431 4395 285
2462 4356 2567 4410 sq.,
2597 4340 2726 4405 289,
2760 4338 2863 4393 5M
2886 4344 2940 4390 et
2977 4333 3125 4405 525.)

1942 4436 2120 4491 Leidae
2146 4436 2287 4489 inter
2312 4434 2466 4487 codd.
2501 4431 2790 4485 Vossianos
2813 4427 3127 4484 Eustathius
3154 4427 3207 4480 in
3233 4422 3443 4477 Hexae-

1873 4542 2069 4589 meron,
2106 4533 2162 4579 et
2192 4525 2244 4577 in
2274 4524 2412 4577 idem
2443 4520 2623 4575 Basilii
2654 4519 2911 4582 homilim,
2950 4517 3043 4573 sed
3075 4517 3190 4569 sine
3220 4515 3344 4568 line.
3374 4511 3440 4570 V.

197 4636 251 4679 et
274 4623 456 4686 Bcdm,
493 4624 605 4676 sive
628 4621 829 4677 Junilio
860 4624 1010 4691 praef.
1042 4621 1095 4674 in
1124 4618 1342 4674 Geuesin
1386 4619 1561 4692 [inter
1589 4618 1767 4675 Latin.
1808 4622 1846 4674 υ
1876 4621 1993 4675 Cat.
2018 4615 2147 4671 bibl.
2179 4613 2353 4680 Leid.,
2384 4628 2439 4683 ι).
2472 4612 2596 4678 595,
2623 4629 2677 4667 n.
2700 4612 2791 4675 50,
2814 4618 2867 4664 et
2903 4610 2981 4663 sic
3018 4608 3069 4661 in
3101 4606 3221 4661 aliis
3251 4605 3443 4661 biblio-

198 4718 353 4772 codd.
393 4715 587 4770 Venet.
627 4715 687 4770 Ι).
730 4714 893 4769 Marc.
928 4717 991 4770 V.
1019 4724 1125 4772 cat.
1158 4714 1314 4767 codd.
1353 4715 1590 4775 illorum,
1619 4729 1669 4782 p.
1703 4714 1774 4767 25

200 4809 330 4882 καλ.
371 4809 573 4880 prodiit
617 4806 836 4862 Nicolao
872 4805 1048 4861 Fabro
1098 4816 1341 4869 curante,
1396 4816 1677 4874 exstatque
1724 4808 1775 4858 in

200 4902 532 4959 Bibliotheca
580 4900 799 4955 Patrum
844 4898 1018 4954 Paris.
1060 4899 1219 4963 1654,
1270 4907 1400 4951 toni.
1446 4899 1486 4963 I,
1526 4907 1685 4961 atque
1725 4898 1776 4949 in

200 4996 411 5051 Latinis
450 4994 507 5049 S.
557 4992 739 5047 Basilii
780 4991 1106 5046 editiOnibus
1145 4990 1470 5045 novissimis.
1509 4989 1671 5043 FABR.
1698 5018 1769 5028 —

204 5085 553 5158 Singularum
588 5084 931 5138 ltomiliarum
975 5096 1289 5151 argumenta
1336 5083 1563 5135 strictim
1608 5080 1771 5133 refert

203 5180 587 5249 exanimatque
632 5175 963 5232 Schroeckh.
1005 5174 1040 5231 l.
1094 5188 1166 5237 c.,
1216 5188 1336 5242 pag.
1387 5174 1489 5226 168
1532 5186 1673 5239 sqq.,
1716 5179 1771 5225 et

206 5274 305 5327 180
334 5287 419 5340 sq.
467 5268 722 5322 Basiliam
760 5269 811 5321 in
844 5268 1102 5336 quosdam
1135 5264 1345 5334 quidem
1373 5264 1534 5318 libros
1561 5259 1772 5315 divinos

205 5373 624 5420 commentatum
656 5374 801 5425 esse,
835 5361 1014 5429 negari
1045 5374 1146 5413 non
1177 5366 1368 5426 potest,
1401 5357 1622 5426 ejusque
1647 5368 1776 5424 ope-

274 5507 349 5580 (a)
395 5505 626 5580 Ilion-tilia
669 5502 845 5580 prima
890 5502 1073 5580 Basilii
1122 5500 1419 5580 rcspondet_
1450 5502 1765 5580 primi-sses

208 5572 341 5633 libri
367 5577 524 5647 primi
564 5572 829 5647 Ambrosii
865 5572 1173 5647 capitibus,
1222 5572 1455 5647 secunda
1500 5572 1767 5647 capitibus

213 5642 428 5718 reliquis
456 5656 691 5716 quatuor
727 5644 962 5718 ejusdem
1001 5642 1140 5718 libri,
1188 5648 1344 5695 tertia
1388 5642 1522 5718 libro
1563 5644 1768 5710 integro

209 5713 486 5781 secundo,‘
510 5724 699 5785 quarta
732 5713 995 5785 capitibus
1026 5714 1281 5785 quinque,
1319 5722 1371 5764 et
1400 5713 1585 5779 quinta
1614 5723 1769 5785 caete-

210 5792 281 5843 ris
305 5783 586 5843 duodecim
620 5786 765 5839 tertii
802 5784 960 5845 libri;
998 5792 1146 5836 sexta
1184 5784 1317 5834 libro
1349 5793 1561 5849 quarto,
1610 5783 1771 5848 septi-

209 5874 290 5913 ma
324 5860 439 5915 libri
468 5857 643 5927 quinti
678 5854 950 5927 capitibus
972 5852 1241 5927 prioribus
1274 5852 1550 5927 undecim,
1580 5862 1766 5927 octava

209 5921 613 5997 materioribus,
662 5921 803 5981 nona
833 5924 1065 5991 denique
1106 5924 1241 5978 libro
1281 5934 1448 5979 sexto.
1493 5921 1766 5994 [chdam

1875 4709 2062 4773 thecis,
2109 4720 2273 4777 supra
2311 4705 2646 4762 memoratis.
2684 4701 2746 4757 In
2780 4700 2967 4756 eadem
2999 4699 3129 4754 bibl.
3166 4695 3438 4757 Leidensi,

1874 4822 1925 4876 p.
1953 4802 2022 4855 52
2046 4815 2159 4870 sq.,
2188 4808 2478 4856 occurrunt
2509 4793 2767 4848 llexaem.
2793 4802 2848 4849 ct
2875 4792 3103 4847 aliorum
3133 4805 3258 4857 opp.
3290 4786 3441 4841 Basi-

1875 4895 1928 4947 lii
1964 4892 2117 4947 editt.
2160 4924 2228 4933 —
2266 4890 2322 4943 In
2366 4888 2486 4942 cod.
2531 4887 2701 4958 Mosq.
2742 4886 2871 4942 bibl.
2913 4883 3105 4955 synod.
3140 4879 3275 4946 XIV,
3317 4890 3443 4936 sunt

1873 4982 2009 5037 XLII
2049 4993 2209 5041 oratt.
2247 4981 2431 5036 Basilii
2465 4979 2534 5035 Μ.
2572 4996 2690 5049 qua:
2720 4979 2833 5048 jam
2866 4977 3023 5033 edita:
3052 4984 3197 5039 sunt,
3225 4983 3280 5027 et
3308 4987 3443 5040 quas

1873 5076 2116 5146 designat
2142 5072 2375 5129 Μαιαιωὶ
2410 5073 2461 5126 in
2498 5070 2671 5124 Notit.
2708 5071 2862 5123 codd.
2903 5067 3098 5137 Mosq.,
3130 5081 3181 5135 p.
3213 5063 3283 5117 24
3317 5078 3439 5133 sqq.

1873 5166 2072 5221 Ibid.in
2090 5168 2208 5221 cod.
2234 5162 2326 5218 XV
2353 5164 2497 5221 hom.
2532 5163 2586 5216 in
2604 5160 2860 5228 Spiritum
2901 5155 3296 5213 sanctum—In
3318 5156 3441 5209 cod.

1875 5258 2063 5325 XVIII,
2091 5260 2124 5313 9
2148 5258 2399 5312 homilim.
2433 5286 2502 5296 --
2531 5256 2587 5310 In
2613 5255 2733 5310 cod.
2770 5251 2885 5313 XX,
2925 5250 2987 5303 5|
3028 5249 3237 5314 homil.,
3275 5248 3327 5303 in
3361 5248 3443 5302 his

1879 5361 2023 5407 orat.
2073 5351 2149 5405 De
2186 5350 2497 5420 perfectione
2537 5349 2655 5402 citre
2704 5345 2976 5409 Monach.,
3024 5344 3243 5409 inedita,
3277 5356 3441 5410 quam.

1869 5498 2137 5641 ,ἐπεποςῆ
2185 5497 2299 5552 loca
2343 5496 2573 5551 illustrat
2620 5491 2865 5546 Carnier.
2918 5488 3067 5560 priet".
3114 5488 3177 5542 ad
3223 5496 3351 5541 tom.
3399 5487 3441 5554 I,

1942 5639 2014 5710 (b)
2060 5638 2180 5693 Haec
2204 5638 2541 5710 rSyfncIetice,
2572 5633 2747 5710 cujus,
2774 5642 2831 5686 ut
2860 5629 3081 5710 aequalis
3113 5642 3243 5693 sum,
3270 5629 3446 5710 sedu-

1870 5702 1975 5765 lius
1996 5702 2057 5763 'in
2082 5709 2231 5779 praef.
2257 5702 2442 5779 Oper-is
2472 5704 2755 5779 Paschalis
2781 5702 3181 5779 met_uinit,_non
3212 5704 3441 5779 confun-

1873 5781 2045 5835 denda
2078 5769 2195 5833 cum
2232 5769 2648 5847 S.'Syttclctice,
2688 5772 3011 5847 antiquiore,
3040 5769 3303 5847 de_cujns_
3334 5770 3442 5825 vita

1876 5850 1982 5905 dixi
2038 5852 2178 5903 inter
2219 5841 2416 5915 scripia
2465 5846 2525 5900 S.
2576 5844 2886 5915 Atlianasitr
2923 5842 3197 5912 sUpposita
3249 5841 3355 5894 lib-
3385 5856 3439 5908 γ,

1874 5936 1988 5991 cap.
2014 5919 2067 5977 2.
2104 5938 2155 5976 ll.
2188 5919 2274 5975 8i.
2309 5911 2452 5987 IVoI.
2494 5915 2620 5980 VIII,
2652 5932 2702 5984 p.
2741 5911 2888 5981 207.]
