4212 6490
771 430 871 477 αι

2134 425 2663 484 P‘ROLEGOMENA.

771 534 959 590 Matth.
1007 550 1128 590 cum
1188 534 1387 607 Xiphil.
1434 546 1490 592 et
1534 538 1743 593 duabus
1797 538 1918 593 aliis
1967 539 2151 595 Basilii
2199 552 2339 596 orat.
2373 548 2417 604 Α
2447 544 2644 608 dentis,
2682 542 3132 612 interpretatione
3171 543 3550 613 subjiciuntur,
3589 544 3640 599 in
3682 546 4006 604 Greco-La-

771 627 1005 697 !‘losqua:
1062 627 1221 695 I775,
1276 630 1353 697 4ο,
1402 630 1456 684 in
1511 630 1681 685 lucem
1730 632 1973 701 protulit.
2032 632 2097 687 ν.
2150 633 2338 689 Matth.

773 721 968 786 Notit.,
1014 732 1148 787 etc.,
1180 739 1233 793 p.
1278 723 1348 779 30
1388 740 1526 794 seq.,
1558 726 1741 795 ibique
1772 737 1885 780 not.
1916 726 1968 779 2.
1992 757 2061 766 -—
2089 726 2144 780 In
2184 730 2337 783 codd.

763 811 964 867 Xiirlet
986 811 1080 867 XII
1117 816 1394 882 permulta:
1436 817 1691 871 homiliaa.
1718 815 1934 885 (Matth.
1960 835 2077 889 pag.
2109 820 2178 874 32
2202 824 2340 890 seq.)

766 905 909 961 -ιη
938 911 1060 967 cod.
1093 908 1282 977 XXIII,
1314 913 1461 966 varia
1494 915 1676 970 Basilii
1700 916 1960 987 opp.-—In
1978 917 2097 971 cod.
2123 915 2339 983 XXXII,

768 1014 825 1055 ιι.
860 1000 929 1054 50
957 1011 1014 1055 et
1038 1002 1129 1068 34,
1162 1003 1481 1074 fragmenta.
1517 1008 1688 1062 IIIIIIL.

838 1114 1079 1186 Dionysii
1133 1133 1348 1187 quoque
1398 1121 1589 1188 Exigui
1644 1123 1949 1178 versionem
2003 1123 2234 1188 Caveus,
2285 1134 2339 1178 et

766 1215 893 1260 ante
914 1220 1035 1259 eum
1068 1204 1391 1264 Possevinus
1414 1220 1468 1263 et
1490 1210 1636 1265 Elias
1663 1213 1730 1265 du
1762 1211 1877 1274 Pin,
1908 1226 2190 1267 memorat.
2233 1214 2337 1270 Sed

766 1310 974 1362 vereor,
1006 1313 1071 1351 ne
1100 1299 1263 1369 Creg.
1305 1301 1599 1371 Nyssenus,
1623 1319 1783 1373 quem
1810 1322 1839 1359 a
1866 1305 2123 1377 Dionysio
2146 1305 2338 1361 Latine

765 1387 1033 1443 redditum
1061 1401 1294 1456 constat,
1325 1396 1596 1449 memoria:
1625 1410 1811 1449 eorum
1845 1397 2198 1462 obversatus;
2232 1398 2334 1459 vel,

766 1488 825 1533 ut
868 1481 921 1535 b.
952 1482 1158 1537 doctori
1187 1498 1328 1546 meo,
1355 1482 1491 1540 Th0.
1536 1484 1735 1556 Ittigio,
1769 1486 2134 1553 observatum,
2174 1489 2336 1542 verba

763 1569 1034 1625 Tilmanni
1079 1587 1183 1627 non
1224 1583 1371 1628 recte
1419 1575 1688 1630 intellecta
1732 1577 1851 1631 illos
1903 1577 2236 1641 induxerint,
2280 1589 2338 1632 ut

762 1658 1020 1715 Basilium
1065 1679 1281 1733 quoque
1325 1666 1391 1718 ab
1431 1682 1497 1721 eo
1549 1682 1762 1722 versum
1804 1668 2156 1723 allirmarent.
2191 1668 2337 1724 Inter

762 1753 1093 1807 recentiores
1135 1756 1340 1822 primus
1378 1754 1633 1811 Basilium
1680 1759 2069 1825 interpretatus
2108 1768 2191 1815 est
2232 1759 2335 1813 La-

764 1842 874 1947 tine
924 1841 1196 1899 Johannes
1247 1846 1644 1917 Argympulus,
1693 1849 1846 1918 cujus
1898 1850 2077 1903 versio
2134 1850 2331 1919 prodiit
2362 1890 2407 1947 Β

762 1933 969 2001 Romae,
1013 1937 1153 2004 apud
1200 1935 1313 1991 Jac.
1358 1939 1599 1994 Mazoch.
1642 1941 1799 1995 1515.
1846 1941 1940 1995 fol.
1967 1942 2028 1996 V.
2070 1941 2333 2000 Maittaire

760 2028 826 2080 Α.
862 2024 945 2089 Τ.,
979 2026 1042 2091 Il,
1078 2042 1129 2095 p.
1154 2028 1280 2093 274,
1312 2031 1364 2083 in
1407 2032 1657 2100 operibus
1686 2031 1892 2095 Basilii,
1928 2033 1993 2087 A.
2027 2035 2184 2100 1564,
2236 2036 2328 2091 fol.

760 2118 950 2174 Latine
996 2118 1218 2175 Basileze
1262 2123 1508 2192 vulgatis,
1566 2133 1620 2179 et
1668 2140 1695 2177 a
1744 2124 2000 2181 Codfrido
2048 2126 2333 2182 Tilmanno

763 2214 1036 2280 recognita
1080 2216 1291 2268 caeteris
1328 2216 1536 2269 Latinis
1578 2232 1639 2271 ac
1681 2216 2107 2274 Gnaeo-Latinis
2152 2219 2331 2275 Basilii

760 2302 1090 2357 coitionibus
1112 2306 1369 2360 occurrit.

828 2413 966 2469 Hinc
998 2414 1308 2473 Joacbimus
1346 2417 1646 2485 Perionius,
1689 2420 1865 2475 Paris.
1904 2420 2061 2484 {552,
2089 2422 2138 2475 in
2179 2422 2330 2489 cujus

760 2507 1209 2577 interpretatione
1236 2510 1390 2578 plura
1431 2520 1580 2563 notat
1612 2526 1675 2565 ac
1711 2511 2054 2578 reprehendit
2083 2512 2330 2567 Possevi-

761 2614 863 2652 nus
894 2608 1024 2654 tom.
1056 2600 1072 2652 l
1106 2600 1405 2669 Apparatus
1428 2602 1588 2668 sacri,
1623 2618 1741 2673 pag.
1780 2602 1882 2657 184
1912 2619 2027 2671 scq.

828 2689 946 2743 Jani
981 2689 1229 2745 Cornarii
1257 2694 1560 2747 versionem
1590 2692 1830 2747 invenies
1860 2694 1913 2747 in
1942 2693 2178 2748 editione
2210 2710 2332 2764 ope-

759 2796 879 2834 rum
912 2780 1093 2834 Basilii
1130 2781 1321 2836 Latina
1360 2782 1526 2836 Basil.
1559 2783 1716 2847 1552,
1740 2784 1831 2838 fol.
1865 2799 2092 2851 eamque
2130 2784 2325 2852 passim

758 2870 979 2940 praefert
1006 2872 1205 2927 Fronto
1226 2872 1450 2928 Ducasus
1487 2874 1538 2927 in
1569 2876 1707 2928 notis
1745 2877 1810 2927 ad
1841 2877 1941 2929 hoc
1966 2875 2147 2930 Basilii
2174 2892 2325 2945 opus.

758 2961 926 3019 Fasti.
956 2962 1155 3017 Contra
1184 2963 1431 3021 Carnier.
1467 2965 1520 3019 in
1544 2962 1692 3033 prmi.
1734 2964 1800 3019 ad
1831 2975 1957 3018 tom.
2000 2965 2041 3032 I,
2072 2981 2123 3036 p.
2160 2981 2211 3031 v,
2242 2965 2328 3018 ubi

760 3057 827 3108 de
860 3057 1243 3125 interpretibus
1268 3057 1449 3111 Basilii
1475 3055 1683 3110 Latinis
1709 3058 1835 3126 agit,
1866 3057 2018 3127 plura
2049 3058 2227 3127 culpat
2270 3058 2327 3110 in

760 3145 1012 3200 Cornarii
1036 3146 1305 3210 versione,
1326 3161 1486 3217 quam
1514 3146 1586 3201 ita
1619 3161 1865 3214 asperam
1890 3148 2184 3217 duramque
2208 3163 2327 3204 esse

757 3234 983 3303 iudicat,
1011 3243 1069 3287 ut
1096 3251 1199 3287 una
1229 3246 1321 3288 aut
1350 3235 1518 3290 altera
1555 3237 1748 3305 pagina
1778 3251 1888 3304 prae
1915 3239 2071 3292 tredio
2105 3241 2206 3308 legi
2236 3240 2323 3295 vix
2351 3218 2395 3277 (ἶ

759 3326 951 3396 possit.
979 3325 1149 3380 Haec.

834 3439 1095 3496 Victorini
1140 3441 1374 3510 Strigelii
1419 3440 1795 3511 interpretatio
1826 3439 2121 3510 separatim
2156 3440 2329 3497 lucem

760 3533 894 3586 vidit
937 3532 1130 3601 Lipsiae
1166 3532 1321 3596 1566,
1356 3532 1430 3588 8'.
1464 3532 1714 3587 Laudant
1746 3531 2003 3587 Basilium
2037 3534 2091 3588 in
2120 3533 2329 3588 Hexae-

760 3641 938 3680 meron
986 3625 1233 3680 certatim
1282 3634 1511 3687 veteres,
1568 3622 1933 3681 Nazianzenus
1984 3624 2082 3696 (a),
2128 3626 2327 3697 Nysse-

762 3735 862 3774 nus
908 3716 1005 3791 (ὑ),
1054 3715 1413 3788 Hieronymus
1453 3716 1549 3789 (c),
1591 3716 1812 3771 Photius
1851 3716 1957 3787 (ά),
1999 3716 2197 3772 Suidas
2236 3716 2326 3789 (ε),

763 3811 979 3881 aliique.
997 3814 1136 3868 Ante
1165 3811 1418 3866 Basilium
1454 3812 1506 3863 in
1542 3808 1905 3865 Hexaemeron
1927 3809 2015 3879 qui
2044 3809 2327 3879 scripsere,

763 3894 1020 3973 temporis
1055 3905 1247 3973 injuria
1286 3902 1671 3958 interciderunt
1704 3917 1892 3956 omnes
1927 3912 2118 3972 praeter
2150 3900 2330 3957 Philo.

761 4010 883 4050 nem
929 3993 1194 4058 Judaeum,
1228 4003 1289 4046 ut
1310 3991 1574 4061 .Rhodon,
1601 3990 1813 4046 Tatiani
1855 3992 2162 4061 discipulus,
2199 3992 2326 4064 Ilip-

759 4088 974 4158 polytus
1006 4094 1059 4141 et
1082 4084 1363 4155 Origenes,
1390 4082 1712 4154 Hieronymo
1734 4082 1957 4151 laudati,
1980 4081 2325 4155 Justinusmte

761 4175 986 4249 Martyr,
1034 4186 1086 4233 et
1132 4178 1221 4232 alii
1260 4176 1580 4245 complures,
1621 4192 1758 4246 quos
1802 4177 2116 4231 Anastasius
2155 4178 2324 4232 Sinai-

762 4278 816 4323 ta
845 4269 927 4339 (Ι)
959 4276 1363 4323 commemorat.
1395 4267 1521 4321 I'ost
1551 4265 1807 4320 Basilium
1840 4264 2132 4334 scriptores
2170 4268 2327 4336 hujus

761 4359 1067 4431 argumenti
1110 4358 1279 4413 tulere
1318 4368 1530 4416 aetatem
1560 4358 1733 4412 (Ξτωοὶ
1779 4357 2092 4426 scriptores,
2132 4356 2327 4426 Nysse-

760 4468 887 4516 nus,
917 4451 1249 4515 Eustathius,
1282 4450 1615 4517 Anastasius,
1647 4449 1882 4505 Joannes
1914 4449 2254 4521 Philoponus.

2444 634 2574 687 tinis
2597 635 2812 689 omissa
2855 643 3001 699 sunt,
3039 635 3289 702 quoniam
3336 635 3486 689 multi
3521 647 3760 691 veterum
3798 647 4003 695 testan-

2442 736 2554 791 tur,
2593 727 2847 782 Basilium
2889 742 2995 782 non
3032 726 3256 780 ulterius
3295 741 3665 795 progressum,
3690 743 3788 785 nec
3813 731 3883 785 de
3906 731 4009 786 ho-

2439 820 2602 873 minis
2634 828 2907 873 structura
2945 826 3224 873 tractasse.
3269 815 3468 871 Tamen
3489 818 3604 872 illas
3632 829 3751 889 post
3784 820 4003 892 longum

2439 910 2685 964 morbum
2720 926 2749 963 a
2779 908 2977 963 Basilio
3007 924 3196 964 revera
3226 909 3457 974 additas,
3501 910 3655 979 eique
3703 912 3838 966 adeo
3885 914 4005 966 vin-

2439 1004 2698 1056 dicandas
2726 1016 2846 1056 esse
2898 1003 3176 1056 contendit
3232 1001 3558 1057 Franciscus
3605 1002 4001 1069 Combetisius,

2438 1094 2527 1162 qui
2558 1108 2650 1147 eas
2681 1107 2710 1147 e
2742 1107 2874 1147 mss.
2907 1094 3213 1147 emendavit
3244 1103 3295 1147 et
3325 1092 3626 1162 supplevit,
3673 1104 3727 1148 et
3756 1111 3882 1149 cum
3914 1111 4003 1147 ar-

2437 1184 2709 1253 gumentis
2742 1198 2863 1252 quae
2894 1183 2944 1236 in
2965 1184 3152 1237 codice
3183 1184 3330 1253 regio
3357 1183 3795 1254 praeligantumn
3822 1190 4003 1256 capita

2439 1275 2716 1340 distincta,
2750 1275 2932 1329 addita
2980 1290 3116 1328 nova
3147 1276 3395 1329 versione
3430 1292 3525 1330 sua
3557 1278 3823 1347 notisque,
3856 1280 4004 1333 dedit

2440 1375 2570 1421 tom.
2598 1364 2618 1418 Ι
2649 1365 2841 1420 Basilii
2874 1366 3135 1429 recensiti,
3164 1382 3285 1435 pag.
3323 1366 3426 1420 418
3461 1383 3576 1437 seq.
3598 1410 3612 1431 ,
3649 1367 3805 1423 Paris
3839 1370 3999 1435 1679,

2437 1457 2511 1517 8°,
2549 1456 2836 1524 snbjuncta
2867 1455 3030 1509 etiam
3062 1470 3184 1524 pag.
3215 1456 3320 1510 524
3346 1456 3561 1510 honiilia
3595 1456 3671 1511 De
3708 1462 3959 1525 paradiso
3985 1501 3999 1521 ,

2436 1561 2551 1614 quas
2582 1546 2721 1597 inter
2744 1545 2985 1601 diversas
3022 1558 3105 1599 est
3133 1548 3426 1612 tricesima,
3458 1560 3512 1602 et
3529 1560 3636 1603 tom
3658 1548 3698 1612 I,
3723 1564 3846 1619 pag.
3872 1550 3999 1611 625.

2436 1638 2920 1695 edit.Graeco-Lat.
2956 1640 2999 1692 Δ
3038 1636 3177 1693 1618
3212 1637 3426 1708 legitur.
3466 1639 3617 1711 [Car.
3654 1642 3703 1706 l,
3744 1656 3866 1713 pag.
3895 1642 4000 1696 547

2435 1745 2588 1799 seqq.
2644 1742 2787 1785 orat.
2836 1730 2900 1785 IIl
2934 1730 3008 1784 De
3038 1730 3265 1783 hominis
3294 1741 3583 1795 structura,
3637 1736 3779 1787 inter
3811 1737 3999 1802 spuria

2435 1822 2612 1877 Basilii
2649 1820 2899 1894 scripta.]
2918 1821 3078 1876 Certe
3102 1821 3352 1877 boInilias
3382 1820 3427 1875 X
3449 1830 3501 1875 et
3534 1820 3605 1874 ιιι
3626 1839 3653 1876 a
3673 1823 3835 1894 Creg.
3863 1826 3999 1895 Nys-

2434 1928 2567 1969 seno
2592 1913 2872 1981 adjunctas
2890 1912 3073 1967 Basilii
3098 1914 3246 1982 operi
3280 1927 3385 1967 non
3414 1927 3557 1978 esse,
3581 1914 3735 1967 docet
3765 1914 4000 1970 luculen-

2435 2015 2539 2069 tus,
2570 2020 2728 2073 quem
2754 2004 2820 2058 ab
2847 2020 2913 2059 eo
2933 2004 3289 2073 supplementi
3312 2004 3563 2059 Basiliani
3590 2003 3706 2059 loco
3736 2005 3999 2061 habemus

2432 2095 2567 2150 liber
2601 2096 2678 2149 De
2713 2096 2922 2164 api/icio
2961 2095 3209 2161 hominis,
3243 2105 3296 2149 et
3340 2095 3480 2148 inter
3508 2097 3661 2165 cujus
3696 2110 3861 2164 Opera
3893 2096 3999 2150 ilhc

2432 2189 2548 2241 duas
2593 2186 2825 2241 homiliaa
2870 2196 3001 2239 tom.
3034 2184 3087 2244 I,
3124 2199 3244 2252 pag.
3291 2184 3530 2238 159-155
3581 2185 3829 2255 leguntur
3870 2201 3998 2239 cum

2429 2276 2679 2331 versione
2713 2275 2857 2330 Petri
2889 2274 3166 2328 Francisci
3205 2274 3321 2327 Zini
3357 2274 3520 2329 Fssn.
3557 2276 3815 2332 Homilias
3846 2275 3915 2330 XI
3941 2286 4001 2332 et

2432 2366 2522 2422 XII
2547 2380 2597 2423 et
2631 2368 2707 2422 De
2733 2368 2985 2438 paradiso
3014 2367 3148 2421 falso
3175 2368 3336 2421 tribui
3366 2367 3588 2433 Basilio,
3618 2380 3810 2424 contra
3838 2370 3996 2425 Com-

2431 2457 2676 2511 betisium
2702 2497 2716 2520 ,
2753 2457 2822 2509 du
2874 2456 2971 2509 Pin
3012 2467 3065 2509 et
3113 2456 3247 2511 alios
3289 2456 3397 2511 late
3451 2456 3714 2527 docteque
3760 2462 3996 2515 ostendit

2431 2545 2662 2601 Carnier
2720 2547 2772 2601 in
2821 2548 2973 2615 pra-i.
3022 2550 3088 2600 ad
3132 2560 3259 2603 tom.
3295 2549 3337 2613 I,
3362 2564 3485 2618 pag.
3511 2564 3627 2613 vIII,
3660 2550 3842 2606 multis
3866 2568 3997 2608 usus

2431 2638 2785 2707 argumentis,
2813 2652 2851 2690 a
2873 2636 3086 2691 diversa
3114 2638 3234 2708 styli
3265 2646 3320 2692 et
3340 2641 3725 2695 sententiarum
3759 2643 3991 2709 ratione,

2430 2740 2483 2783 et
2511 2729 2788 2784 meliorum
2818 2728 3291 2798 antiquiorumque
3307 2729 3552 2785 codicum
3579 2732 3997 2798 auctoritate,“

2430 2822 2800 2891 immensaque
2850 2824 3117 2877 variarum
3148 2822 3437 2878 lectionum
3489 2824 3641 2887 silva,
3682 2840 3800 2891 qua:
3832 2825 3885 2878 in
3907 2838 3999 2892 ge-

2432 2913 2611 2966 nuinis
2637 2911 2821 2967 Basilii
2846 2930 2971 2982 opp.
2999 2914 3140 2967 haud
3171 2914 3304 2968 adeo
3329 2929 3519 2981 magna
3537 2924 3639 2977 est,
3662 2914 3910 2981 sumptis,
3938 2924 3995 2968 et

2432 3001 2599 3068 ipsius
2633 3001 2881 3068 Gregorii
2910 3001 3135 3071 Nysseni
3182 3002 3337 3063 loco,
3371 3015 3529 3069 quem
3558 3002 3697 3055 male
3725 3000 3996 3069 interpre-

2432 3100 2574 3147 tatus
2602 3101 2683 3147 est
2712 3091 3085 3147 Combelisius.
3107 3091 3242 3145 Tum
3261 3089 3533 3160 subiungit
3556 3091 3816 3160 quasdam
3842 3108 3993 3162 quas-

2431 3182 2632 3238 stiones
2662 3223 2676 3247 ,
2728 3184 2791 3237 ad
2840 3182 2953 3237 loca
2995 3181 3238 3251 quaedam
3270 3189 3455 3235 notatu
3488 3180 3645 3249 digna
3676 3180 3992 3236 illustranda

2430 3276 2783 3343 pertinentes.
2813 3274 2952 3329 Add.
2978 3273 3153 3327 Riveti
3192 3272 3283 3327 lib.
3344 3288 3404 3327 ιιι
3449 3270 3631 3325 Critiri
3673 3274 3833 3339 sacri,
3869 3289 3993 3340 cap.

2429 3365 2520 3429 20,
2548 3381 2668 3434 pag.
2704 3364 2831 3433 328,
2857 3365 2945 3419 ed.
2972 3366 3194 3434 quintae,
3227 3373 3276 3417 et
3320 3361 3599 3417 Schroekh
3627 3362 3661 3414 l.
3700 3381 3775 3430 c.,
3797 3381 3850 3435 p.
3892 3364 3997 3420 178

2431 3466 2513 3521 sq.
2548 3484 2616 3493 —
2642 3454 2731 3507 Est
2766 3455 2817 3507 in
2852 3455 3059 3508 duobus
3110 3455 3266 3507 codd.
3309 3452 3483 3505 Paris.
3517 3453 3664 3507 IIItnI.

2503 3540 2617 3615 [IL]
2657 3543 2897 3611 Ὀμιλίαι
2933 3542 3182 3595 Ηοηιὶιὶω
3216 3540 3387 3593 XVII
3429 3543 3486 3595 in
3509 3540 3747 3597 Psaimos
3771 3544 3837 3615 [I,
3868 3561 3991 3617 pag.

2428 3635 2498 3693 89
2526 3651 2672 3706 sqq.,
2707 3633 2903 3708 Carm]
2937 3635 3049 3690 Hoc
3080 3643 3184 3702 est,
3224 3642 3420 3705 praeter
3459 3649 3617 3688 unam
3654 3634 3705 3688 in
3748 3635 3993 3693 Psalmit

2430 3728 2663 3794 initium,
2692 3729 2937 3798 prooemii
2973 3729 3091 3783 loco
3117 3728 3477 3797 praemissam,
3510 3726 3732 3795 singulze
3759 3727 3813 3781 in
3850 3729 3996 3797 psal-

2430 3834 2571 3872 mum
2608 3835 2699 3881 vn,
2734 3836 2860 3872 xxix
2889 3820 2990 3889 (II),
3023 3836 3195 3884 χχιιι,
3233 3836 3657 3887 ιιιιιιι,ιιιιοιι,
3689 3836 3835 3885 κων,
3866 3838 3993 3887 va,

2431 3925 2628 3975 XLVIII,
2655 3924 2777 3973 ιιι,
2806 3923 2926 3973 LXI,
2975 3920 3029 3963 et
3064 3912 3202 3967 binae
3235 3914 3286 3968 in
3322 3913 3587 3982 psalmum
3645 3929 3755 3979 stv,
3794 3931 3994 3981 xxvm,

2426 4017 2570 4059 cxIv.
2600 4000 2713 4068 lla,
2741 4015 2902 4070 quam
2932 4002 3179 4070 prooemii
3222 4003 3339 4057 loco
3378 4005 3711 4072 praemissam
3742 4006 3851 4059 dixi
3877 4046 3894 4069 ,
3927 4021 3995 4062 ex

2426 4095 2604 4151 Ruﬁni
2649 4093 2897 4149 versione
2948 4091 3085 4147 solet
3133 4091 3335 4162 prteligi
3381 4092 3568 4147 Latine
3610 4091 3667 4145 S.
3702 4092 3995 4162 Augustini

2428 4188 2769 4242 Enarratiom‘
2790 4186 3149 4252 Psalmorum,
3173 4186 3333 4241 etiam
3355 4186 3405 4239 iu
3428 4185 3717 4240 novissima
3733 4184 3994 4254 editione,

2428 4280 2494 4335 ab
2515 4279 2737 4335 eruditis
2754 4278 3030 4339 monachis
3046 4278 3405 4333 Benedictinis
3426 4288 3632 4341 curata,
3656 4288 3800 4331 tomo
3815 4278 3887 4333 IV
3906 4278 3991 4351 (ἱ).

2427 4371 2683 4426 ﬂomilias
2710 4373 2988 4424 universas
3017 4370 3398 4435 septemdecim
3432 4370 3620 4423 Latine
3658 4370 3821 4425 vertit
3845 4371 3993 4428 God-

2428 4463 2601 4518 I‘ridus
2628 4462 2963 4528 Tilmaunus,
2985 4477 3102 4516 cum
3132 4464 3284 4533 cujus
3310 4462 3752 4530 interpretatione
3775 4477 3997 4523 exstant

834 4546 1069 4599 Mamilia
1094 4543 1144 4597 Χ
1169 4556 1217 4598 et
1246 4542 1329 4598 ΧΙ
1358 4543 1421 4598 de
1453 4544 1661 4638 opiﬁcio
1690 4542 1913 4595 hominis
1945 4540 2053 4614 [ap.
2079 4542 2245 4596 Carn.
2275 4541 2315 4609 I,
2344 4578 2393 4638 Β
2421 4570 2497 4629 int

2344 4578 2393 4638 υ
2421 4570 2471 4629 in
2495 4553 2913 4609 Caeco-Latinis
2928 4561 2980 4608 et
2996 4553 3281 4624 postremis
3297 4551 3503 4609 Latinis
3533 4553 3711 4611 Basilii
3733 4557 3994 4613 editioni-

762 4653 817 4707 p.
848 4634 999 4706 323},
1021 4651 1138 4705 qua:
1168 4636 1312 4690 velut
1334 4633 1514 4689 Basilii
1547 4632 1600 4686 in
1617 4630 1819 4686 Graecis
1849 4633 2174 4689 editionibus
2203 4634 2319 4705 plu-

762 4728 1020 4795 ribusque
1054 4740 1210 4790 mss.,
1245 4735 1304 4779 ut
1334 4727 1387 4778 in
1412 4725 1679 4787 Caesareo,
1710 4724 1850 4793 apud
1899 4721 2185 4791 Lambec.,
2226 4726 2320 4792 Ill,

762 4837 888 4891 pag.
926 4820 1029 4874 122
1051 4819 1123 4889 (9)
1160 4819 1295 4874 etin
1338 4818 1675 4873 versionibus
1720 4817 1966 4872 Cornarii
1994 4858 2009 4883 ,
2044 4817 2279 4874 Perionii
2304 4858 2319 4884 ,

766 4912 1030 4984 Strigelii,
1064 4923 1227 4981 atque
1280 4913 1333 4965 in
1368 4911 1574 4965 Latinis
1616 4911 1795 4965 Basilii
1847 4910 2177 4965 editionibus
2222 4910 2325 4979 ple-

765 5007 946 5077 risque
968 5021 999 5061 e
1030 5004 1229 5074 Wull‘g.
1257 5005 1495 5070 Musculi,
1524 5005 1918 5074 Argyropulum
1947 5003 2194 5072 supplere
2214 5014 2327 5058 stu-

834 5123 911 5190 (α)
955 5121 1326 5175 Nazianzenus
1355 5128 1495 5190 orat.
1531 5117 1601 5171 20
1636 5120 1688 5170 in
1729 5114 2079 5190 S._Basilinm
2114 5137 2125 5171 :
2160 5118 2326 5190 ξὈταοί

763 5186 863 5266 «si
897 5186 1230 5263 ’Ἑξαήμερον
1273 5189 1433 5242 αὑτοῦ
1498 5186 1993 5261 μεταχειρίζωμαι,
2050 5188 2185 5257 μετὰ
2240 5187 2331 5241 τοῦ

766 5263 985 5317 mare?»
1014 5263 1252 5332 γίνομαι.

837 5335 910 5403 (b)
954 5326 1223 5404 Ny-ssetins
1265 5334 1319 5385 in
1371 5329 1648 5404 Hexaent.,
1702 5339 1830 5404 tom.
1863 5326 1920 5404 ΔΙ,
1962 5328 2179 5404 pag.“_5,
2212 5345 2330 5404 cum

767 5398 1014 5459 (ιίιιὶέεειί
1044 5418 1101 5456 se
1161 5405 1467 5469 neutiquam
1528 5402 1663 5454 velle
1737 5398 2204 5469 ἀντιδογματίζειν
2257 5400 2333 5469 τῷ

768 5476 906 5545 ἁγίῳ
936 5472 1199 5541 Βασιλείῳ
1222 5475 1348 5542 περὶ
1375 5472 1482 5525 τῶν
1676 5472 1772 5545 τὴν
1802 5470 2158 5545 κᾳσμογῳίαν
2187 5470 2332 5541 αὐτῷ

770 5540 1254 5616 φίλόσοφηθέντων,
1292 5540 1580 5616 Subjttngit,
1612 5540 1725 5594 ἀλλ’
1753 5543 1934 5616 ξκεῖνα
1967 5540 2106 5616 play
2134 5540 2331 5616 κεκραξ

765 5609 984 5685 inclito,
1016 5609 1134 5668 "acati.
1187 5614 1353 5685 μόνης
1405 5609 1507 5681 τῆς
1556 5612 1911 5666 Θεοπνεύστου
1963 5609 2333 5680 διαθήκηςίτὰ

767 5684 1040 5757 δευτερεῖα
1072 5704 1135 5755 cpe
1145 5684 1335 5757 pégﬂw.

840 5752 1170 5891 §c)'llieron'.
1199 5753 1478 5823 Catalogo,
1513 5769 1561 5807 c.
1600 5753 1723 5818 116,
1756 5761 1807 5809 et
1840 5755 1998 5824 epist.
2032 5752 2118 5807 55.

862 5831 918 5891 ά)
956 5828 1174 5880 l’hotius
1210 5825 1329 5879 cod.
1362 5839 1508 5879 σιω.

862 5831 918 5896 d)
956 5828 1174 5880 l’hotius
1210 5825 1329 5879 cod.
1362 5839 1508 5879 σιω.

840 5892 911 5963 (ι)
945 5896 1135 5951 Suidas
1158 5897 1210 5950 in
1242 5897 1577 5961 Βασίλειος.
1609 5894 1743 5948 Vide
1761 5905 1812 5949 et
1830 5895 2105 5953 Socratem
2134 5910 2207 5955 Iv,
2239 5892 2325 5948 26.

847 5966 920 6037 (f)
952 5968 1263 6023 Anastasius
1294 5980 1369 6023 vn
1397 5968 1450 6021 in
1476 5965 1754 6035 Heraean,
1784 5968 1932 6040 cujus
1971 5964 2136 6022 verba
2174 5964 2325 6021 Cra:-

2426 4646 2547 4701 bus.
2579 4644 2716 4698 Ante
2746 4641 3085 4698 Tilmannum
3105 4642 3320 4698 easdem
3342 4646 3726 4701 transtulerant
3748 4646 3994 4719 Raphael

2429 4737 2840 4800 Volaterranus,
2890 4738 3042 4806 cujus
3079 4737 3257 4791 versio
3306 4737 3499 4807 legitur
3532 4738 3582 4791 in
3624 4737 3827 4795 Latinis
3874 4743 3995 4811 qui-

2432 4828 2655 4883 busdam
2680 4827 3027 4891 editionihns,
3062 4836 3119 4881 ut
3152 4827 3447 4884 Basileensi
3495 4828 3631 4883 1565
3660 4831 3782 4895 τοι..
3815 4842 3873 4886 et
3904 4831 3995 4885 Ja-

2430 4937 2530 4975 nus
2562 4919 2875 4987 Cornarius,
2906 4936 3024 4990 qua!
3069 4923 3309 4976 occurrit
3349 4922 3402 4975 in
3450 4924 3681 4978 editione
3710 4924 3903 4978 Latina
3929 4928 3991 4981 Δ.

2433 5012 2590 5067 1553.
2624 5010 2785 5067 Plura
2844 5028 2911 5067 ex
2960 5012 3041 5067 his
3072 5013 3306 5067 homiliis
3364 5012 3661 5070 all‘eruntur
3704 5015 3757 5069 in
3785 5014 3993 5072 Catena

2432 5142 2497 5182 ce
2553 5124 2804 5195 produxit
2863 5125 3088 5180 Michael
3122 5124 3194 5177 Le
3242 5124 3410 5189 Quien
3457 5127 3522 5180 ad
3560 5126 3989 5195 Damascenum,

2439 5194 2567 5250 tom.
2609 5196 2647 5257 I,
2680 5210 2797 5264 pag.
2845 5197 2963 5248 174.
2995 5197 3171 5264 Alium
3206 5210 3269 5248 ex
3303 5196 3438 5252 lihro
3473 5213 3487 5249 I
3527 5194 3729 5250 Fronto
3766 5198 3993 5253 Duca'us

2436 5266 2489 5319 in
2532 5262 2716 5319 limine
2748 5262 2991 5317 notarum
3023 5265 3086 5316 ad
3123 5262 3398 5318 Basilinm.

2505 5333 2741 5405 (g)gi§ag.
2781 5335 2885 5387 285
2925 5350 3008 5403 sq.
3031 5374 3046 5395 ,
3084 5332 3210 5405 {289,
3257 5335 3381 5397 3H,
3424 5335 3509 5387 ed.
3541 5333 3738 5405 Kollar.
3766 5355 3780 5402 ;
3811 5337 3905 5390 sed
3940 5338 3990 5393 in

2437 5401 2713 5467 cod'.'XV,'
2730 5422 2781 5457 II.
2813 5405 2868 5467 5,
2899 5401 3233 5475 σψκλ-13ης.
3265 5404 3490 5475 Nysseni
3518 5405 3571 5457 in
3601 5404 3787 5460 Cenes.
3832 5422 3869 5471 ι,
3902 5408 3988 5472 26,

2436 5476 2575 5529 male
2614 5474 2901 5529 ascribitur
2936 5472 3132 5526 Basilio
3160 5474 3228 5529 Μ.
3267 5472 3417 5542 quasi
3462 5488 3525 5529 ea
3563 5477 3633 5530 sit
3664 5476 3845 5529 oratio
3877 5494 3907 5531 ι
3939 5481 3993 5533 in

2437 5542 2687 5616 ﬂexaem.
2711 5541 2787 5616 Χ.
2819 5542 3069 5598 Lambec.
3099 5542 3185 5608 Ill,
3224 5541 3341 5614 pag.
3391 5544 3494 5599 514
3523 5563 3603 5616 sq.
3653 5546 3836 5614 ibique
3864 5547 3990 5602 Κοι-

2432 5612 2531 5671 lar.
2564 5625 2671 5667 not.
2710 5614 2879 5668 lianc.

2503 5686 2579 5752 (lt)
2620 5685 2921 5739 Secundum
2974 5685 3291 5739 IIebraicam
3331 5686 3618 5739 editionem
3680 5685 3732 5738 in
3788 5687 3985 5755 psalm.

2432 5771 2529 5817 VII,
2554 5770 2641 5818 xv,
2673 5772 2823 5817 nux,
2856 5770 2981 5813 xxx.
3003 5771 3198 5819 χχχιιι,
3227 5771 3413 5817 xxxiv,
3443 5768 3673 5821 xxvaII,
3693 5771 3821 5821 ην,
3845 5772 3984 5820 sul,

2433 5842 2581 5887 χιιι,
2610 5841 2697 5888 1.x,
2726 5841 2831 5877 uti
2874 5836 2922 5877 et
2952 5840 3090 5877 cxvr.

2504 5898 2568 5964 (ἱ)
2607 5892 3349 5968 Con]._I"onlanini‘ﬂisior.
3395 5896 3618 5953 litterar.
3661 5896 3982 5968 Aquileiam.

2433 5964 2637 6034 Romae,
2668 5965 2824 6036 1742,
2851 5964 2923 6034 4ο,
2950 5980 3071 6038 pag.
3103 5965 3226 6024 299.
3253 5964 3423 6021 ΗΑιιι..
