4212 6480
1424 452 1699 509 ΝυτιίιΑ
1742 454 1827 508 EX
1872 454 2211 511 FABIthlO.
3293 476 3410 516 ccu

184 569 492 628 Grecorum
530 568 750 623 Patrum
802 568 868 623 ad
926 567 1169 623 Psaltnos
1216 567 1578 637 Corderiana;
1619 587 1744 626 non-
1774 576 1817 631 Α
1849 587 2041 639 xxvnt,
2069 587 2171 625 una
2213 573 2267 625 in
2295 573 2485 641 psalm.
2524 588 2650 626 xxtx
2674 614 2689 640 ,
2732 589 2880 629 xxxn
2904 612 2919 636 ,
2951 587 3119 629 xxxttt
3145 613 3160 639 ,
3191 589 3412 641 xxxx-tt,

183 664 317 720 nulla
348 664 519 719 etiam
554 660 827 730 prasterito
861 659 1041 716 Basilii
1074 662 1307 715 nomine.
1344 660 1581 714 Fssn.-—
1606 663 1744 717 Fuse
1847 680 1992 731 xuv,
2036 679 2161 729 xu,
2200 679 2387 729 vam,
2424 681 2536 730 ιιι,
2581 680 2729 729 Lxxt,
2764 683 2886 722 cxtv
2928 674 2983 719 et
3014 680 3118 719 ειν
3144 705 3158 731 ,
3187 680 3415 734 quarum

192 756 406 814 disserit
435 754 505 807 de
529 753 637 811 illis
664 755 899 810 bomiliis
928 753 1157 808 Garnier
1189 765 1241 807 et
1280 754 1332 804 in
1381 754 1581 808 monito
1613 772 1745 824 prm-

187 850 346 903 misso
376 860 503 916 pag.
533 846 623 913 89,
654 858 707 901 et
726 863 856 903 vero
878 847 929 898 in
962 847 1167 914 prznl'at.
1194 846 1220 916 §
1248 845 1333 908 Vl,
1364 862 1482 915 pag.
1506 864 1591 900 xxi
1623 865 1741 918 sqq.

193 938 376 993 Priore
427 938 547 997 loco
601 940 785 1008 paucis
820 938 1068 991 observat
1104 938 1292 1009 psalmi
1351 953 1534 991 xxxvtt
1586 941 1747 994 inter-

198 1030 583 1096 pretationem,
625 1028 728 1095 iam
774 1026 1099 1084 Combelisio
1128 1042 1464 1097 suspectam,
1496 1044 1612 1084 esse
1643 1031 1749 1085 Eu-

190 1118 357 1187 sebii,
412 1136 523 1177 non
570 1118 754 1175 Basilii
787 1118 985 1186 fetum;
1027 1122 1525 1190 interpretationem
1560 1123 1747 1191 psalmi

191 1228 378 1276 xxvm,
412 1226 443 1264 a
479 1208 824 1276 Combeiisio,
856 1210 1218 1275 Tillemontio,
1247 1212 1321 1266 Du
1350 1211 1447 1266 Pin
1484 1228 1580 1281 pro
1606 1214 1748 1269 adul-

192 1307 364 1360 terina
406 1302 670 1368 habitam,
719 1317 839 1358 esse
864 1316 998 1371 opus
1027 1302 1289 1374 plagiarii,
1336 1306 1414 1358 vel
1440 1306 1616 1373 potius
1639 1316 1751 1361 stu-

192 1394 321 1449 diosi
345 1392 671 1463 cujuspiam,
691 1392 783 1462 qui
810 1407 868 1446 se
886 1404 1159 1454 exercere.
1190 1404 1243 1448 et
1270 1393 1524 1446 Basiliunt
1555 1394 1751 1449 imitari

196 1487 426 1541 voluerit
449 1503 464 1553 ;
491 1488 544 1543 in
572 1500 789 1559 genere,
812 1486 1104 1550 orationes,
1130 1501 1249 1555 qnze
1266 1500 1389 1538 vere
1408 1484 1584 1539 Basilii
1607 1497 1748 1554 sunt,

194 1577 256 1631 ad
288 1579 547 1648 populum
596 1578 807 1634 habitas
849 1594 991 1645 esse,
1038 1577 1091 1630 in
1140 1586 1515 1645 conventuque
1546 1579 1753 1646 publico

195 1672 603 1739 pronuntiatas;
651 1682 986 1741 quaecunque
1021 1674 1201 1720 autem
1239 1669 1376 1723 lianc
1430 1678 1610 1722 notam
1644 1686 1754 1738 pra:

194 1778 249 1820 se
278 1780 387 1820 non
428 1764 586 1831 ferat,
635 1778 755 1819 eam
807 1760 1007 1817 debere
1052 1761 1122 1818 ob
1153 1761 1203 1816 id
1239 1760 1409 1815 solum
1450 1771 1755 1830 suspectam

193 1858 362 1913 rideri
396 1876 412 1910 :
457 1867 572 1910 tum
610 1854 1008 1919 animadvertit,
1057 1854 1539 1919 commentarium,
1574 1855 1757 1908 liacte-

195 1964 293 2003 nus
323 1947 616 2001 Theodoro
656 1945 983 2002 Heracleotae
1011 1948 1349 2012 attributum,
1383 1960 1489 2001 non
1511 1960 1632 2001 esse
1660 1947 1758 2001 Ba-

194 2037 295 2091 silii
316 2038 375 2091 in
390 2034 637 2095 Psalmos
660 2038 1074 2108 expositionem.
1100 2038 1336 2107 Denique
1362 2040 1605 2103 adnotat,
1634 2040 1760 2093 Am-

195 2129 464 2197 brosium,
498 2145 619 2186 cum
648 2146 772 2186 suos
794 2132 847 2185 in
877 2130 1239 2187 Hexaemeron
1266 2133 1529 2189 scriberet
1568 2134 1756 2200 libros,

196 2218 361 2274 etiam
388 2220 771 2287 Augustinum,
800 2222 1063 2291 permulta
1095 2222 1160 2276 ad
1191 2224 1412 2279 verbum
1427 2224 1761 2295 sumpsissee

194 2305 400 2365 Basilio
437 2325 453 2363 :
486 2324 606 2379 qua:
652 2312 832 2365 omnia
879 2312 1091 2381 aliaque
1120 2315 1388 2382 copiosius
1423 2318 1642 2383 exponit
1672 2318 1763 2370 de-

196 2409 576 2472 monstratque
613 2402 666 2459 in
706 2400 920 2459 Praefat.
944 2403 981 2459 Ι.
1018 2418 1092 2467 c.,
1136 2404 1189 2459 in
1227 2420 1329 2475 qua
1372 2408 1535 2462 etiam
1563 2408 1758 2476 docet,

194 2496 500 2550 orationem
550 2512 564 2549 ι
594 2497 647 2550 in
675 2496 936 2564 psalmum
966 2513 1057 2553 xtv
1105 2498 1244 2553 haud
1275 2513 1393 2555 esse
1433 2503 1761 2570 genuinam;

197 2596 351 2643 notat
371 2588 619 2658 quadam
667 2590 720 2643 in
754 2589 1203 2659 explicationibus
1246 2591 1575 2656 psalmorum
1615 2606 1653 2655 ι,
1690 2606 1763 2647 vu

197 2689 252 2736 et
276 2696 454 2736 xxvnt
483 2698 498 2747 ;
527 2681 733 2748 judicat
755 2682 821 2739 de
844 2690 1135 2735 comment.
1164 2681 1220 2736 in
1257 2680 1502 2737 Psalmos
1522 2724 1537 2750 ,
1570 2699 1763 2754 perpe-

202 2785 318 2826 ram
372 2770 476 2826 sub
527 2771 745 2828 nomine
793 2770 1061 2828 Theodori
1087 2773 1417 2831 Heracleota:
1448 2792 1477 2830 a
1508 2776 1766 2833 Corderio

202 2862 369 2928 edito,
400 2874 478 2932 et,
502 2864 684 2919 multis
719 2868 1047 2934 argumentis
1086 2876 1247 2935 atque
1278 2870 1537 2937 exemplis
1568 2870 1765 2934 allatis,

202 2955 466 3021 ostendit,
503 2971 624 3011 esse
647 2966 893 3011 catenam
922 2971 953 3012 e
988 2957 1276 3011 multorum
1319 2957 1537 3011 Patrum
1565 2958 1765 3014 eccles.

206 3048 363 3103 libris
395 3049 852 3103 consarcinatam.
886 3048 1028 3103 Idem
1060 3048 1225 3103 Garn.
1268 3050 1433 3104 edidit
1472 3065 1593 3119 pag.
1632 3050 1767 3105 352-
1830 3048 1833 3051 ’

204 3143 311 3199 377
376 3142 564 3197 Basilii
594 3142 865 3207 homilias,
899 3142 951 3197 in
978 3144 1171 3212 quibus
1197 3143 1359 3197 multa
1393 3144 1505 3197 loca
1556 3159 1621 3198 ex
1665 3144 1771 3198 Eu-

204 3236 357 3292 sebio
390 3251 499 3290 non
533 3250 561 3288 a
585 3235 808 3299 Basilio.
838 3237 928 3291 sed
961 3238 1028 3291 ab
1064 3235 1168 3291 alio
1208 3246 1427 3291 auctore
1478 3237 1767 3305 compilata

206 3339 355 3395 sunt,
379 3330 437 3383 in
466 3331 654 3397 psalm.
688 3345 796 3391 xiv,
828 3330 987 3383 aliam
1013 3331 1245 3398 ineptam
1271 3330 1328 3383 in
1355 3330 1543 3397 psalm.
1574 3344 1767 3394 xxvm,

207 3430 316 3474 tum
356 3421 412 3474 in
446 3422 639 3489 psalm.
681 3435 890 3483 xxxvn,
920 3431 974 3474 et
1000 3421 1053 3473 in
1085 3420 1273 3486 psalm.
1301 3435 1422 3475 cxv.
1460 3450 1528 3462 -—
1552 3419 1774 3474 Floren-

208 3511 292 3567 tia
329 3514 383 3567 in
432 3512 553 3567 cod.
592 3510 783 3566 Medic.
820 3512 983 3565 Laur.
1018 3510 1151 3577 VIII,
1194 3512 1326 3581 plut.
1360 3512 1415 3578 4,
1455 3513 1543 3581 qui
1584 3528 1651 3566 xt.
1680 3513 1776 3568 lio-

206 3607 318 3662 tnil.
357 3606 633 3673 continet,
662 3615 745 3661 est
782 3623 835 3660 ιι.
875 3606 929 3671 5,
965 3606 1110 3660 boni.
1146 3607 1197 3658 in
1231 3606 1421 3675 psalm.
1462 3623 1574 3673 xw,
1614 3624 1773 3678 quam

205 3696 375 3754 Garn.
415 3699 469 3753 in
506 3698 739 3767 append.
782 3707 913 3756 tom.
948 3696 990 3762 I,
1022 3714 1078 3767 p.
1116 3698 1239 3762 352,
1288 3708 1539 3768 tanquam
1580 3698 1774 3755 Basilio

204 3791 543 3860 suppositam
578 3791 773 3858 posuit.
800 3790 1022 3845 Bandin.
1076 3806 1205 3846 vero
1244 3791 1264 3845 1
1305 3792 1423 3846 Cat.
1467 3794 1619 3847 codd.
1654 3792 1773 3860 Gn,

205 3897 326 3954 pag.
363 3881 498 3944 526,
526 3882 820 3936 arbitratur
868 3896 933 3937 ex
969 3883 1133 3939 Laur.
1180 3884 1271 3938 illo
1302 3886 1509 3950 codice,
1549 3900 1670 3940 saec.
1722 3902 1776 3939 xt

206 3973 437 4045 scripto,
471 3972 620 4043 argui
656 3987 833 4042 posse,
882 3974 1069 4027 homil.
1104 3973 1260 4027 istam
1300 3975 1463 4029 etiam
1495 3986 1620 4030 ante
1652 3976 1778 4031 illud

210 4075 422 4136 tempus
450 4064 617 4121 fuisse
642 4064 839 4119 Basilio
862 4065 1247 4131 adjudicatam,
1291 4068 1449 4136 eique
1498 4081 1779 4136 propterea

209 4158 385 4213 locum
434 4160 764 4229 assignatum
822 4167 946 4213 ante
995 4172 1332 4229 sequentem,
1365 4176 1416 4213 ιι.
1463 4162 1494 4212 6
1528 4163 1674 4215 hom.
1728 4163 1781 4213 in

207 4260 415 4321 partem
451 4266 541 4303 xiv
571 4250 758 4317 psalmi
799 4261 983 4304 contra
1009 4251 1356 4320 feneratores,
1402 4254 1555 4323 cujus
1595 4255 1782 4308 titulus

212 4358 275 4399 ac
315 4343 494 4414 prima
541 4346 701 4396 verba
742 4342 899 4397 aliam
938 4354 1242 4413 supponant
1286 4346 1336 4398 in
1366 4348 1611 4402 eumdem
1641 4349 1783 4417 psal-

213 4450 360 4489 mum
395 4436 701 4493 bomiliam.
726 4436 951 4490 —-Add.
985 4437 1300 4491 Scliroeckh
1333 4438 1367 4491 l.
1397 4454 1447 4493 c.
1470 4479 1484 4503 ,
1521 4456 1640 4511 pag.
1680 4440 1773 4495 ISI

213 4541 335 4595 sqq.
369 4558 436 4568 —-
475 4526 658 4581 Basilii
688 4526 939 4595 prologus
978 4530 1031 4581 in
1060 4529 1253 4596 psalm.
1309 4533 1566 4598 repetitus
1601 4543 1684 4586 est
1729 4535 1780 4587 in

1850 756 1997 811 initia
2027 754 2205 825 posuit
2239 754 2493 813 Lambec.
2537 757 2591 811 in
2621 752 2932 823 Comment.,
2960 753 3047 822 III,
3072 770 3125 823 p.
3157 754 3262 809 320
3292 769 3414 824 sqq.

1850 877 1917 887 —
1940 849 2153 904 Eadem
2185 847 2483 917 eodemque
2506 850 2696 905 ordine
2727 847 2777 901 in
2813 851 2967 906 codd.
2998 847 3239 909 LXVIII,
3274 865 3326 900 ιι.
3364 849 3416 901 1.

1852 938 2124 1007 (Lambec.
2183 938 2336 1004 ibid.,
2394 954 2515 1010 pag.
2564 941 2809 1014 359.)—-
2851 940 2907 994 In
2941 944 3095 998 codd.
3143 939 3418 1005 CCXLIV,

1851 1047 1905 1086 ιι.
1944 1033 2030 1099 10,
2067 1034 2351 1103 fragment.
2385 1033 2619 1088 homiliac
2649 1036 2702 1088 in
2740 1033 2929 1102 psalm.
2970 1047 3159 1099 xxviii,
3202 1046 3421 1090 notante

1852 1124 2089 1181 Kollario
2113 1127 2178 1182 ad
2204 1122 2453 1180 Lambec.
2484 1124 2525 1190 I,
2560 1141 2611 1195 p.
2638 1126 2905 1181 257.—ln
2931 1125 3051 1179 cod.
3090 1124 3417 1187 CCXXXVI.

1854 1233 1909 1271 ιι.
1936 1216 1986 1281 5,
2018 1226 2143 1272 sunt
2166 1217 2574 1289 quatuordecim
2601 1214 2782 1270 Basilii
2801 1226 2939 1271 orat.
2969 1215 3247 1287 (Lambec.
3278 1216 3340 1277 ν,
3366 1233 3416 1283 p.

1857 1310 1959 1364 184
1983 1312 2128 1382 sq.);
2181 1312 2233 1365 in
2268 1311 2353 1366 bis
2385 1310 2610 1379 septima
2654 1307 2969 1364 inscribitur
3011 1308 3153 1364 κατὰ
3182 1305 3425 1372 τοκιζὸν-

1854 1418 1984 1466 των,
2009 1410 2195 1455 contra
2220 1401 2568 1469 feneratores,
2597 1398 2689 1453 sed
2721 1396 2925 1452 Kollar.
2963 1401 3013 1454 in
3038 1411 3162 1455 nota
3177 1398 3422 1455 animad-

1856 1493 2053 1558 vertit,
2090 1492 2234 1546 illam
2264 1490 2399 1547 nibil
2446 1490 2589 1545 aliud
2618 1503 2761 1553 esse,
2793 1503 2857 1544 ac
2887 1487 3067 1543 Basilii
3102 1491 3378 1544 lioniiliam
3404 1527 3421 1553 ,

1858 1582 2013 1638 initio
2048 1585 2315 1647 mutilam,
2343 1586 2394 1638 in
2439 1594 2646 1654 partem
2676 1581 2869 1653 psalmi
2912 1598 3022 1645 ιιι,
3056 1592 3108 1636 et
3130 1594 3313 1637 contra
3343 1583 3419 1635 te-

1858 1686 2137 1732 neratores
2174 1676 2225 1729 in
2260 1676 2347 1730 ed.
2375 1674 2542 1729 Garn.
2579 1686 2707 1731 tom.
2743 1673 2784 1740 I,
2814 1690 2934 1746 pag.
2970 1675 3092 1741 107,
3127 1673 3267 1731 Add.
3298 1672 3427 1727 Κοι-

1858 1771 1959 1828 lar.
1988 1777 2101 1825 not.
2136 1768 2201 1823 ad
2240 1766 2349 1821 vol.
2393 1765 2481 1832 III,
2528 1781 2651 1836 pag.
2682 1781 2828 1831 LVII,
2874 1768 2940 1822 de
2969 1767 3089 1821 cod.
3125 1766 3216 1820 XI.
3251 1795 3321 1809 -—-
3345 1766 3427 1821 Ex

1860 1864 1975 1918 eod.
2007 1863 2228 1917 Patrum
2258 1856 2443 1914 Basilii
2488 1857 2734 1913 Romano
2780 1857 3053 1933 specimen
3089 1855 3269 1911 Basilii
3308 1874 3427 1913 ser-

1863 1954 2038 2007 monis
2085 1955 2139 2007 in
2184 1952 2474 2023 septimum
2524 1950 2789 2018 psalmum
2833 1949 2981 2005 dedit
3033 1948 3327 2004 Montiauc.
3374 1951 3427 2004 in

1864 2043 2127 2114 Palwogr.
2154 2044 2272 2109 Cra,
2305 2062 2358 2115 p.
2394 2044 2522 2100 285.
2548 2039 2786 2096 -—ldem
2831 2041 2885 2096 in
2929 2040 3071 2095 Bibl.
3112 2038 3330 2095 Coislin.
3372 2057 3427 2108 ιι.

1862 2137 1963 2193 117
1994 2151 2102 2207 sq.,
2143 2134 2345 2203 aliquot
2372 2136 2554 2200 codd.,
2582 2131 2829 2190 homilias
2858 2140 3018 2201 atque
3046 2130 3303 2198 epistolas
3328 2129 3431 2184 Βςι-

1861 2230 1968 2285 silii
1997 2227 2363 2292 continentes,
2404 2235 2672 2292 recenset,
2713 2226 2766 2280 in
2797 2222 2992 2293 quibus
3014 2223 3176 2277 etiam
3213 2231 3432 2278 exstant

1863 2320 2097 2374 bomilia:
2117 2321 2172 2371 in
2196 2317 2438 2371 Psalmos
2468 2331 2485 2369 :
2520 2318 2573 2370 in
2600 2317 2721 2370 cod.
2745 2316 2907 2385 igitur
2938 2311 3143 2368 XLVIII
3176 2313 3428 2372 membr..

1862 2427 1989 2469 sae.
2016 2426 2072 2478 x,
2098 2408 2350 2479 leguntur
2377 2409 2525 2464 hom.
2558 2407 2855 2474 sexdecim,
2880 2405 3078 2463 omissa
3106 2405 3343 2462 secunda
3376 2406 3433 2459 in

1861 2504 2051 2573 psalm.
2082 2517 2272 2566 xxvnt,
2298 2501 2533 2555 bomiliaa
2565 2501 2620 2554 in
2655 2500 2845 2568 psalm.
2878 2514 3002 2563 xiv,
3033 2514 3121 2553 ιιι
3143 2508 3198 2554 et
3228 2512 3318 2554 ut
3349 2496 3433 2551 bis

1865 2600 2183 2651 occurrunt.
2210 2620 2281 2633 —
2314 2592 2371 2646 ln
2396 2591 2552 2645 codd.
2586 2588 2754 2645 XLIX
2789 2598 2843 2645 et
2871 2589 2913 2644 L
2959 2588 3231 2645 sexdecim
3260 2589 3433 2652 hom.,

1865 2687 2066 2743 omissa
2117 2683 2350 2741 secunda
2400 2683 2455 2736 in
2504 2682 2695 2751 psalm.
2736 2696 2930 2737 xxvnt.
2982 2711 3056 2724 —
3094 2679 3328 2736 Venetiis
3376 2679 3434 2735 in

1866 2778 1998 2836 bibl.
2034 2777 2203 2836 Marc.
2251 2785 2396 2841 sunt,
2434 2784 2631 2845 prater
2679 2773 2875 2829 multas
2910 2773 3044 2828 alias
3072 2773 3325 2829 bomillas
3364 2772 3433 2825 li-

1867 2872 2101 2939 brosque
2133 2870 2340 2932 Basilii,
2381 2866 2540 2936 hujus
2566 2864 2800 2921 ltomiliae
2827 2866 2880 2917 in
2921 2863 3168 2919 Psalmos
3198 2865 3251 2919 iu
3276 2865 3433 2919 codd.

1869 2960 1999 3023 Llll,
2028 2959 2161 3023 LIV,
2196 2958 2307 3024 LV,
2335 2959 2469 3025 LVI,
2512 2957 2669 3013 DLIX
2703 2967 2759 3014 et
2798 2957 3002 3027 DLXII,
3042 2966 3174 3013 teste
3205 2956 3436 3027 catalogi

1872 3060 2111 3117 auctore,
2146 3060 2252 3105 etc.
2282 3079 2349 3089 —
2376 3048 2516 3102 Edit.
2542 3048 2657 3105 Lat.
2679 3050 2979 3105 Romanam
3002 3050 3115 3120 jam
3143 3064 3305 3120 supra
3328 3064 3438 3104 me~

1872 3146 2218 3200 moravimus.

1946 3237 1999 3289 In
2024 3234 2259 3291 editione
2283 3232 2538 3295 Garner.,
2579 3244 2702 3301 pag.
2738 3229 2841 3284 207
2865 3246 3010 3301 sqq.,
3051 3240 3353 3304 sequuntur
3375 3231 3441 3286 li-

1872 3330 1955 3382 bri
1990 3342 2021 3378 v
2054 3336 2237 3379 contra
2265 3324 2602 3389 Eunomium,
2645 3324 2889 3392 inscripti
2918 3323 3025 3377 Τοῦ
3053 3353 3123 3363 -
3152 3323 3438 3377 Βασιλείαν

1870 3448 1944 3462 -
1980 3416 2378 3489 ἀνατρεπτικὸς
2425 3416 2518 3471 τοῦ
2572 3415 2969 3487 ἀπολογητικοῦ
3014 3415 3109 3469 τοῦ
3147 3414 3443 3479 δυσσεϐοῦς

1875 3512 2159 3582 Εὐνομίου.
2184 3541 2255 3553 —
2275 3509 2465 3565 Basilii
2498 3508 2617 3562 libri
2643 3509 2829 3579 quibus
2859 3508 3007 3578 impii
3033 3506 3287 3563 Eunomii
3320 3526 3443 3579 apo-

1874 3608 2122 3677 logeticus
2169 3605 2435 3659 evertitur.
2480 3605 2655 3672 Atque
2694 3603 2859 3658 Garn.
2888 3601 2943 3657 ln
2978 3610 3107 3656 nota
3133 3609 3338 3667 monet,
3366 3609 3447 3656 tot

1874 3713 1993 3753 esse
2022 3698 2137 3752 fere
2186 3696 2371 3750 titulos
2395 3695 2573 3749 varios
2607 3703 2738 3763 quot
2764 3692 2947 3757 codd.,
2991 3706 3051 3748 se
3075 3699 3257 3747 autem
3291 3706 3445 3747 secu-

1880 3801 1987 3842 tum
2019 3804 2140 3843 esse
2168 3789 2255 3843 ed.
2279 3785 2466 3842 Venet.
2497 3796 2549 3841 et
2583 3786 2834 3841 meliores
2869 3783 3022 3841 codd.
3055 3814 3124 3823 —
3162 3783 3449 3857 ’Δντιρρηο

1877 3881 2025 3945 τικός
2053 3880 2247 3952 legitur
2274 3880 2330 3934 in
2360 3881 2478 3934 cod.
2520 3880 2687 3950 Regio
2717 3880 2991 3942 secundo;
3042 3875 3444 3947 ἁντιῤῥητικῶν

1877 3973 1991 4040 λόγ.
2019 3978 2065 4024 α’
2099 3975 2149 4025 in
2185 3972 2305 4026 cod.
2346 3970 2677 4025 Colbertino.
2710 4000 2780 4011 —
2809 3967 2862 4020 In
2891 3966 3013 4022 edd.
3050 3981 3232 4036 super.
3268 3965 3444 4021 Paris.

1879 4075 2002 4119 sunt
2034 4066 2151 4117 libri
2180 4064 2251 4115 illi
2295 4064 2347 4115 in
2380 4071 2509 4115 toni.
2554 4062 2617 4122 ll,
2646 4070 2804 4129 atque
2833 4058 3110 4114 Fabricius
3139 4060 3191 4113 in
3222 4068 3332 4114 vet.
3355 4061 3445 4114 ed.

1881 4157 2055 4211 locum
2099 4156 2201 4209 illis
2231 4155 2525 4223 assignavit
2551 4155 2849 4220 septimum,
2894 4162 2946 4207 et
2968 4166 3030 4208 ea
3056 4167 3176 4223 qua:
3206 4166 3444 4223 sequuti-

1884 4261 1987 4309 tur,
2032 4252 2094 4302 tle
2128 4250 2231 4302 illis
2260 4250 2483 4301 notavit.
2513 4248 2680 4300 ΙΙΑιιι..

1955 4340 2113 4413 [ιιι]
2161 4340 2562 4411 Ἀντιρῤητικὺς
2582 4338 2673 4391 τοῦ
2710 4339 3106 4411 ἀπολογητικοῢ
3132 4338 3227 4392 τοῦ
3258 4340 3447 4393 Bucce-

1885 4434 2011 4495 ϐοῦς
2037 4433 2326 4502 Ethiopian,
2373 4432 2629 4484 Adversus
2678 4431 2978 4501 apologiam
3009 4430 3154 4499 impii
3202 4428 3446 4483 Eunomii

1886 4525 2287 4584 antirrltetieus,
2336 4522 2485 4575 libris
2518 4524 2764 4591 quinque,
2793 4530 2926 4574 tum.
2957 4520 3022 4583 II,
3050 4533 3169 4589 pag.
3206 4522 3256 4575 1.
3289 4519 3446 4589 Egre-

215 4615 458 4687 Liturgia
490 4620 731 4686 antiqua,
781 4619 1068 4687 Hispanica
1095 4658 1109 4682 ,
1160 4619 1408 4684 Gothica,
1444 4623 1738 4677 lsiiloriana
1761 4666 1775 4690 ,
1811 4630 1855 4687 D

1811 4630 1855 4687 ι)
1886 4618 1997 4682 gius
2029 4615 2191 4667 libros
2224 4623 2379 4669 vocat
2413 4613 2768 4683 Hieronymus
2799 4627 2921 4680 cap.
2951 4610 3050 4665 116
3074 4609 3318 4679 Catalogi
3344 4650 3359 4673 ,
3392 4619 3450 4663 et

217 4705 580 4770 Hozarabica,
614 4708 871 4763 Toletana
910 4710 1089 4775 mista,
1129 4710 1394 4765 illustrata
1437 4714 1657 4781 adjectis
1689 4731 1779 4768 ve-

220 4801 377 4855 tustis
407 4800 775 4867 monimentis,
817 4817 937 4854 cum
972 4802 1356 4867 adilitionibus,
1389 4814 1493 4857 etc.
1530 4808 1625 4875 (a),
1651 4818 1780 4859 tom.

216 4889 281 4956 Il,
312 4906 366 4961 p.
400 4892 505 4947 155
532 4906 617 4961 sq.
647 4921 717 4932 —
742 4892 968 4947 Codices
992 4894 1041 4945 in
1073 4894 1408 4949 bibliothecis
1451 4908 1503 4950 et
1528 4900 1786 4967 catalogis

217 5000 381 5055 supra
407 4986 744 5052 memoratis,
780 4988 1142 5054 reperiuntur.
1177 4987 1275 5041 llic
1327 5004 1618 5057 paucorum
1650 4993 1787 5047 tlabo

221 5079 499 5133 notitiam.
527 5077 754 5133 Exstant
784 5078 945 5149 igitur
979 5080 1079 5132 illa:
1118 5081 1297 5134 homil.
1335 5081 1383 5134 in
1424 5080 1559 5134 XVII
1590 5085 1787 5138 codici-

220 5168 320 5224 bus
352 5168 484 5224 bibl.
520 5171 663 5238 pubi.
696 5171 870 5225 Paris.
900 5199 969 5211 -—
1002 5170 1322 5226 Vindobonte
1355 5174 1405 5227 in
1439 5175 1556 5228 cod.
1584 5177 1782 5233 Cmsar.

221 5259 446 5327 LXVII,
490 5263 582 5330 qui
636 5264 929 5331 permultas
980 5262 1161 5317 Basilii
1198 5266 1445 5318 ltomilias
1478 5278 1638 5335 atque
1671 5270 1787 5337 epi-

223 5354 390 5410 stolas
436 5356 699 5419 continet,
745 5362 1087 5427 reperiuntur
1141 5374 1192 5411 ιι.
1237 5357 1272 5410 ‘2
1302 5359 1534 5412 homiliae
1572 5377 1678 5414 xvu
1729 5362 1784 5414 in

224 5448 419 5516 psalm.
479 5463 533 5512 ι,
589 5462 684 5513 VII,
746 5448 863 5503 duae
916 5451 971 5502 in
1008 5452 1197 5518 psalm.
1235 5466 1343 5513 xiv,
1377 5450 1492 5504 dum
1521 5452 1575 5503 in
1598 5453 1787 5519 psalm.

299 5628 377 5750 gi)
403 5628 480 5683 De
510 5628 613 5683 hoc
638 5642 825 5696 opere,
856 5628 1056 5691 Romae,
1091 5639 1217 5685 tom.
1251 5631 1287 5690 I.
1321 5629 1382 5693 II,
1416 5630 1549 5700 typis
1570 5638 1625 5683 et
1652 5646 1796 5683 sum-

299 5700 303 5746 i
348 5716 411 5750 us
451 5699 673 5750 Hieron.
704 5699 961 5750 Mainartli
1002 5700 1157 5750 1746.
1202 5704 1313 5750 1’()Ι-.
1349 5702 1514 5750 edito.
1546 5703 1691 5750 nlnra
1719 5702 1795 5750 le-

232 5698 411 5762 ptibus
451 5699 673 5768 ilicron.
704 5699 961 5751 Mainartli
1002 5700 1157 5763 1746,
1202 5704 1313 5763 1’()Ι.,
1349 5698 1514 5763 edito,
1546 5703 1691 5768 plura
1719 5702 1795 5751 le-

233 5782 327 5828 ges
350 5772 405 5823 in
446 5767 844 5835 Baumgartenii
882 5769 1185 5825 Nachricht.
1221 5790 1315 5825 von
1346 5767 1655 5825 nterkwiird.
1693 5770 1796 5825 Bit-

232 5837 412 5903 chern,
443 5848 567 5891 tom.
606 5837 669 5904 V,
694 5855 744 5905 p.
782 5838 885 5893 508
912 5854 1029 5907 sqq.

310 5910 383 5976 (ὁ)
422 5907 810 5974 Philostorgius
855 5924 975 5971 \‘III,
1008 5908 1107 5971 19.,
1132 5914 1363 5979 quinque
1404 5910 1569 5965 libros
1617 5911 1795 5965 Enno-

236 5978 332 6033 Iltii
364 5990 645 6049 memorat,
683 5980 885 6049 aitque,
912 5979 1159 6036 Basiliam
1194 5978 1365 6049 primo
1393 5983 1528 6038 lecto
1554 5982 1789 6052 βαρυου-

1885 4709 2104 4761 Graacns
2130 4709 2439 4777 Hieronymi
2491 4708 2760 4775 interpres
2793 4714 2951 4773 atque
2995 4703 3193 4759 Suidas
3239 4701 3451 4773 ἐξαιρέο

1886 4819 2008 4865 τους
2043 4801 2253 4870 λόγους.
2306 4800 2516 4855 Laudat
2569 4799 2735 4855 etiam
2777 4797 3000 4852 Photius
3033 4796 3156 4851 cod.
3182 4811 3400 4850 cxxxvu
3433 4835 3449 4857 ,

1888 4911 2149 4960 cxxxvut,
2173 4895 2259 4947 ubi
2286 4894 2528 4950 Eunomii
2553 4894 2767 4947 ἔκθεσιν
2791 4902 2843 4948 et
2868 4892 2933 4946 ad
2966 4888 3147 4944 Basilii
3178 4888 3340 4943 libros
3368 4904 3455 4943 re—

1890 4990 2255 5058 sponsionem,
2296 4991 2348 5042 in
2379 4998 2489 5043 tres
2528 4988 2602 5058 (b)
2636 4988 2943 5043 distinctam
2972 4986 3184 5054 λόγους,
3216 4985 3308 5041 sed
3334 4994 3456 5055 post

1895 5082 2036 5135 illius
2076 5091 2303 5136 mortem
2336 5081 2547 5135 demum
2586 5082 2638 5135 in
2666 5082 2853 5153 vulgus
2892 5082 3095 5144 datam,
3128 5092 3470 5133 commemo-

1895 5185 1997 5229 rat.
2037 5175 2114 5228 Ex
2148 5176 2231 5229 his
2254 5173 2437 5228 Basilii
2470 5174 2620 5228 libris
2665 5184 2774 5229 tres
2810 5172 3018 5242 priores
3067 5169 3455 5227 accuratiorem

1891 5277 2335 5333 argumentorum
2367 5266 2612 5320 Eunomii
2666 5264 3087 5320 cuniutationem
3136 5262 3455 5324 continent,

1896 5359 2092 5428 quibus
2123 5367 2347 5427 quartus
2380 5358 2572 5413 deinde
2595 5366 2647 5411 et
2674 5357 2895 5425 quintus
2928 5355 3089 5410 veluti
3124 5351 3455 5422 spicilegium

1899 5451 2165 5520 quoddam
2200 5450 2270 5521 (c)
2304 5466 2333 5503 a
2380 5448 2581 5504 Basilio
2621 5449 2880 5517 adjuncti,
2928 5446 3298 5511 excutiendis,
3339 5458 3461 5513 quae

1908 5632 2157 5704 μήσαντα
2186 5632 2362 5704 λιπεῖν
2387 5630 2640 5704 τὸν-βίον.
2676 5628 2827 5704 Quod
2861 5635 3194 5704 postremum
3238 5627 3459 5679 menda-

1903 5696 1982 5757 cii
2003 5707 2179 5775 arguit
2207 5703 2453 5767 Pbotius,
2488 5696 2601 5756 time
2638 5716 2668 5755 e
2698 5696 3058 5775 Pliilustorgio
3090 5696 3349 5750 referens.

1976 5763 2149 5845 (c)ita
2203 5763 2816 5845 riialitii,:quam_quod
2871 5763 3123 5845 Petavius
3181 5782 3299 5835 pag.
3356 5763 3460 5819 107

1904 5837 2090 5913 Βόθίη.
2130 5844 2287 5898 theol.
2324 5837 2515 5900 tleSS.
2570 5843 2833 5913 Trinitate
2867 5857 2879 5891 :
2930 5837 3200 5913 lVimirum
3237 5848 3459 5904 quartus

1902 5908 2147 5968 ille'liber
2176 5926 2221 5967 et
2255 5917 2462 5982 quintus
2496 5912 2895 5965 tumultuariam
2922 5908 3151 5982 locorum
3175 5922 3461 5982 argumen-

1903 5997 2175 6056 torumque
2204 5976 2385 6039 σίἐύαηι
2410 5994 2454 6037 et
2486 5986 2758 6037 materiam
2793 5981 3016 6033 nondum
3039 5979 3260 6031 absoluti
3289 5976 3460 6045 operis
