4212 6496
804 477 941 518 (ειη

2148 458 2675 520 PROLEGOMISNA.

805 582 945 637 forte
992 594 1354 651 superessent,
1411 584 1571 653 locis,
1627 588 1961 658 argumentis
1995 601 2058 643 ac
2096 586 2357 645 minutiis.
2386 588 2435 646 A
2463 580 2745 638 Lascaritn
2791 575 3019 648 ορῖιιοιει
3069 577 3138 632 (1⁸
3187 574 3533 646 ιποοωὶοιο
3582 573 3816 647 θβῖτίίυί
3849 577 4027 633 “Ma

802 673 984 745 Neque
1011 676 1153 731 enim
1187 679 1457 734 assentior
1480 679 1568 745 iis,
1592 680 1681 750 qui
1713 682 1810 735 bos
1844 681 2001 736 binos
2027 681 2360 749 posteriores

801 763 1003 823 Basilio
1030 768 1362 837 abjudicant,
1388 770 1526 825 nulla
1556 781 1707 827 certa
1736 773 1943 826 ratione
1982 772 2115 827 nisi.
2158 769 2289 826 Nam
2307 780 2362 828 et

799 854 855 911 In
886 869 1019 910 mss.
1043 857 1320 913 codicibus
1347 859 1755 929 quamplurimis
1786 863 1885 916 sub
1922 861 2104 917 Basilii
2148 862 2361 917 nomine

797 946 1066 1018 prioribus
1092 951 1191 1005 sub
1224 951 1374 1006 titulo
1405 952 1669 1024 ’Δποριῶν
1690 952 1829 1005 κατὰ
1853 954 2115 1026 Εὑνομίου
2135 952 2211 1023 (o)
2234 952 2353 1022 jun-

797 1037 871 1093 ctl
903 1037 1195 1105 habentur,
1226 1051 1280 1095 et
1316 1056 1348 1094 a
1392 1041 1595 1098 Graecis
1631 1044 1730 1097 sub
1782 1042 1966 1100 Basilii
2017 1046 2232 1099 nomine
2282 1046 2358 1118 to)

799 1130 1102 1195 laudantur,
1130 1148 1356 1202 quorum
1385 1137 1576 1190 merito
1603 1136 1723 1205 plus
1759 1150 1819 1191 se
1852 1138 2089 1193 tribuere
2119 1137 2360 1193 testimo-

797 1221 887 1276 nlo
916 1223 991 1276 ait
1023 1221 1180 1280 Ricb.
1233 1225 1440 1281 Simon.
1494 1228 1587 1281 lib.
1641 1243 1699 1283 ιιι
1755 1229 1897 1285 Hist.
1937 1230 2137 1284 critica
2167 1226 2239 1286 Ν.
2271 1229 2353 1297 Τ.,

794 1327 921 1385 pag.
960 1315 1087 1382 107,
1126 1333 1284 1386 quam
1326 1316 1560 1384 Erasini,
1590 1320 1724 1375 Abr.
1772 1319 1997 1376 Sculteti
2033 1331 2088 1376 et
2128 1320 2354 1376 aliorum

796 1409 1149 1470 quorumdam
1198 1411 1474 1476 censuris,
1534 1427 1723 1481 parum
1779 1412 2006 1468 ﬁrmiter
2057 1412 2355 1481 colligenti-

796 1494 895 1548 bus
933 1494 1026 1566 (c).
1066 1496 1260 1556 Grece
1284 1503 1513 1571 primum
1544 1504 1793 1572 prodiere
1824 1513 1931 1558 tres
1975 1504 2133 1575 primi
2171 1506 2353 1561 iuedi—
2392 1570 2397 1571 ί

796 1584 939 1640 tione
975 1603 1198 1659 operum
1226 1592 1409 1648 Basilii
1436 1592 1638 1649 Veneta
1675 1596 1836 1661 1555,
1884 1597 1976 1652 l'ol.
1998 1640 2013 1664 ,
2043 1599 2354 1669 posteriori-

794 1676 895 1731 bus
944 1680 1149 1735 duobus
1182 1683 1379 1739 additis
1410 1686 1463 1740 in
1502 1686 1633 1743 edit.
1688 1688 1853 1746 Basil.
1901 1691 2032 1745 1551
2066 1732 2081 1751 .
2139 1706 2167 1743 a
2216 1689 2352 1746 Jano

790 1768 1068 1851 Cornario.
1106 1769 1297 1831 Latine
1325 1780 1486 1833 vertit
1509 1783 1788 1834 universos
1816 1783 2051 1850 quinque
2090 1780 2351 1851 Georgius

792 1848 1214 1933 Trapez‘untius,
1239 1870 1390 1939 cujus
1420 1872 1793 1939 interpretatio
1827 1848 2036 1943 [multis
2071 1872 2193 1927 aliis
2215 1848 2350 1943 ,vju-

790 1951 911 2006 dice
936 1953 1100 2008 Garn.
1133 1962 1507 2028 anteponenda
1529 2002 1545 2026 ,
1578 1960 1671 2033 et]
1714 1976 1926 2018 servata
1976 1964 2031 2018 in
2084 1964 2352 2034 plerisque

792 2036 1003 2097 Latinis
1040 2042 1221 2099 Basilii
1278 2046 1605 2105 cditionibus
1636 2090 1650 2112 ,
1684 2060 1738 2104 et
1780 2051 1833 2104 in
1875 2060 2100 2120 utraque
2136 2050 2352 2106 Graeco-

789 2131 974 2186 Latina
1003 2132 1292 2193 Parisiensi
1311 2139 1411 2209 (tl).
1432 2139 1691 2195 Nonnulla
1714 2142 1764 2194 in
1789 2143 1885 2194 bac
1902 2142 2149 2198 versione
2172 2157 2352 2212 repre-

792 2224 973 2277 hendit
1021 2222 1139 2283 Jac.
1199 2228 1418 2292 Billius,
1461 2245 1579 2298 quae
1635 2231 1687 2284 in
1749 2230 2025 2287 I‘ossevini
2079 2235 2349 2302 Apparats

791 2325 1013 2382 possunt
1048 2318 1234 2373 videri.
1271 2319 1451 2391 Longe
1480 2321 1633 2391 plura
1667 2323 1894 2379 Duczus
1925 2334 1979 2379 et
2012 2334 2139 2380 tum.
2171 2324 2213 2379 Il
2242 2324 2350 2380 Ba-

788 2408 899 2460 silii
930 2412 1168 2464 recensiti
1199 2412 1573 2468 Combelisius.
1602 2413 1721 2469 Jani
1754 2417 1999 2470 Cornarii
2033 2418 2351 2485 interpreta-

788 2498 863 2553 tio
911 2500 1151 2570 quinque
1200 2503 1457 2558 librorum
1517 2505 1711 2572 legitur
1768 2506 1820 2559 in
1870 2507 2105 2562 editione
2156 2506 2347 2561 Latina

788 2586 1084 2647 Basileensi
1123 2594 1190 2648 A.
1219 2594 1378 2662 1552,
1411 2594 1505 2651 fol.
1546 2596 1789 2668 Denique
1823 2613 1945 2653 cum
1980 2599 2226 2654 versiOne
2253 2613 2347 2653 sua

787 2687 898 2733 tres
944 2690 999 2732 et
1045 2691 1295 2749 quartum
1338 2696 1579 2737 extrema
1629 2694 1782 2753 parte
1832 2694 2080 2739 truncum
2116 2686 2350 2755 vulgavit

788 2768 1106 2827 ‘I‘beodorus
1138 2771 1301 2841 Beza,
1333 2776 1601 2846 adjunctis
1643 2776 1927 2831 Athanasii
1962 2759 2183 2846 dialogis
2214 2792 2245 2829 v
2274 2776 2348 2829 De

789 2854 1063 2926 Trinitate,
1099 2866 1369 2921 Anastasii
1408 2876 1463 2923 et
1494 2865 1676 2938 Cyrill‘t
1723 2866 2081 2936 explicatione
2125 2866 2246 2921 ﬁdei
2294 2874 2350 2921 et

786 2948 1101 3016 Pbmbadio,
1145 2955 1302 3019 1570,
1341 2957 1415 3021 8°,
1449 2959 1589 3026 apud
1633 2957 1697 3012 H.
1732 2956 2084 3028 Stephanum.
2118 2956 2174 3012 In
2204 2956 2347 3011 tertii

790 3042 910 3097 libri
940 3045 1161 3100 exordio
1208 3045 1409 3111 locum,
1444 3064 1473 3101 a
1513 3049 1718 3103 Graecis
1769 3058 2104 3116 corruptum,
2145 3047 2348 3101 notavit

786 3134 1109 3192 Possevinus
1158 3135 1488 3192 Bibliotheca
1544 3138 1745 3193 sclecla:
1781 3154 1857 3203 vt,
1896 3138 1982 3202 l6,
2018 3147 2071 3192 et
2115 3138 2347 3191 Allatius

786 3222 862 3279 De
906 3230 1231 3296 processione
1278 3229 1505 3296 Spiritus
1555 3232 1759 3296 sancti,
1808 3231 1984 3299 capite
2026 3228 2116 3295 20,
2154 3245 2209 3299 p.
2242 3228 2345 3284 IN

785 3333 903 3387 seq.
953 3320 1152 3376 Confer
1199 3320 1419 3377 Joannis
1468 3322 1627 3377 Vecci
1675 3324 1850 3393 capita
1896 3324 1961 3377 de
2004 3322 2342 3389 processione

784 3408 1019 3481 Spiritus
1052 3415 1226 3467 sancti
1273 3415 1325 3467 in
1358 3424 1498 3468 torno
1525 3416 1541 3467 I
1569 3415 1787 3469 Cnet-ie
1815 3416 2117 3469 orthodoxa:
2142 3415 2343 3484 Allatii,

786 3520 840 3573 p.
888 3503 996 3559 225
1040 3520 1157 3571 seq.
1206 3506 1369 3563 Fssn.
1400 3537 1468 3547 —-
1516 3508 1761 3577 Quinque
1802 3509 1923 3563 libri
1974 3519 2098 3563 sunt
2135 3510 2189 3564 in
2226 3513 2346 3567 cod.

788 3591 1019 3651 Vindob.
1066 3597 1261 3653 Cmaar.
1297 3596 1479 3663 LXIII,
1520 3616 1579 3665 ιι,
1629 3600 1682 3665 '5,
1735 3608 1789 3653 et
1839 3597 2168 3665 LXXXVIII,
2213 3616 2269 3656 n.
2312 3601 2348 3655 2

788 3684 1066 3757 (Lambec.
1114 3687 1204 3755 ill,
1246 3706 1301 3759 p.
1346 3690 1452 3747 290
1495 3702 1551 3747 et
1600 3691 1747 3761 175).
1781 3721 1844 3731 -
1884 3691 1939 3746 lu
1984 3690 2087 3746 vol.
2122 3689 2187 3757 γ,
2225 3691 2347 3746 cod.

788 3776 1032 3843 CCLV",
1069 3798 1123 3835 ιι.
1166 3782 1220 3845 8,
1260 3792 1339 3836 est
1390 3782 1680 3837 cardinalis
1731 3781 2067 3838 Bessarionis
2098 3782 2162 3837 ad
2195 3780 2348 3838 Alex.

788 3914 1071 3985 continent.
1105 3912 1223 3978 Quo
1250 3915 1423 3967 minus
1454 3915 1826 3967 admirandum
1860 3924 1970 3978 est,
2014 3918 2253 3985 qntedam
2279 3918 2354 3971 ibi

788 3997 899 4058 esse
929 3981 1106 4058 aliter,
1134 3994 1289 4058 atque
1317 3986 1371 4037 in
1414 3986 1617 4038 steteris
1654 3986 1919 4058 meditatis
1962 3981 2353 4058 elaboratisqtts

788 4052 1001 4120 scriptis
1035 4052 1100 4106 ao
1130 4052 1311 4107 eodem
1337 4062 1552 4107 auctore
1578 4056 1809 4119 Prodite.

862 4122 936 4193 (a)
962 4121 1097 4193 Vide
1127 4122 1435 4179 Combelisii
1478 4121 1736 4177 Basiliam
1766 4125 2097 4191 recensitum,
2128 4134 2256 4181 tom.
2286 4124 2353 4192 II,

793 4192 1218 4343 μῗίὶεῐῖιιαιιιω
1246 4260 1299 4315 in
1324 4260 1508 4319 limine
1534 4274 1713 4319 notar.
1746 4263 1814 4319 ad
1855 4264 1950 4320 lib.
1984 4280 2000 4320 ι
2029 4275 2213 4319 contra
2240 4265 2351 4319 Eu-

792 4347 1103 4472 ιιοῖέςιιὲιὲῃ
1134 4400 1187 4455 in
1216 4399 1365 4473 amt.
1403 4404 1469 4457 ad
1491 4402 1755 4473 εὐφυής)
1772 4413 1891 4473 post
1923 4404 2216 4470 laudatam,
2243 4413 2353 4460 tres

794 4479 1000 4525 tantum
1050 4486 1169 4525 esse
1226 4473 1408 4526 Basilii
1463 4473 1794 4537 arbitratur,
1849 4490 1969 4527 cum
2012 4486 2227 4538 tamen,
2260 4476 2351 4541 qui

2464 674 2631 746 (edita
2671 690 2701 729 a
2740 672 2900 728 Petro
2924 670 3161 725 Arcadio
3190 667 3286 724 Gr.
3314 683 3438 725 cum
3467 666 3665 736 duplici
3692 668 4025 737 interpreta-

2464 767 2612 823 tione
2640 766 2757 823 Lat.
2802 776 2925 820 cum
2957 761 3234 830 opusculis
3272 760 3582 832 tbeologicis
3620 762 3765 817 circa
3808 773 4026 830 proces-

2459 860 2667 915 sionem
2712 857 2946 928 Spiritus
2981 854 3156 907 sancti
3202 852 3455 921 Roma);
3516 851 3657 922 quod
3704 850 4022 921 opusculum

2460 949 2665 1006 Kollar.
2699 951 2764 1003 ad
2797 944 2985 1004 Lamb.
3028 942 3254 1009 Comm.,
3287 942 3351 1009 Υ,
3379 956 3435 1012 p.
3457 944 3581 1011 587,
3623 942 3876 1007 miratur,
3913 955 4022 996 non

2462 1043 2764 1097 consultum
2818 1040 2982 1092 fuisse
3025 1051 3055 1090 a
3088 1035 3372 1101 Garnerio,
3404 1033 3471 1087 ad
3516 1034 3891 1105 corrigendum
3941 1034 4023 1086 lo-

2458 1148 2579 1186 cum
2612 1133 2663 1186 in
2696 1128 2861 1185 Basil.
2892 1130 3090 1182 Contra
3136 1127 3454 1181 Ettuomium
3500 1125 3637 1181 libro
3676 1142 3761 1190 ιιι,
3792 1141 3844 1194 p.
3886 1126 4016 1189 277,

2457 1222 2724 1295 ἀξιώματι
2763 1220 2859 1291 μὲν
2888 1220 3017 1288 γάρ,
3060 1230 3191 1283 etc.,
3222 1233 3381 1291 quem
3420 1217 3621 1272 Kullar.
3657 1216 3931 1273 contendit
3963 1217 4018 1269 ln

2457 1312 2842 1369 recentioribus
2862 1312 3020 1367 codd.
3041 1326 3069 1364 a
3092 1311 3299 1366 Graecis
3330 1308 3684 1365 scbismaticis
3705 1310 3867 1363 fuisse
3894 1320 4018 1359 cor-

2455 1414 2694 1472 ruptum,
2723 1410 2778 1456 et
2813 1402 2962 1471 plura
3000 1400 3053 1456 in
3098 1400 3239 1454 banc
3276 1415 3387 1454 rem
3426 1399 3683 1467 disputat.
3711 1427 3781 1438 —
3808 1396 3863 1452 In
3891 1395 4015 1451 cod.

2454 1493 2637 1558 XCIX,
2673 1511 2727 1548 ιι.
2760 1493 2812 1553 4,
2849 1501 2977 1546 sunt
3021 1496 3126 1546 duo
3174 1489 3471 1559 fragmenta
3504 1503 3571 1544 ex
3602 1502 3765 1556 opere
3809 1491 4016 1542 advers.

2452 1586 2773 1639 Eunomium
2802 1583 2923 1637 libri
2949 1598 3005 1641 v.
3033 1584 3071 1637 ν
3101 1580 3304 1640 Kollar.
3336 1581 3388 1633 in
3418 1580 3689 1649 Snpplem.
3725 1578 3790 1630 ad
3823 1578 4015 1632 Lamb.

2450 1677 2677 1741 Comm"
2716 1694 2771 1747 p.
2810 1676 2933 1730 62s.
2967 1705 3036 1716 —
3072 1676 3127 1729 In
3178 1673 3300 1729 cod.
3344 1667 3432 1725 ιιιι
3463 1668 3763 1737 Mosquensi
3814 1666 4013 1737 fragm.

2450 1786 2513 1825 ex
2552 1770 2732 1826 Basilii
2767 1771 2922 1825 tertio
2952 1768 3088 1822 libro
3102 1766 3465 1821 Antirrltet.ex
3493 1775 3655 1830 opere
3682 1761 3747 1812 ad
3775 1760 4012 1825 Ampltil.

2449 1875 2503 1917 et
2526 1878 2614 1931 op.
2658 1863 2907 1916 adversus
2940 1860 3275 1919 Eunomiunt,
3294 1868 3400 1911 etc.
3426 1854 3557 1909 Vide
3579 1850 3811 1907 Mattbai
3835 1848 4010 1903 Notit.

2452 1956 2568 2010 cod.
2614 1954 2936 2023 Mosquens.,
2976 1967 3029 2017 p.
3074 1951 3165 2004 2i.
3205 1978 3275 1990 -—
3311 1948 3366 2001 In
3416 1949 3535 2003 cod.
3574 1946 3798 2002 Coislin.
3844 1940 4012 2004 CXX,

2453 2046 2545 2101 fol.
2581 2046 2616 2100 4
2644 2060 2711 2099 ex
2745 2046 2885 2100 libro
2921 2053 3099 2099 contra
3126 2040 3444 2094 Eunomium
3472 2040 3535 2090 de
3566 2037 3844 2091 Triuitate.
3880 2034 4016 2088 Vide

2451 2136 2743 2192 Montfauc.
2771 2134 2913 2190 Bibl.
2945 2131 3190 2197 Coislin.,
3222 2146 3273 2199 p.
3307 2128 3433 2193 195,
3459 2136 3620 2194 atque
3648 2127 3775 2179 alibi
3809 2127 3861 2178 in
3891 2125 4013 2177 aliis

2450 2232 2569 2286 cod.
2606 2210 2740 2286 mss.
2772 2259 2842 2268 —
2872 2228 2927 2282 In
2975 2224 3138 2280 lieur.
3186 2220 3385 2277 Canisii
3418 2218 3649 2273 Lectiun.
3705 2218 3867 2283 autiq.
3918 2224 4017 2269 aut

2456 2322 2726 2379 Thesauro
2752 2328 3202 2374 monumentorum
3228 2315 3406 2368 eccles.
3434 2321 3482 2364 et
3502 2310 3711 2373 histum,
3735 2322 3865 2362 cura
3890 2305 4011 2362 Jac.

2450 2415 2714 2477 Basnage,
2754 2422 2881 2465 tom.
2932 2410 2975 2473 l,
3022 2425 3075 2461 n.
3115 2407 3169 2467 6.
3207 2420 3259 2473 p.
3296 2403 3397 2457 169
3448 2416 3588 2470 seq.,
3632 2410 3759 2455 sunt
3799 2398 4011 2461 Latine,

2448 2503 2631 2558 Basilii
2674 2501 2741 2557 ll.
2776 2499 3026 2554 Rationes
3074 2498 3408 2569 syllogisticc
3436 2504 3619 2549 contra
3647 2495 3895 2555 Arianos,
3929 2490 4011 2543 in-

2447 2608 2617 2668 terpr.
2644 2597 2737 2654 Fr.
2772 2596 3060 2659 Turriano,
3093 2605 3148 2650 et
3175 2592 3433 2664 particula
3456 2592 3634 2661 operis
3664 2588 3859 2641 Contra
3892 2581 4009 2636 Eu-

2449 2690 2722 2756 nomium,
2770 2689 2912 2759 quod
2958 2687 3255 2757 ingenitum
3312 2700 3415 2739 non
3470 2679 3865 2738 substantiam,
3915 2674 4009 2729 sed

2448 2779 2700 2850 ὓπαρξιν,
2732 2782 2783 2833 id
2806 2789 2889 2834 est
2940 2777 3334 2838 exsistentiam,
3367 2773 3625 2828 declaret.
3677 2768 4009 2836 Sequuntur,

2447 2886 2501 2942 p.
2528 2870 2635 2925 223
2660 2886 2775 2941 seq.
2806 2869 3119 2939 nppeudicis
3166 2868 3287 2923 loco
3323 2880 3485 2935 opera
3514 2862 3784 2933 quaedam,
3810 2861 4013 2917 Basilio

2453 2978 2737 3036 perperam
2765 2962 3023 3032 ascripta,
3051 2960 3304 3029 adjuncto
3334 2957 3577 3013 Eunomii
3613 2969 3794 3025 opere.

2519 3056 2574 3111 1.
2615 3054 2743 3111 Duae
2785 3054 3019 3109 bomilia’t
3070 3054 3146 3107 De
3190 3052 3397 3123 opiﬁcio
3440 3048 3664 3103 hominis
3703 3057 3759 3101 et
3795 3059 3901 3098 una
3940 3042 4013 3098 Ds

2446 3150 2713 3217 paradiso,
2743 3164 2795 3217 p.
2825 3149 2929 3202 διδ
2954 3164 3093 3218 seq.,
3125 3148 3192 3202 de
3237 3147 3432 3215 quibus
3458 3144 3571 3215 jam
3610 3150 3769 3195 antea
3795 3139 3863 3192 ad
3887 3152 3943 3191 ιι.
3980 3136 4007 3190 1

2447 3239 2784 3294 Itomiliarum
2820 3239 3025 3307 egimus
3060 3237 3293 3291 uberius.

2516 3326 2573 3384 2.
2614 3324 2857 3380 Homilia».
2902 3325 2958 3380 in
3006 3323 3143 3392 psal.
3192 3339 3307 3385 ιιγ.
3342 3338 3536 3389 xxvttt,
3587 3340 3773 3380 xxxvii
3804 3332 3857 3378 et
3886 3337 4012 3385 cxv,

2450 3432 2571 3487 pag.
2632 3416 2739 3473 552
2786 3431 2927 3488 seq.,
2974 3415 3043 3472 de
3102 3415 3296 3486 quibus
3346 3430 3400 3470 v.
3445 3414 3694 3472 Garnier.
3744 3414 3797 3468 in
3850 3410 4010 3467 Praef.

2560 3523 2763 3563 .XXX'.

2560 3547 2574 3563 .
2640 3525 2669 3562 ι
2714 3524 2763 3562 v.

2448 3524 3063 3655 1ῃξ.ιεῗιιιιιιιιηιαι-ἱιη
3146 3599 3492 3668 imperfectus
3572 3599 3629 3651 in
3705 3596 4011 3670 prophetam

2451 3689 2673 3745 Isaiam.
2712 3692 3014 3759 Antequam
3064 3690 3129 3744 de
3172 3690 3264 3744 illo
3298 3690 3447 3759 plura
3488 3688 3758 3753 adnotem,
3789 3701 3853 3741 ea
3892 3700 4012 3757 qua

2451 3783 2665 3839 Fabric.
2698 3783 2809 3854 (ubi
2846 3791 2931 3837 est
2964 3798 3019 3837 ιι.
3055 3782 3110 3853 6)
3141 3785 3379 3853 scripsit,
3404 3783 3492 3837 bic
3519 3796 3735 3850 ponam.
3764 3778 3941 3838 Ηλιι..

2453 3917 2720 3973 Garnierii
2754 3918 3039 3983 monitum,
3094 3918 3245 3972 libris
3275 3918 3380 3973 illis
3430 3916 3727 3987 prrﬂxnm,
3757 3931 3883 3987 pag.
3904 3916 4012 3976 εδδ

2453 4002 2563 4054 sq..
2591 3998 2642 4057 et
2668 3986 2999 4042 Schroeckli.
3029 3988 3064 4040 Ι.
3102 4003 3176 4052 c.,
3210 3989 3297 4050 qui
3332 3986 3454 4057 pag.
3489 3987 3554 4041 37
3584 4002 3703 4055 sqq.
3740 3986 4008 4057 summam

2453 4056 2599 4109 dedit
2626 4056 2907 4119 libroruin,
2934 4066 2988 4110 et
3017 4072 3138 4125 pag.
3175 4058 3240 4111 57
3284 4056 3423 4125 sqq.’
3440 4058 3757 4124 comprobat
3788 4056 4013 4114 Garnit.L

2456 4126 2517 4180 rii
2542 4125 2826 4191 judicium,
2854 4126 3215 4195 libroruinque
3245 4127 3469 4195 istorum
3496 4128 3721 4181 duorum
3753 4128 4011 4182 condem-

2454 4197 2748 4249 nationem.
2786 4196 3034 4250 Attameu
3077 4194 3271 4264 pater
3320 4194 3526 4252 Simon.
3568 4198 3826 4263 aliosque.
3851 4212 3881 4248 a
3916 4196 4012 4251 Fa-

2460 4266 2631 4319 bricio
2676 4266 2871 4320 citatos
2896 4264 3005 4319 VV.
3050 4267 3158 4324 DD.
3205 4268 3365 4322 etiam
3402 4266 3775 4325 Bellarminus,
3806 4266 4011 4319 Fronto

2460 4335 2709 4399 Ducaens,
2739 4334 3128 4401 Conibcllsius,
3162 4336 3553 4398 Tillemontius,
3594 4337 3670 4389 Du
3707 4335 3801 4387 Pin
3823 4371 3839 4397 ,
3875 4345 4008 4401 etc.,

2457 4403 2713 4458 Basilium
2752 4405 2985 4472 quinque
3010 4408 3265 4462 librorum
3288 4417 3557 4461 auctorem
3589 4404 3813 4472 faciunt.
3844 4417 4011 4472 atque

2459 4474 2512 4528 in
2542 4470 3103 4529 concilqulorentino
3150 4487 3206 4529 ut
3245 4491 3275 4531 a
3331 4476 3557 4536 Latinis,
3600 4473 3669 4525 ita
3700 4486 3729 4525 a
3757 4470 3966 4528 Graecis
3989 4516 4007 4540 ,

792 4552 1017 4621 quartus
1056 4555 1387 4604 numeratur,
1420 4551 1483 4622 ut.
1504 4545 1725 4637 minime
1760 4545 2030 4637 IBUIiI‘ElIl,
2062 4544 2344 4637 adjttiis‘it;
2377 4577 2425 4637 υ
2454 4543 2641 4637 Basilii
2668 4546 2883 4637 nomint:
2914 4546 3112 4623 pariter
3141 4548 3390 4628 citantur.
3421 4542 3537 4637 Νεῖιε⁸
3564 4542 3757 4637 (Ιρειιιιι
3786 4545 4007 4637 colliges

792 4611 1038 4680 quintum
1065 4624 1194 4681 vero
1220 4613 1579 4681 praetermisit.
1609 4612 1671 4667 IV
1704 4624 1881 4667 autem
1911 4611 2140 4668 Grtecos’
2156 4616 2341 4677 edidit,

797 4679 853 4733 nt
875 4681 967 4746 ait,
1005 4679 1195 4744 multo,
1222 4679 1392 4749 quam
1427 4695 1551 4737 ante
1576 4684 1694 4747 hac,
1724 4684 2139 4737 emendatiores.
2170 4713 2239 4724 —
2269 4685 2345 4737 De

796 4749 891 4804 illa
924 4766 1053 4804 vero
1084 4751 1444 4821 controversia
1476 4753 1673 4806 multus
1700 4762 1781 4804 est
1804 4752 2050 4806 Garnier.
2087 4755 2137 4805 in
2168 4753 2340 4821 praet,

799 4835 916 4892 pag.
953 4834 1083 4873 um
1104 4836 1226 4892 sqq.
1248 4820 1276 4892 ᾗ
1298 4818 1387 4892 XI,
1412 4821 1502 4875 ubi
1532 4824 1597 4877 de
1630 4822 1778 4876 libris
1795 4824 1845 4875 in
1870 4818 2189 4876 Esnomisni
2211 4818 2340 4891 agit.

797 4888 1065 4962 Erasmus
1101 4888 1271 4962 igitur'
1300 4890 1494 4961 aliique
1516 4902 1732 4962 negant,
1772 4892 1905 4946 duos
1931 4888 2345 4961 posteriores'li-

794 4959 923 5040 brps
965 4973 995 5040 a_
1032 4957 1230 5040 Basilio
1260 4957 1729 5040 esse_'prolectos:
1772 4957 1944 5040 atque
1982 4963 2341 5040 antiquiorum

797 5029 963 5099 luisse
980 5028 1253 5099 hominum
1278 5030 1401 5083 illud
1420 5028 1701 5097 judirium,
1719 5031 1798 5083 vel
1818 5028 1882 5087 ex
1905 5045 1971 5085 eo
1990 5028 2154 5099 patet,
2178 5032 2340 5099 quod,

793 5096 1114 5180 observante
1140 5098 1365 5180 Gai-uer.
1402 5100 1453 5152 in
1476 5102 1665 5180 quinto
1694 5101 1835 5164 cod.,
1866 5096 2212 5180 oliui-begin,
2244 5101 2339 5155 Gr.

798 5182 955 5238 manu
986 5167 1140 5236 initio
1178 5170 1297 5223 libri
1333 5167 1511 5237 quarti
1556 5180 1793 5224 notatum
1823 5181 1926 5233 est,
1961 5171 2093 5225 alios
2111 5167 2339 5238 negare,

799 5236 945 5292 illum
971 5252 1088 5291 esse
1123 5238 1181 5294 S.
1217 5238 1397 5293 Basilii
1423 5256 1437 5303 ;
1474 5242 1565 5295 sed
1599 5252 1773 5295 tamen
1804 5258 1925 5296 eum
1956 5256 2057 5294 nou
2087 5236 2341 5295 candent-

800 5323 947 5379 uare,
977 5308 1130 5379 quasi
1159 5310 1375 5363 absurdi
1412 5307 1607 5379 aliquid
1636 5312 1929 5365 contineat.
1970 5310 2130 5377 Atqui
2172 5309 2338 5365 Garn.

802 5377 1020 5448 illorum
1056 5376 1349 5432 subscribit
1389 5376 1686 5443 sententia,
1720 5382 1858 5448 quod
1886 5376 2090 5448 (nuiltis
2120 5382 2169 5433 in
2206 5381 2341 5434 banc

799 5447 1113 5521 sententiain
1134 5448 1428 5521 exemplis
1461 5454 1893 5521 argutnentisque
1950 5450 2068 5503 aliis
2100 5450 2340 5519 prolatis)

800 5516 1214 5589 verba,‘dictio,
1250 5516 1463 5587 phrasis
1494 5516 1777 5589 oinniaque
1808 5516 2214 5587 peregrinitatis
2244 5516 2341 5575 nec

801 5585 1006 5639 subacti
1027 5586 1212 5654 judicii
1238 5585 1415 5640 notam
1451 5602 1559 5653 pne
1586 5604 1645 5643 se
1674 5585 1866 5653 ierant,
1887 5585 2200 5642 et'Basilins
2226 5604 2254 5642 a
2283 5604 2342 5644 se

801 5656 917 5727 ipso
944 5656 1228 5727 dissentire
1259 5658 1499 5727 videatur
1525 5676 1538 5711 :
1572 5668 1684 5712 tum
1708 5659 1829 5727 quia
1862 5660 1945 5712 isti
1974 5662 2076 5713 duo
2100 5660 2217 5713 libri
2250 5662 2342 5713 ile-

802 5726 911 5779 sint
942 5726 995 5778 in
1025 5726 1111 5779 ed.
1148 5735 1253 5778 vet.
1293 5724 1571 5790 Veneta,et
1599 5730 1650 5781 in
1681 5724 1949 5783 nonnullis
1979 5731 2095 5782 cod.
2128 5728 2232 5783 Sed
2263 5730 2341 5783 le-

803 5801 903 5872 gat
920 5794 1078 5848 velim
1110 5804 1269 5862 atque
1306 5798 1572 5872 examinet
1597 5796 1778 5872 Basilii
1808 5800 2030 5868 cupidus
2071 5797 2337 5872 Garnierii

809 5864 972 5932 ipsius
1004 5876 1330 5935 argumenta,
1362 5868 1600 5936 speciose
1628 5864 2165 5940 docteque'cxposita.
2198 5869 2333 5925 Add.

2452 4616 2533 4682 (ut
2578 4615 2642 4665 ad
2677 4615 2833 4666 linum
2868 4613 3027 4678 bujus
3083 4616 3335 4679 sectionis
3362 4612 3685 4678 nmabitnus)
3713 4612 3767 4665 in
3807 4613 4008 4680 quibus

2446 4681 2546 4736 sub
2580 4681 2757 4735 Basilii
2792 4682 3004 4736 nomine
3034 4685 3137 4736 duo
3171 4685 3240 4738 illi
3273 4683 3391 4751 libri
3425 4682 3691 4751 prioribus
3712 4683 4008 4751 adduntur.

2444 4754 2622 4820 Atque
2650 4752 2916 4805 Kollarius
2935 4754 3001 4806 ad
3026 4752 3292 4806 Lambet-ii
3320 4750 3607 4805 Comment.
3630 4750 3713 4813 Ill,
3739 4750 4009 4818 pag.289,

2447 4834 2564 4876 not.
2608 4821 2707 4882 Β..
2743 4822 2965 4875 Simonii
3013 4838 3076 4875 ae
3110 4822 3343 4875 Fabricii
3391 4821 3710 4876 sententiam
3756 4824 4004 4887 adoptat.

2443 4892 2510 4944 At
2545 4893 2686 4944 enim
2717 4890 2959 4945 Garnieri
2989 4906 3053 4946 ac
3087 4890 3404 4945 SCtht‘khli
3437 4896 3771 4959 argumenta,
3806 4892 4007 4959 quibus

2444 4960 2625 5083 ἶῖιθεία
2680 4962 2891 5015 illorum
2937 4962 3377 5027 demonstratur,
3430 4961 3671 5032 graviora
3729 4959 4004 5016 videntur.

2493 5046 2612 5083 Αιιι..

2493 5046 2612 5083 ABL.

2514 5103 2592 5168 (ά)
2625 5098 2838 5154 Tertius
2876 5098 3047 5163 liber,
3106 5098 3160 5155 in
3203 5115 3311 5168 quo
3362 5098 3646 5170 dlssgritur
3686 5098 3752 5152 de
3797 5097 4006 5170 Spiritu

2441 5167 2630 5225 sancto
2662 5184 2725 5223 ex
2766 5170 3207 5239 interpretatione
3224 5167 3442 5238 Georgii
3470 5167 3821 5239 Trapezunt.,
3841 5167 4006 5237 repe-

2443 5242 2581 5292 ritur
2606 5254 2817 5308 quoque
2842 5240 2892 5291 in
2921 5240 3241 5294 collectione
3273 5240 3643 5301 Conciliorsnt,
3678 5238 3819 5292 facta
3848 5255 3877 5291 a
3901 5239 4005 5293 Pc-

2444 5317 2526 5361 tro
2547 5308 2779 5371 Crabbe,
2817 5308 3104 5371 Minorita,
3146 5310 3337 5364 Colon.
3383 5309 3521 5371 apud
3562 5306 3705 5361 Petr.
3747 5308 4003 5371 Ouentel,

2467 5324 2526 5361 ro
2547 5323 2779 5372 urauue,
2817 5323 3104 5374 utnortta,
3146 5323 3337 5364 colon.
3383 5323 3521 5374 apuu
3562 5323 3705 5361 retr.
3747 5323 4003 5374 uuentet,

2444 5324 2526 5361 "'0
2547 5324 2779 5372 urauue,
2817 5324 3104 5376 sttnorita,
3146 5324 3337 5364 b0lon.
3383 5324 3521 5375 apuu
3562 5324 3705 5361 retr.
3747 5324 4001 5374 uuentet,

2442 5378 2603 5441 1558,
2658 5378 2749 5431 t'ol.
2777 5419 2791 5441 ,
2829 5394 2883 5447 p.
2916 5377 3042 5441 810,
3078 5388 3132 5433 et
3167 5378 3348 5432 Romae
3387 5393 3482 5446 per
3518 5376 3719 5431 Anton.
3756 5375 4001 5431 Blailnm.

2443 5448 2603 5511 I526,
2638 5448 2754 5511 fol.,
2779 5450 2829 5501 in
2870 5451 3111 5517 actisque
3145 5447 3357 5501 concilii
3393 5447 3735 5517 mgnuenici,
3766 5448 3869 5500 sub
3899 5447 4003 5500 En.

2477 5521 2564 5588 eni
2587 5516 2679 5571 ιΙΙΙ
2705 5514 3036 5588 congregati,
3073 5528 3204 5572 teste
3232 5520 3417 5588 Apost.
3447 5515 3591 5588 Zeno
3620 5518 3671 5569 in
3703 5514 3998 5573 Dissertas.

2477 5536 2564 5573 ent
2587 5534 2679 5571 ιιιι
2705 5534 3036 5588 congregati,
3073 5534 3204 5572 teste
3232 5534 3417 5585 Apost.
3447 5534 3591 5570 Leno
3620 5534 3671 5569 in
3703 5534 3998 5573 uissertas.

2440 5534 2718 5648 $ossiane.
2760 5599 2887 5642 tom.
2920 5588 2984 5650 ll,
3016 5602 3135 5656 pag.
3167 5588 3223 5644 9.
3269 5603 3325 5639 ιι.
3359 5586 3413 5639 ϐ.
3454 5616 3526 5627 —-
3558 5586 3944 5656 Autirrhetiogs
3969 5601 4001 5639 a

2440 5657 2670 5727 Georgio
2697 5652 3061 5725 Trapezuntio
3087 5652 3280 5727 Latine
3304 5670 3516 5727 versus,
3560 5652 3999 5727 prts'tttiSSOMIRti-

2438 5721 2668 5783 sarioiiis
2700 5721 2949 5792 epistola,
2997 5728 3049 5781 in
3084 5728 3203 5781 cod.
3243 5724 3361 5779 Lat.
3408 5721 3613 5780 Veueio
3640 5723 3807 5783 lare.
3836 5721 3988 5780 XLV.

2441 5798 2573 5854 Vide
2595 5807 2703 5855 cst.
2735 5794 2913 5855 Latin.
2940 5797 3122 5863 codd.,
3151 5810 3273 5867 pag.
3312 5794 3401 5850 23.
3427 5795 3591 5851 lim.
