  <div class='ocr_page' id='page_1' title='image "/cluster/home/n/w/nwhite01/storage/ocr_20150623/29/uva.x004321530/276.png"; bbox 0 0 4212 6504; ppageno 0'>
   <div class='ocr_carea' id='block_1_1' title="bbox 1476 444 2265 503">
    <p class='ocr_par' dir='ltr' id='par_1_1' title="bbox 1476 444 2265 503">
     <span class='ocr_line' id='line_1_1' title="bbox 1476 444 2265 503; baseline 0.006 -5"><span class='ocrx_word' id='word_1_1' title='bbox 1476 444 1755 501; x_wconf 71' lang='lat' dir='ltr'><strong>NOTITIA</strong></span> <span class='ocrx_word' id='word_1_2' title='bbox 1794 444 1885 499; x_wconf 77' lang='lat' dir='ltr'><strong>EX</strong></span> <span class='ocrx_word' id='word_1_3' title='bbox 1925 444 2265 503; x_wconf 75' lang='lat' dir='ltr'><strong>FABRICIO.</strong></span> 
     </span>
    </p>
   </div>
   <div class='ocr_carea' id='block_1_2' title="bbox 3317 457 3474 498">
    <p class='ocr_par' dir='ltr' id='par_1_2' title="bbox 3317 457 3474 498">
     <span class='ocr_line' id='line_1_2' title="bbox 3317 457 3474 498; baseline 0.006 -1"><span class='ocrx_word' id='word_1_4' title='bbox 3317 457 3474 498; x_wconf 74' lang='lat' dir='ltr'><strong>CCLIII</strong></span> 
     </span>
    </p>
   </div>
   <div class='ocr_carea' id='block_1_3' title="bbox 306 562 3472 643">
    <p class='ocr_par' dir='ltr' id='par_1_3' title="bbox 306 562 3472 643">
     <span class='ocr_line' id='line_1_3' title="bbox 306 562 3472 643; baseline 0 -22"><span class='ocrx_word' id='word_1_5' title='bbox 306 562 449 643; x_wconf 82' lang='lat' dir='ltr'><strong>[VL]</strong></span> <span class='ocrx_word' id='word_1_6' title='bbox 498 563 818 641; x_wconf 67' lang='lat' dir='ltr'><strong>&#39;Eppqveta,</strong></span> <span class='ocrx_word' id='word_1_7' title='bbox 851 565 965 623; x_wconf 78' lang='lat' dir='ltr'><strong>slve</strong></span> <span class='ocrx_word' id='word_1_8' title='bbox 1018 567 1101 636; x_wconf 88' lang='lat' dir='ltr'><strong>(ut</strong></span> <span class='ocrx_word' id='word_1_9' title='bbox 1135 565 1276 621; x_wconf 85' lang='lat' dir='ltr'><strong>alius</strong></span> <span class='ocrx_word' id='word_1_10' title='bbox 1326 564 1493 621; x_wconf 78' lang='lat' dir='ltr'><strong>codex</strong></span> <span class='ocrx_word' id='word_1_11' title='bbox 1538 565 1804 638; x_wconf 82' lang='lat' dir='ltr'><strong>Combel.)</strong></span> <span class='ocrx_word' id='word_1_12' title='bbox 1836 572 1880 628; x_wconf 76' lang='grc' dir='ltr'><strong>Α</strong></span> <span class='ocrx_word' id='word_1_13' title='bbox 1910 570 2041 625; x_wconf 83' lang='lat' dir='ltr'><strong>nihil</strong></span> <span class='ocrx_word' id='word_1_14' title='bbox 2078 568 2340 625; x_wconf 86' lang='lat' dir='ltr'><strong>contrarii</strong></span> <span class='ocrx_word' id='word_1_15' title='bbox 2372 570 2437 624; x_wconf 89' lang='lat' dir='ltr'><strong>de</strong></span> <span class='ocrx_word' id='word_1_16' title='bbox 2464 568 2789 640; x_wconf 77' lang='lat' dir='ltr'><strong>Pythonissa</strong></span> <span class='ocrx_word' id='word_1_17' title='bbox 2820 564 3059 624; x_wconf 77' lang='lat' dir='ltr'><strong>Endorea</strong></span> <span class='ocrx_word' id='word_1_18' title='bbox 3090 568 3348 624; x_wconf 84' lang='lat' dir='ltr'><strong>aiilrmari</strong></span> <span class='ocrx_word' id='word_1_19' title='bbox 3385 568 3472 630; x_wconf 88' lang='lat' dir='ltr'><strong>iis,</strong></span> 
     </span>
    </p>
   </div>
   <div class='ocr_carea' id='block_1_4' title="bbox 252 648 1811 737">
    <p class='ocr_par' dir='ltr' id='par_1_4' title="bbox 252 648 1811 737">
     <span class='ocr_line' id='line_1_4' title="bbox 252 648 1811 737; baseline -0.001 -21"><span class='ocrx_word' id='word_1_20' title='bbox 252 648 539 737; x_wconf 76' lang='grc' dir='ltr'><strong>Ὲξήγησις</strong></span> <span class='ocrx_word' id='word_1_21' title='bbox 561 663 613 712; x_wconf 84' lang='lat' dir='ltr'><strong>in</strong></span> <span class='ocrx_word' id='word_1_22' title='bbox 638 672 724 711; x_wconf 72' lang='grc' dir='ltr'><strong>ιτι</strong></span> <span class='ocrx_word' id='word_1_23' title='bbox 759 659 929 729; x_wconf 81' lang='lat' dir='ltr'><strong>prima</strong></span> <span class='ocrx_word' id='word_1_24' title='bbox 954 660 1128 723; x_wconf 80' lang='lat' dir='ltr'><strong>capita</strong></span> <span class='ocrx_word' id='word_1_25' title='bbox 1163 654 1324 711; x_wconf 68' lang='lat' dir='ltr'><strong>Isaia</strong></span> <span class='ocrx_word' id='word_1_26' title='bbox 1353 658 1640 728; x_wconf 66' lang='lat' dir='ltr'><strong>prophetia.</strong></span> <span class='ocrx_word' id='word_1_27' title='bbox 1678 660 1811 714; x_wconf 89' lang='lat' dir='ltr'><strong>Ver-</strong></span> 
     </span>
    </p>
   </div>
   <div class='ocr_carea' id='block_1_5' title="bbox 244 750 1811 821">
    <p class='ocr_par' dir='ltr' id='par_1_5' title="bbox 244 750 1811 821">
     <span class='ocr_line' id='line_1_5' title="bbox 244 750 1811 821; baseline 0 -14"><span class='ocrx_word' id='word_1_28' title='bbox 244 763 351 811; x_wconf 87' lang='lat' dir='ltr'><strong>tere</strong></span> <span class='ocrx_word' id='word_1_29' title='bbox 384 753 552 819; x_wconf 69' lang='lat' dir='ltr'><strong>capit</strong></span> <span class='ocrx_word' id='word_1_30' title='bbox 580 750 862 816; x_wconf 83' lang='lat' dir='ltr'><strong>Erasmus,</strong></span> <span class='ocrx_word' id='word_1_31' title='bbox 897 752 991 805; x_wconf 87' lang='lat' dir='ltr'><strong>scd</strong></span> <span class='ocrx_word' id='word_1_32' title='bbox 1036 763 1141 802; x_wconf 86' lang='lat' dir='ltr'><strong>non</strong></span> <span class='ocrx_word' id='word_1_33' title='bbox 1190 762 1508 821; x_wconf 76' lang='lat' dir='ltr'><strong>progressus</strong></span> <span class='ocrx_word' id='word_1_34' title='bbox 1544 760 1630 805; x_wconf 87' lang='lat' dir='ltr'><strong>est</strong></span> <span class='ocrx_word' id='word_1_35' title='bbox 1673 750 1811 807; x_wconf 88' lang='lat' dir='ltr'><strong>ultra</strong></span> 
     </span>
    </p>
   </div>
   <div class='ocr_carea' id='block_1_6' title="bbox 240 840 1810 918">
    <p class='ocr_par' dir='ltr' id='par_1_6' title="bbox 240 840 1810 918">
     <span class='ocr_line' id='line_1_6' title="bbox 240 840 1810 918; baseline -0.003 -15"><span class='ocrx_word' id='word_1_36' title='bbox 240 847 581 918; x_wconf 68' lang='lat' dir='ltr'><strong>proemium.</strong></span> <span class='ocrx_word' id='word_1_37' title='bbox 619 842 779 901; x_wconf 84' lang='lat' dir='ltr'><strong>Basil.</strong></span> <span class='ocrx_word' id='word_1_38' title='bbox 817 842 971 901; x_wconf 85' lang='lat' dir='ltr'><strong>I5I0.</strong></span> <span class='ocrx_word' id='word_1_39' title='bbox 1006 840 1083 895; x_wconf 70' lang='grc' dir='ltr'><strong>ι’.</strong></span> <span class='ocrx_word' id='word_1_40' title='bbox 1114 842 1317 899; x_wconf 69' lang='lat' dir='ltr'><strong>Cmtera</strong></span> <span class='ocrx_word' id='word_1_41' title='bbox 1355 860 1387 898; x_wconf 89' lang='lat' dir='ltr'><strong>a</strong></span> <span class='ocrx_word' id='word_1_42' title='bbox 1413 842 1670 899; x_wconf 83' lang='lat' dir='ltr'><strong>Godlrido</strong></span> <span class='ocrx_word' id='word_1_43' title='bbox 1699 842 1810 898; x_wconf 81' lang='lat' dir='ltr'><strong>Til-</strong></span> 
     </span>
    </p>
   </div>
   <div class='ocr_carea' id='block_1_7' title="bbox 241 929 1806 1001">
    <p class='ocr_par' dir='ltr' id='par_1_7' title="bbox 241 929 1806 1001">
     <span class='ocr_line' id='line_1_7' title="bbox 241 929 1806 1001; baseline -0.001 -10"><span class='ocrx_word' id='word_1_44' title='bbox 241 948 457 996; x_wconf 90' lang='lat' dir='ltr'><strong>manno,</strong></span> <span class='ocrx_word' id='word_1_45' title='bbox 506 930 679 990; x_wconf 82' lang='lat' dir='ltr'><strong>Paris.</strong></span> <span class='ocrx_word' id='word_1_46' title='bbox 732 931 892 993; x_wconf 77' lang='lat' dir='ltr'><strong>I556.</strong></span> <span class='ocrx_word' id='word_1_47' title='bbox 943 929 1036 988; x_wconf 79' lang='lat' dir='ltr'><strong>fol.</strong></span> <span class='ocrx_word' id='word_1_48' title='bbox 1091 933 1349 987; x_wconf 83' lang='lat' dir='ltr'><strong>translata</strong></span> <span class='ocrx_word' id='word_1_49' title='bbox 1405 940 1567 996; x_wconf 86' lang='lat' dir='ltr'><strong>sunt,</strong></span> <span class='ocrx_word' id='word_1_50' title='bbox 1613 932 1703 1001; x_wconf 85' lang='lat' dir='ltr'><strong>qui</strong></span> <span class='ocrx_word' id='word_1_51' title='bbox 1752 934 1806 989; x_wconf 85' lang='lat' dir='ltr'><strong>in</strong></span> 
     </span>
    </p>
   </div>
   <div class='ocr_carea' id='block_1_8' title="bbox 238 1023 1807 1098">
    <p class='ocr_par' dir='ltr' id='par_1_8' title="bbox 238 1023 1807 1098">
     <span class='ocr_line' id='line_1_8' title="bbox 238 1023 1807 1098; baseline -0.001 -17"><span class='ocrx_word' id='word_1_52' title='bbox 238 1025 481 1096; x_wconf 71' lang='lat' dir='ltr'><strong>apologis</strong></span> <span class='ocrx_word' id='word_1_53' title='bbox 519 1026 794 1098; x_wconf 69' lang='lat' dir='ltr'><strong>praemissa</strong></span> <span class='ocrx_word' id='word_1_54' title='bbox 846 1023 945 1078; x_wconf 89' lang='lat' dir='ltr'><strong>boc</strong></span> <span class='ocrx_word' id='word_1_55' title='bbox 986 1039 1121 1094; x_wconf 91' lang='lat' dir='ltr'><strong>opus</strong></span> <span class='ocrx_word' id='word_1_56' title='bbox 1160 1024 1422 1079; x_wconf 72' lang='lat' dir='ltr'><strong>adversus</strong></span> <span class='ocrx_word' id='word_1_57' title='bbox 1462 1023 1669 1078; x_wconf 83' lang='lat' dir='ltr'><strong>Erasmi</strong></span> <span class='ocrx_word' id='word_1_58' title='bbox 1707 1025 1807 1079; x_wconf 85' lang='lat' dir='ltr'><strong>du-</strong></span> 
     </span>
    </p>
   </div>
   <div class='ocr_carea' id='block_1_9' title="bbox 239 1115 1806 1183">
    <p class='ocr_par' dir='ltr' id='par_1_9' title="bbox 239 1115 1806 1183">
     <span class='ocr_line' id='line_1_9' title="bbox 239 1115 1806 1183; baseline 0 -11"><span class='ocrx_word' id='word_1_59' title='bbox 239 1118 532 1175; x_wconf 80' lang='lat' dir='ltr'><strong>bitationes</strong></span> <span class='ocrx_word' id='word_1_60' title='bbox 566 1116 771 1173; x_wconf 79' lang='lat' dir='ltr'><strong>Basilio</strong></span> <span class='ocrx_word' id='word_1_61' title='bbox 821 1115 1058 1171; x_wconf 77' lang='lat' dir='ltr'><strong>vindicat</strong></span> <span class='ocrx_word' id='word_1_62' title='bbox 1105 1116 1428 1171; x_wconf 70' lang='lat' dir='ltr'><strong>testimoniis</strong></span> <span class='ocrx_word' id='word_1_63' title='bbox 1469 1116 1527 1170; x_wconf 90' lang='lat' dir='ltr'><strong>S.</strong></span> <span class='ocrx_word' id='word_1_64' title='bbox 1566 1117 1806 1183; x_wconf 76' lang='lat' dir='ltr'><strong>Maximi,</strong></span> 
     </span>
    </p>
   </div>
   <div class='ocr_carea' id='block_1_10' title="bbox 238 1205 1807 1276">
    <p class='ocr_par' dir='ltr' id='par_1_10' title="bbox 238 1205 1807 1276">
     <span class='ocr_line' id='line_1_10' title="bbox 238 1205 1807 1276; baseline 0.003 -15"><span class='ocrx_word' id='word_1_65' title='bbox 238 1210 538 1276; x_wconf 85' lang='lat' dir='ltr'><strong>Simeouis,</strong></span> <span class='ocrx_word' id='word_1_66' title='bbox 565 1207 962 1275; x_wconf 60' lang='lat' dir='ltr'><strong>Metaplirastm,</strong></span> <span class='ocrx_word' id='word_1_67' title='bbox 992 1208 1204 1261; x_wconf 73' lang='lat' dir='ltr'><strong>Antonii</strong></span> <span class='ocrx_word' id='word_1_68' title='bbox 1234 1205 1465 1263; x_wconf 69' lang='lat' dir='ltr'><strong>Melissa</strong></span> <span class='ocrx_word' id='word_1_69' title='bbox 1493 1217 1549 1261; x_wconf 86' lang='lat' dir='ltr'><strong>et</strong></span> <span class='ocrx_word' id='word_1_70' title='bbox 1586 1206 1807 1265; x_wconf 74' lang='lat' dir='ltr'><strong>Joannis</strong></span> 
     </span>
    </p>
   </div>
   <div class='ocr_carea' id='block_1_11' title="bbox 240 1298 1808 1367">
    <p class='ocr_par' dir='ltr' id='par_1_11' title="bbox 240 1298 1808 1367">
     <span class='ocr_line' id='line_1_11' title="bbox 240 1298 1808 1367; baseline 0.001 -12"><span class='ocrx_word' id='word_1_71' title='bbox 240 1300 578 1358; x_wconf 80' lang='lat' dir='ltr'><strong>Damasceui.</strong></span> <span class='ocrx_word' id='word_1_72' title='bbox 608 1299 813 1354; x_wconf 81' lang='lat' dir='ltr'><strong>Confer</strong></span> <span class='ocrx_word' id='word_1_73' title='bbox 853 1298 1165 1353; x_wconf 79' lang='lat' dir='ltr'><strong>licltaelem</strong></span> <span class='ocrx_word' id='word_1_74' title='bbox 1197 1298 1244 1354; x_wconf 91' lang='lat' dir='ltr'><strong>Ie</strong></span> <span class='ocrx_word' id='word_1_75' title='bbox 1274 1300 1445 1367; x_wconf 76' lang='lat' dir='ltr'><strong>Quien</strong></span> <span class='ocrx_word' id='word_1_76' title='bbox 1481 1302 1533 1354; x_wconf 88' lang='lat' dir='ltr'><strong>in</strong></span> <span class='ocrx_word' id='word_1_77' title='bbox 1576 1302 1716 1355; x_wconf 80' lang='lat' dir='ltr'><strong>notis</strong></span> <span class='ocrx_word' id='word_1_78' title='bbox 1741 1302 1808 1356; x_wconf 86' lang='lat' dir='ltr'><strong>ad</strong></span> 
     </span>
    </p>
   </div>
   <div class='ocr_carea' id='block_1_12' title="bbox 239 1389 1802 1459">
    <p class='ocr_par' dir='ltr' id='par_1_12' title="bbox 239 1389 1802 1459">
     <span class='ocr_line' id='line_1_12' title="bbox 239 1389 1802 1459; baseline -0.002 -10"><span class='ocrx_word' id='word_1_79' title='bbox 239 1394 655 1459; x_wconf 82' lang='lat' dir='ltr'><strong>Damasccnum,</strong></span> <span class='ocrx_word' id='word_1_80' title='bbox 688 1402 817 1449; x_wconf 89' lang='lat' dir='ltr'><strong>tom.</strong></span> <span class='ocrx_word' id='word_1_81' title='bbox 839 1392 879 1453; x_wconf 90' lang='lat' dir='ltr'><strong>I.</strong></span> <span class='ocrx_word' id='word_1_82' title='bbox 910 1405 963 1459; x_wconf 88' lang='lat' dir='ltr'><strong>p.</strong></span> <span class='ocrx_word' id='word_1_83' title='bbox 992 1389 1118 1457; x_wconf 74' lang='lat'><strong>586,</strong></span> <span class='ocrx_word' id='word_1_84' title='bbox 1141 1402 1193 1448; x_wconf 88' lang='lat' dir='ltr'><strong>cl</strong></span> <span class='ocrx_word' id='word_1_85' title='bbox 1226 1390 1468 1446; x_wconf 83' lang='lat' dir='ltr'><strong>Natalem</strong></span> <span class='ocrx_word' id='word_1_86' title='bbox 1494 1392 1645 1445; x_wconf 81' lang='lat' dir='ltr'><strong>Alex.</strong></span> <span class='ocrx_word' id='word_1_87' title='bbox 1676 1408 1802 1446; x_wconf 62' lang='lat' dir='ltr'><strong>saec.</strong></span> 
     </span>
    </p>
   </div>
   <div class='ocr_carea' id='block_1_13' title="bbox 238 1479 1803 1553">
    <p class='ocr_par' dir='ltr' id='par_1_13' title="bbox 238 1479 1803 1553">
     <span class='ocr_line' id='line_1_13' title="bbox 238 1479 1803 1553; baseline -0.004 -15"><span class='ocrx_word' id='word_1_88' title='bbox 238 1500 309 1546; x_wconf 80' lang='lat' dir='ltr'><strong>tv,</strong></span> <span class='ocrx_word' id='word_1_89' title='bbox 340 1499 397 1553; x_wconf 92' lang='lat' dir='ltr'><strong>p.</strong></span> <span class='ocrx_word' id='word_1_90' title='bbox 436 1481 563 1541; x_wconf 72' lang='grc' dir='ltr'><strong>ΗΟ.</strong></span> <span class='ocrx_word' id='word_1_91' title='bbox 592 1484 681 1553; x_wconf 93' lang='lat' dir='ltr'><strong>qui</strong></span> <span class='ocrx_word' id='word_1_92' title='bbox 716 1480 911 1537; x_wconf 83' lang='lat' dir='ltr'><strong>Tarisii</strong></span> <span class='ocrx_word' id='word_1_93' title='bbox 940 1481 1404 1549; x_wconf 81' lang='lat' dir='ltr'><strong>ConstantinOpol.</strong></span> <span class='ocrx_word' id='word_1_94' title='bbox 1439 1479 1803 1535; x_wconf 73' lang='lat' dir='ltr'><strong>testiinonium</strong></span> 
     </span>
    </p>
   </div>
   <div class='ocr_carea' id='block_1_14' title="bbox 237 1567 1804 1645">
    <p class='ocr_par' dir='ltr' id='par_1_14' title="bbox 237 1567 1804 1645">
     <span class='ocr_line' id='line_1_14' title="bbox 237 1567 1804 1645; baseline -0.003 -17"><span class='ocrx_word' id='word_1_95' title='bbox 237 1575 387 1628; x_wconf 79' lang='lat' dir='ltr'><strong>addit</strong></span> <span class='ocrx_word' id='word_1_96' title='bbox 410 1585 572 1642; x_wconf 84' lang='lat' dir='ltr'><strong>atque</strong></span> <span class='ocrx_word' id='word_1_97' title='bbox 598 1574 912 1631; x_wconf 77' lang='lat' dir='ltr'><strong>(Eeumenii</strong></span> <span class='ocrx_word' id='word_1_98' title='bbox 942 1573 1025 1645; x_wconf 72' lang='lat' dir='ltr'><strong>[et</strong></span> <span class='ocrx_word' id='word_1_99' title='bbox 1046 1572 1213 1629; x_wconf 80' lang='lat' dir='ltr'><strong>Garn.</strong></span> <span class='ocrx_word' id='word_1_100' title='bbox 1243 1587 1293 1641; x_wconf 91' lang='lat' dir='ltr'><strong>p.</strong></span> <span class='ocrx_word' id='word_1_101' title='bbox 1321 1571 1448 1637; x_wconf 76' lang='lat'><strong>577,</strong></span> <span class='ocrx_word' id='word_1_102' title='bbox 1476 1572 1528 1625; x_wconf 82' lang='lat' dir='ltr'><strong>in</strong></span> <span class='ocrx_word' id='word_1_103' title='bbox 1555 1567 1804 1641; x_wconf 73' lang='lat' dir='ltr'><strong>Nonito];</strong></span> 
     </span>
    </p>
   </div>
   <div class='ocr_carea' id='block_1_15' title="bbox 239 1663 1803 1733">
    <p class='ocr_par' dir='ltr' id='par_1_15' title="bbox 239 1663 1803 1733">
     <span class='ocr_line' id='line_1_15' title="bbox 239 1663 1803 1733; baseline -0.003 -14"><span class='ocrx_word' id='word_1_104' title='bbox 239 1676 423 1719; x_wconf 87' lang='lat' dir='ltr'><strong>tamen</strong></span> <span class='ocrx_word' id='word_1_105' title='bbox 453 1663 692 1722; x_wconf 76' lang='lat' dir='ltr'><strong>Joannes</strong></span> <span class='ocrx_word' id='word_1_106' title='bbox 735 1665 1147 1733; x_wconf 64' lang='lat' dir='ltr'><strong>Drungaiiensis</strong></span> <span class='ocrx_word' id='word_1_107' title='bbox 1176 1664 1437 1731; x_wconf 68' lang='lat' dir='ltr'><strong>prooemio</strong></span> <span class='ocrx_word' id='word_1_108' title='bbox 1463 1663 1677 1719; x_wconf 75' lang='lat' dir='ltr'><strong>Cttena:</strong></span> <span class='ocrx_word' id='word_1_109' title='bbox 1703 1677 1803 1715; x_wconf 84' lang='lat' dir='ltr'><strong>ms.</strong></span> 
     </span>
    </p>
   </div>
   <div class='ocr_carea' id='block_1_16' title="bbox 237 1753 1807 1824">
    <p class='ocr_par' dir='ltr' id='par_1_16' title="bbox 237 1753 1807 1824">
     <span class='ocr_line' id='line_1_16' title="bbox 237 1753 1807 1824; baseline -0.001 -15"><span class='ocrx_word' id='word_1_110' title='bbox 237 1754 458 1812; x_wconf 85' lang='lat' dir='ltr'><strong>Patrum</strong></span> <span class='ocrx_word' id='word_1_111' title='bbox 496 1757 808 1815; x_wconf 62' lang='lat' dir='ltr'><strong>Grecorum</strong></span> <span class='ocrx_word' id='word_1_112' title='bbox 844 1766 1098 1817; x_wconf 85' lang='lat' dir='ltr'><strong>testatur,</strong></span> <span class='ocrx_word' id='word_1_113' title='bbox 1124 1755 1236 1824; x_wconf 82' lang='lat' dir='ltr'><strong>jam</strong></span> <span class='ocrx_word' id='word_1_114' title='bbox 1278 1754 1404 1808; x_wconf 86' lang='lat' dir='ltr'><strong>olim</strong></span> <span class='ocrx_word' id='word_1_115' title='bbox 1450 1753 1617 1809; x_wconf 78' lang='lat' dir='ltr'><strong>fuisse</strong></span> <span class='ocrx_word' id='word_1_116' title='bbox 1654 1755 1807 1809; x_wconf 85' lang='lat' dir='ltr'><strong>dubi-</strong></span> 
     </span>
    </p>
   </div>
   <div class='ocr_carea' id='block_1_17' title="bbox 235 1848 1805 1916">
    <p class='ocr_par' dir='ltr' id='par_1_17' title="bbox 235 1848 1805 1916">
     <span class='ocr_line' id='line_1_17' title="bbox 235 1848 1805 1916; baseline 0 -11"><span class='ocrx_word' id='word_1_117' title='bbox 235 1858 427 1912; x_wconf 88' lang='lat' dir='ltr'><strong>tatum,</strong></span> <span class='ocrx_word' id='word_1_118' title='bbox 458 1852 600 1905; x_wconf 84' lang='lat' dir='ltr'><strong>sitne</strong></span> <span class='ocrx_word' id='word_1_119' title='bbox 628 1851 729 1903; x_wconf 88' lang='lat' dir='ltr'><strong>hoc</strong></span> <span class='ocrx_word' id='word_1_120' title='bbox 767 1864 901 1916; x_wconf 85' lang='lat' dir='ltr'><strong>opus</strong></span> <span class='ocrx_word' id='word_1_121' title='bbox 936 1848 1134 1909; x_wconf 77' lang='lat' dir='ltr'><strong>Basilii.</strong></span> <span class='ocrx_word' id='word_1_122' title='bbox 1174 1864 1363 1904; x_wconf 93' lang='lat' dir='ltr'><strong>necne.</strong></span> <span class='ocrx_word' id='word_1_123' title='bbox 1410 1848 1521 1902; x_wconf 73' lang='grc' dir='ltr'><strong>Καὶ</strong></span> <span class='ocrx_word' id='word_1_124' title='bbox 1563 1848 1717 1905; x_wconf 80' lang='grc' dir='ltr'><strong>τοῦτο</strong></span> <span class='ocrx_word' id='word_1_125' title='bbox 1747 1850 1805 1905; x_wconf 80' lang='grc' dir='ltr'><strong>δὲ</strong></span> 
     </span>
    </p>
   </div>
   <div class='ocr_carea' id='block_1_18' title="bbox 1909 660 3471 731">
    <p class='ocr_par' dir='ltr' id='par_1_18' title="bbox 1909 660 3471 731">
     <span class='ocr_line' id='line_1_18' title="bbox 1909 660 3471 731; baseline 0 -16"><span class='ocrx_word' id='word_1_126' title='bbox 1909 676 2027 731; x_wconf 70' lang='lat' dir='ltr'><strong>qua</strong></span> <span class='ocrx_word' id='word_1_127' title='bbox 2056 664 2107 718; x_wconf 88' lang='lat' dir='ltr'><strong>in</strong></span> <span class='ocrx_word' id='word_1_128' title='bbox 2140 661 2530 717; x_wconf 88' lang='lat' dir='ltr'><strong>commentario</strong></span> <span class='ocrx_word' id='word_1_129' title='bbox 2576 663 2641 717; x_wconf 92' lang='lat' dir='ltr'><strong>ad</strong></span> <span class='ocrx_word' id='word_1_130' title='bbox 2686 662 2834 717; x_wconf 72' lang='lat' dir='ltr'><strong>Isaize</strong></span> <span class='ocrx_word' id='word_1_131' title='bbox 2868 675 2985 725; x_wconf 81' lang='lat' dir='ltr'><strong>vttt,</strong></span> <span class='ocrx_word' id='word_1_132' title='bbox 3014 678 3066 729; x_wconf 90' lang='lat' dir='ltr'><strong>p.</strong></span> <span class='ocrx_word' id='word_1_133' title='bbox 3096 662 3254 727; x_wconf 70' lang='lat' dir='ltr'><strong>I025,</strong></span> <span class='ocrx_word' id='word_1_134' title='bbox 3288 662 3353 717; x_wconf 89' lang='lat' dir='ltr'><strong>de</strong></span> <span class='ocrx_word' id='word_1_135' title='bbox 3383 660 3471 715; x_wconf 80' lang='lat' dir='ltr'><strong>illa</strong></span> 
     </span>
    </p>
   </div>
   <div class='ocr_carea' id='block_1_19' title="bbox 1909 752 3476 823">
    <p class='ocr_par' dir='ltr' id='par_1_19' title="bbox 1909 752 3476 823">
     <span class='ocr_line' id='line_1_19' title="bbox 1909 752 3476 823; baseline -0.002 -16"><span class='ocrx_word' id='word_1_136' title='bbox 1909 752 2283 822; x_wconf 86' lang='lat' dir='ltr'><strong>disputantur,</strong></span> <span class='ocrx_word' id='word_1_137' title='bbox 2330 752 2557 823; x_wconf 88' lang='lat' dir='ltr'><strong>quilibet</strong></span> <span class='ocrx_word' id='word_1_138' title='bbox 2612 754 2904 823; x_wconf 69' lang='lat' dir='ltr'><strong>intelliget,</strong></span> <span class='ocrx_word' id='word_1_139' title='bbox 2954 752 3046 821; x_wconf 90' lang='lat' dir='ltr'><strong>qui</strong></span> <span class='ocrx_word' id='word_1_140' title='bbox 3107 768 3227 806; x_wconf 89' lang='lat' dir='ltr'><strong>eum</strong></span> <span class='ocrx_word' id='word_1_141' title='bbox 3277 754 3476 809; x_wconf 80' lang='lat' dir='ltr'><strong>Allatio</strong></span> 
     </span>
    </p>
   </div>
   <div class='ocr_carea' id='block_1_20' title="bbox 1911 841 3473 915">
    <p class='ocr_par' dir='ltr' id='par_1_20' title="bbox 1911 841 3473 915">
     <span class='ocr_line' id='line_1_20' title="bbox 1911 841 3473 915; baseline 0.001 -18"><span class='ocrx_word' id='word_1_142' title='bbox 1911 860 1963 915; x_wconf 90' lang='lat' dir='ltr'><strong>p.</strong></span> <span class='ocrx_word' id='word_1_143' title='bbox 1988 845 2113 913; x_wconf 68' lang='lat'><strong>“7,</strong></span> <span class='ocrx_word' id='word_1_144' title='bbox 2138 848 2203 901; x_wconf 87' lang='lat' dir='ltr'><strong>ad</strong></span> <span class='ocrx_word' id='word_1_145' title='bbox 2233 844 2566 899; x_wconf 84' lang='lat' dir='ltr'><strong>Ettstatbinm</strong></span> <span class='ocrx_word' id='word_1_146' title='bbox 2599 841 2673 897; x_wconf 89' lang='lat' dir='ltr'><strong>De</strong></span> <span class='ocrx_word' id='word_1_147' title='bbox 2718 848 3129 915; x_wconf 74' lang='lat' dir='ltr'><strong>engastrimytlto</strong></span> <span class='ocrx_word' id='word_1_148' title='bbox 3152 846 3473 899; x_wconf 61' lang='lat' dir='ltr'><strong>observave-</strong></span> 
     </span>
    </p>
   </div>
   <div class='ocr_carea' id='block_1_21' title="bbox 1911 933 3474 1008">
    <p class='ocr_par' dir='ltr' id='par_1_21' title="bbox 1911 933 3474 1008">
     <span class='ocr_line' id='line_1_21' title="bbox 1911 933 3474 1008; baseline 0 -18"><span class='ocrx_word' id='word_1_149' title='bbox 1911 938 1999 997; x_wconf 87' lang='lat' dir='ltr'><strong>rit,</strong></span> <span class='ocrx_word' id='word_1_150' title='bbox 2040 938 2197 991; x_wconf 76' lang='lat' dir='ltr'><strong>verba</strong></span> <span class='ocrx_word' id='word_1_151' title='bbox 2258 936 2310 991; x_wconf 87' lang='lat' dir='ltr'><strong>in</strong></span> <span class='ocrx_word' id='word_1_152' title='bbox 2365 934 2589 1003; x_wconf 79' lang='lat' dir='ltr'><strong>epistola</strong></span> <span class='ocrx_word' id='word_1_153' title='bbox 2650 933 2871 1000; x_wconf 78' lang='lat' dir='ltr'><strong>Basilii,</strong></span> <span class='ocrx_word' id='word_1_154' title='bbox 2921 935 3325 1008; x_wconf 72' lang='grc' dir='ltr'><strong>ψυχαγωγοῦσα</strong></span> <span class='ocrx_word' id='word_1_155' title='bbox 3381 936 3474 990; x_wconf 71' lang='grc' dir='ltr'><strong>τὸν</strong></span> 
     </span>
    </p>
   </div>
   <div class='ocr_carea' id='block_1_22' title="bbox 1907 1026 3471 1101">
    <p class='ocr_par' dir='ltr' id='par_1_22' title="bbox 1907 1026 3471 1101">
     <span class='ocr_line' id='line_1_22' title="bbox 1907 1026 3471 1101; baseline -0.003 -18"><span class='ocrx_word' id='word_1_156' title='bbox 1907 1027 2102 1091; x_wconf 61' lang='grc' dir='ltr'><strong>Σαούλ,</strong></span> <span class='ocrx_word' id='word_1_157' title='bbox 2133 1028 2461 1098; x_wconf 75' lang='lat' dir='ltr'><strong>signiﬁcare,</strong></span> <span class='ocrx_word' id='word_1_158' title='bbox 2492 1043 2609 1095; x_wconf 67' lang='lat' dir='ltr'><strong>quin</strong></span> <span class='ocrx_word' id='word_1_159' title='bbox 2643 1026 2820 1081; x_wconf 85' lang='lat' dir='ltr'><strong>Saulis</strong></span> <span class='ocrx_word' id='word_1_160' title='bbox 2849 1031 3077 1083; x_wconf 85' lang='lat' dir='ltr'><strong>animum</strong></span> <span class='ocrx_word' id='word_1_161' title='bbox 3114 1027 3471 1101; x_wconf 70' lang='grc' dir='ltr'><strong>μαγγανείαις</strong></span> 
     </span>
    </p>
   </div>
   <div class='ocr_carea' id='block_1_23' title="bbox 1908 1117 3471 1190">
    <p class='ocr_par' dir='ltr' id='par_1_23' title="bbox 1908 1117 3471 1190">
     <span class='ocr_line' id='line_1_23' title="bbox 1908 1117 3471 1190; baseline -0.001 -17"><span class='ocrx_word' id='word_1_162' title='bbox 1908 1117 2021 1173; x_wconf 64' lang='lat' dir='ltr'><strong>satis</strong></span> <span class='ocrx_word' id='word_1_163' title='bbox 2064 1129 2311 1183; x_wconf 82' lang='lat' dir='ltr'><strong>moverat,</strong></span> <span class='ocrx_word' id='word_1_164' title='bbox 2349 1134 2477 1185; x_wconf 83' lang='lat' dir='ltr'><strong>nOn,</strong></span> <span class='ocrx_word' id='word_1_165' title='bbox 2506 1132 2623 1190; x_wconf 70' lang='lat' dir='ltr'><strong>qua</strong></span> <span class='ocrx_word' id='word_1_166' title='bbox 2660 1117 2876 1172; x_wconf 85' lang='lat' dir='ltr'><strong>Saulent</strong></span> <span class='ocrx_word' id='word_1_167' title='bbox 2908 1119 2970 1170; x_wconf 90' lang='lat' dir='ltr'><strong>ab</strong></span> <span class='ocrx_word' id='word_1_168' title='bbox 3001 1119 3185 1188; x_wconf 76' lang='lat' dir='ltr'><strong>inferis</strong></span> <span class='ocrx_word' id='word_1_169' title='bbox 3226 1118 3471 1173; x_wconf 75' lang='lat' dir='ltr'><strong>evocavit.</strong></span> 
     </span>
    </p>
   </div>
   <div class='ocr_carea' id='block_1_24' title="bbox 1907 1210 2075 1266">
    <p class='ocr_par' dir='ltr' id='par_1_24' title="bbox 1907 1210 2075 1266">
     <span class='ocr_line' id='line_1_24' title="bbox 1907 1210 2075 1266; baseline -0.018 0"><span class='ocrx_word' id='word_1_170' title='bbox 1907 1210 2075 1266; x_wconf 73' lang='lat' dir='ltr'><strong>Fsss.</strong></span> 
     </span>
    </p>
   </div>
   <div class='ocr_carea' id='block_1_25' title="bbox 1974 1297 3473 1359">
    <p class='ocr_par' dir='ltr' id='par_1_25' title="bbox 1974 1297 3473 1359">
     <span class='ocr_line' id='line_1_25' title="bbox 1974 1297 3473 1359; baseline -0.003 -3"><span class='ocrx_word' id='word_1_171' title='bbox 1974 1298 2131 1359; x_wconf 78' lang='lat' dir='ltr'><strong>Conf.</strong></span> <span class='ocrx_word' id='word_1_172' title='bbox 2161 1298 2356 1356; x_wconf 89' lang='lat' dir='ltr'><strong>Ondin.</strong></span> <span class='ocrx_word' id='word_1_173' title='bbox 2384 1300 2503 1355; x_wconf 89' lang='lat' dir='ltr'><strong>loco</strong></span> <span class='ocrx_word' id='word_1_174' title='bbox 2530 1309 2685 1354; x_wconf 88' lang='lat' dir='ltr'><strong>antea</strong></span> <span class='ocrx_word' id='word_1_175' title='bbox 2709 1298 2893 1355; x_wconf 87' lang='lat' dir='ltr'><strong>citato.</strong></span> <span class='ocrx_word' id='word_1_176' title='bbox 2922 1297 3095 1353; x_wconf 75' lang='lat' dir='ltr'><strong>Riveti</strong></span> <span class='ocrx_word' id='word_1_177' title='bbox 3124 1298 3305 1355; x_wconf 83' lang='lat' dir='ltr'><strong>Critici</strong></span> <span class='ocrx_word' id='word_1_178' title='bbox 3330 1301 3473 1355; x_wconf 83' lang='lat' dir='ltr'><strong>sacri</strong></span> 
     </span>
    </p>
   </div>
   <div class='ocr_carea' id='block_1_26' title="bbox 1906 1390 3477 1463">
    <p class='ocr_par' dir='ltr' id='par_1_26' title="bbox 1906 1390 3477 1463">
     <span class='ocr_line' id='line_1_26' title="bbox 1906 1390 3477 1463; baseline 0.004 -18"><span class='ocrx_word' id='word_1_179' title='bbox 1906 1393 2096 1447; x_wconf 73' lang='lat' dir='ltr'><strong>libram</strong></span> <span class='ocrx_word' id='word_1_180' title='bbox 2130 1408 2215 1457; x_wconf 85' lang='lat' dir='ltr'><strong>III,</strong></span> <span class='ocrx_word' id='word_1_181' title='bbox 2254 1407 2306 1463; x_wconf 87' lang='lat' dir='ltr'><strong>p.</strong></span> <span class='ocrx_word' id='word_1_182' title='bbox 2342 1391 2446 1445; x_wconf 63' lang='lat'><strong>333</strong></span> <span class='ocrx_word' id='word_1_183' title='bbox 2484 1406 2626 1460; x_wconf 75' lang='lat' dir='ltr'><strong>seq.;</strong></span> <span class='ocrx_word' id='word_1_184' title='bbox 2653 1390 2985 1447; x_wconf 69' lang='lat' dir='ltr'><strong>St&#39;broccklt.</strong></span> <span class='ocrx_word' id='word_1_185' title='bbox 3023 1391 3123 1445; x_wconf 86' lang='lat' dir='ltr'><strong>loc.</strong></span> <span class='ocrx_word' id='word_1_186' title='bbox 3170 1397 3260 1455; x_wconf 90' lang='lat' dir='ltr'><strong>cit,</strong></span> <span class='ocrx_word' id='word_1_187' title='bbox 3291 1412 3341 1461; x_wconf 83' lang='lat' dir='ltr'><strong>p.</strong></span> <span class='ocrx_word' id='word_1_188' title='bbox 3372 1393 3477 1451; x_wconf 59' lang='lat'><strong>18‘</strong></span> 
     </span>
    </p>
   </div>
   <div class='ocr_carea' id='block_1_27' title="bbox 1908 1483 3470 1557">
    <p class='ocr_par' dir='ltr' id='par_1_27' title="bbox 1908 1483 3470 1557">
     <span class='ocr_line' id='line_1_27' title="bbox 1908 1483 3470 1557; baseline 0.004 -21"><span class='ocrx_word' id='word_1_189' title='bbox 1908 1498 2052 1550; x_wconf 84' lang='lat' dir='ltr'><strong>seq.,</strong></span> <span class='ocrx_word' id='word_1_190' title='bbox 2083 1486 2137 1539; x_wconf 91' lang='lat' dir='ltr'><strong>in</strong></span> <span class='ocrx_word' id='word_1_191' title='bbox 2184 1487 2372 1555; x_wconf 82' lang='lat' dir='ltr'><strong>primis</strong></span> <span class='ocrx_word' id='word_1_192' title='bbox 2417 1483 2665 1540; x_wconf 84' lang='lat' dir='ltr'><strong>Garnier.</strong></span> <span class='ocrx_word' id='word_1_193' title='bbox 2717 1486 2874 1542; x_wconf 65' lang='lat' dir='ltr'><strong>Praei.</strong></span> <span class='ocrx_word' id='word_1_194' title='bbox 2910 1489 2977 1539; x_wconf 86' lang='lat' dir='ltr'><strong>ad</strong></span> <span class='ocrx_word' id='word_1_195' title='bbox 3016 1495 3147 1539; x_wconf 91' lang='lat' dir='ltr'><strong>tom.</strong></span> <span class='ocrx_word' id='word_1_196' title='bbox 3183 1486 3222 1549; x_wconf 88' lang='lat' dir='ltr'><strong>l,</strong></span> <span class='ocrx_word' id='word_1_197' title='bbox 3256 1486 3283 1557; x_wconf 77' lang='lat'><strong>§</strong></span> <span class='ocrx_word' id='word_1_198' title='bbox 3320 1486 3384 1553; x_wconf 88' lang='lat' dir='ltr'><strong>X,</strong></span> <span class='ocrx_word' id='word_1_199' title='bbox 3417 1502 3470 1555; x_wconf 90' lang='lat' dir='ltr'><strong>p.</strong></span> 
     </span>
    </p>
   </div>
   <div class='ocr_carea' id='block_1_28' title="bbox 1906 1572 3470 1647">
    <p class='ocr_par' dir='ltr' id='par_1_28' title="bbox 1906 1572 3470 1647">
     <span class='ocr_line' id='line_1_28' title="bbox 1906 1572 3470 1647; baseline 0.003 -20"><span class='ocrx_word' id='word_1_200' title='bbox 1906 1587 2049 1627; x_wconf 75' lang='lat' dir='ltr'><strong>nm</strong></span> <span class='ocrx_word' id='word_1_201' title='bbox 2080 1589 2222 1642; x_wconf 84' lang='lat' dir='ltr'><strong>seq..</strong></span> <span class='ocrx_word' id='word_1_202' title='bbox 2262 1578 2352 1647; x_wconf 79' lang='lat' dir='ltr'><strong>qui</strong></span> <span class='ocrx_word' id='word_1_203' title='bbox 2398 1576 2544 1631; x_wconf 91' lang='lat' dir='ltr'><strong>illum</strong></span> <span class='ocrx_word' id='word_1_204' title='bbox 2579 1572 2868 1629; x_wconf 79' lang='lat' dir='ltr'><strong>Comment.</strong></span> <span class='ocrx_word' id='word_1_205' title='bbox 2903 1585 3098 1644; x_wconf 76' lang='lat' dir='ltr'><strong>negant</strong></span> <span class='ocrx_word' id='word_1_206' title='bbox 3125 1592 3153 1628; x_wconf 87' lang='lat' dir='ltr'><strong>a</strong></span> <span class='ocrx_word' id='word_1_207' title='bbox 3183 1573 3379 1629; x_wconf 83' lang='lat' dir='ltr'><strong>Basilio</strong></span> <span class='ocrx_word' id='word_1_208' title='bbox 3402 1576 3470 1631; x_wconf 79' lang='grc' dir='ltr'>Μ.</span> 
     </span>
    </p>
   </div>
   <div class='ocr_carea' id='block_1_29' title="bbox 1904 1664 3477 1737">
    <p class='ocr_par' dir='ltr' id='par_1_29' title="bbox 1904 1664 3477 1737">
     <span class='ocr_line' id='line_1_29' title="bbox 1904 1664 3477 1737; baseline 0 -17"><span class='ocrx_word' id='word_1_209' title='bbox 1904 1678 2024 1721; x_wconf 85' lang='lat' dir='ltr'><strong>esse</strong></span> <span class='ocrx_word' id='word_1_210' title='bbox 2050 1664 2374 1730; x_wconf 83' lang='lat' dir='ltr'><strong>confectum,</strong></span> <span class='ocrx_word' id='word_1_211' title='bbox 2409 1680 2462 1723; x_wconf 89' lang='lat' dir='ltr'><strong>et</strong></span> <span class='ocrx_word' id='word_1_212' title='bbox 2495 1666 2663 1723; x_wconf 86' lang='lat' dir='ltr'><strong>Garu.</strong></span> <span class='ocrx_word' id='word_1_213' title='bbox 2704 1681 2755 1735; x_wconf 92' lang='lat' dir='ltr'><strong>p.</strong></span> <span class='ocrx_word' id='word_1_214' title='bbox 2794 1681 2984 1721; x_wconf 75' lang='lat' dir='ltr'><strong>LIII-LI</strong></span> <span class='ocrx_word' id='word_1_215' title='bbox 3038 1668 3215 1729; x_wconf 84' lang='lat' dir='ltr'><strong>docet,</strong></span> <span class='ocrx_word' id='word_1_216' title='bbox 3259 1682 3477 1737; x_wconf 85' lang='lat' dir='ltr'><strong>compa-</strong></span> 
     </span>
    </p>
   </div>
   <div class='ocr_carea' id='block_1_30' title="bbox 1908 1756 3475 1826">
    <p class='ocr_par' dir='ltr' id='par_1_30' title="bbox 1908 1756 3475 1826">
     <span class='ocr_line' id='line_1_30' title="bbox 1908 1756 3475 1826; baseline -0.001 -11"><span class='ocrx_word' id='word_1_217' title='bbox 1908 1770 2031 1815; x_wconf 84' lang='lat' dir='ltr'><strong>rato</strong></span> <span class='ocrx_word' id='word_1_218' title='bbox 2058 1756 2273 1812; x_wconf 77' lang='lat' dir='ltr'><strong>Eusebii</strong></span> <span class='ocrx_word' id='word_1_219' title='bbox 2321 1759 2733 1821; x_wconf 89' lang='lat' dir='ltr'><strong>commentario,</strong></span> <span class='ocrx_word' id='word_1_220' title='bbox 2771 1774 2799 1811; x_wconf 88' lang='lat' dir='ltr'><strong>a</strong></span> <span class='ocrx_word' id='word_1_221' title='bbox 2844 1758 3102 1826; x_wconf 73' lang='lat' dir='ltr'><strong>plagiario</strong></span> <span class='ocrx_word' id='word_1_222' title='bbox 3133 1760 3359 1825; x_wconf 83' lang='lat' dir='ltr'><strong>quodam</strong></span> <span class='ocrx_word' id='word_1_223' title='bbox 3404 1773 3475 1814; x_wconf 81' lang='lat' dir='ltr'><strong>ex</strong></span> 
     </span>
    </p>
   </div>
   <div class='ocr_carea' id='block_1_31' title="bbox 1908 1849 3472 1920">
    <p class='ocr_par' dir='ltr' id='par_1_31' title="bbox 1908 1849 3472 1920">
     <span class='ocr_line' id='line_1_31' title="bbox 1908 1849 3472 1920; baseline -0.003 -15"><span class='ocrx_word' id='word_1_224' title='bbox 1908 1849 2229 1906; x_wconf 81' lang='lat' dir='ltr'><strong>Eusebianis</strong></span> <span class='ocrx_word' id='word_1_225' title='bbox 2275 1850 2677 1903; x_wconf 87' lang='lat' dir='ltr'><strong>commentariis</strong></span> <span class='ocrx_word' id='word_1_226' title='bbox 2726 1849 3065 1920; x_wconf 87' lang='lat' dir='ltr'><strong>potissimum</strong></span> <span class='ocrx_word' id='word_1_227' title='bbox 3105 1849 3472 1916; x_wconf 86' lang='lat' dir='ltr'><strong>compilatntu,</strong></span> 
     </span>
    </p>
   </div>
   <div class='ocr_carea' id='block_1_32' title="bbox 233 1937 1896 2014">
    <p class='ocr_par' dir='ltr' id='par_1_32' title="bbox 233 1937 1887 2010">
     <span class='ocr_line' id='line_1_32' title="bbox 233 1937 1887 2010; baseline -0.001 -15"><span class='ocrx_word' id='word_1_228' title='bbox 233 1940 534 2010; x_wconf 68' lang='grc' dir='ltr'><strong>κατάδηλον</strong></span> <span class='ocrx_word' id='word_1_229' title='bbox 565 1937 700 1992; x_wconf 72' lang='grc' dir='ltr'>ποιῶ</span> <span class='ocrx_word' id='word_1_230' title='bbox 740 1941 853 2002; x_wconf 79' lang='grc' dir='ltr'><strong>τοῖς</strong></span> <span class='ocrx_word' id='word_1_231' title='bbox 892 1939 1325 2010; x_wconf 75' lang='grc' dir='ltr'><strong>ιντυγχάνουσιν,</strong></span> <span class='ocrx_word' id='word_1_232' title='bbox 1358 1940 1433 2005; x_wconf 83' lang='grc' dir='ltr'><strong>ὡς</strong></span> <span class='ocrx_word' id='word_1_233' title='bbox 1465 1942 1495 1994; x_wconf 85' lang='grc' dir='ltr'>ὁ</span> <span class='ocrx_word' id='word_1_234' title='bbox 1534 1943 1590 1994; x_wconf 71' lang='grc' dir='ltr'><strong>ὲν</strong></span> <span class='ocrx_word' id='word_1_235' title='bbox 1640 1943 1814 2009; x_wconf 81' lang='grc' dir='ltr'><strong>ἁγίοις</strong></span> <span class='ocrx_word' id='word_1_236' title='bbox 1845 1939 1887 1993; x_wconf 84' lang='grc' dir='ltr'><strong>Β</strong></span> 
     </span>
    </p>
   </div>
   <div class='ocr_carea' id='block_1_33' title="bbox 1811 1937 3474 2014">
    <p class='ocr_par' dir='ltr' id='par_1_33' title="bbox 1811 1939 3474 2014">
     <span class='ocr_line' id='line_1_33' title="bbox 1811 1939 3474 2014; baseline -0.003 -14"><span class='ocrx_word' id='word_1_237' title='bbox 1811 1961 1814 2000; x_wconf 79' lang='grc' dir='ltr'>ῑ</span> <span class='ocrx_word' id='word_1_238' title='bbox 1845 1939 1887 1993; x_wconf 83' lang='grc' dir='ltr'><strong>Β</strong></span> <span class='ocrx_word' id='word_1_239' title='bbox 1916 1955 1972 1998; x_wconf 93' lang='lat' dir='ltr'><strong>et</strong></span> <span class='ocrx_word' id='word_1_240' title='bbox 2006 1960 2251 2011; x_wconf 64' lang='lat' dir='ltr'><strong>magnam</strong></span> <span class='ocrx_word' id='word_1_241' title='bbox 2278 1944 2457 2014; x_wconf 85' lang='lat' dir='ltr'><strong>operis</strong></span> <span class='ocrx_word' id='word_1_242' title='bbox 2483 1952 2686 2011; x_wconf 83' lang='lat' dir='ltr'><strong>partem</strong></span> <span class='ocrx_word' id='word_1_243' title='bbox 2716 1960 2778 1997; x_wconf 75' lang='lat' dir='ltr'><strong>ex</strong></span> <span class='ocrx_word' id='word_1_244' title='bbox 2809 1944 2913 1998; x_wconf 83' lang='lat' dir='ltr'><strong>illis</strong></span> <span class='ocrx_word' id='word_1_245' title='bbox 2959 1942 3024 1997; x_wconf 86' lang='lat' dir='ltr'><strong>ad</strong></span> <span class='ocrx_word' id='word_1_246' title='bbox 3068 1941 3286 1996; x_wconf 79' lang='lat' dir='ltr'><strong>verbum</strong></span> <span class='ocrx_word' id='word_1_247' title='bbox 3328 1958 3474 1995; x_wconf 82' lang='lat' dir='ltr'><strong>sum-</strong></span> 
     </span>
    </p>
   </div>
   <div class='ocr_carea' id='block_1_34' title="bbox 233 2030 1811 2105">
    <p class='ocr_par' dir='ltr' id='par_1_34' title="bbox 233 2030 1811 2105">
     <span class='ocr_line' id='line_1_34' title="bbox 233 2030 1811 2105; baseline -0.003 -19"><span class='ocrx_word' id='word_1_248' title='bbox 233 2031 517 2094; x_wconf 77' lang='grc' dir='ltr'><strong>Βασίλειος</strong></span> <span class='ocrx_word' id='word_1_249' title='bbox 551 2030 713 2103; x_wconf 78' lang='grc' dir='ltr'>μέρος</span> <span class='ocrx_word' id='word_1_250' title='bbox 749 2048 801 2085; x_wconf 81' lang='grc' dir='ltr'><strong>τι</strong></span> <span class='ocrx_word' id='word_1_251' title='bbox 840 2032 941 2103; x_wconf 81' lang='grc' dir='ltr'><strong>τῆς</strong></span> <span class='ocrx_word' id='word_1_252' title='bbox 969 2032 1027 2085; x_wconf 77' lang='grc' dir='ltr'>ὲν</span> <span class='ocrx_word' id='word_1_253' title='bbox 1060 2034 1215 2103; x_wconf 76' lang='grc' dir='ltr'><strong>χερσὶ</strong></span> <span class='ocrx_word' id='word_1_254' title='bbox 1252 2031 1589 2105; x_wconf 71' lang='grc' dir='ltr'><strong>προφητείας</strong></span> <span class='ocrx_word' id='word_1_255' title='bbox 1632 2032 1811 2102; x_wconf 71' lang='grc' dir='ltr'><strong>ἡρμή-</strong></span> 
     </span>
    </p>
   </div>
   <div class='ocr_carea' id='block_1_35' title="bbox 233 2120 1807 2196">
    <p class='ocr_par' dir='ltr' id='par_1_35' title="bbox 233 2120 1807 2196">
     <span class='ocr_line' id='line_1_35' title="bbox 233 2120 1807 2196; baseline -0.001 -18"><span class='ocrx_word' id='word_1_256' title='bbox 233 2138 441 2178; x_wconf 68' lang='grc' dir='ltr'><strong>νευσῑν.</strong></span> <span class='ocrx_word' id='word_1_257' title='bbox 487 2122 645 2187; x_wconf 62' lang='lat' dir='ltr'><strong>&quot;list;</strong></span> <span class='ocrx_word' id='word_1_258' title='bbox 672 2121 943 2195; x_wconf 79' lang='grc' dir='ltr'><strong>ἡρμηνεία</strong></span> <span class='ocrx_word' id='word_1_259' title='bbox 970 2124 1119 2196; x_wconf 72' lang='grc' dir='ltr'>παρὰ</span> <span class='ocrx_word' id='word_1_260' title='bbox 1145 2123 1358 2187; x_wconf 80' lang='grc' dir='ltr'><strong>πολλοῖς</strong></span> <span class='ocrx_word' id='word_1_261' title='bbox 1391 2120 1807 2193; x_wconf 72' lang='grc' dir='ltr'><strong>ἀμφιϐάλλεται.</strong></span> 
     </span>
    </p>
   </div>
   <div class='ocr_carea' id='block_1_36' title="bbox 232 2214 1806 2285">
    <p class='ocr_par' dir='ltr' id='par_1_36' title="bbox 232 2214 1806 2285">
     <span class='ocr_line' id='line_1_36' title="bbox 232 2214 1806 2285; baseline -0.004 -15"><span class='ocrx_word' id='word_1_262' title='bbox 232 2215 411 2271; x_wconf 78' lang='lat' dir='ltr'><strong>Etiam</strong></span> <span class='ocrx_word' id='word_1_263' title='bbox 476 2215 633 2269; x_wconf 80' lang='lat' dir='ltr'><strong>hodie</strong></span> <span class='ocrx_word' id='word_1_264' title='bbox 676 2229 707 2267; x_wconf 92' lang='lat' dir='ltr'><strong>a</strong></span> <span class='ocrx_word' id='word_1_265' title='bbox 760 2214 941 2269; x_wconf 84' lang='lat' dir='ltr'><strong>tnnltis</strong></span> <span class='ocrx_word' id='word_1_266' title='bbox 986 2216 1127 2269; x_wconf 73' lang='lat' dir='ltr'><strong>inter</strong></span> <span class='ocrx_word' id='word_1_267' title='bbox 1169 2214 1327 2268; x_wconf 85' lang='lat' dir='ltr'><strong>dubia</strong></span> <span class='ocrx_word' id='word_1_268' title='bbox 1372 2228 1533 2285; x_wconf 86' lang='lat' dir='ltr'><strong>opera</strong></span> <span class='ocrx_word' id='word_1_269' title='bbox 1578 2215 1806 2276; x_wconf 85' lang='lat' dir='ltr'><strong>censeri,</strong></span> 
     </span>
    </p>
   </div>
   <div class='ocr_carea' id='block_1_37' title="bbox 234 2304 1808 2375">
    <p class='ocr_par' dir='ltr' id='par_1_37' title="bbox 234 2304 1808 2375">
     <span class='ocr_line' id='line_1_37' title="bbox 234 2304 1808 2375; baseline -0.002 -13"><span class='ocrx_word' id='word_1_270' title='bbox 234 2313 421 2362; x_wconf 77' lang='lat' dir='ltr'><strong>monet</strong></span> <span class='ocrx_word' id='word_1_271' title='bbox 442 2304 879 2359; x_wconf 72' lang='lat' dir='ltr'><strong>Inntiauconius</strong></span> <span class='ocrx_word' id='word_1_272' title='bbox 907 2305 1057 2375; x_wconf 64' lang='lat' dir='ltr'><strong>pra&#39;I&#39;.</strong></span> <span class='ocrx_word' id='word_1_273' title='bbox 1090 2306 1145 2360; x_wconf 87' lang='lat' dir='ltr'><strong>in</strong></span> <span class='ocrx_word' id='word_1_274' title='bbox 1185 2304 1464 2359; x_wconf 79' lang='lat' dir='ltr'><strong>Eusebium</strong></span> <span class='ocrx_word' id='word_1_275' title='bbox 1488 2308 1557 2359; x_wconf 87' lang='lat' dir='ltr'><strong>ad</strong></span> <span class='ocrx_word' id='word_1_276' title='bbox 1587 2305 1808 2373; x_wconf 73' lang='lat' dir='ltr'><strong>Isaiam,</strong></span> 
     </span>
    </p>
   </div>
   <div class='ocr_carea' id='block_1_38' title="bbox 233 2394 1809 2465">
    <p class='ocr_par' dir='ltr' id='par_1_38' title="bbox 233 2394 1809 2465">
     <span class='ocr_line' id='line_1_38' title="bbox 233 2394 1809 2465; baseline -0.001 -12"><span class='ocrx_word' id='word_1_277' title='bbox 233 2413 285 2465; x_wconf 90' lang='lat' dir='ltr'><strong>p.</strong></span> <span class='ocrx_word' id='word_1_278' title='bbox 314 2397 443 2453; x_wconf 83' lang='lat'><strong>550.</strong></span> <span class='ocrx_word' id='word_1_279' title='bbox 489 2394 775 2451; x_wconf 78' lang='lat' dir='ltr'><strong>Hodiernis</strong></span> <span class='ocrx_word' id='word_1_280' title='bbox 817 2413 975 2465; x_wconf 86' lang='lat' dir='ltr'><strong>porro</strong></span> <span class='ocrx_word' id='word_1_281' title='bbox 1008 2396 1344 2462; x_wconf 81' lang='lat' dir='ltr'><strong>scriptoribus</strong></span> <span class='ocrx_word' id='word_1_282' title='bbox 1378 2401 1491 2452; x_wconf 67' lang='lat' dir='ltr'><strong>litae</strong></span> <span class='ocrx_word' id='word_1_283' title='bbox 1532 2398 1809 2451; x_wconf 75' lang='lat' dir='ltr'><strong>dubitandi</strong></span> 
     </span>
    </p>
   </div>
   <div class='ocr_carea' id='block_1_39' title="bbox 234 2488 1807 2561">
    <p class='ocr_par' dir='ltr' id='par_1_39' title="bbox 234 2488 1807 2561">
     <span class='ocr_line' id='line_1_39' title="bbox 234 2488 1807 2561; baseline -0.001 -16"><span class='ocrx_word' id='word_1_284' title='bbox 234 2508 397 2546; x_wconf 80' lang='lat' dir='ltr'><strong>causa</strong></span> <span class='ocrx_word' id='word_1_285' title='bbox 433 2500 535 2557; x_wconf 83' lang='lat' dir='ltr'><strong>est,</strong></span> <span class='ocrx_word' id='word_1_286' title='bbox 568 2490 828 2546; x_wconf 78' lang='lat' dir='ltr'><strong>silentium</strong></span> <span class='ocrx_word' id='word_1_287' title='bbox 884 2506 1061 2557; x_wconf 77' lang='lat' dir='ltr'><strong>nempe</strong></span> <span class='ocrx_word' id='word_1_288' title='bbox 1096 2488 1428 2560; x_wconf 74' lang='lat' dir='ltr'><strong>Hieronymi,</strong></span> <span class='ocrx_word' id='word_1_289' title='bbox 1457 2492 1545 2561; x_wconf 86' lang='lat' dir='ltr'><strong>qui</strong></span> <span class='ocrx_word' id='word_1_290' title='bbox 1595 2507 1711 2544; x_wconf 83' lang='lat' dir='ltr'><strong>cum</strong></span> <span class='ocrx_word' id='word_1_291' title='bbox 1752 2490 1807 2545; x_wconf 81' lang='lat' dir='ltr'><strong>in</strong></span> 
     </span>
    </p>
   </div>
   <div class='ocr_carea' id='block_1_40' title="bbox 234 2582 1804 2654">
    <p class='ocr_par' dir='ltr' id='par_1_40' title="bbox 234 2582 1804 2654">
     <span class='ocr_line' id='line_1_40' title="bbox 234 2582 1804 2654; baseline -0.003 -17"><span class='ocrx_word' id='word_1_292' title='bbox 234 2598 453 2648; x_wconf 73' lang='lat' dir='ltr'><strong>omnes,</strong></span> <span class='ocrx_word' id='word_1_293' title='bbox 505 2593 754 2654; x_wconf 86' lang='lat' dir='ltr'><strong>quotquot</strong></span> <span class='ocrx_word' id='word_1_294' title='bbox 808 2593 963 2636; x_wconf 80' lang='lat' dir='ltr'><strong>antea</strong></span> <span class='ocrx_word' id='word_1_295' title='bbox 1014 2582 1173 2637; x_wconf 71' lang='lat' dir='ltr'><strong>Isaiae</strong></span> <span class='ocrx_word' id='word_1_296' title='bbox 1218 2586 1522 2649; x_wconf 81' lang='lat' dir='ltr'><strong>interpretes</strong></span> <span class='ocrx_word' id='word_1_297' title='bbox 1574 2592 1804 2650; x_wconf 70' lang='lat' dir='ltr'><strong>egerant,</strong></span> 
     </span>
    </p>
   </div>
   <div class='ocr_carea' id='block_1_41' title="bbox 237 2671 1809 2743">
    <p class='ocr_par' dir='ltr' id='par_1_41' title="bbox 237 2671 1809 2743">
     <span class='ocr_line' id='line_1_41' title="bbox 237 2671 1809 2743; baseline -0.001 -16"><span class='ocrx_word' id='word_1_298' title='bbox 237 2685 489 2727; x_wconf 79' lang='lat' dir='ltr'><strong>accurate</strong></span> <span class='ocrx_word' id='word_1_299' title='bbox 531 2682 817 2735; x_wconf 81' lang='lat' dir='ltr'><strong>recenseat,</strong></span> <span class='ocrx_word' id='word_1_300' title='bbox 854 2690 917 2725; x_wconf 83' lang='lat' dir='ltr'><strong>ne</strong></span> <span class='ocrx_word' id='word_1_301' title='bbox 948 2675 1052 2743; x_wconf 73' lang='grc' dir='ltr'><strong>γρὺ</strong></span> <span class='ocrx_word' id='word_1_302' title='bbox 1086 2674 1291 2743; x_wconf 81' lang='lat' dir='ltr'><strong>quidem</strong></span> <span class='ocrx_word' id='word_1_303' title='bbox 1334 2671 1627 2727; x_wconf 62' lang='lat' dir='ltr'><strong>dLBusilii</strong></span> <span class='ocrx_word' id='word_1_304' title='bbox 1668 2690 1809 2727; x_wconf 84' lang='lat' dir='ltr'><strong>com-</strong></span> 
     </span>
    </p>
   </div>
   <div class='ocr_carea' id='block_1_42' title="bbox 236 2762 1807 2831">
    <p class='ocr_par' dir='ltr' id='par_1_42' title="bbox 236 2762 1807 2831">
     <span class='ocr_line' id='line_1_42' title="bbox 236 2762 1807 2831; baseline 0 -12"><span class='ocrx_word' id='word_1_305' title='bbox 236 2766 496 2820; x_wconf 70' lang='lat' dir='ltr'><strong>mentario</strong></span> <span class='ocrx_word' id='word_1_306' title='bbox 522 2764 695 2820; x_wconf 78' lang='lat' dir='ltr'><strong>habet.</strong></span> <span class='ocrx_word' id='word_1_307' title='bbox 714 2762 910 2819; x_wconf 68' lang='lat' dir='ltr'><strong>Grecis</strong></span> <span class='ocrx_word' id='word_1_308' title='bbox 940 2775 1114 2817; x_wconf 85' lang='lat' dir='ltr'><strong>autem</strong></span> <span class='ocrx_word' id='word_1_309' title='bbox 1151 2764 1271 2817; x_wconf 80' lang='lat' dir='ltr'><strong>hinc</strong></span> <span class='ocrx_word' id='word_1_310' title='bbox 1296 2765 1437 2817; x_wconf 79' lang='lat' dir='ltr'><strong>haud</strong></span> <span class='ocrx_word' id='word_1_311' title='bbox 1452 2765 1608 2819; x_wconf 85' lang='lat' dir='ltr'><strong>dubie</strong></span> <span class='ocrx_word' id='word_1_312' title='bbox 1633 2767 1807 2831; x_wconf 85' lang='lat' dir='ltr'><strong>suspi-</strong></span> 
     </span>
    </p>
   </div>
   <div class='ocr_carea' id='block_1_43' title="bbox 238 2855 1807 2927">
    <p class='ocr_par' dir='ltr' id='par_1_43' title="bbox 238 2855 1807 2927">
     <span class='ocr_line' id='line_1_43' title="bbox 238 2855 1807 2927; baseline 0 -15"><span class='ocrx_word' id='word_1_313' title='bbox 238 2860 318 2912; x_wconf 79' lang='lat' dir='ltr'><strong>cio</strong></span> <span class='ocrx_word' id='word_1_314' title='bbox 353 2856 685 2919; x_wconf 79' lang='lat' dir='ltr'><strong>uescebatur,</strong></span> <span class='ocrx_word' id='word_1_315' title='bbox 718 2856 857 2927; x_wconf 90' lang='lat' dir='ltr'><strong>quod</strong></span> <span class='ocrx_word' id='word_1_316' title='bbox 902 2857 1070 2927; x_wconf 78' lang='lat' dir='ltr'><strong>stylus</strong></span> <span class='ocrx_word' id='word_1_317' title='bbox 1114 2858 1609 2912; x_wconf 82' lang='lat' dir='ltr'><strong>commentariorum</strong></span> <span class='ocrx_word' id='word_1_318' title='bbox 1647 2855 1807 2912; x_wconf 83' lang='lat' dir='ltr'><strong>Basi-</strong></span> 
     </span>
    </p>
   </div>
   <div class='ocr_carea' id='block_1_44' title="bbox 237 2947 1804 3018">
    <p class='ocr_par' dir='ltr' id='par_1_44' title="bbox 237 2947 1804 3018">
     <span class='ocr_line' id='line_1_44' title="bbox 237 2947 1804 3018; baseline 0.003 -18"><span class='ocrx_word' id='word_1_319' title='bbox 237 2949 380 3003; x_wconf 77' lang='lat' dir='ltr'><strong>liauo</strong></span> <span class='ocrx_word' id='word_1_320' title='bbox 426 2948 579 3018; x_wconf 77' lang='lat' dir='ltr'><strong>longe</strong></span> <span class='ocrx_word' id='word_1_321' title='bbox 627 2947 881 3002; x_wconf 78' lang='lat' dir='ltr'><strong>absimilis</strong></span> <span class='ocrx_word' id='word_1_322' title='bbox 925 2948 1181 3002; x_wconf 71' lang='lat' dir='ltr'><strong>videatur.</strong></span> <span class='ocrx_word' id='word_1_323' title='bbox 1218 2947 1548 3002; x_wconf 81' lang='lat' dir='ltr'><strong>Remittimus</strong></span> <span class='ocrx_word' id='word_1_324' title='bbox 1592 2951 1804 3016; x_wconf 84' lang='lat' dir='ltr'><strong>nostris,</strong></span> 
     </span>
    </p>
   </div>
   <div class='ocr_carea' id='block_1_45' title="bbox 1912 2030 3475 2102">
    <p class='ocr_par' dir='ltr' id='par_1_45' title="bbox 1912 2030 3475 2102">
     <span class='ocr_line' id='line_1_45' title="bbox 1912 2030 3475 2102; baseline 0.003 -21"><span class='ocrx_word' id='word_1_325' title='bbox 1912 2040 2074 2101; x_wconf 86' lang='lat' dir='ltr'><strong>ptam.</strong></span> <span class='ocrx_word' id='word_1_326' title='bbox 2099 2033 2233 2086; x_wconf 84' lang='lat' dir='ltr'><strong>Tum</strong></span> <span class='ocrx_word' id='word_1_327' title='bbox 2258 2049 2310 2102; x_wconf 91' lang='lat' dir='ltr'><strong>p.</strong></span> <span class='ocrx_word' id='word_1_328' title='bbox 2334 2048 2421 2088; x_wconf 76' lang='lat' dir='ltr'><strong>ut</strong></span> <span class='ocrx_word' id='word_1_329' title='bbox 2454 2046 2569 2102; x_wconf 88' lang='lat' dir='ltr'><strong>seq.</strong></span> <span class='ocrx_word' id='word_1_330' title='bbox 2593 2030 3238 2092; x_wconf 80' lang='lat' dir='ltr'><strong>demonstrat,auctorem</strong></span> <span class='ocrx_word' id='word_1_331' title='bbox 3266 2048 3295 2085; x_wconf 90' lang='lat' dir='ltr'><strong>e</strong></span> <span class='ocrx_word' id='word_1_332' title='bbox 3323 2030 3475 2086; x_wconf 82' lang='lat' dir='ltr'><strong>Basi-</strong></span> 
     </span>
    </p>
   </div>
   <div class='ocr_carea' id='block_1_46' title="bbox 1909 2122 3476 2195">
    <p class='ocr_par' dir='ltr' id='par_1_46' title="bbox 1909 2122 3476 2195">
     <span class='ocr_line' id='line_1_46' title="bbox 1909 2122 3476 2195; baseline -0.004 -16"><span class='ocrx_word' id='word_1_333' title='bbox 1909 2122 2077 2181; x_wconf 76' lang='lat' dir='ltr'><strong>ltili.</strong></span> <span class='ocrx_word' id='word_1_334' title='bbox 2126 2124 2463 2195; x_wconf 87' lang='lat' dir='ltr'><strong>aliorumque</strong></span> <span class='ocrx_word' id='word_1_335' title='bbox 2513 2127 2842 2195; x_wconf 88' lang='lat' dir='ltr'><strong>scriptorum</strong></span> <span class='ocrx_word' id='word_1_336' title='bbox 2892 2122 3204 2192; x_wconf 74' lang='lat' dir='ltr'><strong>fragmentis</strong></span> <span class='ocrx_word' id='word_1_337' title='bbox 3250 2123 3476 2179; x_wconf 79' lang='lat' dir='ltr'><strong>confuso</strong></span> 
     </span>
    </p>
   </div>
   <div class='ocr_carea' id='block_1_47' title="bbox 1910 2214 3472 2285">
    <p class='ocr_par' dir='ltr' id='par_1_47' title="bbox 1910 2214 3472 2285">
     <span class='ocr_line' id='line_1_47' title="bbox 1910 2214 3472 2285; baseline -0.001 -16"><span class='ocrx_word' id='word_1_338' title='bbox 1910 2214 2216 2285; x_wconf 81' lang='lat' dir='ltr'><strong>inepteque,</strong></span> <span class='ocrx_word' id='word_1_339' title='bbox 2252 2228 2349 2268; x_wconf 88' lang='lat' dir='ltr'><strong>nec</strong></span> <span class='ocrx_word' id='word_1_340' title='bbox 2393 2215 2665 2283; x_wconf 70' lang='lat' dir='ltr'><strong>eleganter</strong></span> <span class='ocrx_word' id='word_1_341' title='bbox 2712 2230 2848 2284; x_wconf 83' lang='lat' dir='ltr'><strong>opus</strong></span> <span class='ocrx_word' id='word_1_342' title='bbox 2894 2229 3049 2269; x_wconf 85' lang='lat' dir='ltr'><strong>somn</strong></span> <span class='ocrx_word' id='word_1_343' title='bbox 3086 2218 3472 2282; x_wconf 81' lang='lat' dir='ltr'><strong>composuisse,</strong></span> 
     </span>
    </p>
   </div>
   <div class='ocr_carea' id='block_1_48' title="bbox 1908 2304 3475 2373">
    <p class='ocr_par' dir='ltr' id='par_1_48' title="bbox 1908 2304 3475 2373">
     <span class='ocr_line' id='line_1_48' title="bbox 1908 2304 3475 2373; baseline 0 -14"><span class='ocrx_word' id='word_1_344' title='bbox 1908 2314 1965 2359; x_wconf 84' lang='lat' dir='ltr'><strong>et</strong></span> <span class='ocrx_word' id='word_1_345' title='bbox 2008 2308 2195 2359; x_wconf 89' lang='lat' dir='ltr'><strong>eadem</strong></span> <span class='ocrx_word' id='word_1_346' title='bbox 2247 2304 2537 2371; x_wconf 76' lang='lat' dir='ltr'><strong>Scriptura:</strong></span> <span class='ocrx_word' id='word_1_347' title='bbox 2587 2306 2696 2359; x_wconf 86' lang='lat' dir='ltr'><strong>loca</strong></span> <span class='ocrx_word' id='word_1_348' title='bbox 2744 2308 2825 2360; x_wconf 81' lang='lat' dir='ltr'><strong>Itis</strong></span> <span class='ocrx_word' id='word_1_349' title='bbox 2872 2316 3059 2373; x_wconf 83' lang='lat' dir='ltr'><strong>terque</strong></span> <span class='ocrx_word' id='word_1_350' title='bbox 3105 2313 3197 2359; x_wconf 85' lang='lat' dir='ltr'><strong>aut</strong></span> <span class='ocrx_word' id='word_1_351' title='bbox 3244 2306 3475 2373; x_wconf 81' lang='lat' dir='ltr'><strong>amplius</strong></span> 
     </span>
    </p>
   </div>
   <div class='ocr_carea' id='block_1_49' title="bbox 1909 2395 3476 2467">
    <p class='ocr_par' dir='ltr' id='par_1_49' title="bbox 1909 2395 3476 2467">
     <span class='ocr_line' id='line_1_49' title="bbox 1909 2395 3476 2467; baseline 0 -15"><span class='ocrx_word' id='word_1_352' title='bbox 1909 2398 2273 2467; x_wconf 78' lang='lat' dir='ltr'><strong>explicuisse;</strong></span> <span class='ocrx_word' id='word_1_353' title='bbox 2306 2398 2479 2467; x_wconf 86' lang='lat' dir='ltr'><strong>ipsum</strong></span> <span class='ocrx_word' id='word_1_354' title='bbox 2522 2412 2649 2451; x_wconf 69' lang='lat' dir='ltr'><strong>vero</strong></span> <span class='ocrx_word' id='word_1_355' title='bbox 2678 2395 2933 2451; x_wconf 79' lang='lat' dir='ltr'><strong>Baslllttttt</strong></span> <span class='ocrx_word' id='word_1_356' title='bbox 2974 2398 3041 2453; x_wconf 75' lang='grc' dir='ltr'>Μ.</span> <span class='ocrx_word' id='word_1_357' title='bbox 3072 2414 3177 2453; x_wconf 90' lang='lat' dir='ltr'><strong>non</strong></span> <span class='ocrx_word' id='word_1_358' title='bbox 3210 2414 3367 2467; x_wconf 77' lang='lat' dir='ltr'><strong>posse.</strong></span> <span class='ocrx_word' id='word_1_359' title='bbox 3396 2406 3476 2452; x_wconf 87' lang='lat' dir='ltr'><strong>tot</strong></span> 
     </span>
    </p>
   </div>
   <div class='ocr_carea' id='block_1_50' title="bbox 1908 2486 3471 2558">
    <p class='ocr_par' dir='ltr' id='par_1_50' title="bbox 1908 2486 3471 2558">
     <span class='ocr_line' id='line_1_50' title="bbox 1908 2486 3471 2558; baseline -0.003 -14"><span class='ocrx_word' id='word_1_360' title='bbox 1908 2489 2173 2544; x_wconf 78' lang='lat' dir='ltr'><strong>furtorum</strong></span> <span class='ocrx_word' id='word_1_361' title='bbox 2217 2497 2523 2558; x_wconf 59' lang='lat' dir='ltr'><strong>suspectum</strong></span> <span class='ocrx_word' id='word_1_362' title='bbox 2560 2486 2768 2540; x_wconf 84' lang='lat' dir='ltr'><strong>haberi.</strong></span> <span class='ocrx_word' id='word_1_363' title='bbox 2807 2486 3043 2555; x_wconf 86' lang='lat' dir='ltr'><strong>Denique</strong></span> <span class='ocrx_word' id='word_1_364' title='bbox 3073 2504 3125 2555; x_wconf 91' lang='lat' dir='ltr'><strong>p.</strong></span> <span class='ocrx_word' id='word_1_365' title='bbox 3157 2501 3289 2542; x_wconf 74' lang='lat' dir='ltr'><strong>mu</strong></span> <span class='ocrx_word' id='word_1_366' title='bbox 3325 2488 3471 2540; x_wconf 74' lang='lat' dir='ltr'><strong>varia</strong></span> 
     </span>
    </p>
   </div>
   <div class='ocr_carea' id='block_1_51' title="bbox 1908 2580 3476 2648">
    <p class='ocr_par' dir='ltr' id='par_1_51' title="bbox 1908 2580 3476 2648">
     <span class='ocr_line' id='line_1_51' title="bbox 1908 2580 3476 2648; baseline -0.003 -14"><span class='ocrx_word' id='word_1_367' title='bbox 1908 2580 2174 2648; x_wconf 70' lang='lat' dir='ltr'><strong>coniectat</strong></span> <span class='ocrx_word' id='word_1_368' title='bbox 2234 2584 2300 2634; x_wconf 85' lang='lat' dir='ltr'><strong>de</strong></span> <span class='ocrx_word' id='word_1_369' title='bbox 2350 2588 2604 2645; x_wconf 85' lang='lat' dir='ltr'><strong>auctore,</strong></span> <span class='ocrx_word' id='word_1_370' title='bbox 2654 2589 2816 2647; x_wconf 87' lang='lat' dir='ltr'><strong>atque</strong></span> <span class='ocrx_word' id='word_1_371' title='bbox 2870 2586 3292 2639; x_wconf 82' lang='lat' dir='ltr'><strong>commonstrat,</strong></span> <span class='ocrx_word' id='word_1_372' title='bbox 3341 2589 3476 2643; x_wconf 87' lang='lat' dir='ltr'><strong>opus</strong></span> 
     </span>
    </p>
   </div>
   <div class='ocr_carea' id='block_1_52' title="bbox 1909 2668 3475 2739">
    <p class='ocr_par' dir='ltr' id='par_1_52' title="bbox 1909 2668 3475 2739">
     <span class='ocr_line' id='line_1_52' title="bbox 1909 2668 3475 2739; baseline -0.002 -15"><span class='ocrx_word' id='word_1_373' title='bbox 1909 2672 2049 2725; x_wconf 91' lang='lat' dir='ltr'><strong>istud</strong></span> <span class='ocrx_word' id='word_1_374' title='bbox 2076 2672 2335 2739; x_wconf 89' lang='lat' dir='ltr'><strong>scriptum</strong></span> <span class='ocrx_word' id='word_1_375' title='bbox 2377 2670 2539 2725; x_wconf 68' lang='lat' dir='ltr'><strong>fuisse</strong></span> <span class='ocrx_word' id='word_1_376' title='bbox 2573 2672 2683 2739; x_wconf 87' lang='lat' dir='ltr'><strong>ipsa</strong></span> <span class='ocrx_word' id='word_1_377' title='bbox 2716 2670 2900 2725; x_wconf 78' lang='lat' dir='ltr'><strong>Basilii</strong></span> <span class='ocrx_word' id='word_1_378' title='bbox 2941 2668 3010 2723; x_wconf 74' lang='lat' dir='ltr'><strong>II.</strong></span> <span class='ocrx_word' id='word_1_379' title='bbox 3038 2678 3218 2734; x_wconf 67' lang='lat' dir='ltr'><strong>aetate,</strong></span> <span class='ocrx_word' id='word_1_380' title='bbox 3253 2682 3475 2735; x_wconf 83' lang='lat' dir='ltr'><strong>compo-</strong></span> 
     </span>
    </p>
   </div>
   <div class='ocr_carea' id='block_1_53' title="bbox 1908 2762 3473 2833">
    <p class='ocr_par' dir='ltr' id='par_1_53' title="bbox 1908 2762 3473 2833">
     <span class='ocr_line' id='line_1_53' title="bbox 1908 2762 3473 2833; baseline -0.003 -15"><span class='ocrx_word' id='word_1_381' title='bbox 1908 2764 2067 2818; x_wconf 86' lang='lat' dir='ltr'><strong>situm</strong></span> <span class='ocrx_word' id='word_1_382' title='bbox 2120 2764 2333 2833; x_wconf 75' lang='lat' dir='ltr'><strong>quidem</strong></span> <span class='ocrx_word' id='word_1_383' title='bbox 2376 2777 2406 2816; x_wconf 88' lang='lat' dir='ltr'><strong>a</strong></span> <span class='ocrx_word' id='word_1_384' title='bbox 2466 2762 2699 2825; x_wconf 73' lang='lat' dir='ltr'><strong>Basilio,</strong></span> <span class='ocrx_word' id='word_1_385' title='bbox 2760 2763 2852 2817; x_wconf 86' lang='lat' dir='ltr'><strong>sed</strong></span> <span class='ocrx_word' id='word_1_386' title='bbox 2905 2774 3025 2832; x_wconf 80' lang='lat' dir='ltr'><strong>post</strong></span> <span class='ocrx_word' id='word_1_387' title='bbox 3072 2763 3189 2831; x_wconf 80' lang='lat' dir='ltr'><strong>ejus</strong></span> <span class='ocrx_word' id='word_1_388' title='bbox 3243 2771 3473 2815; x_wconf 87' lang='lat' dir='ltr'><strong>mortem</strong></span> 
     </span>
    </p>
   </div>
   <div class='ocr_carea' id='block_1_54' title="bbox 1908 2853 3477 2926">
    <p class='ocr_par' dir='ltr' id='par_1_54' title="bbox 1908 2853 3477 2926">
     <span class='ocr_line' id='line_1_54' title="bbox 1908 2853 3477 2926; baseline -0.003 -16"><span class='ocrx_word' id='word_1_389' title='bbox 1908 2856 2203 2926; x_wconf 80' lang='lat' dir='ltr'><strong>presbyteri</strong></span> <span class='ocrx_word' id='word_1_390' title='bbox 2244 2856 2519 2925; x_wconf 78' lang='lat' dir='ltr'><strong>cujusdam</strong></span> <span class='ocrx_word' id='word_1_391' title='bbox 2566 2869 2729 2924; x_wconf 86' lang='lat' dir='ltr'><strong>opera</strong></span> <span class='ocrx_word' id='word_1_392' title='bbox 2786 2854 2839 2908; x_wconf 90' lang='lat' dir='ltr'><strong>in</strong></span> <span class='ocrx_word' id='word_1_393' title='bbox 2894 2853 3063 2906; x_wconf 82' lang='lat' dir='ltr'><strong>Inrem</strong></span> <span class='ocrx_word' id='word_1_394' title='bbox 3102 2854 3387 2920; x_wconf 79' lang='lat' dir='ltr'><strong>prodiisse,</strong></span> <span class='ocrx_word' id='word_1_395' title='bbox 3420 2860 3477 2906; x_wconf 82' lang='lat' dir='ltr'><strong>et</strong></span> 
     </span>
    </p>
   </div>
   <div class='ocr_carea' id='block_1_55' title="bbox 1905 2927 3473 3019">
    <p class='ocr_par' dir='ltr' id='par_1_55' title="bbox 1905 2927 3473 3019">
     <span class='ocr_line' id='line_1_55' title="bbox 1905 2927 3473 3019; baseline -0.004 -15"><span class='ocrx_word' id='word_1_396' title='bbox 1905 2948 2047 3004; x_wconf 83' lang='lat' dir='ltr'><strong>ltunc</strong></span> <span class='ocrx_word' id='word_1_397' title='bbox 2093 2947 2311 3019; x_wconf 83' lang='lat' dir='ltr'><strong>proprio</strong></span> <span class='ocrx_word' id='word_1_398' title='bbox 2356 2956 2526 3001; x_wconf 89' lang='lat' dir='ltr'><strong>tuarte</strong></span> <span class='ocrx_word' id='word_1_399' title='bbox 2571 2946 2908 3000; x_wconf 79' lang='lat' dir='ltr'><strong>elaborasse:</strong></span> <span class='ocrx_word' id='word_1_400' title='bbox 2945 2927 3135 2999; x_wconf 76' lang='lat' dir='ltr'><strong>saltent</strong></span> <span class='ocrx_word' id='word_1_401' title='bbox 3172 2956 3473 3008; x_wconf 74' lang='lat' dir='ltr'><strong>ani-torem,</strong></span> 
     </span>
    </p>
   </div>
   <div class='ocr_carea' id='block_1_56' title="bbox 236 3036 3475 3109">
    <p class='ocr_par' dir='ltr' id='par_1_56' title="bbox 236 3036 3475 3109">
     <span class='ocr_line' id='line_1_56' title="bbox 236 3036 3475 3109; baseline -0 -18"><span class='ocrx_word' id='word_1_402' title='bbox 236 3041 324 3108; x_wconf 79' lang='lat' dir='ltr'><strong>qui</strong></span> <span class='ocrx_word' id='word_1_403' title='bbox 361 3037 557 3091; x_wconf 85' lang='lat' dir='ltr'><strong>Basilii</strong></span> <span class='ocrx_word' id='word_1_404' title='bbox 593 3054 806 3106; x_wconf 81' lang='lat' dir='ltr'><strong>operum</strong></span> <span class='ocrx_word' id='word_1_405' title='bbox 846 3039 1123 3091; x_wconf 79' lang='lat' dir='ltr'><strong>editionem</strong></span> <span class='ocrx_word' id='word_1_406' title='bbox 1159 3055 1340 3092; x_wconf 77' lang='lat' dir='ltr'><strong>ueram</strong></span> <span class='ocrx_word' id='word_1_407' title='bbox 1372 3039 1654 3093; x_wconf 71' lang='lat' dir='ltr'><strong>adornant.</strong></span> <span class='ocrx_word' id='word_1_408' title='bbox 1686 3038 1805 3094; x_wconf 64' lang='grc' dir='ltr'><strong>ϐίη-</strong></span> <span class='ocrx_word' id='word_1_409' title='bbox 1904 3041 2149 3109; x_wconf 84' lang='lat' dir='ltr'><strong>quisquis</strong></span> <span class='ocrx_word' id='word_1_410' title='bbox 2195 3050 2296 3105; x_wconf 88' lang='lat' dir='ltr'><strong>est,</strong></span> <span class='ocrx_word' id='word_1_411' title='bbox 2333 3039 2603 3094; x_wconf 80' lang='lat' dir='ltr'><strong>studuisse</strong></span> <span class='ocrx_word' id='word_1_412' title='bbox 2634 3036 2890 3092; x_wconf 77' lang='lat' dir='ltr'><strong>Basiliam</strong></span> <span class='ocrx_word' id='word_1_413' title='bbox 2942 3038 2993 3089; x_wconf 89' lang='lat' dir='ltr'><strong>itt</strong></span> <span class='ocrx_word' id='word_1_414' title='bbox 3043 3036 3311 3103; x_wconf 75' lang='lat' dir='ltr'><strong>aliquibus</strong></span> <span class='ocrx_word' id='word_1_415' title='bbox 3350 3037 3475 3090; x_wconf 85' lang='lat' dir='ltr'><strong>imi-</strong></span> 
     </span>
    </p>
   </div>
   <div class='ocr_carea' id='block_1_57' title="bbox 242 3128 3471 3202">
    <p class='ocr_par' dir='ltr' id='par_1_57' title="bbox 242 3128 3471 3202">
     <span class='ocr_line' id='line_1_57' title="bbox 242 3128 3471 3202; baseline 0.001 -18"><span class='ocrx_word' id='word_1_416' title='bbox 242 3141 438 3193; x_wconf 88' lang='lat' dir='ltr'><strong>terum,</strong></span> <span class='ocrx_word' id='word_1_417' title='bbox 474 3144 593 3199; x_wconf 66' lang='lat' dir='ltr'><strong>qua</strong></span> <span class='ocrx_word' id='word_1_418' title='bbox 625 3130 695 3184; x_wconf 87' lang='lat' dir='ltr'><strong>ab</strong></span> <span class='ocrx_word' id='word_1_419' title='bbox 724 3128 947 3182; x_wconf 74' lang='lat' dir='ltr'><strong>Erasmo</strong></span> <span class='ocrx_word' id='word_1_420' title='bbox 975 3143 1127 3181; x_wconf 60' lang='lat' dir='ltr'><strong>Versa</strong></span> <span class='ocrx_word' id='word_1_421' title='bbox 1159 3138 1286 3184; x_wconf 88' lang='lat' dir='ltr'><strong>sunt</strong></span> <span class='ocrx_word' id='word_1_422' title='bbox 1315 3139 1368 3182; x_wconf 87' lang='lat' dir='ltr'><strong>et</strong></span> <span class='ocrx_word' id='word_1_423' title='bbox 1394 3130 1525 3183; x_wconf 76' lang='lat' dir='ltr'><strong>visio</strong></span> <span class='ocrx_word' id='word_1_424' title='bbox 1562 3131 1730 3197; x_wconf 86' lang='lat' dir='ltr'><strong>prima</strong></span> <span class='ocrx_word' id='word_1_425' title='bbox 1773 3145 1805 3184; x_wconf 90' lang='lat' dir='ltr'><strong>a</strong></span> <span class='ocrx_word' id='word_1_426' title='bbox 1909 3134 2031 3188; x_wconf 85' lang='lat' dir='ltr'><strong>tari.</strong></span> <span class='ocrx_word' id='word_1_427' title='bbox 2062 3162 2133 3173; x_wconf 96' lang='lat'><strong>—-</strong></span> <span class='ocrx_word' id='word_1_428' title='bbox 2159 3134 2225 3186; x_wconf 78' lang='lat' dir='ltr'><strong>At</strong></span> <span class='ocrx_word' id='word_1_429' title='bbox 2266 3133 2432 3187; x_wconf 87' lang='lat' dir='ltr'><strong>Garn.</strong></span> <span class='ocrx_word' id='word_1_430' title='bbox 2469 3133 2520 3186; x_wconf 92' lang='lat' dir='ltr'><strong>in</strong></span> <span class='ocrx_word' id='word_1_431' title='bbox 2572 3130 2690 3186; x_wconf 82' lang='lat' dir='ltr'><strong>Vita</strong></span> <span class='ocrx_word' id='word_1_432' title='bbox 2723 3131 2911 3187; x_wconf 79' lang='lat' dir='ltr'><strong>Basilii</strong></span> <span class='ocrx_word' id='word_1_433' title='bbox 2936 3130 3034 3202; x_wconf 75' lang='grc' dir='ltr'><strong>(Ι),</strong></span> <span class='ocrx_word' id='word_1_434' title='bbox 3085 3145 3205 3195; x_wconf 85' lang='lat' dir='ltr'><strong>cap.</strong></span> <span class='ocrx_word' id='word_1_435' title='bbox 3245 3144 3374 3194; x_wconf 68' lang='lat' dir='ltr'><strong>sui,</strong></span> <span class='ocrx_word' id='word_1_436' title='bbox 3416 3146 3471 3197; x_wconf 89' lang='lat' dir='ltr'><strong>p.</strong></span> 
     </span>
    </p>
   </div>
   <div class='ocr_carea' id='block_1_58' title="bbox 240 3218 3470 3292">
    <p class='ocr_par' dir='ltr' id='par_1_58' title="bbox 240 3218 3470 3292">
     <span class='ocr_line' id='line_1_58' title="bbox 240 3218 3470 3292; baseline -0 -16"><span class='ocrx_word' id='word_1_437' title='bbox 240 3218 528 3276; x_wconf 78' lang='lat' dir='ltr'><strong>Tilmanno</strong></span> <span class='ocrx_word' id='word_1_438' title='bbox 576 3220 963 3284; x_wconf 82' lang='lat' dir='ltr'><strong>inscribuntur,</strong></span> <span class='ocrx_word' id='word_1_439' title='bbox 1000 3235 1029 3273; x_wconf 94' lang='lat' dir='ltr'><strong>a</strong></span> <span class='ocrx_word' id='word_1_440' title='bbox 1077 3234 1131 3289; x_wconf 90' lang='lat' dir='ltr'><strong>p.</strong></span> <span class='ocrx_word' id='word_1_441' title='bbox 1165 3219 1269 3275; x_wconf 72' lang='lat'><strong>802</strong></span> <span class='ocrx_word' id='word_1_442' title='bbox 1306 3236 1475 3291; x_wconf 78' lang='lat' dir='ltr'><strong>usque</strong></span> <span class='ocrx_word' id='word_1_443' title='bbox 1523 3221 1589 3276; x_wconf 88' lang='lat' dir='ltr'><strong>ad</strong></span> <span class='ocrx_word' id='word_1_444' title='bbox 1641 3222 1803 3277; x_wconf 78' lang='lat' dir='ltr'><strong>verba</strong></span> <span class='ocrx_word' id='word_1_445' title='bbox 1834 3278 1872 3292; x_wconf 50' lang='grc' dir='ltr'><strong>Α</strong></span> <span class='ocrx_word' id='word_1_446' title='bbox 1908 3224 2010 3279; x_wconf 81' lang='lat' dir='ltr'><strong>I79</strong></span> <span class='ocrx_word' id='word_1_447' title='bbox 2044 3239 2184 3292; x_wconf 88' lang='lat' dir='ltr'><strong>seq.,</strong></span> <span class='ocrx_word' id='word_1_448' title='bbox 2233 3225 2541 3277; x_wconf 79' lang='lat' dir='ltr'><strong>retractavit</strong></span> <span class='ocrx_word' id='word_1_449' title='bbox 2591 3239 2743 3278; x_wconf 84' lang='lat' dir='ltr'><strong>suam</strong></span> <span class='ocrx_word' id='word_1_450' title='bbox 2797 3228 3117 3280; x_wconf 89' lang='lat' dir='ltr'><strong>sententiam</strong></span> <span class='ocrx_word' id='word_1_451' title='bbox 3184 3236 3238 3278; x_wconf 91' lang='lat' dir='ltr'><strong>et</strong></span> <span class='ocrx_word' id='word_1_452' title='bbox 3288 3222 3470 3276; x_wconf 75' lang='lat' dir='ltr'><strong>Basilii</strong></span> 
     </span>
    </p>
   </div>
   <div class='ocr_carea' id='block_1_59' title="bbox 237 3278 1900 3387">
    <p class='ocr_par' dir='ltr' id='par_1_59' title="bbox 237 3278 1873 3386">
     <span class='ocr_line' id='line_1_59' title="bbox 237 3278 1873 3386; baseline 0 -17"><span class='ocrx_word' id='word_1_453' title='bbox 237 3328 290 3383; x_wconf 78' lang='grc' dir='ltr'><strong>ι).</strong></span> <span class='ocrx_word' id='word_1_454' title='bbox 315 3311 422 3369; x_wconf 75' lang='lat'><strong>808</strong></span> <span class='ocrx_word' id='word_1_455' title='bbox 446 3312 507 3375; x_wconf 87' lang='lat' dir='ltr'><strong>C.</strong></span> <span class='ocrx_word' id='word_1_456' title='bbox 541 3312 796 3377; x_wconf 78' lang='grc' dir='ltr'><strong>ὑπόθεσις</strong></span> <span class='ocrx_word' id='word_1_457' title='bbox 815 3311 908 3366; x_wconf 82' lang='grc' dir='ltr'><strong>τοῦ</strong></span> <span class='ocrx_word' id='word_1_458' title='bbox 939 3278 1139 3383; x_wconf 46' lang='grc' dir='ltr'>βιὸλιλυ</span> <span class='ocrx_word' id='word_1_459' title='bbox 1168 3314 1201 3383; x_wconf 81' lang='grc' dir='ltr'><strong>ή</strong></span> <span class='ocrx_word' id='word_1_460' title='bbox 1232 3278 1441 3386; x_wconf 60' lang='grc' dir='ltr'>φνερὰ</span> <span class='ocrx_word' id='word_1_461' title='bbox 1464 3316 1556 3368; x_wconf 79' lang='grc' dir='ltr'><strong>καὶ</strong></span> <span class='ocrx_word' id='word_1_462' title='bbox 1582 3314 1804 3369; x_wconf 73' lang='grc' dir='ltr'><strong>αὐτόθεν</strong></span> <span class='ocrx_word' id='word_1_463' title='bbox 1829 3278 1873 3337; x_wconf 74' lang='lat' dir='ltr'><strong>C</strong></span> 
     </span>
    </p>
   </div>
   <div class='ocr_carea' id='block_1_60' title="bbox 1803 3278 3466 3387">
    <p class='ocr_par' dir='ltr' id='par_1_60' title="bbox 1803 3278 3466 3387">
     <span class='ocr_line' id='line_1_60' title="bbox 1803 3278 3466 3387; baseline -0.002 -16"><span class='ocrx_word' id='word_1_464' title='bbox 1803 3278 1873 3352; x_wconf 56' lang='grc' dir='ltr'>πο</span> <span class='ocrx_word' id='word_1_465' title='bbox 1907 3316 2107 3371; x_wconf 86' lang='lat' dir='ltr'><strong>nomini</strong></span> <span class='ocrx_word' id='word_1_466' title='bbox 2146 3316 2438 3371; x_wconf 82' lang='lat' dir='ltr'><strong>vindicavit</strong></span> <span class='ocrx_word' id='word_1_467' title='bbox 2464 3324 2753 3387; x_wconf 85' lang='lat' dir='ltr'><strong>comment.</strong></span> <span class='ocrx_word' id='word_1_468' title='bbox 2790 3318 2845 3370; x_wconf 85' lang='lat' dir='ltr'><strong>in</strong></span> <span class='ocrx_word' id='word_1_469' title='bbox 2881 3316 3099 3369; x_wconf 83' lang='lat' dir='ltr'><strong>Isaiam.</strong></span> <span class='ocrx_word' id='word_1_470' title='bbox 3129 3346 3200 3357; x_wconf 91' lang='lat'><strong>—-</strong></span> <span class='ocrx_word' id='word_1_471' title='bbox 3232 3316 3344 3369; x_wconf 84' lang='lat' dir='ltr'><strong>Sub</strong></span> <span class='ocrx_word' id='word_1_472' title='bbox 3372 3315 3466 3368; x_wconf 82' lang='lat' dir='ltr'><strong>Ba-</strong></span> 
     </span>
    </p>
   </div>
   <div class='ocr_carea' id='block_1_61' title="bbox 237 3404 1800 3480">
    <p class='ocr_par' dir='ltr' id='par_1_61' title="bbox 237 3404 1800 3480">
     <span class='ocr_line' id='line_1_61' title="bbox 237 3404 1800 3480; baseline 0.003 -23"><span class='ocrx_word' id='word_1_473' title='bbox 237 3405 441 3478; x_wconf 71' lang='grc' dir='ltr'><strong>Αηπτή.</strong></span> <span class='ocrx_word' id='word_1_474' title='bbox 487 3404 703 3474; x_wconf 71' lang='grc' dir='ltr'><strong>Ἐπειδὴ</strong></span> <span class='ocrx_word' id='word_1_475' title='bbox 733 3406 874 3458; x_wconf 70' lang='grc' dir='ltr'><strong>κατὰ</strong></span> <span class='ocrx_word' id='word_1_476' title='bbox 910 3404 1131 3474; x_wconf 81' lang='grc' dir='ltr'><strong>χρόνους</strong></span> <span class='ocrx_word' id='word_1_477' title='bbox 1161 3408 1380 3475; x_wconf 75' lang='grc' dir='ltr'><strong>γέγονεν</strong></span> <span class='ocrx_word' id='word_1_478' title='bbox 1427 3409 1456 3460; x_wconf 84' lang='grc' dir='ltr'>ὀ</span> <span class='ocrx_word' id='word_1_479' title='bbox 1499 3408 1800 3480; x_wconf 79' lang='grc' dir='ltr'><strong>προφήτης,</strong></span> 
     </span>
    </p>
   </div>
   <div class='ocr_carea' id='block_1_62' title="bbox 238 3496 1804 3555">
    <p class='ocr_par' dir='ltr' id='par_1_62' title="bbox 238 3496 1804 3555">
     <span class='ocr_line' id='line_1_62' title="bbox 238 3496 1804 3555; baseline 0.002 -3"><span class='ocrx_word' id='word_1_480' title='bbox 238 3511 359 3552; x_wconf 78' lang='lat' dir='ltr'><strong>cum</strong></span> <span class='ocrx_word' id='word_1_481' title='bbox 404 3498 797 3551; x_wconf 80' lang='lat' dir='ltr'><strong>cottunetttario</strong></span> <span class='ocrx_word' id='word_1_482' title='bbox 844 3496 896 3550; x_wconf 94' lang='lat' dir='ltr'><strong>in</strong></span> <span class='ocrx_word' id='word_1_483' title='bbox 932 3496 1124 3552; x_wconf 87' lang='lat' dir='ltr'><strong>Isaiam</strong></span> <span class='ocrx_word' id='word_1_484' title='bbox 1160 3499 1290 3552; x_wconf 84' lang='lat' dir='ltr'><strong>nihil</strong></span> <span class='ocrx_word' id='word_1_485' title='bbox 1332 3498 1532 3553; x_wconf 87' lang='lat' dir='ltr'><strong>habent</strong></span> <span class='ocrx_word' id='word_1_486' title='bbox 1570 3514 1804 3555; x_wconf 85' lang='lat' dir='ltr'><strong>commu-</strong></span> 
     </span>
    </p>
   </div>
   <div class='ocr_carea' id='block_1_63' title="bbox 238 3586 1799 3657">
    <p class='ocr_par' dir='ltr' id='par_1_63' title="bbox 238 3586 1799 3657">
     <span class='ocr_line' id='line_1_63' title="bbox 238 3586 1799 3657; baseline 0.003 -15"><span class='ocrx_word' id='word_1_487' title='bbox 238 3602 327 3651; x_wconf 73' lang='grc' dir='ltr'><strong>ιε,</strong></span> <span class='ocrx_word' id='word_1_488' title='bbox 360 3586 488 3643; x_wconf 90' lang='lat' dir='ltr'><strong>licet</strong></span> <span class='ocrx_word' id='word_1_489' title='bbox 530 3586 606 3645; x_wconf 91' lang='lat' dir='ltr'><strong>illi</strong></span> <span class='ocrx_word' id='word_1_490' title='bbox 640 3586 1037 3657; x_wconf 74' lang='lat' dir='ltr'><strong>praemittantur</strong></span> <span class='ocrx_word' id='word_1_491' title='bbox 1064 3590 1229 3643; x_wconf 78' lang='lat' dir='ltr'><strong>etiam</strong></span> <span class='ocrx_word' id='word_1_492' title='bbox 1264 3588 1316 3643; x_wconf 88' lang='lat' dir='ltr'><strong>in</strong></span> <span class='ocrx_word' id='word_1_493' title='bbox 1353 3589 1473 3644; x_wconf 86' lang='lat' dir='ltr'><strong>aliis</strong></span> <span class='ocrx_word' id='word_1_494' title='bbox 1501 3590 1799 3657; x_wconf 86' lang='lat' dir='ltr'><strong>codicibus,</strong></span> 
     </span>
    </p>
   </div>
   <div class='ocr_carea' id='block_1_64' title="bbox 236 3675 1801 3749">
    <p class='ocr_par' dir='ltr' id='par_1_64' title="bbox 236 3675 1801 3749">
     <span class='ocr_line' id='line_1_64' title="bbox 236 3675 1801 3749; baseline 0.004 -18"><span class='ocrx_word' id='word_1_495' title='bbox 236 3686 292 3732; x_wconf 83' lang='lat' dir='ltr'><strong>ut</strong></span> <span class='ocrx_word' id='word_1_496' title='bbox 314 3676 623 3734; x_wconf 86' lang='lat' dir='ltr'><strong>Colbertino</strong></span> <span class='ocrx_word' id='word_1_497' title='bbox 646 3675 958 3733; x_wconf 58' lang='lat' dir='ltr'><strong>“DXCVI</strong></span> <span class='ocrx_word' id='word_1_498' title='bbox 976 3678 1049 3749; x_wconf 87' lang='lat' dir='ltr'><strong>(o)</strong></span> <span class='ocrx_word' id='word_1_499' title='bbox 1075 3677 1221 3749; x_wconf 88' lang='lat' dir='ltr'><strong>(olim</strong></span> <span class='ocrx_word' id='word_1_500' title='bbox 1247 3678 1482 3735; x_wconf 64' lang='lat' dir='ltr'><strong>Thoante</strong></span> <span class='ocrx_word' id='word_1_501' title='bbox 1501 3679 1680 3745; x_wconf 87' lang='lat' dir='ltr'><strong>bibl.).</strong></span> <span class='ocrx_word' id='word_1_502' title='bbox 1707 3681 1801 3737; x_wconf 85' lang='lat' dir='ltr'><strong>sed</strong></span> 
     </span>
    </p>
   </div>
   <div class='ocr_carea' id='block_1_65' title="bbox 237 3769 1799 3839">
    <p class='ocr_par' dir='ltr' id='par_1_65' title="bbox 237 3769 1799 3839">
     <span class='ocr_line' id='line_1_65' title="bbox 237 3769 1799 3839; baseline 0.003 -15"><span class='ocrx_word' id='word_1_503' title='bbox 237 3769 291 3825; x_wconf 86' lang='lat' dir='ltr'><strong>In</strong></span> <span class='ocrx_word' id='word_1_504' title='bbox 326 3785 437 3839; x_wconf 90' lang='lat' dir='ltr'><strong>quo</strong></span> <span class='ocrx_word' id='word_1_505' title='bbox 478 3770 621 3826; x_wconf 83' lang='lat' dir='ltr'><strong>male</strong></span> <span class='ocrx_word' id='word_1_506' title='bbox 661 3772 1085 3825; x_wconf 87' lang='lat' dir='ltr'><strong>commentarius</strong></span> <span class='ocrx_word' id='word_1_507' title='bbox 1122 3770 1211 3824; x_wconf 86' lang='lat' dir='ltr'><strong>ille</strong></span> <span class='ocrx_word' id='word_1_508' title='bbox 1243 3770 1476 3828; x_wconf 87' lang='lat' dir='ltr'><strong>Eusebio</strong></span> <span class='ocrx_word' id='word_1_509' title='bbox 1526 3772 1799 3829; x_wconf 86' lang='lat' dir='ltr'><strong>tribuitur.</strong></span> 
     </span>
    </p>
   </div>
   <div class='ocr_carea' id='block_1_66' title="bbox 236 3856 1801 3932">
    <p class='ocr_par' dir='ltr' id='par_1_66' title="bbox 236 3856 1801 3932">
     <span class='ocr_line' id='line_1_66' title="bbox 236 3856 1801 3932; baseline 0.002 -17"><span class='ocrx_word' id='word_1_510' title='bbox 236 3859 316 3915; x_wconf 69' lang='grc' dir='ltr'><strong>ει</strong></span> <span class='ocrx_word' id='word_1_511' title='bbox 352 3860 521 3916; x_wconf 89' lang='lat' dir='ltr'><strong>allato</strong></span> <span class='ocrx_word' id='word_1_512' title='bbox 550 3870 727 3917; x_wconf 83' lang='lat' dir='ltr'><strong>autem</strong></span> <span class='ocrx_word' id='word_1_513' title='bbox 774 3856 1000 3915; x_wconf 78' lang='lat' dir='ltr'><strong>Joannis</strong></span> <span class='ocrx_word' id='word_1_514' title='bbox 1037 3860 1451 3932; x_wconf 67' lang='lat' dir='ltr'><strong>Drungariensis</strong></span> <span class='ocrx_word' id='word_1_515' title='bbox 1492 3862 1801 3919; x_wconf 83' lang='lat' dir='ltr'><strong>testimonio</strong></span> 
     </span>
    </p>
   </div>
   <div class='ocr_carea' id='block_1_67' title="bbox 236 3951 1801 4027">
    <p class='ocr_par' dir='ltr' id='par_1_67' title="bbox 236 3951 1801 4027">
     <span class='ocr_line' id='line_1_67' title="bbox 236 3951 1801 4027; baseline 0.002 -19"><span class='ocrx_word' id='word_1_516' title='bbox 236 3960 452 4009; x_wconf 82' lang='lat' dir='ltr'><strong>constat</strong></span> <span class='ocrx_word' id='word_1_517' title='bbox 474 3955 660 4018; x_wconf 89' lang='lat' dir='ltr'><strong>etiam,</strong></span> <span class='ocrx_word' id='word_1_518' title='bbox 692 3968 799 4008; x_wconf 88' lang='lat' dir='ltr'><strong>non</strong></span> <span class='ocrx_word' id='word_1_519' title='bbox 824 3961 993 4009; x_wconf 88' lang='lat' dir='ltr'><strong>totum</strong></span> <span class='ocrx_word' id='word_1_520' title='bbox 1032 3951 1246 4017; x_wconf 86' lang='lat' dir='ltr'><strong>Isaiam,</strong></span> <span class='ocrx_word' id='word_1_521' title='bbox 1283 3954 1377 4009; x_wconf 91' lang='lat' dir='ltr'><strong>sed</strong></span> <span class='ocrx_word' id='word_1_522' title='bbox 1431 3965 1635 4027; x_wconf 87' lang='lat' dir='ltr'><strong>partem</strong></span> <span class='ocrx_word' id='word_1_523' title='bbox 1682 3965 1801 4011; x_wconf 87' lang='lat' dir='ltr'><strong>tan-</strong></span> 
     </span>
    </p>
   </div>
   <div class='ocr_carea' id='block_1_68' title="bbox 236 4043 1796 4114">
    <p class='ocr_par' dir='ltr' id='par_1_68' title="bbox 236 4043 1796 4114">
     <span class='ocr_line' id='line_1_68' title="bbox 236 4043 1796 4114; baseline 0.004 -16"><span class='ocrx_word' id='word_1_524' title='bbox 236 4052 374 4108; x_wconf 83' lang='lat' dir='ltr'><strong>tum,</strong></span> <span class='ocrx_word' id='word_1_525' title='bbox 399 4044 521 4113; x_wconf 73' lang='lat' dir='ltr'><strong>ejus</strong></span> <span class='ocrx_word' id='word_1_526' title='bbox 547 4044 841 4114; x_wconf 61' lang='lat' dir='ltr'><strong>prophetia</strong></span> <span class='ocrx_word' id='word_1_527' title='bbox 876 4060 903 4097; x_wconf 88' lang='lat' dir='ltr'><strong>a</strong></span> <span class='ocrx_word' id='word_1_528' title='bbox 933 4043 1135 4100; x_wconf 80' lang='lat' dir='ltr'><strong>Basilio</strong></span> <span class='ocrx_word' id='word_1_529' title='bbox 1166 4046 1487 4103; x_wconf 84' lang='lat' dir='ltr'><strong>illustratatn</strong></span> <span class='ocrx_word' id='word_1_530' title='bbox 1516 4062 1796 4104; x_wconf 83' lang='lat' dir='ltr'><strong>commen-</strong></span> 
     </span>
    </p>
   </div>
   <div class='ocr_carea' id='block_1_69' title="bbox 1902 3404 3473 3462">
    <p class='ocr_par' dir='ltr' id='par_1_69' title="bbox 1902 3404 3473 3462">
     <span class='ocr_line' id='line_1_69' title="bbox 1902 3404 3473 3462; baseline -0.004 -1"><span class='ocrx_word' id='word_1_531' title='bbox 1902 3406 2011 3461; x_wconf 81' lang='lat' dir='ltr'><strong>silii</strong></span> <span class='ocrx_word' id='word_1_532' title='bbox 2057 3408 2271 3461; x_wconf 85' lang='lat' dir='ltr'><strong>nomine</strong></span> <span class='ocrx_word' id='word_1_533' title='bbox 2328 3406 2382 3462; x_wconf 84' lang='lat' dir='ltr'><strong>in</strong></span> <span class='ocrx_word' id='word_1_534' title='bbox 2436 3407 2559 3462; x_wconf 92' lang='lat' dir='ltr'><strong>cod.</strong></span> <span class='ocrx_word' id='word_1_535' title='bbox 2610 3422 2739 3461; x_wconf 87' lang='lat' dir='ltr'><strong>mss.</strong></span> <span class='ocrx_word' id='word_1_536' title='bbox 2787 3418 3077 3461; x_wconf 86' lang='lat' dir='ltr'><strong>occurrere</strong></span> <span class='ocrx_word' id='word_1_537' title='bbox 3129 3404 3277 3459; x_wconf 89' lang='lat' dir='ltr'><strong>illum</strong></span> <span class='ocrx_word' id='word_1_538' title='bbox 3323 3422 3473 3459; x_wconf 82' lang='lat' dir='ltr'><strong>com-</strong></span> 
     </span>
    </p>
   </div>
   <div class='ocr_carea' id='block_1_70' title="bbox 1901 3498 3471 3567">
    <p class='ocr_par' dir='ltr' id='par_1_70' title="bbox 1901 3498 3471 3567">
     <span class='ocr_line' id='line_1_70' title="bbox 1901 3498 3471 3567; baseline -0.003 -12"><span class='ocrx_word' id='word_1_539' title='bbox 1901 3508 2067 3555; x_wconf 89' lang='lat' dir='ltr'><strong>ment.</strong></span> <span class='ocrx_word' id='word_1_540' title='bbox 2101 3498 2240 3554; x_wconf 88' lang='lat' dir='ltr'><strong>haud</strong></span> <span class='ocrx_word' id='word_1_541' title='bbox 2276 3500 2469 3553; x_wconf 91' lang='lat' dir='ltr'><strong>mirnm</strong></span> <span class='ocrx_word' id='word_1_542' title='bbox 2502 3500 2732 3553; x_wconf 74' lang='lat' dir='ltr'><strong>videtur.</strong></span> <span class='ocrx_word' id='word_1_543' title='bbox 2778 3498 2889 3562; x_wconf 87' lang='lat' dir='ltr'><strong>Sic,</strong></span> <span class='ocrx_word' id='word_1_544' title='bbox 2918 3508 2977 3551; x_wconf 92' lang='lat' dir='ltr'><strong>ut</strong></span> <span class='ocrx_word' id='word_1_545' title='bbox 3004 3499 3263 3567; x_wconf 84' lang='lat' dir='ltr'><strong>quosdam</strong></span> <span class='ocrx_word' id='word_1_546' title='bbox 3298 3500 3471 3551; x_wconf 86' lang='lat' dir='ltr'><strong>nomi-</strong></span> 
     </span>
    </p>
   </div>
   <div class='ocr_carea' id='block_1_71' title="bbox 1900 3586 3470 3653">
    <p class='ocr_par' dir='ltr' id='par_1_71' title="bbox 1900 3586 3470 3653">
     <span class='ocr_line' id='line_1_71' title="bbox 1900 3586 3470 3653; baseline 0 -11"><span class='ocrx_word' id='word_1_547' title='bbox 1900 3603 2047 3653; x_wconf 89' lang='lat' dir='ltr'><strong>nem,</strong></span> <span class='ocrx_word' id='word_1_548' title='bbox 2076 3588 2405 3644; x_wconf 77' lang='lat' dir='ltr'><strong>Vindobonze</strong></span> <span class='ocrx_word' id='word_1_549' title='bbox 2446 3588 2497 3642; x_wconf 91' lang='lat' dir='ltr'><strong>in</strong></span> <span class='ocrx_word' id='word_1_550' title='bbox 2541 3590 2660 3644; x_wconf 93' lang='lat' dir='ltr'><strong>cod.</strong></span> <span class='ocrx_word' id='word_1_551' title='bbox 2690 3587 2853 3652; x_wconf 88' lang='lat' dir='ltr'><strong>LXX,</strong></span> <span class='ocrx_word' id='word_1_552' title='bbox 2887 3588 3052 3643; x_wconf 88' lang='lat' dir='ltr'><strong>LXXI</strong></span> <span class='ocrx_word' id='word_1_553' title='bbox 3088 3597 3143 3643; x_wconf 90' lang='lat' dir='ltr'><strong>et</strong></span> <span class='ocrx_word' id='word_1_554' title='bbox 3179 3586 3388 3651; x_wconf 77' lang='lat' dir='ltr'><strong>LXXII,</strong></span> <span class='ocrx_word' id='word_1_555' title='bbox 3415 3589 3470 3643; x_wconf 88' lang='lat' dir='ltr'><strong>in</strong></span> 
     </span>
    </p>
   </div>
   <div class='ocr_carea' id='block_1_72' title="bbox 1899 3678 3468 3749">
    <p class='ocr_par' dir='ltr' id='par_1_72' title="bbox 1899 3678 3468 3749">
     <span class='ocr_line' id='line_1_72' title="bbox 1899 3678 3468 3749; baseline 0 -16"><span class='ocrx_word' id='word_1_556' title='bbox 1899 3694 2008 3749; x_wconf 91' lang='lat' dir='ltr'><strong>quo</strong></span> <span class='ocrx_word' id='word_1_557' title='bbox 2030 3681 2262 3746; x_wconf 83' lang='lat' dir='ltr'><strong>ascripta</strong></span> <span class='ocrx_word' id='word_1_558' title='bbox 2284 3691 2405 3732; x_wconf 87' lang='lat' dir='ltr'><strong>sunt</strong></span> <span class='ocrx_word' id='word_1_559' title='bbox 2428 3680 2480 3733; x_wconf 93' lang='lat' dir='ltr'><strong>in</strong></span> <span class='ocrx_word' id='word_1_560' title='bbox 2504 3681 2745 3749; x_wconf 71' lang='lat' dir='ltr'><strong>margine</strong></span> <span class='ocrx_word' id='word_1_561' title='bbox 2771 3680 2990 3748; x_wconf 89' lang='lat' dir='ltr'><strong>antiqua</strong></span> <span class='ocrx_word' id='word_1_562' title='bbox 3018 3678 3119 3735; x_wconf 84' lang='lat' dir='ltr'><strong>Gr.</strong></span> <span class='ocrx_word' id='word_1_563' title='bbox 3142 3678 3370 3743; x_wconf 79' lang='lat' dir='ltr'><strong>scholia,</strong></span> <span class='ocrx_word' id='word_1_564' title='bbox 3399 3694 3468 3733; x_wconf 78' lang='lat' dir='ltr'><strong>ex</strong></span> 
     </span>
    </p>
   </div>
   <div class='ocr_carea' id='block_1_73' title="bbox 1899 3768 3467 3839">
    <p class='ocr_par' dir='ltr' id='par_1_73' title="bbox 1899 3768 3467 3839">
     <span class='ocr_line' id='line_1_73' title="bbox 1899 3768 3467 3839; baseline 0.001 -14"><span class='ocrx_word' id='word_1_565' title='bbox 1899 3770 2119 3825; x_wconf 81' lang='lat' dir='ltr'><strong>Eusebii</strong></span> <span class='ocrx_word' id='word_1_566' title='bbox 2173 3768 2431 3839; x_wconf 80' lang='lat' dir='ltr'><strong>Pamphili</strong></span> <span class='ocrx_word' id='word_1_567' title='bbox 2485 3768 2820 3838; x_wconf 89' lang='lat' dir='ltr'><strong>aliorumque</strong></span> <span class='ocrx_word' id='word_1_568' title='bbox 2861 3772 3115 3837; x_wconf 79' lang='lat' dir='ltr'><strong>oneribus</strong></span> <span class='ocrx_word' id='word_1_569' title='bbox 3162 3770 3467 3839; x_wconf 76' lang='lat' dir='ltr'><strong>desumpta.</strong></span> 
     </span>
    </p>
   </div>
   <div class='ocr_carea' id='block_1_74' title="bbox 1900 3860 3467 3935">
    <p class='ocr_par' dir='ltr' id='par_1_74' title="bbox 1900 3860 3467 3935">
     <span class='ocr_line' id='line_1_74' title="bbox 1900 3860 3467 3935; baseline -0.001 -18"><span class='ocrx_word' id='word_1_570' title='bbox 1900 3860 2035 3918; x_wconf 89' lang='lat' dir='ltr'><strong>Vide</strong></span> <span class='ocrx_word' id='word_1_571' title='bbox 2068 3861 2345 3927; x_wconf 84' lang='lat' dir='ltr'><strong>Lambec.,</strong></span> <span class='ocrx_word' id='word_1_572' title='bbox 2380 3861 2466 3930; x_wconf 88' lang='lat' dir='ltr'><strong>III,</strong></span> <span class='ocrx_word' id='word_1_573' title='bbox 2490 3879 2545 3935; x_wconf 90' lang='lat' dir='ltr'><strong>p.</strong></span> <span class='ocrx_word' id='word_1_574' title='bbox 2576 3864 2683 3921; x_wconf 66' lang='grc' dir='ltr'><strong>διδ</strong></span> <span class='ocrx_word' id='word_1_575' title='bbox 2707 3879 2823 3934; x_wconf 86' lang='lat' dir='ltr'><strong>seq.</strong></span> <span class='ocrx_word' id='word_1_576' title='bbox 2850 3892 2921 3904; x_wconf 92' lang='lat'><strong>—</strong></span> <span class='ocrx_word' id='word_1_577' title='bbox 2945 3863 3197 3933; x_wconf 60' lang='lat' dir='ltr'><strong>Augusta</strong></span> <span class='ocrx_word' id='word_1_578' title='bbox 3224 3862 3467 3917; x_wconf 84' lang='lat' dir='ltr'><strong>Vindeli-</strong></span> 
     </span>
    </p>
   </div>
   <div class='ocr_carea' id='block_1_75' title="bbox 1897 3953 3467 4023">
    <p class='ocr_par' dir='ltr' id='par_1_75' title="bbox 1897 3953 3467 4023">
     <span class='ocr_line' id='line_1_75' title="bbox 1897 3953 3467 4023; baseline 0.001 -15"><span class='ocrx_word' id='word_1_579' title='bbox 1897 3968 2082 4009; x_wconf 90' lang='lat' dir='ltr'><strong>eorum</strong></span> <span class='ocrx_word' id='word_1_580' title='bbox 2132 3953 2315 4009; x_wconf 85' lang='lat' dir='ltr'><strong>Basilii</strong></span> <span class='ocrx_word' id='word_1_581' title='bbox 2358 3970 2555 4010; x_wconf 89' lang='lat' dir='ltr'><strong>comm.</strong></span> <span class='ocrx_word' id='word_1_582' title='bbox 2593 3956 2647 4010; x_wconf 77' lang='lat' dir='ltr'><strong>in</strong></span> <span class='ocrx_word' id='word_1_583' title='bbox 2697 3956 2919 4021; x_wconf 76' lang='lat' dir='ltr'><strong>Isaiam,</strong></span> <span class='ocrx_word' id='word_1_584' title='bbox 2956 3966 3011 4010; x_wconf 90' lang='lat' dir='ltr'><strong>et</strong></span> <span class='ocrx_word' id='word_1_585' title='bbox 3054 3956 3294 4023; x_wconf 84' lang='lat' dir='ltr'><strong>ejusdem</strong></span> <span class='ocrx_word' id='word_1_586' title='bbox 3334 3953 3467 4010; x_wconf 78' lang='lat' dir='ltr'><strong>Pro-</strong></span> 
     </span>
    </p>
   </div>
   <div class='ocr_carea' id='block_1_76' title="bbox 1899 4043 3463 4113">
    <p class='ocr_par' dir='ltr' id='par_1_76' title="bbox 1899 4043 3463 4113">
     <span class='ocr_line' id='line_1_76' title="bbox 1899 4043 3463 4113; baseline 0.002 -16"><span class='ocrx_word' id='word_1_587' title='bbox 1899 4044 2108 4099; x_wconf 84' lang='lat' dir='ltr'><strong>theoria</strong></span> <span class='ocrx_word' id='word_1_588' title='bbox 2153 4044 2511 4113; x_wconf 70' lang='lat' dir='ltr'><strong>expositionis</strong></span> <span class='ocrx_word' id='word_1_589' title='bbox 2562 4045 2615 4099; x_wconf 92' lang='lat' dir='ltr'><strong>in</strong></span> <span class='ocrx_word' id='word_1_590' title='bbox 2662 4043 2876 4100; x_wconf 86' lang='lat' dir='ltr'><strong>Isaiam.</strong></span> <span class='ocrx_word' id='word_1_591' title='bbox 2912 4044 3045 4099; x_wconf 83' lang='lat' dir='ltr'><strong>Vide</strong></span> <span class='ocrx_word' id='word_1_592' title='bbox 3074 4044 3280 4101; x_wconf 79' lang='lat' dir='ltr'><strong>Reiseri</strong></span> <span class='ocrx_word' id='word_1_593' title='bbox 3316 4045 3463 4108; x_wconf 88' lang='lat' dir='ltr'><strong>Cat.,</strong></span> 
     </span>
    </p>
   </div>
   <div class='ocr_carea' id='block_1_77' title="bbox 236 4128 3463 4205">
    <p class='ocr_par' dir='ltr' id='par_1_77' title="bbox 236 4128 3463 4205">
     <span class='ocr_line' id='line_1_77' title="bbox 236 4128 3463 4205; baseline 0.001 -20"><span class='ocrx_word' id='word_1_594' title='bbox 236 4134 373 4187; x_wconf 90' lang='lat' dir='ltr'><strong>tario</strong></span> <span class='ocrx_word' id='word_1_595' title='bbox 402 4128 591 4196; x_wconf 78' lang='lat' dir='ltr'><strong>fuisse,</strong></span> <span class='ocrx_word' id='word_1_596' title='bbox 623 4142 681 4185; x_wconf 88' lang='lat' dir='ltr'><strong>ut</strong></span> <span class='ocrx_word' id='word_1_597' title='bbox 709 4146 931 4187; x_wconf 87' lang='lat' dir='ltr'><strong>necesse</strong></span> <span class='ocrx_word' id='word_1_598' title='bbox 962 4134 1031 4187; x_wconf 87' lang='lat' dir='ltr'><strong>sit</strong></span> <span class='ocrx_word' id='word_1_599' title='bbox 1061 4148 1274 4189; x_wconf 86' lang='lat' dir='ltr'><strong>errasse</strong></span> <span class='ocrx_word' id='word_1_600' title='bbox 1302 4132 1669 4201; x_wconf 82' lang='lat' dir='ltr'><strong>&#39;I&#39;ilmannum,</strong></span> <span class='ocrx_word' id='word_1_601' title='bbox 1705 4136 1795 4205; x_wconf 86' lang='lat' dir='ltr'><strong>qui</strong></span> <span class='ocrx_word' id='word_1_602' title='bbox 1895 4150 1949 4203; x_wconf 87' lang='lat' dir='ltr'><strong>p.</strong></span> <span class='ocrx_word' id='word_1_603' title='bbox 1997 4133 2065 4187; x_wconf 88' lang='lat' dir='ltr'><strong>I6</strong></span> <span class='ocrx_word' id='word_1_604' title='bbox 2114 4143 2168 4188; x_wconf 88' lang='lat' dir='ltr'><strong>et</strong></span> <span class='ocrx_word' id='word_1_605' title='bbox 2216 4133 2308 4189; x_wconf 59' lang='grc' dir='ltr'>ξε.</span> <span class='ocrx_word' id='word_1_606' title='bbox 2358 4161 2429 4175; x_wconf 89' lang='lat'><strong>—-</strong></span> <span class='ocrx_word' id='word_1_607' title='bbox 2468 4133 2735 4189; x_wconf 67' lang='lat' dir='ltr'><strong>Monscltii</strong></span> <span class='ocrx_word' id='word_1_608' title='bbox 2778 4135 2831 4189; x_wconf 89' lang='lat' dir='ltr'><strong>in</strong></span> <span class='ocrx_word' id='word_1_609' title='bbox 2868 4135 2987 4189; x_wconf 91' lang='lat' dir='ltr'><strong>cod.</strong></span> <span class='ocrx_word' id='word_1_610' title='bbox 3029 4132 3223 4189; x_wconf 75' lang='lat' dir='ltr'><strong>Bavar.</strong></span> <span class='ocrx_word' id='word_1_611' title='bbox 3265 4134 3463 4200; x_wconf 86' lang='lat' dir='ltr'><strong>XXXI,</strong></span> 
     </span>
    </p>
   </div>
   <div class='ocr_carea' id='block_1_78' title="bbox 232 4221 3463 4292">
    <p class='ocr_par' dir='ltr' id='par_1_78' title="bbox 232 4221 3463 4292">
     <span class='ocr_line' id='line_1_78' title="bbox 232 4221 3463 4292; baseline 0.001 -15"><span class='ocrx_word' id='word_1_612' title='bbox 232 4221 336 4277; x_wconf 86' lang='lat' dir='ltr'><strong>sibi</strong></span> <span class='ocrx_word' id='word_1_613' title='bbox 389 4221 695 4291; x_wconf 84' lang='lat' dir='ltr'><strong>persuasit,</strong></span> <span class='ocrx_word' id='word_1_614' title='bbox 749 4222 1030 4276; x_wconf 84' lang='lat' dir='ltr'><strong>Erasmum</strong></span> <span class='ocrx_word' id='word_1_615' title='bbox 1084 4237 1151 4277; x_wconf 80' lang='lat' dir='ltr'><strong>es</strong></span> <span class='ocrx_word' id='word_1_616' title='bbox 1205 4222 1420 4279; x_wconf 85' lang='lat' dir='ltr'><strong>Groeini</strong></span> <span class='ocrx_word' id='word_1_617' title='bbox 1476 4224 1796 4279; x_wconf 85' lang='lat' dir='ltr'><strong>bibliotheca</strong></span> <span class='ocrx_word' id='word_1_618' title='bbox 1897 4223 2092 4280; x_wconf 85' lang='lat' dir='ltr'><strong>XXXV</strong></span> <span class='ocrx_word' id='word_1_619' title='bbox 2119 4233 2173 4279; x_wconf 89' lang='lat' dir='ltr'><strong>et</strong></span> <span class='ocrx_word' id='word_1_620' title='bbox 2200 4223 2362 4281; x_wconf 81' lang='lat' dir='ltr'><strong>XCV.</strong></span> <span class='ocrx_word' id='word_1_621' title='bbox 2394 4223 2529 4281; x_wconf 88' lang='lat' dir='ltr'><strong>Vide</strong></span> <span class='ocrx_word' id='word_1_622' title='bbox 2572 4226 2690 4282; x_wconf 90' lang='lat' dir='ltr'><strong>Cat.</strong></span> <span class='ocrx_word' id='word_1_623' title='bbox 2737 4225 2857 4279; x_wconf 90' lang='lat' dir='ltr'><strong>eod.</strong></span> <span class='ocrx_word' id='word_1_624' title='bbox 2898 4224 3019 4292; x_wconf 86' lang='lat' dir='ltr'><strong>Gr.,</strong></span> <span class='ocrx_word' id='word_1_625' title='bbox 3048 4242 3100 4292; x_wconf 89' lang='lat' dir='ltr'><strong>p.</strong></span> <span class='ocrx_word' id='word_1_626' title='bbox 3136 4224 3187 4291; x_wconf 86' lang='lat'><strong>7,</strong></span> <span class='ocrx_word' id='word_1_627' title='bbox 3219 4224 3252 4279; x_wconf 87' lang='lat'><strong>8</strong></span> <span class='ocrx_word' id='word_1_628' title='bbox 3286 4236 3339 4278; x_wconf 85' lang='lat' dir='ltr'><strong>et</strong></span> <span class='ocrx_word' id='word_1_629' title='bbox 3370 4226 3463 4290; x_wconf 76' lang='lat'><strong>36,</strong></span> 
     </span>
    </p>
   </div>
   <div class='ocr_carea' id='block_1_79' title="bbox 233 4311 3460 4387">
    <p class='ocr_par' dir='ltr' id='par_1_79' title="bbox 233 4311 3460 4387">
     <span class='ocr_line' id='line_1_79' title="bbox 233 4311 3460 4387; baseline 0 -17"><span class='ocrx_word' id='word_1_630' title='bbox 233 4313 660 4370; x_wconf 80' lang='lat' dir='ltr'><strong>commentarios</strong></span> <span class='ocrx_word' id='word_1_631' title='bbox 704 4311 887 4369; x_wconf 83' lang='lat' dir='ltr'><strong>Basilii</strong></span> <span class='ocrx_word' id='word_1_632' title='bbox 918 4315 972 4369; x_wconf 91' lang='lat' dir='ltr'><strong>in</strong></span> <span class='ocrx_word' id='word_1_633' title='bbox 1006 4316 1272 4385; x_wconf 70' lang='lat' dir='ltr'><strong>integrum</strong></span> <span class='ocrx_word' id='word_1_634' title='bbox 1306 4318 1618 4387; x_wconf 87' lang='lat' dir='ltr'><strong>prophetam</strong></span> <span class='ocrx_word' id='word_1_635' title='bbox 1654 4327 1798 4373; x_wconf 84' lang='lat' dir='ltr'><strong>attu-</strong></span> <span class='ocrx_word' id='word_1_636' title='bbox 1896 4344 1966 4356; x_wconf 91' lang='lat'>—</span> <span class='ocrx_word' id='word_1_637' title='bbox 1999 4314 2235 4369; x_wconf 85' lang='lat' dir='ltr'><strong>Venetiis</strong></span> <span class='ocrx_word' id='word_1_638' title='bbox 2265 4314 2318 4369; x_wconf 88' lang='lat' dir='ltr'><strong>in</strong></span> <span class='ocrx_word' id='word_1_639' title='bbox 2350 4316 2472 4372; x_wconf 93' lang='lat' dir='ltr'><strong>cod.</strong></span> <span class='ocrx_word' id='word_1_640' title='bbox 2504 4314 2747 4369; x_wconf 81' lang='lat' dir='ltr'><strong>Nsniano</strong></span> <span class='ocrx_word' id='word_1_641' title='bbox 2778 4313 2995 4371; x_wconf 77' lang='lat' dir='ltr'><strong>XXXV.</strong></span> <span class='ocrx_word' id='word_1_642' title='bbox 3030 4316 3163 4370; x_wconf 87' lang='lat' dir='ltr'><strong>Vide</strong></span> <span class='ocrx_word' id='word_1_643' title='bbox 3191 4316 3311 4371; x_wconf 83' lang='lat' dir='ltr'><strong>Cat.</strong></span> <span class='ocrx_word' id='word_1_644' title='bbox 3340 4316 3460 4371; x_wconf 88' lang='lat' dir='ltr'><strong>cod.</strong></span> 
     </span>
    </p>
   </div>
   <div class='ocr_carea' id='block_1_80' title="bbox 232 4407 3458 4481">
    <p class='ocr_par' dir='ltr' id='par_1_80' title="bbox 232 4407 3458 4481">
     <span class='ocr_line' id='line_1_80' title="bbox 232 4407 3458 4481; baseline 0 -19"><span class='ocrx_word' id='word_1_645' title='bbox 232 4409 361 4465; x_wconf 78' lang='lat' dir='ltr'><strong>lisse</strong></span> <span class='ocrx_word' id='word_1_646' title='bbox 400 4428 415 4464; x_wconf 93' lang='lat'><strong>:</strong></span> <span class='ocrx_word' id='word_1_647' title='bbox 451 4408 612 4463; x_wconf 90' lang='lat' dir='ltr'><strong>nimis</strong></span> <span class='ocrx_word' id='word_1_648' title='bbox 661 4409 803 4463; x_wconf 89' lang='lat' dir='ltr'><strong>enim</strong></span> <span class='ocrx_word' id='word_1_649' title='bbox 854 4409 970 4464; x_wconf 81' lang='lat' dir='ltr'><strong>leve</strong></span> <span class='ocrx_word' id='word_1_650' title='bbox 1018 4419 1122 4473; x_wconf 84' lang='lat' dir='ltr'><strong>est,</strong></span> <span class='ocrx_word' id='word_1_651' title='bbox 1157 4410 1299 4479; x_wconf 87' lang='lat' dir='ltr'><strong>quod</strong></span> <span class='ocrx_word' id='word_1_652' title='bbox 1346 4409 1601 4480; x_wconf 75' lang='lat' dir='ltr'><strong>adjnngit,</strong></span> <span class='ocrx_word' id='word_1_653' title='bbox 1639 4428 1797 4481; x_wconf 75' lang='lat' dir='ltr'><strong>argu-</strong></span> <span class='ocrx_word' id='word_1_654' title='bbox 1895 4408 2015 4473; x_wconf 85' lang='lat' dir='ltr'><strong>Gr.,</strong></span> <span class='ocrx_word' id='word_1_655' title='bbox 2053 4407 2215 4472; x_wconf 70' lang='lat' dir='ltr'><strong>Nam,</strong></span> <span class='ocrx_word' id='word_1_656' title='bbox 2242 4423 2293 4477; x_wconf 93' lang='lat' dir='ltr'><strong>p.</strong></span> <span class='ocrx_word' id='word_1_657' title='bbox 2326 4409 2417 4465; x_wconf 61' lang='lat' dir='ltr'><strong>l8.</strong></span> <span class='ocrx_word' id='word_1_658' title='bbox 2446 4438 2515 4450; x_wconf 89' lang='lat'><strong>-—</strong></span> <span class='ocrx_word' id='word_1_659' title='bbox 2561 4409 2693 4464; x_wconf 85' lang='lat' dir='ltr'><strong>Ibid.</strong></span> <span class='ocrx_word' id='word_1_660' title='bbox 2730 4410 2782 4463; x_wconf 86' lang='lat' dir='ltr'><strong>in</strong></span> <span class='ocrx_word' id='word_1_661' title='bbox 2823 4410 2943 4464; x_wconf 89' lang='lat' dir='ltr'><strong>cod.</strong></span> <span class='ocrx_word' id='word_1_662' title='bbox 2976 4408 3106 4465; x_wconf 92' lang='lat' dir='ltr'><strong>bibl.</strong></span> <span class='ocrx_word' id='word_1_663' title='bbox 3138 4408 3303 4464; x_wconf 75' lang='lat' dir='ltr'><strong>Marc.</strong></span> <span class='ocrx_word' id='word_1_664' title='bbox 3344 4407 3458 4463; x_wconf 90' lang='lat' dir='ltr'><strong>LX.</strong></span> 
     </span>
    </p>
   </div>
   <div class='ocr_carea' id='block_1_81' title="bbox 232 4496 3459 4570">
    <p class='ocr_par' dir='ltr' id='par_1_81' title="bbox 232 4496 3459 4570">
     <span class='ocr_line' id='line_1_81' title="bbox 232 4496 3459 4570; baseline -0 -15"><span class='ocrx_word' id='word_1_665' title='bbox 232 4510 474 4557; x_wconf 85' lang='lat' dir='ltr'><strong>mentum</strong></span> <span class='ocrx_word' id='word_1_666' title='bbox 506 4499 682 4555; x_wconf 82' lang='lat' dir='ltr'><strong>:alias</strong></span> <span class='ocrx_word' id='word_1_667' title='bbox 709 4500 879 4569; x_wconf 82' lang='lat' dir='ltr'><strong>[uerat</strong></span> <span class='ocrx_word' id='word_1_668' title='bbox 907 4502 1165 4567; x_wconf 83' lang='lat' dir='ltr'><strong>dicturus,</strong></span> <span class='ocrx_word' id='word_1_669' title='bbox 1195 4502 1251 4555; x_wconf 80' lang='lat' dir='ltr'><strong>iu</strong></span> <span class='ocrx_word' id='word_1_670' title='bbox 1274 4510 1400 4565; x_wconf 84' lang='lat' dir='ltr'><strong>quot</strong></span> <span class='ocrx_word' id='word_1_671' title='bbox 1426 4519 1481 4557; x_wconf 84' lang='lat' dir='ltr'><strong>se</strong></span> <span class='ocrx_word' id='word_1_672' title='bbox 1502 4505 1795 4558; x_wconf 74' lang='lat' dir='ltr'><strong>extenderet</strong></span> <span class='ocrx_word' id='word_1_673' title='bbox 1896 4496 2027 4553; x_wconf 87' lang='lat' dir='ltr'><strong>Vide</strong></span> <span class='ocrx_word' id='word_1_674' title='bbox 2069 4497 2108 4552; x_wconf 86' lang='grc' dir='ltr'><strong>Ζ</strong></span> <span class='ocrx_word' id='word_1_675' title='bbox 2128 4501 2278 4555; x_wconf 84' lang='lat' dir='ltr'><strong>metti</strong></span> <span class='ocrx_word' id='word_1_676' title='bbox 2321 4500 2439 4556; x_wconf 86' lang='lat' dir='ltr'><strong>Cat.</strong></span> <span class='ocrx_word' id='word_1_677' title='bbox 2486 4500 2607 4554; x_wconf 90' lang='lat' dir='ltr'><strong>eod.</strong></span> <span class='ocrx_word' id='word_1_678' title='bbox 2640 4498 2734 4555; x_wconf 84' lang='lat' dir='ltr'><strong>Gr.</strong></span> <span class='ocrx_word' id='word_1_679' title='bbox 2764 4515 2817 4570; x_wconf 89' lang='lat' dir='ltr'><strong>p.</strong></span> <span class='ocrx_word' id='word_1_680' title='bbox 2850 4500 2937 4555; x_wconf 73' lang='grc'><strong>42.</strong></span> <span class='ocrx_word' id='word_1_681' title='bbox 2979 4531 3022 4541; x_wconf 93' lang='grc'><strong><em>-</em></strong></span> <span class='ocrx_word' id='word_1_682' title='bbox 3090 4499 3376 4555; x_wconf 64' lang='lat' dir='ltr'><strong>Florentiae</strong></span> <span class='ocrx_word' id='word_1_683' title='bbox 3404 4501 3459 4555; x_wconf 92' lang='lat' dir='ltr'><strong>in</strong></span> 
     </span>
    </p>
   </div>
   <div class='ocr_carea' id='block_1_82' title="bbox 231 4590 3461 4677">
    <p class='ocr_par' dir='ltr' id='par_1_82' title="bbox 231 4590 3461 4677">
     <span class='ocr_line' id='line_1_82' title="bbox 231 4590 3461 4677; baseline 0 -32"><span class='ocrx_word' id='word_1_684' title='bbox 231 4594 403 4661; x_wconf 77' lang='lat' dir='ltr'><strong>capita</strong></span> <span class='ocrx_word' id='word_1_685' title='bbox 432 4594 530 4662; x_wconf 67' lang='grc' dir='ltr'><strong>(ι).</strong></span> <span class='ocrx_word' id='word_1_686' title='bbox 563 4590 762 4646; x_wconf 79' lang='lat' dir='ltr'><strong>Noram</strong></span> <span class='ocrx_word' id='word_1_687' title='bbox 794 4605 861 4645; x_wconf 81' lang='lat' dir='ltr'><strong>ex</strong></span> <span class='ocrx_word' id='word_1_688' title='bbox 895 4593 1100 4659; x_wconf 72' lang='lat' dir='ltr'><strong>integro</strong></span> <span class='ocrx_word' id='word_1_689' title='bbox 1132 4593 1429 4648; x_wconf 78' lang='lat' dir='ltr'><strong>versionem</strong></span> <span class='ocrx_word' id='word_1_690' title='bbox 1469 4594 1625 4662; x_wconf 84' lang='lat' dir='ltr'><strong>hujus</strong></span> <span class='ocrx_word' id='word_1_691' title='bbox 1660 4609 1789 4665; x_wconf 87' lang='lat' dir='ltr'><strong>ope-</strong></span> <span class='ocrx_word' id='word_1_692' title='bbox 1821 4616 1870 4677; x_wconf 75' lang='grc' dir='ltr'><strong><em>υ</em></strong></span> <span class='ocrx_word' id='word_1_693' title='bbox 1894 4592 2016 4647; x_wconf 89' lang='lat' dir='ltr'><strong>cod.</strong></span> <span class='ocrx_word' id='word_1_694' title='bbox 2043 4591 2517 4646; x_wconf 53' lang='lat' dir='ltr'><strong>Media-Laurent.</strong></span> <span class='ocrx_word' id='word_1_695' title='bbox 2546 4590 2609 4655; x_wconf 89' lang='lat' dir='ltr'><strong>Il,</strong></span> <span class='ocrx_word' id='word_1_696' title='bbox 2642 4592 2771 4660; x_wconf 88' lang='lat' dir='ltr'><strong>plut.</strong></span> <span class='ocrx_word' id='word_1_697' title='bbox 2804 4592 2858 4655; x_wconf 75' lang='grc' dir='ltr'><strong>ι,</strong></span> <span class='ocrx_word' id='word_1_698' title='bbox 2880 4592 2945 4647; x_wconf 89' lang='lat' dir='ltr'><strong>de</strong></span> <span class='ocrx_word' id='word_1_699' title='bbox 2967 4608 3075 4661; x_wconf 90' lang='lat' dir='ltr'><strong>quo</strong></span> <span class='ocrx_word' id='word_1_700' title='bbox 3105 4593 3319 4661; x_wconf 88' lang='lat' dir='ltr'><strong>copiose</strong></span> <span class='ocrx_word' id='word_1_701' title='bbox 3345 4590 3461 4645; x_wconf 86' lang='lat' dir='ltr'><strong>dis-</strong></span> 
     </span>
    </p>
   </div>
   <div class='ocr_carea' id='block_1_83' title="bbox 232 4680 3460 4753">
    <p class='ocr_par' dir='ltr' id='par_1_83' title="bbox 232 4680 3460 4753">
     <span class='ocr_line' id='line_1_83' title="bbox 232 4680 3460 4753; baseline -0.001 -16"><span class='ocrx_word' id='word_1_702' title='bbox 232 4683 359 4738; x_wconf 89' lang='lat' dir='ltr'><strong>risa</strong></span> <span class='ocrx_word' id='word_1_703' title='bbox 389 4685 508 4737; x_wconf 78' lang='lat' dir='ltr'><strong>viro</strong></span> <span class='ocrx_word' id='word_1_704' title='bbox 532 4682 713 4752; x_wconf 88' lang='lat' dir='ltr'><strong>aliquo</strong></span> <span class='ocrx_word' id='word_1_705' title='bbox 742 4682 899 4736; x_wconf 89' lang='lat' dir='ltr'><strong>docto</strong></span> <span class='ocrx_word' id='word_1_706' title='bbox 932 4695 995 4733; x_wconf 80' lang='lat' dir='ltr'><strong>ac</strong></span> <span class='ocrx_word' id='word_1_707' title='bbox 1038 4682 1205 4749; x_wconf 89' lang='lat' dir='ltr'><strong>probo</strong></span> <span class='ocrx_word' id='word_1_708' title='bbox 1240 4683 1416 4751; x_wconf 82' lang='lat' dir='ltr'><strong>parari</strong></span> <span class='ocrx_word' id='word_1_709' title='bbox 1451 4693 1599 4753; x_wconf 85' lang='lat' dir='ltr'><strong>optat</strong></span> <span class='ocrx_word' id='word_1_710' title='bbox 1625 4684 1788 4739; x_wconf 85' lang='lat' dir='ltr'><strong>Com-</strong></span> <span class='ocrx_word' id='word_1_711' title='bbox 1895 4684 2027 4738; x_wconf 90' lang='lat' dir='ltr'><strong>serit</strong></span> <span class='ocrx_word' id='word_1_712' title='bbox 2074 4682 2301 4736; x_wconf 85' lang='lat' dir='ltr'><strong>Bandin.</strong></span> <span class='ocrx_word' id='word_1_713' title='bbox 2328 4680 2446 4736; x_wconf 84' lang='lat' dir='ltr'><strong>Cat.</strong></span> <span class='ocrx_word' id='word_1_714' title='bbox 2493 4683 2607 4737; x_wconf 84' lang='lat' dir='ltr'><strong>cod.</strong></span> <span class='ocrx_word' id='word_1_715' title='bbox 2661 4681 2783 4745; x_wconf 69' lang='lat' dir='ltr'><strong>(in,</strong></span> <span class='ocrx_word' id='word_1_716' title='bbox 2818 4680 2857 4747; x_wconf 94' lang='lat' dir='ltr'><strong>I,</strong></span> <span class='ocrx_word' id='word_1_717' title='bbox 2908 4700 2958 4751; x_wconf 85' lang='lat' dir='ltr'><strong>p.</strong></span> <span class='ocrx_word' id='word_1_718' title='bbox 2997 4682 3100 4737; x_wconf 88' lang='lat' dir='ltr'><strong>5I8</strong></span> <span class='ocrx_word' id='word_1_719' title='bbox 3147 4697 3262 4751; x_wconf 90' lang='lat' dir='ltr'><strong>seq.</strong></span> <span class='ocrx_word' id='word_1_720' title='bbox 3295 4709 3364 4720; x_wconf 90' lang='lat'><strong><em>—</em></strong></span> <span class='ocrx_word' id='word_1_721' title='bbox 3402 4680 3460 4734; x_wconf 88' lang='lat' dir='ltr'><strong>In</strong></span> 
     </span>
    </p>
   </div>
   <div class='ocr_carea' id='block_1_84' title="bbox 230 4763 3489 4846">
    <p class='ocr_par' dir='ltr' id='par_1_84' title="bbox 230 4763 3489 4846">
     <span class='ocr_line' id='line_1_84' title="bbox 230 4763 3489 4846; baseline -0.002 -15"><span class='ocrx_word' id='word_1_722' title='bbox 230 4776 474 4841; x_wconf 85' lang='lat' dir='ltr'><strong>belisins,</strong></span> <span class='ocrx_word' id='word_1_723' title='bbox 502 4776 593 4846; x_wconf 88' lang='lat' dir='ltr'><strong>qui</strong></span> <span class='ocrx_word' id='word_1_724' title='bbox 627 4774 775 4845; x_wconf 88' lang='lat' dir='ltr'><strong>plura</strong></span> <span class='ocrx_word' id='word_1_725' title='bbox 811 4775 864 4829; x_wconf 92' lang='lat' dir='ltr'><strong>in</strong></span> <span class='ocrx_word' id='word_1_726' title='bbox 892 4772 1160 4827; x_wconf 81' lang='lat' dir='ltr'><strong>Tilmanni</strong></span> <span class='ocrx_word' id='word_1_727' title='bbox 1208 4774 1454 4827; x_wconf 78' lang='lat' dir='ltr'><strong>versione</strong></span> <span class='ocrx_word' id='word_1_728' title='bbox 1497 4775 1788 4843; x_wconf 81' lang='lat' dir='ltr'><strong>reprehen-</strong></span> <span class='ocrx_word' id='word_1_729' title='bbox 1894 4786 2090 4827; x_wconf 76' lang='lat' dir='ltr'><strong>norem</strong></span> <span class='ocrx_word' id='word_1_730' title='bbox 2143 4773 2263 4826; x_wconf 88' lang='lat' dir='ltr'><strong>cod.</strong></span> <span class='ocrx_word' id='word_1_731' title='bbox 2320 4770 2451 4826; x_wconf 90' lang='lat' dir='ltr'><strong>bibl.</strong></span> <span class='ocrx_word' id='word_1_732' title='bbox 2481 4773 2628 4840; x_wconf 88' lang='lat' dir='ltr'><strong>publ.</strong></span> <span class='ocrx_word' id='word_1_733' title='bbox 2662 4771 2832 4826; x_wconf 85' lang='lat' dir='ltr'><strong>Paris.</strong></span> <span class='ocrx_word' id='word_1_734' title='bbox 2863 4801 2931 4812; x_wconf 92' lang='lat'><strong>—</strong></span> <span class='ocrx_word' id='word_1_735' title='bbox 2963 4770 3185 4825; x_wconf 83' lang='lat' dir='ltr'><strong>Taurini</strong></span> <span class='ocrx_word' id='word_1_736' title='bbox 3236 4772 3287 4824; x_wconf 92' lang='lat' dir='ltr'><strong>in</strong></span> <span class='ocrx_word' id='word_1_737' title='bbox 3335 4772 3455 4825; x_wconf 91' lang='lat' dir='ltr'><strong>eod.</strong></span> <span class='ocrx_word' id='word_1_738' title='bbox 3484 4763 3489 4769; x_wconf 81' lang='grc'><em>’</em></span> 
     </span>
    </p>
   </div>
   <div class='ocr_carea' id='block_1_85' title="bbox 228 4859 3382 4933">
    <p class='ocr_par' dir='ltr' id='par_1_85' title="bbox 228 4859 3382 4933">
     <span class='ocr_line' id='line_1_85' title="bbox 228 4859 3382 4933; baseline -0.002 -13"><span class='ocrx_word' id='word_1_739' title='bbox 228 4866 306 4920; x_wconf 87' lang='lat' dir='ltr'><strong>dit</strong></span> <span class='ocrx_word' id='word_1_740' title='bbox 347 4874 511 4933; x_wconf 90' lang='lat' dir='ltr'><strong>atque</strong></span> <span class='ocrx_word' id='word_1_741' title='bbox 537 4862 821 4931; x_wconf 72' lang='lat' dir='ltr'><strong>castigavit</strong></span> <span class='ocrx_word' id='word_1_742' title='bbox 858 4872 987 4917; x_wconf 89' lang='lat' dir='ltr'><strong>tom.</strong></span> <span class='ocrx_word' id='word_1_743' title='bbox 1022 4862 1037 4916; x_wconf 97' lang='lat' dir='ltr'><strong>I</strong></span> <span class='ocrx_word' id='word_1_744' title='bbox 1072 4861 1263 4916; x_wconf 83' lang='lat' dir='ltr'><strong>Basilii</strong></span> <span class='ocrx_word' id='word_1_745' title='bbox 1294 4862 1541 4924; x_wconf 84' lang='lat' dir='ltr'><strong>restituti,</strong></span> <span class='ocrx_word' id='word_1_746' title='bbox 1573 4877 1626 4931; x_wconf 89' lang='lat' dir='ltr'><strong>p.</strong></span> <span class='ocrx_word' id='word_1_747' title='bbox 1661 4863 1785 4920; x_wconf 71' lang='lat' dir='ltr'><strong>H7.</strong></span> <span class='ocrx_word' id='word_1_748' title='bbox 1897 4860 2067 4929; x_wconf 86' lang='lat' dir='ltr'><strong>XXX,</strong></span> <span class='ocrx_word' id='word_1_749' title='bbox 2093 4879 2146 4916; x_wconf 93' lang='lat' dir='ltr'><strong>n.</strong></span> <span class='ocrx_word' id='word_1_750' title='bbox 2178 4863 2230 4917; x_wconf 82' lang='lat' dir='ltr'><strong>I.</strong></span> <span class='ocrx_word' id='word_1_751' title='bbox 2261 4860 2390 4917; x_wconf 85' lang='lat' dir='ltr'><strong>Vide</strong></span> <span class='ocrx_word' id='word_1_752' title='bbox 2421 4861 2539 4917; x_wconf 76' lang='lat' dir='ltr'><strong>Cat.</strong></span> <span class='ocrx_word' id='word_1_753' title='bbox 2569 4863 2663 4916; x_wconf 81' lang='lat' dir='ltr'><strong>rod</strong></span> <span class='ocrx_word' id='word_1_754' title='bbox 2700 4862 2792 4917; x_wconf 79' lang='lat' dir='ltr'><strong>Gr.</strong></span> <span class='ocrx_word' id='word_1_755' title='bbox 2822 4859 3007 4925; x_wconf 68' lang='lat' dir='ltr'><strong>Taun,</strong></span> <span class='ocrx_word' id='word_1_756' title='bbox 3041 4875 3094 4928; x_wconf 88' lang='lat' dir='ltr'><strong>p.</strong></span> <span class='ocrx_word' id='word_1_757' title='bbox 3128 4859 3247 4923; x_wconf 88' lang='lat' dir='ltr'><strong>I07,</strong></span> <span class='ocrx_word' id='word_1_758' title='bbox 3278 4870 3382 4914; x_wconf 80' lang='lat' dir='ltr'><strong>etc.</strong></span> 
     </span>
    </p>
   </div>
   <div class='ocr_carea' id='block_1_86' title="bbox 226 4946 3457 5025">
    <p class='ocr_par' dir='ltr' id='par_1_86' title="bbox 226 4946 3457 5025">
     <span class='ocr_line' id='line_1_86' title="bbox 226 4946 3457 5025; baseline -0.002 -16"><span class='ocrx_word' id='word_1_759' title='bbox 226 4953 283 5009; x_wconf 89' lang='lat' dir='ltr'><strong>In</strong></span> <span class='ocrx_word' id='word_1_760' title='bbox 322 4952 551 5019; x_wconf 77' lang='lat' dir='ltr'><strong>epistola</strong></span> <span class='ocrx_word' id='word_1_761' title='bbox 582 4952 651 5008; x_wconf 86' lang='lat'><strong>80</strong></span> <span class='ocrx_word' id='word_1_762' title='bbox 680 4952 863 5007; x_wconf 86' lang='lat' dir='ltr'><strong>Basilii</strong></span> <span class='ocrx_word' id='word_1_763' title='bbox 908 4952 974 5006; x_wconf 89' lang='lat' dir='ltr'><strong>ad</strong></span> <span class='ocrx_word' id='word_1_764' title='bbox 1019 4952 1357 5007; x_wconf 73' lang='lat' dir='ltr'><strong>Eustatltiutu</strong></span> <span class='ocrx_word' id='word_1_765' title='bbox 1404 4953 1786 5025; x_wconf 86' lang='lat' dir='ltr'><strong>tnedicum(e),</strong></span> <span class='ocrx_word' id='word_1_766' title='bbox 1968 4952 2105 5007; x_wconf 77' lang='lat' dir='ltr'><strong>Tum</strong></span> <span class='ocrx_word' id='word_1_767' title='bbox 2156 4955 2400 5023; x_wconf 85' lang='lat' dir='ltr'><strong>sequitur</strong></span> <span class='ocrx_word' id='word_1_768' title='bbox 2448 4969 2499 5022; x_wconf 88' lang='lat' dir='ltr'><strong>p.</strong></span> <span class='ocrx_word' id='word_1_769' title='bbox 2549 4952 2653 5005; x_wconf 80' lang='lat' dir='ltr'><strong>6I8</strong></span> <span class='ocrx_word' id='word_1_770' title='bbox 2698 4966 2813 5019; x_wconf 84' lang='lat' dir='ltr'><strong>seq.</strong></span> <span class='ocrx_word' id='word_1_771' title='bbox 2864 4950 2949 5002; x_wconf 91' lang='lat' dir='ltr'><strong>ed.</strong></span> <span class='ocrx_word' id='word_1_772' title='bbox 2996 4946 3159 5003; x_wconf 80' lang='lat' dir='ltr'><strong>Garn.</strong></span> <span class='ocrx_word' id='word_1_773' title='bbox 3206 4947 3457 5001; x_wconf 85' lang='lat' dir='ltr'><strong>Ennomii</strong></span> 
     </span>
    </p>
   </div>
   <div class='ocr_carea' id='block_1_87' title="bbox 299 5061 3457 5136">
    <p class='ocr_par' dir='ltr' id='par_1_87' title="bbox 299 5061 3457 5136">
     <span class='ocr_line' id='line_1_87' title="bbox 299 5061 3457 5136; baseline -0.002 -18"><span class='ocrx_word' id='word_1_774' title='bbox 299 5066 377 5136; x_wconf 73' lang='grc' dir='ltr'><strong>(α)</strong></span> <span class='ocrx_word' id='word_1_775' title='bbox 417 5061 553 5136; x_wconf 83' lang='lat' dir='ltr'><strong>Vide</strong></span> <span class='ocrx_word' id='word_1_776' title='bbox 586 5062 1033 5136; x_wconf 72' lang='lat' dir='ltr'><strong>Montfanconinm</strong></span> <span class='ocrx_word' id='word_1_777' title='bbox 1063 5064 1099 5118; x_wconf 96' lang='lat' dir='ltr'><strong>I.</strong></span> <span class='ocrx_word' id='word_1_778' title='bbox 1130 5080 1204 5130; x_wconf 92' lang='lat' dir='ltr'><strong>e.,</strong></span> <span class='ocrx_word' id='word_1_779' title='bbox 1230 5080 1283 5134; x_wconf 90' lang='lat' dir='ltr'><strong>p.</strong></span> <span class='ocrx_word' id='word_1_780' title='bbox 1315 5064 1439 5122; x_wconf 64' lang='lat'><strong>348.</strong></span> <span class='ocrx_word' id='word_1_781' title='bbox 1476 5062 1794 5120; x_wconf 80' lang='lat' dir='ltr'><strong>an.Add.</strong></span> <span class='ocrx_word' id='word_1_782' title='bbox 1898 5066 2068 5121; x_wconf 73' lang='lat' dir='ltr'><strong>videri</strong></span> <span class='ocrx_word' id='word_1_783' title='bbox 2115 5082 2232 5122; x_wconf 80' lang='lat' dir='ltr'><strong>esse</strong></span> <span class='ocrx_word' id='word_1_784' title='bbox 2278 5066 2439 5119; x_wconf 88' lang='lat' dir='ltr'><strong>alium</strong></span> <span class='ocrx_word' id='word_1_785' title='bbox 2480 5064 2757 5127; x_wconf 86' lang='lat' dir='ltr'><strong>Basilium,</strong></span> <span class='ocrx_word' id='word_1_786' title='bbox 2785 5062 2873 5132; x_wconf 92' lang='lat' dir='ltr'><strong>qui</strong></span> <span class='ocrx_word' id='word_1_787' title='bbox 2916 5062 2965 5115; x_wconf 91' lang='lat' dir='ltr'><strong>in</strong></span> <span class='ocrx_word' id='word_1_788' title='bbox 2998 5061 3277 5131; x_wconf 67' lang='lat' dir='ltr'><strong>plerasque</strong></span> <span class='ocrx_word' id='word_1_789' title='bbox 3316 5061 3457 5136; x_wconf 77' lang='lat' dir='ltr'><strong>Gre-</strong></span> 
     </span>
    </p>
   </div>
   <div class='ocr_carea' id='block_1_88' title="bbox 228 5132 3455 5207">
    <p class='ocr_par' dir='ltr' id='par_1_88' title="bbox 228 5132 3455 5207">
     <span class='ocr_line' id='line_1_88' title="bbox 228 5132 3455 5207; baseline -0.002 -18"><span class='ocrx_word' id='word_1_790' title='bbox 228 5132 367 5207; x_wconf 61' lang='lat' dir='ltr'><strong>allos&#39;</strong></span> <span class='ocrx_word' id='word_1_791' title='bbox 405 5134 554 5207; x_wconf 39' lang='lat' dir='ltr'><strong>eod.)</strong></span> <span class='ocrx_word' id='word_1_792' title='bbox 598 5149 627 5185; x_wconf 92' lang='lat' dir='ltr'><strong>a</strong></span> <span class='ocrx_word' id='word_1_793' title='bbox 657 5132 884 5189; x_wconf 85' lang='lat' dir='ltr'><strong>Garuer.</strong></span> <span class='ocrx_word' id='word_1_794' title='bbox 936 5136 989 5189; x_wconf 92' lang='lat' dir='ltr'><strong>in</strong></span> <span class='ocrx_word' id='word_1_795' title='bbox 1034 5144 1145 5189; x_wconf 92' lang='lat' dir='ltr'><strong>not.</strong></span> <span class='ocrx_word' id='word_1_796' title='bbox 1180 5132 1370 5207; x_wconf 75' lang='lat' dir='ltr'><strong>p.378</strong></span> <span class='ocrx_word' id='word_1_797' title='bbox 1400 5136 1591 5189; x_wconf 88' lang='lat' dir='ltr'><strong>citatos</strong></span> <span class='ocrx_word' id='word_1_798' title='bbox 1635 5143 1795 5205; x_wconf 87' lang='lat' dir='ltr'><strong>atque</strong></span> <span class='ocrx_word' id='word_1_799' title='bbox 1901 5138 2035 5207; x_wconf 70' lang='lat' dir='ltr'><strong>gon-ii</strong></span> <span class='ocrx_word' id='word_1_800' title='bbox 2077 5137 2328 5207; x_wconf 67' lang='lat' dir='ltr'><strong>Nazians.</strong></span> <span class='ocrx_word' id='word_1_801' title='bbox 2391 5144 2529 5207; x_wconf 70' lang='lat' dir='ltr'><strong>orat.</strong></span> <span class='ocrx_word' id='word_1_802' title='bbox 2582 5142 2975 5207; x_wconf 75' lang='lat' dir='ltr'><strong>commentatus</strong></span> <span class='ocrx_word' id='word_1_803' title='bbox 2991 5143 3110 5207; x_wconf 54' lang='grc' dir='ltr'><strong>ρει,</strong></span> <span class='ocrx_word' id='word_1_804' title='bbox 3146 5144 3316 5207; x_wconf 62' lang='lat' dir='ltr'><strong>atque</strong></span> <span class='ocrx_word' id='word_1_805' title='bbox 3354 5132 3455 5207; x_wconf 64' lang='lat' dir='ltr'><strong>sub</strong></span> 
     </span>
    </p>
   </div>
   <div class='ocr_carea' id='block_1_89' title="bbox 226 5200 3453 5274">
    <p class='ocr_par' dir='ltr' id='par_1_89' title="bbox 226 5200 3453 5274">
     <span class='ocr_line' id='line_1_89' title="bbox 226 5200 3453 5274; baseline -0.001 -18"><span class='ocrx_word' id='word_1_806' title='bbox 226 5205 471 5274; x_wconf 82' lang='lat' dir='ltr'><strong>collatos.</strong></span> <span class='ocrx_word' id='word_1_807' title='bbox 505 5202 677 5258; x_wconf 70' lang='lat' dir='ltr'><strong>IlsltL.</strong></span> <span class='ocrx_word' id='word_1_808' title='bbox 1180 5200 1195 5207; x_wconf 61' lang='grc'>⁷</span> <span class='ocrx_word' id='word_1_809' title='bbox 1437 5272 1480 5274; x_wconf 38' lang='grc' dir='ltr'><em>Η</em></span> <span class='ocrx_word' id='word_1_810' title='bbox 1708 5200 1724 5205; x_wconf 60' lang='grc'>⁷</span> <span class='ocrx_word' id='word_1_811' title='bbox 1897 5200 2246 5261; x_wconf 80' lang='lat' dir='ltr'><strong>Constantino</strong></span> <span class='ocrx_word' id='word_1_812' title='bbox 2294 5204 2645 5274; x_wconf 76' lang='lat' dir='ltr'><strong>Porpltyrug..</strong></span> <span class='ocrx_word' id='word_1_813' title='bbox 2675 5205 2803 5259; x_wconf 89' lang='lat' dir='ltr'><strong>circ.</strong></span> <span class='ocrx_word' id='word_1_814' title='bbox 2854 5204 2918 5274; x_wconf 69' lang='grc' dir='ltr'>Α.</span> <span class='ocrx_word' id='word_1_815' title='bbox 2951 5202 3055 5257; x_wconf 72' lang='grc'><strong>920</strong></span> <span class='ocrx_word' id='word_1_816' title='bbox 3099 5203 3176 5255; x_wconf 67' lang='lat' dir='ltr'><strong>vel</strong></span> <span class='ocrx_word' id='word_1_817' title='bbox 3209 5200 3322 5274; x_wconf 60' lang='lat'><strong>930</strong></span> <span class='ocrx_word' id='word_1_818' title='bbox 3354 5200 3453 5274; x_wconf 80' lang='lat' dir='ltr'><strong>Ilo-</strong></span> 
     </span>
    </p>
   </div>
   <div class='ocr_carea' id='block_1_90' title="bbox 299 5270 3451 5343">
    <p class='ocr_par' dir='ltr' id='par_1_90' title="bbox 299 5270 3451 5343">
     <span class='ocr_line' id='line_1_90' title="bbox 299 5270 3451 5343; baseline -0.002 -16"><span class='ocrx_word' id='word_1_819' title='bbox 299 5274 374 5343; x_wconf 76' lang='grc' dir='ltr'><strong>(ι)</strong></span> <span class='ocrx_word' id='word_1_820' title='bbox 416 5273 762 5336; x_wconf 80' lang='lat' dir='ltr'><strong>Possevinus,</strong></span> <span class='ocrx_word' id='word_1_821' title='bbox 803 5288 924 5327; x_wconf 88' lang='lat' dir='ltr'><strong>cum</strong></span> <span class='ocrx_word' id='word_1_822' title='bbox 963 5283 1176 5329; x_wconf 78' lang='lat' dir='ltr'><strong>veteres</strong></span> <span class='ocrx_word' id='word_1_823' title='bbox 1221 5274 1388 5329; x_wconf 87' lang='lat' dir='ltr'><strong>libros</strong></span> <span class='ocrx_word' id='word_1_824' title='bbox 1434 5272 1795 5331; x_wconf 73' lang='lat' dir='ltr'><strong>Messanensis</strong></span> <span class='ocrx_word' id='word_1_825' title='bbox 1897 5279 2069 5331; x_wconf 82' lang='lat' dir='ltr'><strong>ruisse</strong></span> <span class='ocrx_word' id='word_1_826' title='bbox 2117 5270 2728 5330; x_wconf 52' lang='lat' dir='ltr'><strong>creditur.&#39;T&#39;nut&#39;cmt.</strong></span> <span class='ocrx_word' id='word_1_827' title='bbox 2775 5272 3024 5339; x_wconf 77' lang='lat' dir='ltr'><strong>Anglicus</strong></span> <span class='ocrx_word' id='word_1_828' title='bbox 3077 5272 3357 5343; x_wconf 80' lang='lat' dir='ltr'><strong>nntni_u:tt,</strong></span> <span class='ocrx_word' id='word_1_829' title='bbox 3399 5270 3451 5322; x_wconf 88' lang='lat' dir='ltr'><strong>in</strong></span> 
     </span>
    </p>
   </div>
   <div class='ocr_carea' id='block_1_91' title="bbox 228 5338 3455 5416">
    <p class='ocr_par' dir='ltr' id='par_1_91' title="bbox 228 5338 3455 5416">
     <span class='ocr_line' id='line_1_91' title="bbox 228 5338 3455 5416; baseline -0.002 -17"><span class='ocrx_word' id='word_1_830' title='bbox 228 5338 571 5416; x_wconf 68' lang='lat' dir='ltr'><strong>bibliotheca:</strong></span> <span class='ocrx_word' id='word_1_831' title='bbox 601 5353 942 5416; x_wconf 60' lang='lat' dir='ltr'><strong>recensent,</strong></span> <span class='ocrx_word' id='word_1_832' title='bbox 986 5346 1201 5414; x_wconf 88' lang='lat' dir='ltr'><strong>scripsit</strong></span> <span class='ocrx_word' id='word_1_833' title='bbox 1241 5345 1293 5416; x_wconf 91' lang='lat' dir='ltr'><strong>I_n</strong></span> <span class='ocrx_word' id='word_1_834' title='bbox 1334 5345 1467 5412; x_wconf 78' lang='lat' dir='ltr'><strong>App.</strong></span> <span class='ocrx_word' id='word_1_835' title='bbox 1510 5360 1563 5410; x_wconf 90' lang='lat' dir='ltr'><strong>p.</strong></span> <span class='ocrx_word' id='word_1_836' title='bbox 1600 5344 1689 5416; x_wconf 72' lang='lat'><strong>37,</strong></span> <span class='ocrx_word' id='word_1_837' title='bbox 1725 5349 1792 5399; x_wconf 88' lang='lat' dir='ltr'><strong>ad</strong></span> <span class='ocrx_word' id='word_1_838' title='bbox 1894 5362 1965 5416; x_wconf 90' lang='lat' dir='ltr'><strong>qn</strong></span> <span class='ocrx_word' id='word_1_839' title='bbox 1992 5348 2090 5398; x_wconf 81' lang='lat' dir='ltr'><strong>bus</strong></span> <span class='ocrx_word' id='word_1_840' title='bbox 2139 5348 2189 5397; x_wconf 90' lang='lat' dir='ltr'><strong>id</strong></span> <span class='ocrx_word' id='word_1_841' title='bbox 2233 5361 2367 5413; x_wconf 79' lang='lat' dir='ltr'><strong>opus</strong></span> <span class='ocrx_word' id='word_1_842' title='bbox 2414 5354 2620 5416; x_wconf 47' lang='lat' dir='ltr'><strong>exstat;</strong></span> <span class='ocrx_word' id='word_1_843' title='bbox 2652 5344 2788 5416; x_wconf 81' lang='lat' dir='ltr'><strong>Dein</strong></span> <span class='ocrx_word' id='word_1_844' title='bbox 2828 5338 3099 5416; x_wconf 57' lang='lat' dir='ltr'><strong>esatninat</strong></span> <span class='ocrx_word' id='word_1_845' title='bbox 3140 5338 3455 5416; x_wconf 69' lang='lat' dir='ltr'><strong>refutatth</strong></span> 
     </span>
    </p>
   </div>
   <div class='ocr_carea' id='block_1_92' title="bbox 227 5407 3453 5483">
    <p class='ocr_par' dir='ltr' id='par_1_92' title="bbox 227 5407 3453 5483">
     <span class='ocr_line' id='line_1_92' title="bbox 227 5407 3453 5483; baseline -0.002 -16"><span class='ocrx_word' id='word_1_846' title='bbox 227 5415 429 5483; x_wconf 82' lang='lat' dir='ltr'><strong>calcem</strong></span> <span class='ocrx_word' id='word_1_847' title='bbox 461 5414 645 5481; x_wconf 82' lang='lat' dir='ltr'><strong>operis</strong></span> <span class='ocrx_word' id='word_1_848' title='bbox 679 5430 693 5468; x_wconf 86' lang='lat'><strong>:</strong></span> <span class='ocrx_word' id='word_1_849' title='bbox 726 5407 1111 5483; x_wconf 74' lang='lat' dir='ltr'><strong>Copiosissima</strong></span> <span class='ocrx_word' id='word_1_850' title='bbox 1158 5416 1210 5468; x_wconf 91' lang='lat' dir='ltr'><strong>in</strong></span> <span class='ocrx_word' id='word_1_851' title='bbox 1252 5407 1440 5468; x_wconf 80' lang='lat' dir='ltr'><strong>Isaiam</strong></span> <span class='ocrx_word' id='word_1_852' title='bbox 1476 5407 1790 5483; x_wconf 80' lang='lat' dir='ltr'><strong>prophetam</strong></span> <span class='ocrx_word' id='word_1_853' title='bbox 1899 5407 2205 5470; x_wconf 60' lang='lat' dir='ltr'><strong>testimonia</strong></span> <span class='ocrx_word' id='word_1_854' title='bbox 2238 5407 2473 5467; x_wconf 54' lang='lat' dir='ltr'><strong>veterum</strong></span> <span class='ocrx_word' id='word_1_855' title='bbox 2501 5423 2553 5468; x_wconf 90' lang='lat' dir='ltr'><strong>et</strong></span> <span class='ocrx_word' id='word_1_856' title='bbox 2582 5412 2917 5476; x_wconf 78' lang='lat' dir='ltr'><strong>Tillemanni,</strong></span> <span class='ocrx_word' id='word_1_857' title='bbox 2950 5410 3232 5483; x_wconf 78' lang='lat' dir='ltr'><strong>idIlasilio</strong></span> <span class='ocrx_word' id='word_1_858' title='bbox 3262 5407 3332 5463; x_wconf 75' lang='grc' dir='ltr'>Μ.</span> <span class='ocrx_word' id='word_1_859' title='bbox 3367 5424 3453 5483; x_wconf 74' lang='lat' dir='ltr'><strong>as-</strong></span> 
     </span>
    </p>
   </div>
   <div class='ocr_carea' id='block_1_93' title="bbox 229 5480 3451 5554">
    <p class='ocr_par' dir='ltr' id='par_1_93' title="bbox 229 5480 3451 5554">
     <span class='ocr_line' id='line_1_93' title="bbox 229 5480 3451 5554; baseline -0.002 -17"><span class='ocrx_word' id='word_1_860' title='bbox 229 5482 289 5554; x_wconf 70' lang='lat' dir='ltr'><strong>l).</strong></span> <span class='ocrx_word' id='word_1_861' title='bbox 331 5480 510 5554; x_wconf 79' lang='lat' dir='ltr'><strong>Basilii</strong></span> <span class='ocrx_word' id='word_1_862' title='bbox 554 5480 939 5554; x_wconf 71' lang='lat' dir='ltr'><strong>interpretatio.</strong></span> <span class='ocrx_word' id='word_1_863' title='bbox 973 5482 1123 5554; x_wconf 66' lang='lat' dir='ltr'><strong>Opus</strong></span> <span class='ocrx_word' id='word_1_864' title='bbox 1160 5485 1423 5554; x_wconf 73' lang='lat' dir='ltr'><strong>integrum</strong></span> <span class='ocrx_word' id='word_1_865' title='bbox 1475 5480 1526 5538; x_wconf 88' lang='lat' dir='ltr'><strong>et</strong></span> <span class='ocrx_word' id='word_1_866' title='bbox 1577 5480 1784 5539; x_wconf 78' lang='lat' dir='ltr'><strong>rarum.</strong></span> <span class='ocrx_word' id='word_1_867' title='bbox 1898 5487 2165 5548; x_wconf 69' lang='lat' dir='ltr'><strong>serentis,</strong></span> <span class='ocrx_word' id='word_1_868' title='bbox 2223 5486 2553 5551; x_wconf 79' lang='lat' dir='ltr'><strong>aliorumque</strong></span> <span class='ocrx_word' id='word_1_869' title='bbox 2602 5483 2843 5554; x_wconf 74' lang='lat' dir='ltr'><strong>judicia;</strong></span> <span class='ocrx_word' id='word_1_870' title='bbox 2899 5482 3133 5554; x_wconf 70' lang='lat' dir='ltr'><strong>denique</strong></span> <span class='ocrx_word' id='word_1_871' title='bbox 3193 5480 3451 5554; x_wconf 67' lang='lat' dir='ltr'><strong>Ostendit,</strong></span> 
     </span>
    </p>
   </div>
   <div class='ocr_carea' id='block_1_94' title="bbox 227 5548 3449 5623">
    <p class='ocr_par' dir='ltr' id='par_1_94' title="bbox 227 5548 3449 5623">
     <span class='ocr_line' id='line_1_94' title="bbox 227 5548 3449 5623; baseline -0.002 -17"><span class='ocrx_word' id='word_1_872' title='bbox 227 5552 330 5606; x_wconf 85' lang='lat' dir='ltr'><strong>Sed</strong></span> <span class='ocrx_word' id='word_1_873' title='bbox 352 5553 519 5609; x_wconf 73' lang='lat' dir='ltr'><strong>Garat.</strong></span> <span class='ocrx_word' id='word_1_874' title='bbox 554 5555 677 5618; x_wconf 82' lang='lat' dir='ltr'><strong>jure</strong></span> <span class='ocrx_word' id='word_1_875' title='bbox 698 5548 921 5606; x_wconf 80' lang='lat' dir='ltr'><strong>dubitat</strong></span> <span class='ocrx_word' id='word_1_876' title='bbox 965 5548 1031 5605; x_wconf 11' lang='lat' dir='ltr'><strong>in,</strong></span> <span class='ocrx_word' id='word_1_877' title='bbox 1073 5548 1565 5623; x_wconf 60' lang='lat' dir='ltr'><strong>Houito&#39;pragllso:</strong></span> <span class='ocrx_word' id='word_1_878' title='bbox 1602 5563 1659 5607; x_wconf 80' lang='lat' dir='ltr'><strong>et</strong></span> <span class='ocrx_word' id='word_1_879' title='bbox 1688 5554 1787 5621; x_wconf 82' lang='lat' dir='ltr'><strong>ipsi</strong></span> <span class='ocrx_word' id='word_1_880' title='bbox 1896 5555 2042 5608; x_wconf 89' lang='lat' dir='ltr'><strong>illum</strong></span> <span class='ocrx_word' id='word_1_881' title='bbox 2076 5565 2366 5609; x_wconf 79' lang='lat' dir='ltr'><strong>comment.</strong></span> <span class='ocrx_word' id='word_1_882' title='bbox 2404 5548 2505 5606; x_wconf 80' lang='lat' dir='ltr'><strong>non</strong></span> <span class='ocrx_word' id='word_1_883' title='bbox 2544 5548 2811 5623; x_wconf 61' lang='lat' dir='ltr'><strong>pertinere</strong></span> <span class='ocrx_word' id='word_1_884' title='bbox 2845 5551 2911 5604; x_wconf 89' lang='lat' dir='ltr'><strong>ad</strong></span> <span class='ocrx_word' id='word_1_885' title='bbox 2952 5549 3230 5623; x_wconf 68' lang='lat' dir='ltr'><strong>Basiliam.</strong></span> <span class='ocrx_word' id='word_1_886' title='bbox 3280 5548 3449 5623; x_wconf 59' lang='lat' dir='ltr'><strong>Hau.</strong></span> 
     </span>
    </p>
   </div>
   <div class='ocr_carea' id='block_1_95' title="bbox 227 5619 3449 5695">
    <p class='ocr_par' dir='ltr' id='par_1_95' title="bbox 227 5619 3449 5695">
     <span class='ocr_line' id='line_1_95' title="bbox 227 5619 3449 5695; baseline -0.001 -20"><span class='ocrx_word' id='word_1_887' title='bbox 227 5624 673 5677; x_wconf 71' lang='lat' dir='ltr'><strong>verisimillimutn</strong></span> <span class='ocrx_word' id='word_1_888' title='bbox 728 5636 848 5695; x_wconf 82' lang='lat' dir='ltr'><strong>esse</strong></span> <span class='ocrx_word' id='word_1_889' title='bbox 882 5623 1145 5695; x_wconf 59' lang='lat' dir='ltr'><strong>uidetur,</strong></span> <span class='ocrx_word' id='word_1_890' title='bbox 1186 5619 1343 5695; x_wconf 77' lang='lat' dir='ltr'><strong>talem</strong></span> <span class='ocrx_word' id='word_1_891' title='bbox 1399 5622 1592 5695; x_wconf 79' lang='lat' dir='ltr'><strong>librum</strong></span> <span class='ocrx_word' id='word_1_892' title='bbox 1647 5619 1788 5695; x_wconf 63' lang='lat' dir='ltr'><strong>inte:</strong></span> <span class='ocrx_word' id='word_1_893' title='bbox 1968 5623 2041 5695; x_wconf 85' lang='lat' dir='ltr'><strong>(e)</strong></span> <span class='ocrx_word' id='word_1_894' title='bbox 2077 5623 2190 5695; x_wconf 76' lang='lat' dir='ltr'><strong>Non</strong></span> <span class='ocrx_word' id='word_1_895' title='bbox 2225 5623 2425 5695; x_wconf 81' lang='lat' dir='ltr'><strong>Basilii,</strong></span> <span class='ocrx_word' id='word_1_896' title='bbox 2457 5619 2555 5677; x_wconf 86' lang='lat' dir='ltr'><strong>sed</strong></span> <span class='ocrx_word' id='word_1_897' title='bbox 2566 5621 2801 5695; x_wconf 12' lang='lat' dir='ltr'><strong>iNysseni</strong></span> <span class='ocrx_word' id='word_1_898' title='bbox 2826 5635 2948 5695; x_wconf 64' lang='lat' dir='ltr'><strong>esse</strong></span> <span class='ocrx_word' id='word_1_899' title='bbox 2980 5621 3123 5679; x_wconf 86' lang='lat' dir='ltr'><strong>illam</strong></span> <span class='ocrx_word' id='word_1_900' title='bbox 3148 5619 3449 5689; x_wconf 86' lang='lat' dir='ltr'><strong>epistolam,</strong></span> 
     </span>
    </p>
   </div>
   <div class='ocr_carea' id='block_1_96' title="bbox 225 5689 2937 5762">
    <p class='ocr_par' dir='ltr' id='par_1_96' title="bbox 225 5689 2937 5762">
     <span class='ocr_line' id='line_1_96' title="bbox 225 5689 2937 5762; baseline -0.001 -17"><span class='ocrx_word' id='word_1_901' title='bbox 225 5707 376 5760; x_wconf 59' lang='lat' dir='ltr'><strong>arma</strong></span> <span class='ocrx_word' id='word_1_902' title='bbox 406 5707 682 5761; x_wconf 88' lang='lat' dir='ltr'><strong>nunquam</strong></span> <span class='ocrx_word' id='word_1_903' title='bbox 713 5692 1009 5749; x_wconf 79' lang='lat' dir='ltr'><strong>exstitisse.</strong></span> <span class='ocrx_word' id='word_1_904' title='bbox 1033 5693 1181 5745; x_wconf 81' lang='lat' dir='ltr'><strong>Adde</strong></span> <span class='ocrx_word' id='word_1_905' title='bbox 1202 5692 1395 5747; x_wconf 85' lang='lat' dir='ltr'><strong>Omlin.</strong></span> <span class='ocrx_word' id='word_1_906' title='bbox 1422 5692 1460 5747; x_wconf 90' lang='lat' dir='ltr'><strong>I.</strong></span> <span class='ocrx_word' id='word_1_907' title='bbox 1488 5707 1563 5755; x_wconf 84' lang='lat' dir='ltr'><strong>c..</strong></span> <span class='ocrx_word' id='word_1_908' title='bbox 1597 5708 1650 5761; x_wconf 93' lang='lat' dir='ltr'><strong>p.</strong></span> <span class='ocrx_word' id='word_1_909' title='bbox 1682 5691 1784 5762; x_wconf 79' lang='lat'><strong>557</strong></span> <span class='ocrx_word' id='word_1_910' title='bbox 1892 5689 2082 5750; x_wconf 76' lang='lat' dir='ltr'><strong>scribit</strong></span> <span class='ocrx_word' id='word_1_911' title='bbox 2109 5693 2313 5749; x_wconf 79' lang='lat' dir='ltr'><strong>Natalis</strong></span> <span class='ocrx_word' id='word_1_912' title='bbox 2340 5694 2519 5760; x_wconf 54' lang='lat' dir='ltr'><strong>Alcm,</strong></span> <span class='ocrx_word' id='word_1_913' title='bbox 2545 5694 2610 5748; x_wconf 89' lang='lat' dir='ltr'><strong>de</strong></span> <span class='ocrx_word' id='word_1_914' title='bbox 2627 5689 2745 5762; x_wconf 70' lang='lat' dir='ltr'><strong>qua</strong></span> <span class='ocrx_word' id='word_1_915' title='bbox 2775 5689 2937 5745; x_wconf 80' lang='lat' dir='ltr'><strong>infra.</strong></span> 
     </span>
    </p>
   </div>
   <div class='ocr_carea' id='block_1_97' title="bbox 222 5760 1782 5834">
    <p class='ocr_par' dir='ltr' id='par_1_97' title="bbox 222 5760 1782 5834">
     <span class='ocr_line' id='line_1_97' title="bbox 222 5760 1782 5834; baseline -0.001 -15"><span class='ocrx_word' id='word_1_916' title='bbox 222 5775 361 5834; x_wconf 83' lang='lat' dir='ltr'><strong>seq.,</strong></span> <span class='ocrx_word' id='word_1_917' title='bbox 392 5763 486 5834; x_wconf 85' lang='lat' dir='ltr'><strong>qui</strong></span> <span class='ocrx_word' id='word_1_918' title='bbox 540 5760 819 5833; x_wconf 84' lang='lat' dir='ltr'><strong>opinatur,</strong></span> <span class='ocrx_word' id='word_1_919' title='bbox 866 5772 1143 5818; x_wconf 84' lang='lat' dir='ltr'><strong>auctorem</strong></span> <span class='ocrx_word' id='word_1_920' title='bbox 1200 5762 1357 5831; x_wconf 74' lang='lat' dir='ltr'><strong>hujus</strong></span> <span class='ocrx_word' id='word_1_921' title='bbox 1406 5760 1782 5817; x_wconf 85' lang='lat' dir='ltr'><strong>commentarii</strong></span> 
     </span>
    </p>
   </div>
   <div class='ocr_carea' id='block_1_98' title="bbox 286 5864 3445 5958">
    <p class='ocr_par' dir='ltr' id='par_1_98' title="bbox 286 5864 3445 5958">
     <span class='ocr_line' id='line_1_98' title="bbox 286 5864 3445 5958; baseline -0.006 -19"><span class='ocrx_word' id='word_1_922' title='bbox 286 5883 363 5958; x_wconf 78' lang='grc' dir='ltr'><strong>(ί)</strong></span> <span class='ocrx_word' id='word_1_923' title='bbox 392 5881 628 5941; x_wconf 79' lang='lat' dir='ltr'><strong>Harlesii</strong></span> <span class='ocrx_word' id='word_1_924' title='bbox 658 5893 895 5938; x_wconf 83' lang='lat' dir='ltr'><strong>errorem</strong></span> <span class='ocrx_word' id='word_1_925' title='bbox 919 5878 1032 5952; x_wconf 81' lang='lat' dir='ltr'><strong>jam</strong></span> <span class='ocrx_word' id='word_1_926' title='bbox 1064 5880 1370 5938; x_wconf 77' lang='lat' dir='ltr'><strong>notavimus</strong></span> <span class='ocrx_word' id='word_1_927' title='bbox 1406 5880 1499 5951; x_wconf 87' lang='lat' dir='ltr'><strong>qui</strong></span> <span class='ocrx_word' id='word_1_928' title='bbox 1544 5876 1813 5936; x_wconf 85' lang='lat' dir='ltr'><strong>Garnerio</strong></span> <span class='ocrx_word' id='word_1_929' title='bbox 1859 5872 2015 5931; x_wconf 75' lang='lat' dir='ltr'><strong>Vitsn</strong></span> <span class='ocrx_word' id='word_1_930' title='bbox 2058 5873 2246 5932; x_wconf 79' lang='lat' dir='ltr'><strong>Basilii</strong></span> <span class='ocrx_word' id='word_1_931' title='bbox 2275 5874 2484 5943; x_wconf 88' lang='lat' dir='ltr'><strong>tribuit,</strong></span> <span class='ocrx_word' id='word_1_932' title='bbox 2536 5886 2659 5931; x_wconf 85' lang='lat' dir='ltr'><strong>cum</strong></span> <span class='ocrx_word' id='word_1_933' title='bbox 2688 5870 2760 5928; x_wconf 86' lang='lat' dir='ltr'><strong>sit</strong></span> <span class='ocrx_word' id='word_1_934' title='bbox 2787 5868 3066 5927; x_wconf 84' lang='lat' dir='ltr'><strong>Prudentii</strong></span> <span class='ocrx_word' id='word_1_935' title='bbox 3093 5864 3315 5925; x_wconf 80' lang='lat' dir='ltr'><strong>Ilarani.</strong></span> <span class='ocrx_word' id='word_1_936' title='bbox 3342 5865 3445 5921; x_wconf 77' lang='lat' dir='ltr'><strong>Es.</strong></span> 
     </span>
    </p>
   </div>
  </div>
