4212 6498
710 444 864 486 CCLIV

2068 427 2597 487 PRULEGOMENA.

714 550 976 625 apologia,
1028 565 1184 618 quam
1234 549 1520 617 confutavit
1568 548 1800 605 Basilius
1844 549 1920 603 Μ.
1971 564 1997 604 e
2053 550 2282 607 Fabricii
2313 556 2359 612 Α
2388 548 2715 618 CCXXXVI,
2746 559 2886 607 orat.
2931 550 3072 618 XIV,
3104 550 3157 605 in
3189 551 3272 607 his
3301 555 3421 611 dum
3448 553 3523 610 De
3549 555 3773 625 jejunio.
3819 557 3957 615 Vide

711 621 776 691 Β.
809 636 904 691 Gr.
944 640 1194 707 repetita.
1231 640 1358 694 Dein
1390 656 1442 709 p.
1477 639 1570 693 051
1605 656 1719 708 seq.

780 745 1055 804 Eustathii
1089 753 1142 805 in
1181 752 1540 807 Hexaemeron
1580 754 1636 809 S.
1680 752 1889 818 Basilii,
1938 754 2285 823 Cappadocia:

711 842 961 912 episcopi,
996 840 1185 897 Latina
1218 844 1586 913 metaphrasis,
1618 861 1685 900 ex
1724 846 1913 902 Latina
1944 862 2067 916 opp.
2100 846 2283 901 Basilii

710 934 949 990 editione
1009 936 1402 1005 Anlwerpiensi
1471 949 1720 1010 sumpta,
1776 956 1897 994 cum
1947 942 2113 995 variis
2162 939 2281 993 cod.

713 1027 1035 1084 lectionibus
1058 1029 1311 1100 notisque
1338 1030 1564 1087 criticis.
1593 1032 1736 1086 Calci
1766 1033 1892 1086 tomi
1920 1032 2074 1101 primi
2104 1035 2283 1088 adhae-

713 1132 877 1175 rent:
914 1119 967 1192 I)
1004 1120 1154 1179 Nota
1200 1122 1488 1178 Frontonis
1540 1124 1739 1188 Duczei,
1780 1124 2216 1193 Burdegalensis,
2253 1140 2283 1178 e

714 1226 827 1266 suc.
878 1211 1030 1278 .lesu,
1065 1228 1183 1282 quae
1232 1227 1379 1277 vero,
1418 1216 1532 1285 ipso
1565 1212 1731 1268 Garn.
1784 1225 2053 1279 mouente,
2090 1232 2187 1270 nec
2218 1214 2282 1267 ad

713 1303 879 1373 hujus
922 1305 1212 1360 editionem
1265 1309 1461 1376 smpius
1504 1307 1795 1375 quadram,
1831 1322 1928 1361 nec
1963 1318 2185 1375 possunt
2216 1305 2285 1359 ob

2385 642 2635 699 Lambec.
2670 642 2958 700 Comment.
2995 645 3057 709 V,
3090 659 3142 715 p.
3175 644 3277 699 184
3308 662 3445 716 seq.,
3474 659 3579 704 etc.

2456 734 2747 789 Editiunes.
2776 764 2847 779 -
2873 732 3055 789 Basilii
3088 733 3160 790 M.
3191 734 3266 789 De
3281 735 3493 805 jejunio
3526 748 3663 794 orat.
3695 740 3813 794 dua:
3854 742 3952 797 Gr.

2384 836 2440 879 et
2466 823 2583 879 Lat.
2617 826 2842 881 Erasmo
2873 827 3187 895 interprete,
3224 843 3311 899 ap.
3342 827 3479 883 And.
3512 830 3751 887 Wechel.
3788 831 3956 899 1555,

2384 917 2613 971 4°.—-Ib.
2633 918 2772 988 apud
2797 914 2951 971 Joan.
2974 918 3303 975 Bt-nenatum
3334 920 3489 988 1579,
3516 923 3591 989 8°,
3627 936 3761 982 teste
3794 924 3956 979 Mail-

2387 1010 2518 1063 taire
2556 1010 2622 1062 Α.
2659 1011 2721 1066 T.
2751 1009 2867 1073 Ill,
2907 1026 2959 1081 p.
2992 1011 3094 1065 (357
3141 1023 3195 1065 et
3234 1014 3357 1068 777.
3393 1014 3468 1068 De
3490 1015 3698 1083 jejunio
3737 1028 3875 1074 urat.
3913 1017 3955 1070 II

2382 1099 2474 1153 Gr.
2510 1098 2683 1153 Paris.
2723 1117 2807 1169 ap.
2846 1101 2988 1157 Guil.
3015 1099 3199 1154 Morel.
3242 1103 3395 1169 1565,
3424 1104 3495 1160 8⁸.
3527 1102 3659 1159 Vide
3700 1106 3953 1160 eumdem

2385 1190 2435 1243 in
2467 1190 2662 1254 iudice,
2691 1203 2744 1259 ρ.
2777 1192 3127 1247 II7.—Joau.
3152 1190 3411 1259 Xiphilini
3447 1206 3502 1251 et
3533 1194 3713 1249 Basilii
3752 1195 3820 1249 M.
3850 1197 3956 1248 alio

2382 1296 2512 1353 quot
2543 1296 2681 1339 urat.
2726 1302 2793 1340 ex
2828 1290 2991 1343 variis
3036 1290 3156 1344 cod.
3184 1282 3427 1344 ediditet
3466 1289 3826 1345 animadvers.
3857 1290 3959 1341 ad-

713 1410 908 1449 nuvam
964 1398 1229 1467 quadrare
1283 1375 1821 1466 interpretationem;
1883 1396 1940 1468 2)
2004 1390 2284 1469 principum

2376 1375 2506 1442 jecit
2555 1378 2645 1432 Cr.
2706 1377 2853 1431 Frid.
2914 1376 3173 1436 Matthazi.
3230 1379 3467 1449 Mosqua:
3518 1382 3658 1453 typis
3708 1380 3950 1436 univere.

714 1486 1056 1557 antiquarum
1089 1487 1218 1542 edit.
1252 1486 1635 1556 Praefationes;
1667 1489 1720 1559 ὅ)
1760 1487 1986 1545 Indices.

782 1600 841 1655 In
876 1608 1016 1655 tumo
1048 1602 1285 1658 secundo
1320 1603 1507 1658 insunt
1540 1622 1552 1656 :
1590 1602 1639 1673 I)
1669 1604 1935 1671 genuinae.
1978 1618 2041 1657 ex
2079 1601 2285 1670 vulgari

713 1692 988 1760 opinione,
1023 1692 1259 1747 humilia:
1292 1692 1485 1755 XXIV,
1520 1692 1585 1746 de
1628 1692 1887 1756 diversis;
1920 1693 1977 1757 2)
2013 1693 2282 1756 Ascetica,

710 1798 834 1855 quae
872 1785 1101 1855 germina
1138 1786 1442 1851 habentur;
1491 1783 1547 1854 3)
1583 1787 1765 1855 spuria
1808 1784 2031 1852 scripta,
2077 1798 2131 1838 ιι.
2170 1785 2286 1838 duae

712 1876 1193 1932 lucubratiunculae
1241 1875 1627 1944 Cotelerianm;
1677 1876 1733 1946 tl)
1787 1876 1954 1929 altera
2010 1875 2277 1931 Combeli—
2314 1909 2356 1963 Β

711 1969 900 2035 siana;
950 1967 1004 2037 5)
1054 1968 1159 2023 duo
1207 1966 1285 2022 De
1335 1969 1585 2034 baptismo
1636 1965 1791 2031 libri;
1832 1965 1887 2037 6)
1934 1964 2196 2039 Liturgia,
2231 1980 2285 2022 et

713 2061 947 2114 humilia:
992 2075 1131 2129 quas
1186 2059 1458 2114 transtulit
1502 2057 1731 2113 Ruﬁnus
1770 2072 1800 2111 e
1832 2058 2020 2116 Graeco
2054 2060 2107 2115 iu
2138 2060 2283 2113 Lati-

710 2168 863 2207 num.
892 2152 950 2207 In
978 2152 1377 2222 Prolegomenis
1401 2151 1513 2221 agit
1534 2152 1601 2205 de
1627 2152 1730 2205 illis
1758 2151 1997 2206 uberius.

780 2266 824 2323 I.
863 2266 1031 2340 Igitur
1058 2266 1383 2322 exhibentur
1409 2264 1647 2320 humilite
1674 2264 1864 2322 XXIV.
1896 2264 1953 2319 In
1984 2267 2069 2322 ed.
2103 2265 2279 2322 Paris.

710 2374 894 2428 super.
945 2359 999 2412 in
1046 2358 1219 2427 primo
1273 2358 1450 2410 adhuc
1503 2365 1649 2410 tumo
1708 2367 2063 2411 numerantur
2113 2358 2280 2412 XXXI

710 2450 967 2513 Itomilite,
995 2448 1195 2503 diversi
1226 2447 1553 2518 argumenti,
1582 2456 1635 2500 et
1676 2447 1897 2501 totidem
1930 2447 2060 2502 ulim
2096 2463 2281 2503 recen-

709 2542 971 2598 sebantur
992 2558 1049 2598 ιι.
1076 2538 1164 2605 III,
1194 2541 1245 2595 in
1277 2539 1508 2593 Fabricii
1536 2537 1602 2593 B.
1636 2537 1729 2593 Gr.
1771 2537 1947 2594 ΒΑΜ..

780 2653 919 2729 [111.]
961 2654 1013 2711 1.
1050 2653 1185 2725 Περὶ
1213 2652 1487 2723 νηστείας,
1516 2651 1592 2706 De
1609 2653 1838 2723 jejunio.
1874 2654 2063 2724 Incipit
2095 2673 2108 2710 :
2144 2655 2281 2709 Xalt-

708 2748 927 2813 πίσατε,
960 2747 1146 2819 φησιν,
1182 2747 1240 2800 ὲν
1269 2746 1631 2818 νεομηνείαις.
1668 2746 1856 2818 [Garn.
1894 2745 1958 2813 Il,
1991 2762 2043 2815 p.
2076 2748 2099 2801 1
2142 2746 2281 2819 seq.)

713 2844 890 2899 Vertit
936 2842 1194 2895 Erasmus
1224 2840 1323 2907 (tt).
1364 2839 1531 2892 Solita
1570 2839 1683 2893 haec
1723 2838 1941 2893 humilia
1977 2840 2027 2893 in
2064 2839 2283 2895 ϐιωσο-

710 2952 833 2992 rum
888 2931 1143 2987 Ecclesiis
1189 2914 1294 3001 legi
1358 2930 1635 2983 Dutninica
1692 2931 2121 2999 Quadragesimze
2171 2933 2283 2984 sive

710 3026 765 3082 in
796 3024 1053 3080 Εἰσΰάσει
1084 3021 1194 3075 τῶν
1223 3018 1505 3092 νηστειῶν.
1538 3020 1838 3088 Separalitn
1872 3020 2069 3089 prodiit
2096 3018 2283 3076 Grtece

711 3117 1010 3173 Ilelmstad.
1054 3112 1211 3177 I666,
1251 3113 1336 3165 4ο.
1363 3110 1525 3165 ann.
1564 3141 1633 3150 —
1680 3110 1921 3167 Humilia:
1978 3111 2285 3183 frequenter

2384 1464 2584 1520 Cazsar.
2622 1467 2783 1533 1775,
2818 1470 2872 1523 4ο
2913 1469 2987 1541 (et
3040 1469 3458 1526 Matthariedidit
3480 1484 3547 1525 ex
3590 1476 3711 1527 cod.
3756 1469 3952 1541 synud.

2380 1558 2484 1613 977
2515 1568 2624 1614 tres
2652 1559 2832 1613 Basilii
2866 1572 3005 1615 urat.
3038 1559 3089 1632 1)
3120 1560 3257 1633 Περὶ
3281 1561 3615 1633 τελειότητος
3647 1564 3761 1633 βίου
3797 1552 3958 1634 μόνα-

2382 1646 2512 1717 χῶν.
2557 1648 2612 1719 2)
2645 1649 2780 1720 Περὶ
2826 1649 3009 1716 ἐλέους
3051 1651 3145 1706 καὶ
3190 1650 3456 1724 χρίσεως,
3504 1652 3639 1716 sive,
3672 1663 3729 1706 ut
3760 1652 3953 1707 Matth.

2385 1741 2543 1794 vertit
2576 1741 2649 1795 De
2688 1742 3007 1802 liberalitate
3047 1755 3094 1799 et
3135 1745 3386 1815 justitia;
3418 1745 3474 1816 ζ’»)
3513 1745 3957 1817 Παραμυθητικὴ

2384 1828 2718 1886 ἀσθενοῦντι.
2751 1832 2853 1884 Ad.
2887 1847 2941 1886 ιι.
2976 1846 3093 1898 seq.
3127 1833 3295 1890 ΒΑΜ..

2450 1922 2507 1976 2.
2550 1923 2685 1995 Περὶ
2722 1923 2997 1993 νηστείας,
3034 1924 3111 1979 De
3145 1927 3350 1994 jejunio
3404 1928 3652 1982 secunda.
3690 1924 3882 1994 Incipit
3938 1942 3953 1980 :

2386 2013 2778 2085 Παρακαλεῖτε,
2824 2015 3005 2085 φησὶν,
3057 2015 3240 2086 ἱερεῖς,
3272 2015 3363 2067 τὸν
3401 2016 3547 2070 λαόν.
3584 2016 3761 2071 Vertit
3812 2017 3955 2071 idem

2386 2105 2664 2161 Erasmus.
2695 2106 2855 2162 Lecta
2885 2109 2996 2162 haec
3022 2107 3242 2163 humilia
3270 2109 3321 2163 in
3350 2107 3550 2164 Grecis
3575 2110 3822 2165 ecclesiis
3852 2110 3955 2178 (ὁ),

2381 2199 2448 2268 τῇ
2496 2202 2824 2271 παρασκευῇ
2866 2199 2964 2271 τῆς
3012 2199 3255 2270 τυρινῆς,
3295 2200 3408 2256 sive
3456 2200 3591 2256 feria
3631 2210 3784 2257 sexta
3833 2208 3957 2270 post

2383 2290 2606 2344 Cineres
2646 2290 2737 2360 (al.
2785 2292 2957 2360 pridie
3005 2292 3108 2345 diei
3171 2290 3472 2361 Cincrum).
3519 2291 3724 2347 Prodiit
3766 2291 3959 2346 Graece

2382 2396 2503 2433 cum
2533 2381 2716 2447 priore
2755 2380 2959 2435 Luvan.
2996 2382 3156 2448 I565,
3185 2382 3263 2445 4ο,
3298 2391 3352 2436 et
3389 2397 3457 2437 ex
3512 2382 3957 2453 interpretatione

2382 2468 2615 2536 Erasmi,
2650 2469 2900 2541 Friburg.
2939 2470 3102 2537 I552,
3130 2481 3183 2527 et
3225 2488 3291 2528 ex
3333 2471 3475 2528 Petri
3523 2470 3782 2529 Galesinii
3833 2490 3957 2528 ver-

2386 2563 2538 2618 sione
2567 2565 2722 2621 Bom.
2744 2563 2902 2633 1587,
2920 2565 2995 2634 4ο,
3020 2577 3074 2621 et
3096 2564 3360 2622 Munachii
3380 2565 3540 2633 1615,
3574 2566 3751 2623 ιιι-12.
3785 2567 3954 2625 Faue.

2386 2658 2519 2714 Vide
2555 2659 2622 2713 ad
2666 2660 2911 2715 anteced.
2947 2675 3002 2715 ιι.
3040 2660 3066 2715 1
3095 2666 3149 2716 et
3178 2675 3236 2717 ιι.
3264 2659 3355 2714 22.
3389 2690 3461 2700 -
3489 2658 3547 2715 In
3575 2659 3742 2716 Garn.
3770 2658 3856 2713 ed.
3888 2658 3955 2723 II,

2386 2766 2440 2820 p.
2478 2751 2546 2804 10
2587 2765 2704 2820 seq.
2740 2749 2787 2805 Is
2830 2765 2957 2806 vero
2997 2752 3152 2807 istam
3201 2762 3316 2806 urat
3351 2751 3387 2805 2
3420 2752 3638 2821 recepit,
3681 2764 3787 2805 non
3812 2752 3959 2819 quod

2386 2855 2506 2893 eam
2537 2850 2740 2894 certam
2778 2849 2940 2909 atque
2984 2842 3336 2896 indubitatam
3374 2851 3606 2912 putaret,
3632 2843 3726 2897 sed
3756 2844 3881 2912 quia
3925 2860 3956 2897 ιι

2383 2930 2556 2983 ductis
2600 2931 2730 2983 viris
2770 2930 2892 2985 talis
2941 2930 3265 2997 haberetur;
3317 2932 3460 2989 conf.
3496 2933 3664 2991 Garn.
3692 2933 3958 3003 judicium

2383 3022 2450 3075 de
2479 3022 2619 3077 illius
2645 3021 2828 3095 νοθείᾳ
2852 3023 2902 3077 in
2932 3022 3089 3079 Praef.
3117 3038 3170 3093 p.
3201 3039 3278 3090 tv,
3318 3024 3346 3097 ᾗ
3372 3027 3421 3082 1.
3459 3024 3629 3082 ΒΑΜ..

2456 3114 2509 3171 5.
2546 3115 2639 3179 Είς
2678 3116 2773 3169 τό·
2806 3117 3075 3185 Πρόσεχε
3125 3117 3380 3183 σεαυτῷ.
3434 3117 3501 3173 In
3554 3116 3689 3171 illud
3750 3115 3953 3188 (Deut.

710 3209 1056 3280 reperiuntur
1089 3207 1145 3262 in
1179 3203 1300 3262 cod.
1336 3203 1735 3259 Parisiensibus
1773 3204 1916 3274 (vide
1952 3206 2180 3261 iudicem
2217 3208 2282 3262 ad
2312 3244 2357 3307 ε
2389 3221 2476 3271 xv,
2498 3207 2531 3261 9
2558 3226 2570 3262 :
2606 3225 2624 3257 ι
2655 3209 2877 3261 Attende
2923 3208 3016 3261 tibi
3047 3208 3169 3277 ipsi.
3202 3226 3221 3258 ι
3265 3207 3499 3276 lncipit:
3531 3206 3637 3261 Τοῦ
3666 3207 3828 3279 λόγου
3855 3207 3959 3281 τὴν

712 3303 832 3357 Cat.
868 3301 989 3356 cod.
1024 3298 1172 3363 Par.,
1207 3297 1313 3351 vul.
1354 3297 1415 3363 II,
1453 3311 1569 3350 voc.
1614 3295 1888 3365 Basilius),
1927 3300 1979 3352 in
2015 3298 2286 3355 Vindubo~

714 3393 971 3446 nensibus
996 3390 1278 3453 Caesareis,
1307 3388 1610 3457 Musquens.
1636 3387 1779 3455 (vide
1804 3388 2004 3441 Anton.
2033 3387 2284 3456 Schiada,

710 3484 809 3539 Cat
850 3484 970 3539 cod.
1011 3480 1105 3537 Gr.
1148 3482 1201 3535 in
1236 3480 1366 3536 bibl.
1396 3480 1586 3551 synud.
1618 3478 1938 3546 Muscuensi,
1965 3496 2018 3549 p.
2046 3479 2115 3535 28
2145 3496 2286 3552 seq.,

717 3594 842 3633 cum
886 3576 1011 3633 aliis
1047 3574 1228 3630 Basilii
1264 3572 1538 3644 operibus)
1573 3582 1625 3627 et
1659 3575 1710 3625 in
1745 3572 1885 3627 aliis.
1922 3573 2203 3630 Florentia:
2234 3574 2286 3631 iu

715 3672 846 3729 bibl.
892 3669 1401 3731 Medic.-Laurent.,
1460 3666 1583 3722 cod.
1618 3664 1753 3733 VIII,
1788 3665 1922 3737 plut.
1972 3668 2029 3731 4,
2060 3668 2291 3723 homilize

715 3763 809 3820 LX
838 3780 959 3820 cum
985 3762 1273 3833 epigraphe
1291 3760 1398 3814 Τοῦ
1419 3758 1780 3812 -Βασιλείου
1806 3789 1875 3799 -
1894 3760 2078 3830 ἠθικά.
2100 3760 2154 3815 1η
2206 3761 2289 3817 his

715 3876 771 3912 ιι.
802 3859 854 3923 7,
887 3869 1065 3909 sermo
1091 3855 1112 3906 I
1141 3851 1459 3919 Dejejunio,
1493 3848 1543 3900 in
1572 3849 1660 3901 ed.
1703 3847 1876 3903 Paris.
1910 3851 2145 3905 secundo
2174 3853 2290 3907 loco

712 3947 954 4016 positus,
990 3953 1045 3999 et
1079 3956 1258 3997 sermo
1286 3939 1323 3992 2
1351 3939 1418 3993 de
1456 3938 1666 4002 eodem,
1698 3937 1752 3992 in
1782 3938 1866 3993 ed.
1897 3936 2070 3994 Paris.
2115 3943 2288 4010 primo

713 4037 834 4093 loco
871 4034 1191 4091 collocatus.
1244 4033 1402 4088 Plura
1450 4031 1597 4100 leges
1637 4029 1689 4085 in
1721 4027 1950 4086 Bandin.
2000 4030 2119 4086 Cat.
2168 4035 2283 4088 cod.

718 4131 815 4187 Cr.
845 4130 1034 4197 Laur.,
1062 4129 1108 4195 I,
1147 4143 1200 4198 p.
1235 4126 1337 4181 525
1381 4141 1496 4195 seq.
1528 4155 1597 4165 -—
1624 4123 1681 4179 In
1724 4125 1845 4180 cod.
1875 4124 2065 4193 XXVI,
2097 4142 2152 4181 ιι.
2193 4126 2284 4195 20,

718 4240 897 4282 sermo
920 4224 1124 4291 primus
1150 4220 1226 4273 De
1242 4218 1448 4287 jejunio
1474 4234 1539 4271 ex
1569 4218 1685 4287 ejus
1703 4217 2020 4273 Moralibus.
2048 4249 2117 4259 —-
2144 4219 2286 4275 Idem

718 4321 771 4373 in
807 4316 927 4371 cod.
970 4310 1207 4376 XXXIII,
1257 4329 1311 4364 ιι.
1351 4310 1406 4375 9,
1439 4309 1572 4376 plut.
1607 4310 1661 4373 7,
1694 4320 1749 4364 et
1801 4314 1921 4365 cod.
1954 4311 2115 4378 XVII,
2149 4329 2201 4367 ιι.
2232 4314 2287 4380 1,

716 4410 852 4481 plut.
880 4407 934 4460 4.
970 4405 1104 4460 Vide
1146 4402 1371 4457 Bandin.
1405 4402 1507 4456 Ioc.
1541 4402 1658 4466 cit.,
1690 4416 1740 4469 p.
1774 4401 1905 4466 284,
1934 4401 2039 4456 294
2069 4415 2123 4459 et
2163 4405 2283 4461 541.

714 4531 787 4542 -
811 4497 945 4553 Ibid.
976 4496 1028 4550 in
1060 4494 1178 4549 cod.
1221 4488 1447 4556 CXLIII,
1486 4506 1540 4545 η.
1574 4488 1661 4558 12,
1708 4490 1950 4545 Nanianu
1981 4492 2100 4547 duae
2138 4496 2284 4551 hum.

2390 3299 2584 3369 χρῆσιν
2610 3298 2839 3352 δέδωκεν
2875 3298 3009 3368 ἡμῖν
3046 3297 3075 3348 ὁ
3121 3297 3310 3361 κτίσας
3344 3298 3492 3371 ἡμᾶς
3527 3300 3556 3352 ὁ
3595 3299 3747 3365 Θεός.
3786 3301 3960 3356 Vertit

2390 3401 2584 3458 praeter
2614 3390 2963 3444 Franciscum
2997 3389 3431 3461 Craneveldium,
3454 3392 3657 3449 Lovan.
3686 3393 3846 3457 1554,
3874 3392 3954 3458 8°,

2387 3479 2681 3535 Godlrhlus
2737 3480 3056 3539 Tilmannus
3106 3492 3318 3554 :atque
3375 3486 3426 3538 in
3481 3483 3797 3539 Ecclesiaste
3855 3498 3958 3539 suo

2388 3570 2571 3627 Grceco
2593 3571 2917 3631 Frauciscus
2936 3575 3308 3632 Combelisius.
3339 3575 3486 3631 Citat
3506 3573 3564 3629 S.
3589 3573 3855 3631 Maximus
3884 3578 3954 3631 ad

2390 3666 2700 3738 Dionysium
2738 3667 3026 3738 Areupag.,
3054 3676 3185 3724 tum.
3214 3667 3253 3732 I,
3302 3682 3422 3738 pag.
3448 3665 3539 3722 29.
3570 3664 3732 3721 FABR.
3766 3666 3958 3724 Basilii

2390 3758 2461 3813 M.
2500 3768 2640 3813 orat.
2680 3759 2731 3812 in
2755 3760 2978 3813 Attende
3006 3760 3121 3824 tibi,
3156 3758 3273 3813 Lat.
3301 3756 3594 3814 Francisco
3628 3757 3957 3815 Maturantio

2392 3851 2703 3919 interprete.
2759 3850 3061 3919 Hagenoa,
3110 3852 3162 3905 in
3202 3850 3360 3905 aadib.
3402 3848 3598 3906 Thom.
3647 3850 3951 3917 Ansbelmi,

2389 3941 2664 4005 Badensis,
2694 3941 2853 4005 1522,
2882 3941 2956 3996 8°.
2986 3940 3190 4014 (Maitt.
3224 3939 3291 4006 II,
3323 3956 3376 4010 p.
3410 3940 3534 3997 626.
3566 3942 3679 4013 )-
3716 3942 3775 3997 In
3806 3942 3955 3998 XXII

2388 4031 2545 4086 codd.
2600 4032 2773 4087 Paris.
2816 4031 2949 4087 bibl.
2998 4033 3226 4103 publica:
3280 4042 3462 4089 exstat
3515 4033 3605 4091 illa
3640 4037 3837 4091 oratio.
3886 4066 3956 4076 —

2387 4121 2675 4179 Florentiae
2709 4123 2763 4177 in
2786 4124 2907 4180 cod.
2937 4123 3076 4179 Med.
3103 4124 3359 4182 Laurent.
3385 4126 3575 4196 XXVI,
3606 4144 3659 4184 ιι.
3690 4128 3752 4182 21
3791 4127 3958 4198 (Ban-

2387 4215 2500 4270 din.
2534 4215 2574 4268 I.
2606 4231 2684 4281 c.,
2718 4215 2758 4281 I,
2790 4232 2915 4287 pag.
2957 4216 3107 4291 284.)
3132 4250 3201 4259 -
3233 4219 3288 4273 1η
3324 4220 3445 4275 cod.
3487 4234 3597 4288 reg.
3631 4217 3957 4275 Tauriuensi

2388 4306 2643 4373 CCCXX,
2677 4307 2772 4363 Iul.
2805 4308 2926 4375 110,
2962 4325 3081 4365 cum
3112 4320 3254 4366 orat.
3281 4310 3358 4364 De
3373 4309 3598 4379 jejunio.
3627 4308 3767 4379 (Cat.
3795 4311 3951 4363 codd.

2390 4398 2485 4455 Gr.
2519 4399 2707 4465 Taur.,
2740 4415 2794 4469 p.
2827 4399 2973 4466 399),
3011 4409 3116 4455 etc.
3142 4400 3316 4455 ΒΑΜ..

2459 4492 2513 4547 4.
2554 4491 2690 4563 Περὶ
2721 4492 3088 4562 εὐχαριστίας,
3125 4492 3201 4546 De
3232 4491 3418 4561 gratiis
3453 4490 3564 4547 Deo
3593 4492 3832 4563 agendis.
3863 4493 3961 4548 In-

717 4593 796 4649 De
833 4590 1065 4661 jejunio.
1101 4601 1223 4642 cum
1270 4584 1390 4638 aliis
1432 4592 1682 4652 quatuor.
1720 4582 1856 4638 Vide
1887 4582 2004 4637 Cat.
2038 4585 2154 4639 cod.
2186 4585 2279 4641 Gr.
2316 4584 2360 4640 D

2316 4584 2360 4640 D
2386 4587 2519 4655 cipit
2564 4606 2579 4642 :
2642 4588 2935 4642 Ἠκούσατε
2982 4586 3090 4639 τῶν
3142 4585 3399 4657 ῥημάτων
3450 4584 3544 4640 τοῦ
3604 4586 3951 4644 Ἀποστόλου.

718 4687 890 4750 Nam,
911 4700 963 4754 ιι.
991 4682 1116 4737 554.
1136 4678 1374 4749 -Αριιιι
1400 4675 1762 4731 Montl'aucon.
1798 4677 1850 4731 in
1876 4675 2015 4733 Bibl.
2041 4677 2279 4742 Coislin.,

717 4795 769 4846 p.
796 4778 893 4830 117
912 4790 1050 4844 seq.,
1073 4772 1308 4827 humilia;
1330 4771 1557 4825 diversa:
1581 4766 1797 4822 XXXII.
1820 4768 1875 4821 In
1906 4772 2025 4824 cod.
2053 4768 2280 4836 XLVIII,

715 4869 770 4922 iu
842 4866 926 4920 bis
981 4864 1055 4919 De
1100 4864 1308 4933 jejunio
1355 4863 1493 4917 liber
1537 4876 1628 4925 Ill,
1699 4861 1969 4931 Νηστείας
2020 4862 2112 4914 καὶ
2170 4863 2283 4917 ίλαι-

716 4956 856 5029 σμοῦ
923 4958 952 5009 ὁ
1010 4956 1201 5025 καιρός
1254 4956 1355 5025 (de
1401 4969 1506 5023 qua
1562 4954 1743 5017 tertia,
1796 4953 2118 5019 adulterina,
2145 4966 2282 5010 orat.

717 5049 772 5107 in
794 5048 1083 5117 jejunium,
1113 5047 1234 5100 vide
1264 5046 1429 5100 Garn.
1461 5044 1621 5099 Praef.
1648 5044 1714 5098 ad
1751 5054 1877 5098 tom.
1912 5042 1977 5109 Il,
2011 5043 2037 5115 §
2068 5042 2136 5109 X,
2161 5059 2281 5114 pag.

717 5153 871 5192 xxxn
899 5137 1041 5209 seq.)
1072 5168 1139 5179 —
1172 5138 1229 5190 In
1254 5138 1373 5190 cod.
1403 5134 1590 5201 XLIX,
1626 5135 1856 5190 humilia:
1882 5134 2002 5189 XIX
2030 5137 2275 5191 diversae.

716 5260 786 5270 —
814 5229 869 5284 In
904 5232 1025 5284 cod.
1062 5228 1177 5293 XV,
1216 5227 1446 5282 humilia:
1487 5243 1576 5280 xw
1624 5226 1873 5294 murales,
1904 5228 2094 5281 iterum
2148 5244 2281 5297 qua-

718 5331 861 5389 tuor,
889 5331 942 5377 et
973 5323 1090 5376 dua:
1123 5319 1198 5374 De
1220 5320 1449 5388 jejunio,
1472 5316 1806 5373 Vindubonre
1846 5321 1895 5373 in
1926 5319 2046 5374 cod.
2079 5317 2278 5375 Caesar.

790 5463 867 5535 (a)
906 5462 1134 5535 Fallitur
1164 5459 1435 5535 Labbeus,
1468 5458 1770 5535 quitquid
1810 5460 1887 5514 De
1919 5461 2159 5535 scriptor.
2194 5478 2277 5514 cc-

719 5528 868 5598 cles.,
917 5548 969 5602 p.
1024 5531 1147 5594 177,
1186 5530 1437 5585 hutnilias
1484 5528 1654 5585 XXXI
1704 5529 1932 5585 Erasmo
1985 5532 2278 5602 interprete

719 5600 965 5658 exhiberi
1005 5603 1213 5667 scribit,
1246 5616 1365 5654 cum
1406 5602 1540 5654 duas
1578 5610 1787 5655 tantum
1838 5603 2101 5667 primores
2147 5600 2280 5655 Era-

716 5688 872 5731 sinus
918 5673 1161 5727 verterit.
1216 5671 1421 5724 Erasmi
1481 5671 1806 5735 versionem,
1841 5686 1946 5725 nou
2002 5670 2283 5735 Galesinii,

719 5752 1008 5797 servarunt
1045 5744 1309 5797 editiones
1342 5740 1542 5795 Latinae
1594 5749 1649 5793 et
1690 5740 2116 5795 Grzecu-Latinae
2153 5757 2281 5810 ope-

722 5828 843 5868 rum
877 5812 1080 5867 Basilii.
1120 5811 1364 5866 Humilia:
1408 5821 1529 5867 octo
1561 5810 1743 5865 Basilii
1784 5825 1851 5865 ex
1892 5812 2145 5866 versione
2175 5814 2285 5864 An-

724 5884 907 5945 touclli
976 5880 1333 5939 Arcimboldi’
1372 5882 1684 5952 prodierunt
1746 5880 1935 5936 Latine
2001 5881 2283 5937 Mediolani

2395 4676 2675 4748 [Garnien
2704 4677 2767 4743 II,
2800 4693 2918 4747 pag.
2945 4676 3015 4729 24
3056 4690 3175 4745 sqq.
3223 4675 3319 4732 Est
3375 4677 3434 4731 in
3470 4676 3515 4730 II
3563 4676 3719 4732 codd.
3749 4676 3949 4745 Paris.,

2389 4768 2443 4823 in
2474 4770 2592 4824 cod.
2630 4769 2857 4823 Vindob.
2888 4766 3219 4833 CCXXXVI,
3243 4785 3299 4823 ιι.
3326 4770 3379 4828 6.
3412 4767 3476 4823 V.
3511 4767 3700 4825 Lamb.
3728 4770 3793 4838 V,
3823 4786 3949 4841 pag.

2390 4862 2557 4935 I85].
2589 4862 2761 4918 Vertit
2798 4861 3091 4919 Gudfridus
3124 4862 3454 4918 Tilmannus.
3490 4862 3593 4936 [V.
3632 4865 3697 4919 ad
3735 4882 3789 4920 ιι.
3824 4866 3950 4938 sq.)

2458 4954 2510 5009 5.
2553 4956 2646 5017 Είς
2681 4955 2779 5027 τὴν
2816 4955 3068 5027 μάρτυρα
3113 4956 3427 5021 Ἰουλίτταν,
3461 4956 3516 5010 in
3537 4956 3803 5021 Julittam,
3831 4972 3953 5026 qua

2386 5048 2701 5118 martyrium
2732 5046 2991 5103 Cresarea:
3022 5048 3201 5103 subiit.
3234 5045 3428 5115 Incipit
3461 5066 3473 5103 :
3522 5048 3584 5101 ’Β
3618 5048 3716 5119 μὲν
3746 5047 3949 5101 ὑπόθε-

2388 5156 2473 5203 σις
2501 5140 2598 5212 τῆς
2641 5140 2987 5212 Ἐκκλησίας.
3020 5140 3260 5196 Meminit
3288 5138 3721 5210 Martyrologium
3752 5137 3951 5192 Roma-

2385 5248 2512 5287 num
2547 5234 2617 5287 50
2658 5232 2765 5288 Jul.
2803 5246 2857 5289 et
2890 5234 3079 5288 Suidas
3127 5232 3178 5284 in
3215 5232 3550 5299 Βασίλειος.
3590 5230 3764 5285 Vertit
3798 5229 3947 5285 God-

2387 5324 2559 5379 Iridus
2587 5325 2902 5379 Tilmannus
2930 5334 2984 5378 et
3012 5334 3136 5379 ante
3166 5323 3506 5379 Tilmannum
3540 5321 3708 5378 Janus
3737 5319 3948 5377 Corua-

2381 5463 2541 5530 1569,
2573 5465 2662 5527 4⁰;
2697 5464 2787 5518 sed
2818 5463 3045 5531 illaajam
3078 5464 3211 5518 mihi
3244 5479 3347 5518 non
3378 5470 3505 5516 sunt
3527 5461 3593 5531 ad
3621 5475 3829 5522 manus,
3867 5463 3942 5515 uti

2383 5550 2481 5588 nec
2508 5535 2709 5590 Gallica
2741 5532 2798 5587 S.
2825 5530 3083 5603 Supplicii
3117 5534 3309 5602 (Paris.
3336 5533 3487 5599 1580,
3517 5530 3593 5601 8°)
3635 5546 3730 5585 nec
3764 5532 3946 5586 Italica

2383 5605 2633 5660 Galeazzi
2670 5604 2843 5658 Sessaa
2871 5604 3261 5672 interpretatio.

2456 5674 2528 5745 (b)
2572 5675 2698 5729 Vide
2731 5667 3034 5745 Combelisii
3079 5673 3331 5745 Basiliam
3375 5671 3701 5745 re_cen_si_tum_,
3736 5667 3944 5745 tom.‘I,

2388 5762 2441 5814 p.
2466 5739 2563 5809 ‘83,
2600 5745 2688 5800 9t.
2720 5743 2921 5815 Τυρινή
2961 5742 3195 5807 Graecis,
3244 5741 3616 5815 quzeLatinis
3669 5739 3948 5796 Dominica

2396 5812 2882 5886 Quinquagesimm,
2911 5812 2972 5870 ut
3006 5814 3196 5869 Allatio
3228 5812 3536 5882 Cangiuque
3576 5819 3840 5867 notatum.
