4212 6496
1464 454 1743 510 NOTITIA
1780 450 1869 505 EX
1907 448 2228 505 FABRICIO

3336 450 3461 492 CCI‘J

241 580 373 634 rius.
411 576 666 632 Occurrit
702 584 757 628 et
794 575 847 628 in
884 572 1198 628 Ecclesiaste
1247 572 1430 625 Gra'co
1478 569 1806 627 Combeﬁsii.
1837 571 1883 627 Α
1910 565 1974 617 ab
2003 582 2061 618 ea
2087 561 2315 617 traducti
2342 578 2369 616 e
2398 560 2582 616 Cra'co
2606 556 2710 609 duo
2742 553 2808 607 D.
2842 550 3027 607 Basilii
3053 566 3335 613 sermones,
3359 553 3465 604 Ad-

241 659 406 728 Fsss.
436 657 489 722 I'n
513 667 680 723 Carn.
702 668 810 728 ed..
836 666 897 733 ll,
925 684 1043 738 pag.
1069 668 1138 722 55
1158 683 1277 735 sqq.
1298 664 1454 719 Conf.
1476 662 1800 720 Schroeckh.

245 764 284 817 I.
309 781 381 825 c.,
416 776 539 831 pag.
564 759 689 815 191.
715 791 783 803 -
805 760 1088 827 Reperltnr
1113 761 1164 812 in
1203 758 1290 812 XII
1319 759 1474 811 codd.
1500 755 1628 809 bibl.
1653 756 1800 824 pttbl.

242 854 421 908 Paris.
462 880 533 893 —
564 852 695 904 Item
739 851 791 903 in
822 848 941 902 cod.
985 849 1282 903 Vindohon.
1318 846 1451 900 (ἓως.
1481 842 1705 909 CCXIV,
1748 860 1801 899 ιι.

244 943 334 1006 12,
390 942 691 996 Admonitia
736 942 799 992 de
827 940 1115 1009 gratiarum
1154 939 1356 990 actione
1388 951 1509 1004 erga
1544 934 1733 1000 Deum,
1765 934 1802 987 Γ.

245 1034 461 1103 potius,
501 1041 560 1085 ut
598 1031 803 1085 Kollar.
845 1031 1102 1091 adnotat,
1139 1038 1448 1095 excerptum
1505 1040 1571 1080 ex
1608 1024 1808 1079 Basilio

244 1123 434 1177 Itomil.
464 1123 519 1176 in
550 1120 820 1174 Julittam.
854 1117 916 1172 V.
952 1119 1098 1173 illum
1129 1127 1183 1172 et
1214 1117 1456 1173 Lambet.
1490 1115 1716 1179 Comm.,
1741 1114 1807 1184 V,

244 1226 367 1283 pag.
426 1211 516 1267 95.
576 1210 808 1275 Pariter,
871 1208 1195 1264 observante
1262 1205 1531 1270 Kollario,
1591 1208 1807 1275 longum

245 1316 330 1360 est
377 1303 665 1373 fragment.
715 1319 782 1358 ex
832 1318 915 1357 or.
959 1302 1013 1354 in
1044 1298 1327 1366 Julittam,
1375 1300 1519 1369 quod
1578 1300 1632 1352 in
1684 1298 1807 1354 cod.

246 1394 579 1461 CCXXXVI,
611 1412 665 1454 ιι.
699 1395 754 1460 4,
787 1408 978 1462 nempe
1014 1402 1154 1447 orat.
1191 1390 1281 1457 XI,
1316 1392 1461 1446 inter
1484 1391 1619 1446 alias
1645 1400 1808 1445 oratt.

247 1487 457 1554 Basilii,
494 1491 549 1543 in
592 1488 682 1543 illo
717 1488 838 1542 cod.
880 1494 1119 1540 servatas
1162 1500 1249 1554 ap.
1294 1481 1549 1541 Lambec.
1590 1482 1649 1547 V,
1689 1499 1807 1553 pag.

251 1581 373 1645 185,
400 1581 713 1635 inscribitur
737 1577 894 1632 Hem.
920 1580 983 1631 de
1005 1579 1295 1647 gratiarum
1318 1577 1553 1642 actione;
1578 1577 1701 1631 hinc
1727 1591 1815 1629 se-

247 1675 435 1741 quitur
460 1672 591 1727 ibid.
620 1681 759 1725 orat.
789 1670 881 1724 XII
914 1670 1173 1739 inscripta
1202 1670 1373 1738 Λόγος
1400 1669 1650 1740 δεύτερος
1685 1670 1815 1739 περὶ

246 1764 621 1836 εὐχαριστίας.
660 1761 889 1816 Humilia
925 1774 1105 1816 autem
1146 1764 1199 1815 in
1230 1761 1479 1817 Julittam
1506 1773 1590 1816 est
1629 1776 1811 1816 revera

247 1855 587 1911 continuatio
625 1853 860 1908 humilia:
916 1853 991 1907 De
1029 1855 1322 1923 gratiarum
1366 1853 1602 1914 actione,
1642 1852 1813 1918 pridie

246 1946 464 2000 habita.
506 1944 622 2001 Vid.
664 1945 984 2001 SCIINBCIIII.
1017 1914 1054 1997 1:
1093 1959 1170 2007 c.,
1207 1959 1326 2012 pag.
1362 1943 1483 1997 191.
1524 1971 1595 1982 -
1629 1914 1811 1996 Basilii
1843 1914 1887 1968 Β

248 2036 483 2091 homiliae
511 2036 587 2090 De
610 2039 792 2107 gratiis
826 2036 927 2087 D‘eu
960 2036 1195 2103 agendis,
1228 2042 1281 2087 ct
1315 2036 1366 2086 in
1395 2032 1643 2087 Julittam
1670 2050 1814 2088 mar-

250 2138 445 2199 tyrem,
475 2129 570 2184 Cr.
606 2128 830 2192 Lovan.,
873 2141 938 2180 ex
979 2124 1117 2180 otlic.
1150 2126 1373 2197 Rntgeri
1410 2126 1613 2191 Rescii,
1656 2126 1812 2192 1555,

248 2220 322 2276 8°.
352 2250 422 2260 —
442 2218 563 2273 Lat.
597 2219 890 2287 interprete
920 2216 1160 2272 Huberto
1190 2218 1479 2281 Bai-lando,
1516 2217 1815 2282 Philiatrio,

248 2311 453 2363 Lovan.
489 2322 555 2362 ex
586 2308 706 2363 ead.
741 2306 881 2362 oﬂic.
923 2308 1081 2373 1541,
1114 2308 1188 2365 8°.
1228 2307 1291 2363 V.
1327 2308 1593 2362 Maittaire
1621 2307 1685 2363 Α.
1728 2305 1816 2373 Τ.,

246 2398 312 2469 II,
341 2416 465 2469 pag.
496 2400 622 2465 780,
654 2411 708 2454 et
738 2399 827 2468 III,
860 2418 980 2471 pag.
1012 2402 1137 2457 525.
1170 2401 1338 2456 ΙΙΑιιι..

317 2493 369 2547 6.
411 2492 548 2565 Περὶ
579 2492 920 2561 πλεονεξίας,
954 2497 1011 2549 in
1042 2496 1173 2548 illud
1208 2494 1363 2549 Luca:
1392 2510 1489 2561 xu,
1541 2492 1630 2555 18,
1660 2513 1682 2547 ι
1727 2494 1817 2546 de-

252 2596 457 2641 struant
488 2586 676 2640 horrea
717 2604 851 2653 mea,
894 2608 913 2639 ι
950 2597 1054 2642 etc.
1086 2587 1160 2640 De
1187 2588 1411 2639 avaritia
1444 2585 1723 2657 [Carnier.
1752 2584 1815 2652 II,

248 2692 301 2744 p.
336 2676 407 2731 43
454 2675 618 2750 sqq.]
651 2679 839 2748 Incipit
870 2697 882 2733 :
915 2678 1142 2732 Διπλοῦν
1182 2678 1243 2731 τὸ
1286 2674 1425 2742 εἶδος
1460 2677 1567 2731 τῶν
1629 2695 1821 2751 πειρα-

250 2781 427 2841 σμων.
451 2770 588 2824 Ante
614 2769 929 2824 Cornarium
962 2771 1123 2824 vertit
1149 2769 1388 2838 Raphael
1414 2769 1819 2835 Volaterranus,

256 2864 410 2931 cujus
471 2864 845 2931 interpretatio
898 2864 951 2917 in
1011 2863 1437 2920 Cresco-Latinis
1494 2865 1822 2919 editionibus

257 2955 385 3009 hinc
414 2954 538 3009 inde
562 2956 848 3011 emendata
880 2975 905 3010 a
935 2958 1205 3012 Frontone
1234 2958 1447 3009 Ducaco.
1481 2956 1820 3010 Volaterrani

258 3046 438 3100 versio
469 3048 812 3102 Itomiliarttm
846 3049 1025 3103 Basilii
1064 3049 1236 3102 lucem
1271 3050 1404 3102 vidit
1431 3052 1572 3117 apud
1611 3048 1818 3101 Ascen-

258 3138 398 3193 siam
424 3136 598 3193 Paris.
629 3139 788 3205 1520,
818 3140 931 3204 1ὸ1.,
955 3138 1141 3193 Colon.
1170 3139 1328 3206 1551,
1353 3138 1446 3195 fol.
1471 3137 1599 3213 [Est
1621 3142 1673 3195 in
1707 3139 1822 3197 XVI

258 3231 415 3284 codd.
449 3230 577 3284 bibl.
608 3232 752 3298 publ.
789 3231 1000 3303 Paris.)

323 3320 373 3373 7.
405 3320 551 3390 Πρὸς
575 3323 698 3384 τοὺς
722 3321 1099 3388 πλουτοῦντας,
1122 3323 1233 3379 sive
1254 3324 1410 3378 Κατὰ
1432 3324 1819 3387 πλουτούντων,

253 3409 320 3462 1η
344 3410 550 3475 diuites,
580 3413 647 3467 ad
694 3411 825 3469 Luc.
849 3431 1001 3479 xvm,
1034 3416 1126 3472 22.
1158 3416 1361 3487 [Carn.
1402 3417 1464 3477 Il,
1499 3432 1551 3484 p.
1581 3416 1639 3468 51
1671 3413 1819 3485 sqq.]

253 3500 447 3571 Incipit
478 3522 491 3557 :
522 3504 751 3576 Εἴρηται
779 3509 874 3560 καὶ
901 3508 1095 3578 πρῴην
1130 3510 1279 3577 ἡμῖν,
1314 3506 1487 3561 Vertit
1519 3505 1822 3561 Volaterra-

259 3610 364 3650 nus
395 3607 449 3652 et
475 3598 791 3655 Cornarius.
826 3598 1053 3672 [Exstat
1087 3601 1138 3654 itt
1174 3598 1265 3654 XV
1294 3602 1453 3655 codd.
1488 3600 1662 3656 Paris.
1688 3600 1816 3657 bibl.

255 3688 402 3756 publ.
424 3689 443 3761 ]

324 3784 379 3837 8.
432 3783 521 3837 Ἐν
542 3781 684 3854 λιμῷ
708 3784 802 3837 καὶ
840 3784 1057 3856 αὐχμῷ,
1094 3795 1317 3855 tempore
1348 3786 1503 3855 famis
1530 3795 1576 3839 et
1610 3785 1821 3839 siccita«

256 3876 352 3937 tis.
388 3873 531 3927 dicta
569 3872 788 3927 Itontilia
820 3873 871 3928 in
907 3876 1090 3929 divites
1120 3894 1306 3931 avaros
1340 3875 1546 3948 [Carn.
1578 3876 1638 3941 ll,
1670 3893 1723 3945 p.
1755 3877 1823 3931 62

255 3962 417 4038 sqq.]
446 3963 636 4034 Incipit
662 3983 675 4018 :
701 3964 851 4019 Λέων
893 3966 1194 4039 ὲρεύξεται.
1242 3968 1411 4022 Vertit
1446 3967 1822 4022 Volaterranns

257 4068 312 4111 et
348 4056 663 4112 Cornarius.
700 4055 827 4129 [Est
865 4058 918 4113 in
956 4058 1045 4111 XV
1084 4061 1237 4113 codd.
1280 4058 1454 4115 Paris.
1495 4060 1622 4113 bibl.
1672 4058 1817 4127 publ.

258 4149 409 4205 ConI'.
442 4149 787 4212 Schroecth
815 4166 866 4216 p.
892 4150 958 4202 67
987 4149 1109 4219 ξφ]

325 4243 377 4295 9.
424 4242 547 4292 Ὀτι
594 4240 694 4292 οὐκ
729 4239 874 4293 ἐστιν
933 4239 1105 4302 αἴτιος
1161 4238 1270 4292 τῶν
1323 4241 1508 4292 κακῶν
1574 4244 1603 4294 ὁ
1670 4242 1819 4307 Θεός,

255 4333 391 4403 quod
446 4330 585 4386 Deus
640 4348 742 4386 non
796 4342 871 4386 est
921 4342 1106 4385 auctor
1171 4334 1446 4384 malorum.
1498 4329 1700 4402 [Carn.
1756 4332 1820 4397 II,

256 4442 308 4497 p.
343 4426 411 4479 72
449 4424 606 4498 sqq.]
637 4426 830 4496 Incipit
861 4444 874 4479 :
906 4426 1100 4480 Πολλοὶ
1130 4426 1229 4496 τῆς
1255 4424 1597 4486 διδασκαλίας
1626 4426 1675 4475 ol
1708 4426 1825 4496 τρό-

258 4534 369 4569 ποι.
425 4516 713 4572 Verterunt
754 4519 1142 4574 Volaterranus
1176 4530 1229 4573 et
1269 4520 1581 4575 Cornaritts.
1622 4517 1734 4571 Vidi
1769 4528 1823 4572 et

1905 671 2081 709 uersus
2116 655 2418 713 irascentes,
2464 650 2539 703 De
2574 645 2802 707 inuidia;
2846 654 2891 697 et
2935 642 2997 695 ab
3031 642 3209 695 eodem
3250 658 3397 694 uersa
3441 658 3469 696 ι

1907 746 2091 801 ϐιαιεο
2121 744 2394 811 Sophoclis
2428 743 2683 809 Antigone
2706 748 2751 790 et
2778 735 2986 789 Berueti
3021 735 3250 805 ejusdem
3273 734 3468 802 epigrr.

1906 842 2126 909 aliquot.
2154 838 2399 908 Lugduni
2426 853 2511 905 ap.
2548 834 2732 901 Steph.
2761 831 3022 884 boletum.
3053 829 3469 884 I551.—Ilom.

1908 933 2120 985 Advers.
2157 931 2465 991 iracundas,
2493 927 2587 982 Cr.
2620 926 2799 980 Roma
2820 923 2975 986 1550,
2996 923 3070 990 8⁸,
3093 925 3144 978 itt
3178 924 3305 979 bibl.
3338 924 3469 977 Bar—

1909 1023 2109 1076 berium
2137 1033 2244 1074 cat.
2296 1035 2349 1088 p.
2384 1019 2508 1073 II8.
2555 1048 2623 1058 -—
2662 1016 2842 1071 Leidte
2878 1018 2928 1071 in
2972 1016 3105 1071 bibl.
3154 1016 3298 1085 publ.
3335 1017 3472 1070 inter

1909 1125 2037 1165 mss.
2072 1126 2135 1164 ex
2190 1110 2363 1180 legato
2407 1110 2610 1163 Bonav.
2655 1106 2900 1161 Vulcanii
2938 1118 3064 1162 sunt
3103 1107 3369 1161 adnotatt.
3420 1106 3472 1159 in

1909 1203 2091 1257 Basilii
2118 1205 2431 1258 concionem
2473 1201 2671 1256 Contra
2718 1202 2999 1254 irascentes
3037 1208 3090 1254 et
3128 1198 3474 1253 Plutarchum

1909 1296 1987 1347 De
2013 1296 2199 1347 uirtute
2222 1291 2503 1350 morali.V.
2529 1292 2650 1347 Cat.
2673 1292 2805 1345 bibl.
2839 1292 2991 1346 Leid.
3018 1307 3137 1360 pag.
3157 1289 3281 1356 547,
3301 1306 3354 1342 ιι.
3384 1288 3472 1343 71.

1907 1414 1978 1426 ——
2014 1387 2150 1438 Add.
2182 1386 2249 1440 ad
2284 1401 2338 1439 ιι.
2383 1383 2472 1438 18.
2504 1413 2574 1423 -——
2616 1384 2768 1438 Orat.
2805 1383 2893 1437 illa
2926 1382 3110 1437 Basilii
3147 1391 3231 1436 est
3268 1381 3320 1435 in
3356 1378 3479 1436 XIX

1911 1479 2065 1532 codd.
2107 1477 2232 1531 bibl.
2267 1478 2411 1546 publ.
2446 1476 2621 1531 Paris.
2664 1476 2834 1530 ΗΑιιι..

1990 1572 2074 1627 11.
2116 1574 2252 1643 Περὶ
2284 1571 2503 1641 φθόνου.
2546 1568 2622 1623 De
2652 1569 2869 1622 invidia.
2907 1567 3097 1638 Incipit
3127 1580 3143 1620 :
3191 1564 3419 1634 ’Δγαθδς
3450 1562 3484 1619 ὁ

1912 1666 2065 1728 Θεὸς.
2105 1664 2310 1735 [Garn.
2348 1662 2411 1725 Il,
2444 1679 2497 1734 p.
2534 1662 2594 1718 91
2642 1660 2801 1734 sqq.]
2850 1659 3139 1715 Verterunt
3168 1659 3482 1713 Volaterra-

1915 1773 2015 1812 nns
2081 1769 2136 1811 et
2198 1756 2518 1819 Carnarius,
2580 1766 2635 1810 et
2696 1755 3021 1810 Franciscus
3074 1750 3479 1817 Craneveldius,

1916 1848 2117 1903 Lovan.
2147 1846 2300 1910 1534,
2323 1846 2374 1899 8.
2405 1845 2701 1901 Gcntiantts
2732 1846 2861 1898 item
2895 1845 3180 1899 Hervetus.
3221 1844 3359 1897 Ante
3384 1841 3484 1896 Itos

1918 1941 2165 1995 Nicolans
2188 1940 2455 1995 Perottus.
2488 1938 2653 1993 ῈΑιιιι.
2688 1938 2760 1991 De
2802 1937 2932 1991 edit.
2962 1936 3228 1990 versionis
3262 1936 3483 1990 Ilervet.

1916 2048 1970 2086 v.
2000 2033 2065 2086 ad
2095 2050 2148 2086 ιι.
2178 2033 2419 2086 anteced.
2450 2062 2518 2070 —
2540 2032 2721 2084 Basilii
2755 2029 2825 2083 Μ.
2855 2030 3004 2083 hom.
3038 2027 3110 2081 De
3138 2027 3363 2092 inuidia,
3386 2026 3481 2080 Cr.

1918 2136 1971 2178 et
1998 2124 2118 2178 Lat.
2150 2139 2216 2177 ex
2244 2138 2384 2176 vers.
2418 2121 2625 2176 Daniel.
2657 2120 2929 2189 Angentii.
2965 2118 3136 2173 Paris.
3167 2133 3255 2189 ap.
3287 2118 3473 2172 Morel.

1920 2216 2080 2279 1586,
2120 2217 2203 2269 4°.
2247 2216 2367 2269 Vid.
2405 2212 2591 2267 Pinelli
2616 2212 2735 2265 Cat.
2777 2211 2817 2275 I,
2848 2226 2968 2280 pag.
3002 2212 3090 2265 55.
3125 2221 3266 2265 —-et
3311 2211 3481 2265 Maitt.

1918 2305 2008 2370 III,
2046 2322 2098 2376 p.
2141 2305 2265 2361 795.
2309 2334 2380 2345 —-
2426 2304 2757 2359 Censorinus
2800 2330 2873 2343 —
2903 2300 3119 2356 Cebetis
3168 2301 3344 2357 tabula
3390 2318 3487 2372 per

1918 2396 2122 2451 Lodov.
2162 2396 2366 2450 Odoax.
2412 2411 2443 2449 e
2486 2394 2673 2449 Cra-co
2721 2410 3024 2462 conversa;
3059 2394 3380 2449 Plutarchus
3413 2393 3489 2450 Ds

1918 2489 2116 2541 invidia
2144 2496 2191 2540 et
2240 2489 2400 2548 odio;
2427 2486 2616 2539 Basilii
2642 2502 2719 2538 or.
2758 2486 2831 2539 De
2873 2486 3075 2541 inuidia
3107 2503 3199 2556 per
3229 2483 3352 2541 Nic.
3387 2486 3487 2541 Pe-

1920 2588 2113 2633 rottnm
2153 2580 2427 2640 traducta;
2464 2577 2651 2632 Basilii
2676 2579 2827 2647 epist.
2869 2579 2944 2633 De
2978 2582 3082 2633 vita
3118 2581 3358 2634 solitaria
3395 2593 3491 2649 per

1920 2669 2256 2739 Pbilelphnm
2284 2680 2339 2724 et
2366 2670 2553 2726 Graeco
2582 2672 2845 2735 traducta,
2878 2686 2925 2725 s.
2958 2671 2994 2725 l.
3021 2681 3074 2727 et
3100 2686 3152 2736 a,
3184 2672 3235 2726 4.
3264 2672 3395 2725 min.
3421 2671 3486 2726 V.

1922 2765 2099 2821 Fossii
2130 2767 2301 2821 Catal.
2333 2769 2488 2821 codd.
2514 2798 2575 2807 —
2613 2766 2864 2839 Magliab.
2889 2767 2931 2833 I,
2964 2784 3015 2838 p.
3043 2769 3137 2824 5II
3168 2784 3251 2839 sq.
3283 2769 3358 2824 De
3383 2766 3489 2823 alia

1922 2859 2052 2915 edit.
2098 2859 2296 2914 Benon.
2343 2859 2481 2913 1197
2510 2876 2560 2915 v.
2598 2861 2664 2913 ad
2701 2878 2755 2913 ιι.
2791 2861 2879 2915 24.
2920 2894 2991 2904 —
3031 2864 3375 2917 Censorinus.
3421 2893 3492 2905 —

1920 2942 2134 2996 Cebetis
2164 2943 2341 2996 tabula
2364 2973 2431 2982 —
2462 2942 2633 2997 Basil.
2663 2944 2740 2997 De
2770 2946 2966 3001 invidia
2990 2955 3044 3000 et
3074 2947 3149 3001 De
3174 2948 3276 3000 vita
3306 2949 3492 3002 solita-

1924 3034 2027 3095 ria,
2062 3031 2185 3087 Lat.
2215 3046 2325 3089 etc.
2351 3032 2545 3089 Venet.
2578 3050 2672 3103 per
2698 3034 3016 3092 Bernardin.
3044 3039 3110 3093 de
3135 3037 3296 3094 VitaI.
3328 3037 3488 3105 1500,

1923 3126 1999 3182 4°.
2030 3125 2091 3183 V.
2122 3127 2291 3181 Maitt.
2318 3128 2406 3194 IV,
2431 3143 2553 3198 pag.
2583 3128 2687 3183 720
2718 3146 2798 3199 sq.
2819 3132 3021 3187 —Cel.
3054 3131 3276 3187 Panzer.
3306 3138 3368 3187 Α.
3403 3133 3490 3199 Τ.,

1850 3247 1893 3305 C
1929 3218 2036 3282 VII,
2069 3234 2120 3287 p.
2162 3218 2288 3283 270,
2323 3236 2376 3274 ιι.
2410 3221 2531 3284 125,
2575 3222 2879 3276 versionem
2916 3222 3233 3278 Craneveld.
3270 3233 3325 3277 et
3356 3225 3488 3279 edit.

1925 3315 2093 3370 refert
2116 3332 2177 3370 es
2218 3317 2328 3370 Val.
2363 3317 2531 3371 Andr.
2555 3308 2704 3371 Bibl.
2750 3319 2979 3389 Bclgic.,
3007 3335 3125 3390 pag.
3156 3320 3283 3384 227,
3323 3322 3389 3376 ad
3424 3323 3489 3377 Α.

1924 3405 2085 3470 1554,
2120 3407 2196 3461 8°.
2227 3405 2398 3461 Inscr.
2445 3416 2575 3460 est:
2618 3407 2807 3461 Basilii
2847 3410 2925 3463 Μ.
2966 3410 3195 3465 hami/ia:
3240 3421 3365 3465 tres.
3414 3413 3492 3465 De

1921 3500 2149 3553 utilitate
2196 3500 2450 3568 capienda
2483 3516 2548 3555 ea:
2583 3502 2852 3571 gentilium
2897 3515 3173 3557 auctorunt
3215 3504 3383 3557 libris.
3417 3504 3491 3559 De

1921 3592 2141 3646 invidia.
2180 3589 2245 3645 In
2280 3591 2411 3646 illud
2447 3608 2466 3649 :
2504 3612 2524 3647 ‹
2568 3593 2786 3648 Attende
2831 3593 2923 3647 tibi
2966 3596 3088 3664 ipsi.
3130 3615 3147 3647 ι
3177 3595 3367 3650 Latine
3400 3612 3495 3665 per

1919 3683 2116 3739 Franc.
2156 3684 2471 3741 Craneveld.
2522 3685 2724 3741 Lovan.
2769 3701 2836 3739 ex
2882 3686 2974 3740 oII.
3026 3687 3246 3754 Rntgeri
3289 3687 3489 3743 Rescii.

1922 3774 2077 3829 1534.
2118 3806 2185 3815 —
2214 3776 2401 3830 Basilii
2437 3776 2512 3831 Μ.
2550 3794 2612 3829 ac
2651 3776 2922 3830 Plutarchi
2957 3776 3032 3831 De
3082 3777 3275 3830 inuidia
3329 3785 3375 3829 et
3407 3777 3490 3829 di-

1920 3868 2159 3919 scrimine
2182 3867 2388 3920 invidia:
2416 3878 2462 3920 et
2491 3868 2619 3930 odii,
2652 3879 2809 3923 oratt.
2850 3867 2933 3921 II.
2968 3867 3185 3937 Leipzk.
3221 3864 3377 3932 I507,
3413 3868 3489 3922 4°.

1919 3988 1990 3999 —
2013 3958 2333 4014 Athanasius
2364 3962 2417 4013 in
2451 3959 2651 4014 Psalm.
2695 3976 2872 4025 opusc.
2904 3988 2973 4001 -
3002 3960 3265 4028 Epicteti,
3293 3963 3491 4029 Angela

1923 4048 2189 4104 Politiano
2227 4052 2521 4120 interprete.
2566 4051 2755 4106 Basilii
2800 4062 2935 4108 orat.
2971 4051 3043 4108 De
3086 4054 3316 4116 inuidia,
3365 4052 3490 4109 Nic.

1923 4139 2135 4195 PeroUo
2187 4145 2485 4210 interprete.
2535 4144 2878 4207 Plutarchus,
2925 4152 3054 4206 etc.,
3086 4145 3377 4213 Argentor.
3424 4157 3495 4199 ex

1922 4239 2013 4292 olI.
2039 4238 2226 4290 Matth.
2262 4236 2516 4292 Sclmrer.
2552 4236 2708 4298 1508.
2734 4237 2807 4291 4°.
2838 4236 2965 4290 Vide
2995 4236 3217 4298 Panzer,
3248 4235 3335 4299 VI,
3371 4251 3490 4305 pag.

1921 4330 2012 4394 42,
2040 4348 2091 4382 ιι.
2134 4329 2255 4387 151.
2288 4330 2478 4384 Exstat
2522 4331 2575 4383 in
2624 4330 2747 4383 XIX
2786 4330 2941 4385 codd.
2978 4329 3107 4383 bibl.
3136 4328 3283 4397 publ.
3317 4329 3491 4385 Paris.

1924 4423 2098 4478 ΗΑιιι..

1995 4518 2080 4571 12.
2123 4516 2213 4579 Ei;
2244 4516 2341 4588 τὴν
2368 4516 2541 4587 ἀρχὴν
2571 4516 2680 4570 τῶν
2712 4518 3050 4589 Παροιμιῶν,
3080 4516 3147 4571 1η
3180 4516 3492 4587 principium

258 4608 519 4662 Gallicam
562 4610 861 4663 versionem
904 4626 1157 4665 excusant
1202 4612 1523 4682 Itothomug.
1552 4610 1712 4671 1584,
1746 4608 1819 4661 8°.
1856 4595 1898 4647 D
1928 4608 2355 4661 Proverbiurum.
2387 4606 2582 4677 [Carm
2615 4610 2676 4672 II,
2702 4628 2754 4678 p.
2780 4611 2870 4675 97,
2905 4611 3037 4683 etcf;
3066 4611 3253 4679 Incipit
3280 4625 3294 4663 :
3330 4611 3494 4678 Ἀγα-

263 4702 427 4758 Ειιιιιι.
464 4701 660 4756 Multus
710 4712 793 4755 est
840 4702 907 4755 de
965 4704 1065 4755 hac
1113 4706 1255 4758 hom.
1301 4704 1615 4759 Scltrtmklt.
1661 4704 1696 4757 l.
1750 4719 1822 4765 c.,

262 4812 313 4864 p.
343 4798 447 4851 194
479 4812 600 4866 sqq.
635 4827 701 4836 —
736 4794 921 4851 Exstat
948 4795 1002 4848 in
1037 4793 1174 4847 XVII
1204 4799 1362 4851 codd.
1398 4797 1525 4851 bibl.
1559 4797 1701 4865 publ.
1730 4794 1827 4849 Pn-

264 4888 355 4941 ris.
380 4916 450 4926 -—
472 4886 712 4942 Florent.
749 4889 800 4941 in
830 4886 950 4942 cod.
976 4886 1229 4941 Laurent.
1257 4888 1394 4954 XVI,
1424 4907 1476 4943 ιι.
1501 4889 1590 4955 22,
1615 4890 1747 4962 plut.
1772 4891 1823 4945 7.

262 4977 528 5044 (Bandin.
561 4975 599 5038 1,
631 4992 682 5044 p.
712 4976 877 5045 281.)
920 4977 1091 5031 11Αιιι..

327 5068 416 5120 10.
458 5066 616 5122 Κατὰ
655 5067 1043 5139 ὀργιζομένων,
1072 5069 1144 5123 De
1166 5071 1247 5123 ira
1268 5112 1282 5135 ,
1314 5070 1427 5125 sive
1452 5074 1700 5128 adversus
1727 5076 1829 5127 ira-

259 5172 451 5212 scentes
495 5160 697 5232 [Carm
733 5160 793 5223 II,
836 5175 885 5228 p.
927 5159 1052 5231 83.]
1090 5161 1278 5233 Incipit
1320 5182 1332 5217 :
1364 5164 1573 5235 Ὠσπερ
1601 5166 1691 5218 ἐπὶ
1720 5167 1826 5219 τῶν

266 5251 522 5320 ἰατρικῶν
557 5251 1050 5324 παραγγελμάτων.
1088 5251 1377 5309 Verterunt
1408 5258 1567 5311 iidem
1588 5256 1829 5313 Volatero

262 5359 425 5398 ranus
456 5352 509 5396 et
544 5345 858 5399 Carnarius.
898 5344 1103 5399 Prodiit
1146 5358 1199 5399 et
1235 5349 1525 5417 separatim
1559 5348 1745 5403 Grarce
1775 5360 1829 5403 et

262 5435 377 5491 Lat.
410 5435 587 5492 Paris.
626 5438 785 5505 1587,
830 5438 903 5502 4°,
945 5453 1065 5492 cum
1098 5438 1545 5507 interpretatione
1578 5440 1827 5495 Centiani

260 5527 499 5583 Berveti.
530 5526 695 5583 FABB.
739 5531 783 5583 A
819 5530 1087 5584 Maittaire
1116 5531 1183 5584 Α.
1217 5528 1300 5591 Τ.,
1342 5531 1424 5595 111,
1458 5548 1511 5600 p.
1543 5530 1661 5598 798,
1695 5535 1825 5587 edit.

263 5618 339 5673 sic
366 5620 717 5689 designatur:
747 5620 936 5675 Basilii
970 5620 1045 5675 Μ.
1079 5623 1219 5675 hom.
1252 5622 1501 5676 adversus
1529 5624 1827 5691 irascentes,

265 5708 354 5763 Cr.
386 5723 433 5765 et
461 5712 581 5767 Lat.
605 5713 880 5781 interprete
911 5715 1051 5768 Dan.
1080 5714 1354 5784 Augentio,
1380 5731 1495 5767 cum
1527 5715 1639 5785 ejus
1670 5718 1825 5770 notis.

266 5800 432 5856 Lutet.
458 5820 543 5871 ap.
577 5802 622 5855 F
626 5804 709 5858 ed.
735 5804 921 5861 Morel.
947 5806 1101 5871 1587,
1123 5804 1271 5860 4°.—
1290 5806 1422 5861 Ibid.
1454 5822 1579 5862 vero
1600 5824 1653 5876 p.
1684 5806 1786 5860 550
1812 5826 1826 5863 :

267 5888 505 5948 Gentium"
548 5892 759 5953 Berveti
786 5907 946 5952 oratt.
986 5908 1107 5969 tres,
1138 5898 1215 5957 De
1242 5900 1513 5971 patientia,
1545 5914 1671 5972 etc.,
1707 5902 1826 5956 item

1928 4698 2018 4763 Θὺς
2041 4701 2069 4753 ὁ
2095 4704 2191 4772 τῆς
2214 4698 2525 4765 εὐπειθείας
2553 4701 2761 4772 μισθός.
2791 4703 3081 4757 Verterunt
3109 4699 3496 4754 Volaterranus

1926 4798 1981 4841 et
2014 4790 2329 4843 Commius.
2366 4789 2559 4845 Exstat
2587 4792 2640 4845 in
2670 4791 2765 4847 XII
2790 4794 2945 4849 codd.
2974 4791 3103 4846 bibl.
3131 4790 3276 4862 publ.
3319 4790 3492 4849 Paris.

1928 4880 2099 4935 IlttnL.

2008 4975 2093 5027 15.
2134 4974 2510 5046 Προτρεπτικὴ
2532 4976 2609 5038 εἰς
2628 4976 2687 5029 τὸ
2716 4976 2866 5043 ἅγιον
2890 4974 3201 5047 Βάπτισμα,
3226 4975 3493 5030 Exhorta-

1926 5067 1998 5118 tio
2028 5067 2096 5118 ad
2125 5065 2440 5133 baptismum
2472 5080 2519 5120 et
2554 5068 2928 5135 paenitentiam.
2962 5068 3172 5140 [Carn.
3208 5068 3271 5130 II,
3302 5086 3352 5137 p.
3394 5069 3497 5123 115

1926 5159 2088 5231 sqq.]
2118 5157 2307 5227 Incipit
2342 5181 2353 5215 :
2396 5162 2456 5213 Ὀ
2485 5162 2581 5231 μὲν
2620 5160 2782 5229 σοφὸς
2808 5161 3076 5231 Σολομὼν.
3126 5162 3294 5215 Vertit
3332 5159 3491 5215 Vola-

1930 5261 2196 5307 terranus.
2235 5249 2365 5321 [Est
2404 5254 2454 5305 in
2483 5251 2669 5307 XXXV
2712 5254 2867 5305 codd.
2896 5254 3059 5308 Paris.
3098 5252 3226 5307 bibl.
3258 5254 3404 5322 publ.
3441 5268 3496 5310 et

1928 5344 1981 5398 in
2011 5346 2129 5398 cod.
2156 5344 2381 5399 Coislin.
2412 5343 2521 5407 CV,
2554 5360 2607 5397 ιι.
2637 5344 2794 5398 28Ν.
2823 5343 3108 5401 Manliano.
3136 5345 3272 5402 Bibl.
3306 5346 3492 5409 Coisl.,

1928 5452 1980 5505 p.
2010 5437 2126 5491 179.
2159 5435 2213 5488 In
2242 5437 2361 5490 Cat.
2387 5437 2544 5489 codd.
2574 5435 2747 5491 Paris.
2782 5448 2908 5489 tom.
2936 5436 2997 5501 Il,
3022 5453 3142 5506 pag.
3173 5437 3261 5503 67,
3293 5437 3345 5491 in
3370 5439 3492 5492 cod.

1930 5527 2252 5593 CDLXXVI,
2290 5546 2342 5581 ιι.
2378 5529 2463 5592 18,
2500 5531 2760 5599 scriptum
2796 5542 2879 5585 est
2908 5532 2974 5585 ab
3003 5533 3221 5599 antiqua
3257 5546 3437 5596 manu,
3465 5546 3495 5582 ι)

1931 5619 2317 5689 stylojudicari
2342 5635 2520 5688 posse,
2546 5631 2686 5673 ornt.
2713 5624 2857 5677 illam
2892 5638 2996 5675 non
3029 5636 3149 5676 esse
3177 5638 3493 5691 germanum

1930 5712 2115 5766 Basilii
2166 5713 2347 5765 letum.
2388 5713 2613 5765 Additur
2660 5728 2675 5768 :
2719 5715 2899 5783 Neque
2956 5716 3081 5769 illud
3133 5726 3370 5783 temere;
3412 5727 3496 5773 est

1930 5806 2073 5860 enim
2109 5803 2293 5875 Cyrilli
2328 5803 2589 5859 IIierosol.
2628 5808 3046 5875 procatechesis.
3087 5806 3284 5880 Ηλιιιμ]

2002 5897 2087 5953 14.
2128 5895 2281 5954 Κατά
2318 5896 2642 5969 μεθυόντων,
2675 5898 2742 5955 In
2770 5900 3066 5957 ebrietatem
3098 5909 3145 5956 et
3173 5899 3373 5956 luxum.
3399 5896 3494 5957 [tt-
