4212 6502
740 454 895 497 «ειη

2096 437 2628 497 PBOLEGOMENA.

737 554 873 621 cipit
908 570 921 604 :
948 551 1104 604 Κινεΐ
1137 549 1237 621 μέν
1265 566 1329 621 με
1356 550 1493 620 πρὸς
1517 550 1609 605 τὸν
1633 552 1806 621 λόγον.
1840 552 1857 623 [
1882 552 2047 607 Garn.
2084 553 2149 617 II,
2179 569 2302 625 pag.
2334 559 2381 614 Α

2334 559 2381 614 Α
2409 563 2461 606 et
2494 551 2560 607 de
2600 550 2713 621 ipsa
2759 550 3004 620 humilia,
3049 568 3210 623 quam
3256 554 3327 608 ita
3367 553 3662 625 elegantem
3704 562 3759 609 et
3795 568 3966 608 orna-

738 645 843 701 122
881 642 1040 715 sqq.]
1072 641 1245 698 Vertit
1277 643 1685 706 Volaterranus.
1709 658 1830 698 eum
1860 646 2007 713 cujus
2034 646 2297 714 interpre-

737 736 941 790 tatione
972 734 1261 803 separatim
1306 733 1471 788 etiam
1505 734 1703 802 prodiit
1748 734 1861 787 haec
1893 734 2105 788 humilia
2148 733 2298 788 Kilo-

736 829 839 883 nite
866 826 1024 891 I675,
1055 827 1131 891 ι’,
1161 824 1426 892 adiunctis
1460 824 1583 878 aliis
1615 824 1898 878 ebrietatis
1926 824 2299 894 descriptioni-

733 920 834 973 bus
851 928 907 972 et
920 917 1347 972 accusationibus
1370 917 1636 970 variorum
1654 917 1975 985 scriptorum
1993 915 2297 971 Grmcurum

732 1009 1174 1081 Latinorumque.
1247 1008 1637 1080 Interpretatus
1710 1020 1905 1077 praeter
1973 1010 2297 1063 Coruarium

736 1105 896 1157 etiam
922 1112 1007 1157 est
1035 1101 1352 1156 Frauciscns
1379 1100 1781 1164 Craneveldins,
1814 1100 2012 1154 Lovan.
2039 1100 2192 1162 1558,
2220 1101 2299 1164 8⁶,

736 1204 791 1249 et
812 1195 995 1249 Simon
1016 1194 1253 1248 Stenius.
1279 1193 1613 1262 Heidelberg.
1641 1193 1797 1255 1591,
1815 1192 1883 1246 8°.
1904 1192 2070 1247 FABR.
2092 1194 2298 1246 Secun-

733 1286 858 1340 dum
879 1286 1141 1341 Maittaire
1159 1287 1222 1339 Α.
1246 1285 1304 1340 Τ.
1324 1287 1375 1339 in
1394 1287 1587 1343 indice.
1605 1301 1651 1353 p.
1674 1286 1792 1351 117,
1806 1287 2138 1339 Craneveltlii
2154 1301 2296 1339 vers.

733 1377 854 1433 Lat.
878 1380 1025 1447 prodi
1055 1378 1295 1432 tLuvan.
1321 1393 1383 1431 ex
1404 1377 1492 1430 ull".
1518 1376 1737 1446 Rutgeri
1761 1377 1932 1430 Ri:.~cii
1964 1376 2118 1441 I535,
2141 1378 2300 1429 8°.—

732 1467 1160 1523 Eademﬁrmce
1178 1511 1188 1533 ,
1207 1470 1277 1522 ib.
1302 1468 1453 1530 I553,
1473 1476 1542 1522 δ’.
1559 1467 1699 1521 Idem
1725 1468 2295 1521 testaturcel.Panzer.

732 1562 799 1614 Α.
824 1564 878 1615 Τ.
904 1559 1011 1623 VII,
1036 1576 1153 1630 pag.
1177 1559 1303 1622 269,
1330 1577 1375 1612 ιι.
1415 1558 1533 1613 lib.
1562 1568 1685 1626 etp.
1714 1556 1819 1610 9.70
1870 1574 1923 1611 ιι.
1951 1557 2295 1613 lii—Basi-

734 1652 791 1706 lii
836 1660 977 1707 orat.
1022 1654 1075 1705 in
1118 1652 1438 1714 ebrietatem,
1494 1648 1694 1704 Jacubo
1749 1649 1923 1703 Fabro
1982 1650 2293 1717 interprete,

732 1744 1035 1799 Daventrize
1081 1759 1175 1812 per
1200 1744 1404 1797 'I‘heod.
1448 1742 1663 1796 literne.
1707 1741 1863 1806 1510,
1902 1741 1975 1794 4ο.
2019 1741 2080 1796 V.
2112 1739 2293 1796 Thott.

733 1837 911 1892 οδω.
935 1836 1045 1899 VII,
1082 1851 1203 1906 pag.
1231 1835 1350 1889 121.
1381 1862 1447 1873 -ο
1474 1834 1764 1901 Descriptio
1796 1833 2081 1895 ebrietatis,
2106 1832 2158 1885 in
2187 1830 2297 1885 col-

2407 652 2515 696 tam
2539 657 2660 698 esse
2681 642 2908 714 iudicat,
2937 656 2996 700 ut
3022 644 3138 716 ejus
3164 655 3367 709 auctor,
3394 649 3702 717 quicunque
3722 647 3814 703 ille
3842 646 3963 713 fuit,

2400 738 2732 806 prmeipuum
2780 737 2954 793 locum
3003 739 3139 793 inter
3168 748 3414 793 oratores
3452 739 3647 794 mereri
3684 740 3965 804 videatur;

2400 836 2679 896 comparat
2713 844 2832 882 eam
2868 844 2989 883 cum
3033 829 3141 895 illa,
3173 845 3292 899 qua:
3324 832 3423 885 sub
3454 830 3823 901 Chrysostomi
3868 846 3969 885 ιιοι

2402 920 2545 974 mine
2589 919 2994 986 circumfertur,
3028 930 3083 975 et
3121 923 3351 994 colligit,
3385 924 3666 993 utriusque
3695 924 3964 978 orationis

2403 1026 2565 1065 unum
2598 1021 2654 1065 et
2680 1012 2926 1067 eumdem
2974 1027 3096 1067 esse
3135 1026 3445 1081 auctorem,
3480 1031 3540 1069 ac
3582 1018 3961 1085 posteriorem,

2402 1103 2555 1171 quasi
2580 1104 2795 1171 prioris,
2813 1103 3205 1175 Chrysostomo
3230 1105 3461 1172 tributae,
3486 1106 3779 1176 epitomen,
3802 1116 3964 1173 atque

2400 1191 2701 1247 Antiochia:
2766 1194 3043 1260 habitam,
3100 1195 3483 1267 Chrysostomo
3540 1212 3751 1267 quoque
3802 1211 3965 1265 posse

2402 1282 2691 1346 vindicari,
2749 1285 2939 1339 saltem
2996 1283 3196 1339 Basilio
3250 1302 3353 1340 nun
3400 1288 3764 1341 asserendam.
3820 1285 3961 1339 Attd.

2401 1372 2718 1429 Schrmrlth.
2748 1374 2783 1427 I.
2815 1389 2887 1438 c.,
2920 1390 3041 1444 pag.
3076 1374 3178 1430 190
3200 1390 3282 1445 sq.
3324 1404 3396 1415 —
3418 1374 3541 1430 Haec
3569 1375 3807 1441 humilia,
3832 1375 3962 1429 item

2397 1462 2463 1519 In
2488 1480 2539 1519 ιι
2559 1475 2844 1535 martyres;
2863 1466 3056 1519 Contra
3081 1468 3381 1533 irascentes,
3402 1477 3455 1522 et
3477 1467 3578 1521 illae
3600 1468 3652 1520 in
3680 1466 3837 1522 Lacte
3860 1483 3959 1532 ιιι,

2398 1558 2486 1621 18,
2522 1577 2541 1610 ι
2570 1562 2841 1612 destruam
2873 1558 3060 1611 Itorrea
3088 1575 3225 1624 mea,
3261 1579 3279 1612 ι
3309 1570 3471 1629 atque
3500 1561 3553 1613 in
3582 1558 3712 1612 Luc.
3742 1575 3875 1625 xm,
3902 1560 3960 1626 ὅ,

2402 1668 2421 1701 ι
2457 1651 2665 1703 attende
2692 1651 2785 1702 tibi
2825 1649 2947 1718 ipsi,
2990 1668 3009 1701 ι
3055 1659 3177 1703 sunt
3204 1652 3363 1704 etiam
3392 1652 3443 1703 in
3476 1649 3683 1704 Patusa:
3712 1646 3963 1718 Encyclo-

2394 1744 2567 1810 pardia
2600 1741 2853 1810 philolog.
2884 1741 3074 1795 Venet.
3112 1741 3267 1801 1710,
3293 1744 3365 1802 8ο,
3411 1742 3517 1795 vol.
3559 1741 3621 1795 ll.
3662 1770 3731 1781 --
3773 1740 3963 1794 Exstat

2398 1833 2486 1887 illa
2521 1834 2666 1889 hom.
2694 1834 2745 1887 in
2778 1831 2873 1886 XII
2903 1832 3060 1886 codd.
3092 1830 3266 1886 Paris.
3299 1832 3469 1885 lianc.

736 1927 967 1981 lectione
1000 1902 1253 1996 inscripta
1282 1944 1295 1979 :
1327 1923 1805 1992 Francafurdiense
1830 1925 2135 1989 emporium.
2169 1923 2295 1990 Ejus
2324 1902 2366 1957 Β

2324 1902 2366 1957 Β
2469 1926 2556 1979 19.
2599 1924 2694 1987 Εἰς
2743 1925 2995 1997 μάρτυρα
3036 1923 3280 1995 Γόρδιον,
3316 1921 3383 1975 1η
3427 1922 3712 1987 Gordium,
3760 1935 3963 1994 marty-

732 2016 1035 2069 encomium
1072 2033 1183 2069 :—
1209 2043 1277 2054 —
1308 2014 1707 2083 Methysomisia
1735 2022 1954 2066 auctore
1984 2012 2148 2066 llenr.
2177 2012 2297 2065 Ste-

731 2110 930 2175 phano.
971 2107 1370 2176 Epigrammata
1404 2122 1469 2161 ex
1498 2106 1806 2171 antholugia
1838 2114 2025 2157 contra
2058 2104 2295 2158 ebrieta-

735 2208 861 2259 tem,
894 2212 1017 2251 cum
1059 2195 1177 2250 Lat.
1208 2195 1325 2249 Jos.
1360 2193 1617 2263 Scaligeri
1652 2194 2114 2261 interpretatione.
2145 2192 2298 2247 Liba-

733 2290 805 2342 nii
836 2289 1116 2356 descriptio
1158 2289 1422 2340 ebrietatis
1462 2297 1515 2339 et
1558 2286 1765 2345 Basilii.
1792 2286 1889 2342 Gr.
1934 2296 1987 2341 et
2025 2286 2145 2340 Lat.
2185 2286 2291 2341 Lu-

728 2379 870 2434 etani
916 2389 1078 2432 oratt.
1118 2394 1213 2449 pro
1248 2380 1491 2433 ebrietate
1524 2388 1571 2431 et
1611 2391 1791 2430 contra
1830 2378 2162 2442 ebrietatem,
2188 2387 2291 2431 etc.

727 2472 873 2542 typis
901 2471 1063 2524 lIenr.
1096 2469 1356 2539 Stephani
1393 2468 1548 2532 I5”,
1585 2468 1659 2523 8°.
1690 2499 1759 2509 —
1794 2466 1945 2523 Orat.
1973 2480 2055 2524 est
2095 2470 2144 2523 in
2178 2468 2291 2522 XVI

727 2560 885 2614 codd.
928 2561 1056 2614 bibl.
1092 2561 1237 2627 pubi.
1281 2560 1453 2615 Paris.
1480 2591 1551 2601 ——
1598 2562 1649 2615 in
1685 2562 1803 2616 eod.
1845 2561 2065 2615 Tauriu.
2107 2560 2293 2623 CXVI,

727 2652 823 2708 fol.
857 2652 943 2707 42.
979 2653 1040 2708 V.
1066 2652 1185 2708 Cat.
1218 2656 1371 2708 codd.
1400 2654 1493 2710 Gr.
1535 2654 1723 2715 Tuan,
1749 2672 1799 2722 p.
1825 2655 1949 2715 219,
1980 2664 2084 2707 etc.
2119 2654 2290 2709 ΙίΑιιι..

796 2746 883 2801 15.
925 2748 1059 2817 Περὶ
1094 2748 1346 2810 πίστεως,
1387 2748 1459 2800 De
1486 2748 1609 2813 ﬁde,
1640 2748 1751 2801 sive
1784 2746 1861 2799 De
1900 2745 2173 2800 Trinitate.
2206 2746 2291 2799 In-

726 2835 857 2905 cipit
903 2854 916 2888 :
954 2836 1090 2889 Θεοῦ
1143 2838 1453 2908 μεμνῆσθαι
1501 2840 1600 2912 μὲν
1645 2839 1927 2911 διηνεκῶς.
1974 2837 2188 2910 [Carm
2230 2838 2289 2906 ll,

727 2942 847 2997 pag.
891 2927 1016 2992 I30,
1050 2940 1153 2985 etc.
1188 2931 1197 3001 ι
1244 2933 1528 2987 Vet'terunt
1571 2930 1953 2987 Volaterrauus
1998 2944 2050 2986 et
2083 2931 2293 2987 Coma-

724 3020 857 3073 rius.
892 3020 1024 3091 [Est
1066 3024 1115 3075 in
1158 3022 1319 3076 XVIII
1369 3026 1522 3078 cthI.
1570 3023 1741 3079 Paris.
1781 3026 1908 3081 bibl.
1959 3026 2095 3082 Add.
2131 3024 2291 3080 Lam-

724 3108 868 3172 bec.,
896 3109 983 3173 Ill,
1019 3128 1070 3180 p.
1102 3114 1225 3171 557.
1258 3113 1406 3186 etc.]

796 3200 880 3255 16.
920 3202 1011 3266 Εἰς
1038 3202 1134 3273 τὴν
1169 3205 1340 3276 ἀρχὴν
1360 3204 1457 3257 τοῦ
1487 3205 1628 3257 κατὰ
1665 3206 1913 3277 Ἰωάννην
1939 3210 2288 3280 Εὐαγγελίου,
2316 3239 2357 3298 C

726 3296 795 3348 In
840 3301 1009 3365 prima
1062 3306 1211 3351 verba
1250 3299 1521 3367 Evangelii
1561 3299 1805 3357 Joannis.
1841 3302 2026 3375 lncipit
2074 3323 2088 3359 :
2131 3308 2287 3362 Πᾶσα

728 3386 828 3457 μὲν
852 3389 883 3459 ἡ
910 3387 1020 3442 τῶν
1045 3390 1388 3459 Εὐαγγελίων
1414 3392 1584 3463 φωνή.
1619 3390 1804 3464 [Garu.
1832 3394 1896 3460 II,
1923 3415 1975 3467 p.
2008 3400 2129 3462 151,
2152 3400 2285 3472 etc.]

730 3480 1025 3537 Verterunt
1071 3485 1254 3538 iidem.
1291 3484 1505 3539 Citatnr
1538 3501 1566 3539 a
1602 3484 1929 3557 Pacltytnere
1955 3490 2190 3549 Promm.
2220 3495 2287 3549 ad

727 3572 1041 3641 Dionysium
1072 3575 1268 3640 Areop.
1302 3572 1435 3643 [Est
1467 3574 1517 3625 in
1552 3572 1641 3625 XV
1668 3579 1825 3632 codd.
1858 3578 2029 3633 Paris.
2056 3581 2075 3652 ]

794 3664 815 3737 [
844 3662 1100 3733 Sequitur
1134 3665 1185 3720 in
1231 3666 1541 3721 recensione
1566 3664 1780 3721 Fabric.
1813 3683 1867 3724 ιι.
1898 3669 1984 3731 17,
2017 3670 2161 3723 Ιιοιη.
2192 3669 2288 3732 Εἰς

720 3758 783 3811 τὸ
810 3757 962 3826 ἅγιον
984 3758 1283 3829 βάπτισμα·
1310 3761 1400 3813 sed
1419 3758 1667 3815 Garuier.
1695 3760 1881 3829 rejecit
1904 3776 2020 3815 eam
2040 3776 2159 3830 pag.
2185 3761 2288 3817 583

725 3847 867 3902 inter
894 3849 1074 3916 spuria
1100 3848 1280 3903 Basilii
1304 3865 1452 3920 opp.,
1480 3862 1536 3904 ut
1567 3866 1663 3907 suo
1696 3851 1811 3909 loco
1839 3852 2085 3924 pluribus
2106 3861 2287 3907 osten-

725 3938 935 3993 demus.
975 3939 1139 3994 ΙΙΑιιι..
1165 3940 1183 4013 ]

794 4030 905 4103 [17.
949 4033 1041 4095 Εἰς
1063 4034 1123 4085 τὸ
1148 4034 1301 4101 ἅγιον
1325 4033 1626 4105 βάπτισμα,
1650 4034 1715 4089 In
1737 4046 1978 4090 sanetum
2005 4040 2281 4106 baptisma,

724 4128 906 4193 spuria
941 4125 1176 4177 humilia.
1197 4123 1215 4195 ]

796 4217 882 4273 18.
915 4217 1010 4282 Εἰς
1044 4216 1303 4289 Βαρλαὰμ
1346 4220 1624 4290 μάρτυρα,
1668 4219 1733 4273 In
1776 4219 2143 4285 Barlaamum,
2182 4222 2285 4275 An-

724 4311 1052 4377 tiOt-hennm,
1103 4322 1402 4381 martyrem.
1441 4309 1634 4379 lncipit
1679 4329 1692 4364 :
1742 4312 2009 4383 Πρότερον
2046 4314 2144 4384 μὲν
2176 4312 2284 4366 τῶν

724 4401 894 4470 ἁγίων
937 4403 986 4455 οἱ
1017 4401 1253 4455 θάνατοι.
1284 4401 1489 4473 [Garn.
1522 4405 1584 4465 ll,
1626 4420 1677 4472 p.
1712 4402 1813 4457 158
1855 4404 2013 4477 sqq.]
2047 4406 2285 4461 Meminit

725 4490 1164 4565 Martyrologium
1205 4494 1502 4548 Romanum
1534 4497 1599 4552 19
1627 4498 1761 4555 Nov.
1788 4496 1981 4551 Suiilas
2020 4500 2071 4550 in
2103 4498 2283 4553 Βασί-

726 4588 906 4649 λειος.
956 4583 1241 4639 Verterunt
1295 4586 1678 4643 Volaterranus
1725 4600 1779 4644 et
1837 4588 2148 4644 Cornarius.
2208 4588 2284 4642 Ex
2318 4578 2361 4632 ι)

731 4676 1061 4731 Volaterrani
1107 4680 1353 4731 versione
1382 4681 1575 4749 legitur
1604 4682 1768 4735 etiam
1803 4684 1942 4751 apud
1974 4679 2191 4733 Surium
2221 4683 2286 4733 ad

724 4770 791 4824 19
828 4770 1081 4824 Novemb.
1122 4772 1273 4838 Quod
1310 4787 1435 4825 vero
1466 4773 1816 4829 Combeiisius
1850 4784 1981 4827 tom.
2028 4771 2068 4827 I.
2101 4770 2288 4824 Basilii

727 4861 978 4922 restituti,
1018 4878 1069 4929 ι).
1112 4864 1231 4928 182,
1276 4865 1371 4927 ait,
1419 4863 1791 4932 Chrysuslomi
1844 4866 1893 4917 in
1944 4864 2286 4919 Barlaatnum

727 4969 991 5020 nusquam
1028 4968 1361 5023 comparere,
1400 4955 1589 5009 fefellit
1617 4974 1737 5010 eum
1770 4959 2058 5020 memoria;
2102 4967 2280 5009 exstat

722 5047 860 5095 t'nint
883 5054 1013 5099 ωιιι.
1038 5046 1051 5098 Ι
1072 5046 1304 5113 Operum
1330 5048 1693 5117 Cbrysostumi
1716 5050 1843 5102 etlit.
1875 5049 2133 5115 Duczei,p.
2154 5047 2276 5111 783,

720 5142 774 5186 et
800 5145 925 5189 tom.
958 5135 995 5190 Υ
1029 5136 1215 5197 S.tt’il.,
1244 5154 1363 5205 pag.
1388 5140 1511 5199 495,
1544 5149 1702 5206 atque
1741 5140 1925 5206 incipit
1956 5137 2287 5193 εΣυνεκάλε-

722 5238 814 5275 σεν
840 5225 981 5294 ἡμᾶς
1008 5228 1085 5288 si;
1111 5227 1207 5297 τὴν
1232 5228 1382 5297 ἱερὰν
1418 5228 1621 5299 ταύτην
1645 5229 1834 5298 ἑορτὴν
1863 5230 1953 5281 καὶ
1977 5230 2283 5299 πανήγυριν

724 5316 752 5365 ὁ
782 5316 1064 5387 Μακάριος
1103 5317 1384 5389 Βαρλαάμ.
1417 5319 1579 5374 iisan.
1627 5320 1705 5373 Du
1741 5319 1836 5372 Pin
1869 5324 2109 5387 putabat,
2149 5320 2284 5374 hanc

725 5418 862 5457 urat.
889 5411 954 5458 ad
978 5407 1347 5475 Chrysustomi
1381 5411 1596 5477 phrasin
1630 5411 1799 5480 magis
1824 5414 2097 5471 accedere,
2123 5418 2176 5461 et
2204 5426 2287 5463 ve-

728 5497 1002 5553 risimilius
1050 5501 1275 5565 videri,,
1305 5516 1423 5554 eam
1472 5504 1703 5558 habitata
1752 5503 1918 5557 fuisse
1962 5502 2281 5556 AllilOt'itliB.

729 5588 835 5644 Sed
878 5606 1034 5645 secus
1073 5594 1353 5647 videbatur
1394 5594 1754 5661 Tillemontio,
1800 5598 1887 5665 qui
1928 5610 2022 5665 pro
2059 5594 2278 5657 Basilio,

726 5685 845 5752 eius
872 5697 1117 5755 parente,
1148 5690 1301 5757 equis
1325 5688 1456 5741 viris
1482 5689 1719 5742 dimicat.
1742 5688 1990 5741 Garnier.
2023 5688 2073 5739 in
2106 5685 2281 5751 Puch,

730 5772 762 5847 ς
794 5774 855 5841 Il,
884 5793 1003 5849 pag.
1038 5796 1090 5833 tv
1112 5795 1257 5850 sqq.,
1283 5784 1480 5834 multus
1507 5783 1673 5837 estde
1697 5782 2057 5837 controversia
2086 5781 2280 5851 agitata

2398 2032 2529 2080 rem,
2586 2018 2809 2071 militem
2864 2016 3275 2071 Casariensem.
3327 2014 3521 2085 Incipit
3560 2032 3575 2069 :
3619 2015 3801 2085 Νόμος
3844 2016 3965 2069 ἐστὶ

2399 2105 2613 2175 φύσεως
2637 2109 2757 2169 ταῖς
2792 2106 3070 2176 μελίσσαις
3104 2106 3294 2179 [Cari].
3323 2105 3386 2171 II,
3415 2122 3468 2176 p.
3502 2105 3595 2159 111
3629 2104 3787 2176 sqq.]
3824 2104 3962 2161 Ver-

2398 2204 2577 2249 terunt
2622 2195 2999 2250 Vulaterranus
3042 2208 3095 2250 et
3129 2196 3444 2251 Cornarius.
3487 2192 3730 2248 Meminit
3758 2192 3963 2265 Marty-

2397 2287 2661 2358 rologium
2688 2285 2988 2339 Romanum
3016 2287 3049 2339 3
3074 2285 3195 2341 Jan.
3233 2287 3596 2342 Damascenus
3623 2287 3675 2340 in
3704 2283 3961 2339 Paralle-

2394 2380 2458 2433 lis
2491 2389 2543 2433 et
2594 2378 2788 2433 Snidas
2840 2378 2891 2432 in
2937 2379 3273 2445 Βασίλειος.
3322 2380 3515 2435 Exstat
3554 2380 3717 2434 etiam
3766 2377 3963 2432 Latine

2393 2468 2533 2537 apud
2563 2466 2877 2523 Bollandum
2909 2482 2963 2524 et
2998 2468 3215 2524 Surium
3278 2471 3344 2523 ad
3374 2471 3406 2524 3
3431 2470 3652 2525 Januar.
3692 2485 3756 2525 es
3802 2461 3964 2524 Vola-

2397 2560 2600 2615 terrani
2647 2563 2914 2616 versione.
2968 2561 3134 2617 Fann.
3188 2561 3477 2631 Reperitur
3523 2563 3575 2615 in
3632 2560 3748 2615 XVI
3796 2564 3957 2617 codd.

2394 2650 2567 2705 Paris.
2596 2680 2666 2691 --
2698 2650 2752 2705 In
2780 2654 2900 2706 cod.
2932 2653 3250 2709 Taurinensi
3288 2652 3470 2721 CXVI,
3502 2654 3643 2709 inter
3680 2656 3960 2710 variorum

2394 2742 2672 2796 orationes
2707 2743 2759 2795 in
2798 2753 3085 2813 martyres,
3120 2746 3172 2797 d.
3215 2757 3273 2798 ιιι
3318 2743 3439 2797 Jan.
3475 2744 3633 2813 (Cat.
3666 2746 3822 2799 codd.
3859 2743 3955 2799 Cr.

2396 2833 2585 2898 Tanr.,
2615 2851 2667 2905 p.
2700 2833 2824 2889 219.
2853 2835 2870 2905 )
2902 2864 2971 2875 -
3010 2833 3218 2888 Pariter
3250 2835 3302 2888 in
3341 2836 3462 2889 cod.
3497 2834 3755 2889 Laurent.
3787 2836 3957 2899 XVII,

2393 2945 2448 2985 ιι.
2472 2927 2527 2993 8,
2564 2928 2698 2998 plut.
2731 2929 2785 2994 9,
2810 2930 2903 2983 sed
2932 2930 3071 2983 inter
3103 2927 3206 2981 alia
3234 2927 3503 2981 variorum
3534 2941 3716 2995 opera,
3748 2928 3802 2981 in
3832 2933 3956 2983 coit.

2394 3022 2532 3087 XVI,
2574 3039 2630 3076 ιι.
2669 3023 2756 3088 15,
2799 3022 2931 3090 plut.
2964 3020 3052 3076 60.
3091 3020 3155 3075 V.
3202 3020 3427 3073 Bandin.
3480 3016 3603 3071 Cat.
3652 3018 3806 3071 codd.
3860 3018 3958 3073 Gr.

2392 3113 2582 3177 Latin,
2615 3113 2655 3175 Ι,
2690 3130 2743 3182 p.
2772 3113 2894 3177 H7,
2927 3122 2982 3167 et
3015 3114 3077 3179 II,
3110 3129 3230 3183 pag.
3264 3112 3390 3167 607.
3418 3139 3487 3153 -—-
3515 3110 3709 3165 Matriti
3748 3110 3797 3163 in
3830 3114 3956 3166 cod.

2393 3202 2656 3259 LXXXVI
2692 3207 2861 3276 regio.
2905 3204 2965 3259 V.
3000 3205 3175 3260 Iriarti
3210 3206 3329 3262 Cat.
3366 3207 3499 3261 codd
3542 3204 3660 3270 Gn,
3690 3221 3813 3277 pag.
3848 3206 3957 3259 454

2389 3315 2472 3370 sq.
2502 3330 2568 3341 --
2603 3298 2658 3353 ln
2690 3300 2810 3355 cod.
2842 3299 3067 3370 August.
3102 3298 3305 3354 Vintlel.
3332 3298 3397 3353 In
3414 3298 3694 3364 Barlaam,
3725 3297 3793 3353 In
3822 3296 3958 3353 Gor-

2387 3396 2570 3459 dium;
2601 3393 2667 3448 In
2694 3409 2761 3447 χι.
2789 3404 3075 3461 martyres;
3099 3391 3291 3444 Contra
3326 3391 3556 3445 ebriosos
3591 3401 3638 3443 et
3670 3392 3955 3446 iracundos

2387 3495 2445 3540 et
2471 3486 2590 3541 alite
2627 3484 2809 3539 Basilii
2838 3482 3097 3538 humilia.
3134 3479 3199 3533 V.
3243 3480 3452 3535 Beiser.
3493 3479 3669 3535 Catal.
3701 3495 3823 3550 pag.
3858 3482 3952 3538 30.

2389 3579 2558 3635 Hann.

2454 3671 2547 3727 20.
2586 3672 2680 3737 El;
2716 3672 2843 3736 τοὺς
2883 3671 3072 3741 ἁγίους
3102 3670 3507 3742 τεσσαράκοντα
3542 3670 3846 3743 μάρτυρας.
3887 3669 3957 3724 Its

2385 3782 2453 3822 ιι.
2481 3775 2688 3821 sanctas
2716 3777 2991 3836 martyres.
3026 3765 3214 3835 lncipit
3244 3783 3256 3818 :
3288 3763 3596 3835 Μαρτύρων
3623 3765 3846 3836 μνήμης
3866 3760 3956 3826 τίς

2386 3856 2453 3909 ἂν
2488 3857 2696 3923 γένοιτο
2728 3856 2886 3926 κόρος
2917 3855 2996 3923 τῷ
3029 3856 3411 3928 φιλομάρτυρι.
3447 3854 3634 3925 [Carm
3671 3854 3731 3922 II,
3762 3871 3815 3925 p.
3852 3854 3954 3908 N9

2386 3962 2510 4017 sqq.
2563 3946 2806 4001 Meminit
2855 3944 3287 4015 Martyrologium
3324 3947 3479 4002 ltom.
3517 3947 3551 4002 9
3602 3945 3805 4010 Martii,
3848 3946 3957 4000 ba-

2386 4053 2672 4096 mascenus
2725 4039 2778 4093 in
2834 4035 3093 4092 Parallel.
3148 4044 3203 4089 et
3254 4035 3450 4091 Suidas
3502 4038 3557 4090 in
3608 4039 3951 4103 Βασίλειος.

2383 4132 2568 4189 ῦτποο
2609 4146 2733 4187 cum
2758 4146 2879 4185 nov.
2931 4130 3179 4186 versione
3208 4143 3304 4183 sua
3345 4137 3400 4183 et
3433 4128 3575 4183 notis
3609 4129 3776 4182 edidit
3804 4128 3949 4184 Ger-

2384 4224 2585 4278 hardus
2614 4221 2835 4279 Vossius
2890 4223 2955 4276 ad
2998 4220 3245 4289 Gregorii
3292 4218 3686 4290 Thaumaturgi
3723 4220 3952 4286 calcem,

2386 4330 2505 4385 pag.
2537 4314 2627 4370 75.
2667 4314 2955 4383 Moguntia:
2983 4312 3141 4374 l60t,
3163 4312 3239 4377 4°,
3266 4326 3320 4367 et
3351 4312 3534 4367 Simon
3567 4313 3806 4367 Stenius.
3835 4313 3957 4367 Ilei-

2384 4406 2622 4477 delberg.
2660 4406 2815 4469 l6“,
2851 4404 2925 4457 8'.
2954 4404 3125 4459 Vertit
3168 4414 3223 4459 et
3268 4403 3459 4459 Petrus
3498 4403 3776 4467 bloriuus,
3812 4403 3956 4459 inter

2386 4498 2538 4568 cujus
2572 4496 2827 4563 Opuscula
2856 4494 3046 4551 Latine
3073 4498 3209 4551 vidit
3240 4497 3413 4550 lucem
3450 4494 3623 4547 Paris.
3652 4493 3808 4557 1675,
3839 4495 3954 4557 12⁸,

2390 4604 2512 4659 pag.
2542 4586 2666 4640 226.
2703 4588 2839 4639 Ante
2866 4585 3152 4649 Morinum,
3176 4587 3422 4640 Vossiqu
3453 4582 3810 4653 Steniumque
3834 4601 3955 4640 ver-

2389 4689 2569 4735 terunt
2602 4678 2916 4743 Carnarius,
2946 4689 3021 4743 et,
3052 4680 3203 4748 cujus
3236 4676 3415 4729 versio
3458 4677 3596 4745 apud
3629 4674 3847 4731 Surium
3886 4677 3954 4729 ad

2388 4772 2422 4827 9
2464 4770 2661 4835 Martii,
2708 4778 2762 4823 et
2815 4770 2867 4823 in
2918 4767 3348 4824 Gnaeo-Latinis
3392 4766 3574 4821 Basilii
3624 4768 3955 4822 editionibus

2388 4871 2587 4927 exstat,
2649 4860 3048 4915 Volaterranns.
3107 4858 3280 4911 Vossii
3336 4860 3637 4912 versionem
3691 4857 3955 4913 exhibent

2386 4952 2514 5003 Acta
2547 4950 2816 5011 Sanctor.,
2854 4959 2985 5004 tom.
3016 4949 3056 5003 II
3102 4948 3299 5009 Martii,
3340 4962 3460 5017 pag.
3495 4946 3587 4999 25.
3632 4944 3795 5001 Fna.
3846 4946 3956 5002 llo-

2387 5044 2528 5097 milia
2558 5047 2608 5097 in
2653 5060 2718 5098 ιι.
2750 5053 2965 5115 martyr.
2992 5043 3194 5097 Graece.
3222 5040 3426 5097 Lovan.
3458 5056 3521 5094 es
3552 5039 3691 5095 ollie.
3729 5041 3950 5110 Rntgeri

2390 5136 2591 5198 ltescii,
2637 5136 2794 5201 1556,
2826 5136 2899 5189 8°.
2934 5135 3069 5188 Add.
3128 5151 3182 5188 ιι.
3224 5136 3313 5189 18.
3346 5163 3416 5174 —-
3454 5132 3551 5185 Est
3602 5134 3651 5186 in
3683 5136 3803 5187 cod.
3846 5132 3954 5186 Na-

2390 5227 2553 5280 niano
2588 5225 2813 5288 CXLIII.
2851 5243 2903 5279 ιι.
2941 5225 3025 5289 13,
3060 5226 3201 5279 inter
3245 5240 3336 5298 sex
3370 5225 3618 5279 bomilias
3652 5224 3832 5279 Basilii
3879 5226 3949 5280 lli.

2392 5317 2547 5389 (Cat.
2582 5322 2734 5373 codd.
2777 5317 2921 5371 Nan.
2959 5335 3062 5387 gn,
3095 5334 3149 5387 p.
3190 5318 3309 5372 351.
3338 5316 3446 5387 )-—-
3478 5318 3532 5371 In
3575 5318 3692 5371 cod.
3721 5318 3949 5374 Cuislin.

2388 5411 2747 5473 CCCLXVIlI,
2803 5409 2897 5461 fol.
2943 5410 3064 5463 226.
3100 5408 3429 5475 (Monllane.
3469 5409 3605 5461 Bibl.
3649 5408 3839 5470 Coisl..
3895 5426 3949 5479 p.

2390 5504 2615 5572 565.)—-
2640 5504 2691 5557 lu
2712 5500 2883 5555 XXXI
2905 5502 3060 5555 codd.
3086 5500 3213 5555 bibl.
3244 5502 3412 5553 Paris.
3441 5500 3615 5567 publ.,
3641 5511 3747 5555 etc.
3777 5499 3949 5558 IIABL.

2464 5595 2578 5666 [21.
2632 5594 2885 5663 Ῥηοεῖσα
2930 5596 2985 5644 ὲν
3016 5592 3291 5657 Λακίζοις,
3324 5592 3544 5645 humilia
3583 5594 3725 5645 dicta
3762 5594 3817 5645 in
3844 5591 3951 5646 La-

2390 5690 2512 5740 eizis
2543 5683 2668 5756 (0).]

2461 5780 2551 5833 22.
2593 5778 2728 5849 Περὶ
2754 5776 3269 5847 ταπεινοφροσύνης,
3291 5774 3364 5829 De
3383 5774 3691 5828 humilitate.
3725 5775 3945 5844 lncipit:

799 5892 872 5960 (α)
902 5891 1147 5949 Gavnier.
1192 5898 1423 5965 reposuit
1469 5895 1609 5949 illam
1661 5896 1711 5949 in
1772 5896 2061 5965 appendit-6:
2111 5896 2247 5949 iulcr
2296 5893 2495 5961 spuria,
2530 5892 2588 5952 ll,
2632 5908 2680 5959 p.
2727 5890 2825 5945 587
2868 5906 2971 5959 sq.,
3016 5898 3066 5943 et
3104 5890 3153 5943 in
3189 5887 3345 5943 Praei.
3379 5887 3406 5955 ᾗ
3442 5887 3528 5952 IV,
3562 5902 3678 5958 pag.
3725 5905 3775 5942 si
3824 5901 3945 5956 δίῃ.
