4212 6484
1406 420 1683 478 NOTITIA
1726 422 1813 477 EX
1856 421 2200 477 FABBIIJIO.

3259 439 3412 482 εοιιι

188 540 444 614 gymnasii
484 541 707 610 Gerani)
755 540 911 596 Germ
950 539 1107 607 1791,
1145 538 1276 592 min.
1315 536 1388 591 8'.
1415 537 1496 591 Ad
1542 540 1742 594 calcem
1775 550 1818 606 Α
1847 536 2033 602 libelli,
2062 535 2288 591 alteram
2336 535 2457 591 libri
2510 537 2585 592 De
2612 535 2841 607 legendis
2894 536 3228 603 antiquorum
3268 536 3416 591 libris

188 650 301 703 pag.
334 636 428 691 141
477 650 599 703 sqq.
650 633 875 702 repetita
920 643 1001 689 est
1044 631 1259 687 Krebsii
1309 629 1548 702 prolusio
1589 632 1743 686 modo

187 743 499 784 memorata.
524 758 595 769 —
627 728 716 782 Ille
752 727 887 783 liber
920 738 1001 784 est
1044 742 1257 796 quoque
1302 728 1353 780 in
1402 724 1485 780 In.
1530 723 1743 779 Patusae

187 820 465 893 Encyclop.
503 821 717 888 pltilos.,
755 824 862 878 vol.
901 821 962 876 Ill
1004 820 1148 887 init.,
1193 831 1247 877 et
1287 822 1438 874 locus
1473 834 1535 873 ex
1569 815 1660 868 illo
1691 816 1743 870 in

187 913 343 969 Lectii
391 915 623 981 Corpore
671 928 810 985 poet.
869 914 1105 968 (ἔνατον.
1152 916 1271 969 init.
1314 910 1511 982 Ilum]
1540 906 1747 966 Laudat

187 1008 325 1061 hanc
368 1005 558 1060 Basilii
605 1010 892 1064 diatribam
932 1006 1219 1076 aliquoties
1251 1005 1335 1061 Jo.
1379 1004 1745 1061 Damascenus

188 1100 235 1151 in
268 1099 579 1165 Parallelis,
614 1118 734 1172 qua:
761 1108 940 1154 exstat
968 1116 1181 1172 quoque
1209 1098 1402 1153 Latine
1439 1100 1504 1153 ad
1540 1099 1745 1154 calcem

188 1190 386 1246 Statua:
411 1192 768 1257 Mercurialis,
790 1193 945 1249 edita:
974 1197 1042 1248 ab
1073 1192 1305 1245 Henrico
1328 1189 1469 1247 Jnlio
1497 1191 1745 1248 Si-heurl.

189 1282 411 1339 IIelmst.
445 1286 604 1347 1656,
636 1286 711 1337 8⁸.
754 1282 959 1339 Gallice
1014 1284 1142 1336 olim
1195 1286 1461 1339 convertit
1496 1285 1748 1341 Claudius

188 1376 247 1431 de
277 1378 514 1432 I‘ontnx.
551 1377 719 1432 Paris.
756 1379 915 1441 1561,
953 1377 1027 1431 8°.
1055 1376 1189 1433 Vide
1220 1388 1273 1432 et
1314 1379 1567 1434 Ludovici
1600 1379 1748 1432 Tho-

190 1470 403 1523 massini
462 1469 765 1525 Metltodum
817 1471 994 1524 utendi
1055 1471 1241 1539 poetis,
1282 1472 1485 1527 Gallice
1524 1473 1745 1535 editam,

189 1559 276 1613 lib.
307 1577 345 1623 I,
381 1575 507 1629 cap.
539 1562 593 1614 2.
629 1562 793 1617 [τηε.
846 1564 1069 1634 Anglice
1114 1565 1277 1616 vertit
1323 1562 1468 1618 Guil.
1526 1563 1747 1619 Berker.

189 1650 411 1706 Londini
445 1654 606 1719 1557,
630 1656 704 1711 8⁸.
736 1656 798 1710 V.
829 1656 1224 1728 Brﬁggemann,
1272 1656 1425 1717 View.
1460 1665 1590 1719 etc.,
1625 1672 1745 1723 pag.

189 1742 390 1795 415.-
417 1742 618 1801 Italica:
663 1751 938 1803 versiones
975 1760 1101 1802 sunt
1140 1747 1221 1804 Jo.
1270 1750 1435 1804 Maria
1495 1748 1747 1804 ancbini

190 1836 239 1889 in
265 1851 277 1887 :
300 1836 557 1892 Orazioni
579 1841 661 1891 ed.
696 1840 871 1892 oniilie
904 1840 968 1894 de
1006 1839 1108 1896 SS.
1143 1842 1292 1897 σίου.
1324 1844 1685 1899 Cltrisostomo
1723 1859 1749 1896 e

1852 629 1988 683 male
2010 628 2292 693 tribuisse;
2323 631 2776 686 accommodatam
2806 640 2929 683 vero
2973 642 3097 685 esse
3121 641 3305 682 eorum
3336 629 3419 682 in-

1853 721 2195 788 scriptionem
2219 763 2232 776 .
2255 721 2333 772 Ad
2364 721 2710 777 adolescentes
2736 724 2798 777 de
2832 722 3103 793 gentilium
3130 721 3279 775 libris
3301 737 3419 776 cum

1852 816 2028 886 [ructu
2081 815 2515 885 legendis.—At
2560 816 2787 889 ltomt‘liai
2839 829 3034 871 nomen
3084 816 3207 870 huic
3241 814 3423 871 libello

1852 909 2139 963 convenire
2174 908 2319 961 nullo
2356 907 2511 961 modo
2544 920 2723 976 posse,
2762 924 2846 964 res
2880 911 2993 980 ipsa
3033 905 3288 976 loquitur,
3321 907 3423 963 ad-

1853 1009 2073 1056 notante
2102 1000 2388 1056 Garnierio
2424 1001 2476 1052 in
2515 1008 2624 1054 not.
2645 998 2710 1052 ad
2739 998 2887 1053 illum
2921 1002 3136 1064 librum,
3158 1014 3278 1071 pag.
3300 1001 3420 1054 175.

1851 1120 1923 1131 —-
1951 1090 2179 1161 Copiose
2218 1092 2541 1161 pulchreque
2574 1100 2723 1144 notat
2759 1090 3070 1161 indicatque
3097 1093 3164 1149 de
3206 1091 3298 1147 illo
3326 1090 3423 1145 lib.

1855 1182 2163 1237 Schroecin
2198 1184 2233 1236 I.
2270 1200 2479 1253 c.,pag.
2521 1182 2623 1239 196
2644 1198 2761 1253 sqq.
2799 1184 2969 1237 "ABL.

1924 1273 2033 1348 [25.
2074 1274 2168 1337 Εἰς
2192 1274 2287 1345 τὴν
2313 1276 2471 1342 ἁγίαν
2492 1277 2583 1330 τοῦ
2618 1275 2853 1351 Χριστοῦ
2880 1276 3148 1346 γέννησιν.
3179 1276 3244 1330 In
3274 1290 3427 1333 nata-

1854 1368 1951 1422 lem
1977 1367 2171 1422 Christi
2200 1369 2307 1421 sive
2346 1366 2695 1435 TlteOpItania.
2729 1370 2917 1439 Incipit
2944 1387 2957 1422 :
2982 1368 3214 1440 Χριστοῦ
3237 1369 3429 1442 γέννη-

1857 1477 1940 1521 σις
1972 1459 2099 1531 (α)]

1928 1547 2017 1601 26.
2040 1550 2131 1611 Et;
2158 1548 2249 1602 τὸν
2276 1549 2429 1617 ἅγιον
2454 1551 2703 1620 μάρτυρα
2726 1550 3013 1621 Μάμαντα.
3044 1552 3111 1608 In
3142 1552 3203 1609 S.
3230 1562 3433 1624 marty-

1857 1656 1964 1694 rem
2016 1640 2371 1695 Hamantem.
2422 1640 2657 1709 Incipit:
2691 1642 2804 1694 Οὐκ
2852 1643 3029 1711 ἀγνοῶ
3068 1646 3129 1698 τὸ
3178 1644 3431 1717 μέγεθος.

1859 1732 2050 1806 [Garn.
2091 1733 2155 1798 II,
2180 1734 2327 1788 hom.
2359 1731 2680 1804 XXlll,pag.
2712 1734 2813 1790 185
2841 1734 2987 1806 sqq.‘,
3023 1736 3260 1792 Meminit
3289 1738 3437 1792 Mar-

1860 1827 2177 1898 tyrologium
2232 1826 2533 1880 Romanum
2571 1827 2635 1881 I7
2680 1827 2927 1898 Augusti,
2961 1838 3017 1883 et
3063 1830 3113 1883 in
3159 1828 3435 1885 Parattelis

188 1926 411 1989 Basilio,
462 1940 567 1982 etc.
618 1927 857 1989 Floreat,
914 1933 1072 2001 ΠΗ,
1104 1936 1193 2001 to;
1222 1968 1289 1977 __
1322 1938 1613 2005 separatim
1660 1936 1749 2006 (ab
1784 1924 1823 1978 Β
1851 1919 1933 1974 .Io.
1961 1918 3037 1974 Damascenus.VerternntVolaterranns
3053 1918 3438 1975 etCornarius.

188 2017 337 2069 Alex.
365 2016 678 2089 Sirigatto.)
698 2019 882 2074 Venet.
914 2020 1075 2083 1655,
1106 2022 1343 2083 8°;——ab
1372 2022 1498 2082 alio,
1531 2020 1745 2074 Brixiae.

191 2107 343 2175 1756,
375 2109 487 2170 12°.
529 2127 637 2168 rec.
670 2113 721 2164 in
752 2112 992 2174 Operette
1021 2112 1164 2166 varie
1198 2113 1263 2167 de
1298 2112 1559 2167 canonico
1588 2110 1751 2167 Paolo

190 2199 481 2270 Gagliardi,
518 2203 806 2257 Bresciano
840 2204 1184 2259 accademico
1216 2204 1353 2258 della
1383 2205 1585 2260 Crusca
1614 2222 1628 2257 :
1660 2205 1747 2259 ed.

190 2307 217 2347 a
249 2294 308 2349 D.
354 2293 447 2349 ιο.
506 2295 659 2365 Bapt.
698 2295 1089 2351 Chiaramonti.
1128 2296 1182 2350 In
1212 2297 1448 2352 Brescia.
1482 2296 1640 2361 I759,
1674 2295 1750 2350 8°.

192 2385 318 2443 Vide
374 2386 590 2444 Paitoni
646 2387 786 2444 Bibl.
837 2389 975 2461 dein
1039 2390 1215 2443 autori
1267 2419 1337 2431 —
1386 2388 1754 2459 volgarizzuti,

192 2484 313 2531 tom.
334 2477 374 2544 I,
395 2494 518 2551 pag.
539 2479 641 2534 146
666 2494 748 2550 sq.
771 2479 906 2534 Add.
932 2480 1283 2549 quorumdam
1300 2480 1751 2535 codd..notitiam.

191 2566 374 2624 Exstat
404 2572 456 2623 in
510 2570 629 2623 XIX
666 2572 823 2626 codd.
858 2573 987 2625 bibl.
1025 2571 1168 2640 publ.
1202 2571 1378 2625 Paris.
1407 2600 1477 2612 -
1505 2571 1757 2639 Augusta:

192 2659 397 2717 Vindel.
445 2670 503 2716 et
553 2661 671 2715 alia:
725 2661 905 2715 Basilii
956 2661 1207 2716 homilia.
1255 2661 1320 2715 V.
1368 2660 1577 2715 Reiseri
1636 2661 1755 2714 Cat.

191 2765 305 2822 pag.
333 2752 422 2817 47,
450 2768 508 2806 n.
544 2751 976 2807 39.—Monachii
1017 2754 1070 2806 in
1110 2753 1228 2807 cod.
1262 2750 1452 2808 Bavar.
1477 2749 1756 2806 CXXVIII.

196 2842 252 2898 V.
277 2842 396 2899 Cat.
439 2844 595 2898 codd.
640 2840 734 2897 Gr.
772 2843 932 2909 Bau.,
978 2859 1098 2913 pag.
1150 2842 1236 2897 54.
1268 2872 1338 2884 --
1370 2842 1668 2901 Vindobon.
1705 2844 1759 2899 in

191 2938 303 2989 cod.
340 2935 545 2991 (ἔξεον,
598 2933 733 3001 XIV,
786 2951 839 2989 n.
880 2935 906 2990 1
941 2954 955 2989 :
985 2934 1263 2989 Βασιλείου
1311 2933 1467 3005 λόγος
1510 2937 1591 3000 εἰς
1636 2938 1761 3001 τοὺς

190 3023 332 3087 νέους
356 3040 371 3054 ο
399 3024 521 3088 πῶς
556 3026 622 3078 ἂν
662 3025 720 3090 ἐξ
775 3025 1097 3095 Ἑλληνικῶν
1136 3025 1424 3093 ὠφελοῖντο
1470 3026 1643 3095 λόγων
1664 3044 1678 3057 °
1709 3036 1764 3083 et

192 3132 242 3170 n.
266 3115 320 3179 2,
362 3115 533 3171 Leon.
573 3116 779 3170 Aretini
809 3118 987 3171 versio
1022 3115 1140 3169 Lat.
1171 3116 1234 3169 V.
1261 3115 1463 3171 Kollar.
1488 3116 1761 3185 Supplem.

192 3208 252 3260 ad
292 3206 481 3261 Lamb.
532 3207 764 3268 Comm..
792 3224 843 3277 p.
900 3208 1000 3262 I52
1030 3224 1111 3277 sq.
1141 3236 1210 3247 —
1236 3206 1291 3263 In
1337 3209 1459 3264 cod.
1506 3208 1761 3263 Escorial.

192 3299 251 3353 V.
288 3301 470 3357 Pluer.
498 3299 687 3356 ltiner.
729 3319 820 3370 per
852 3300 1101 3369 llispan.,
1129 3318 1249 3374 pag.
1285 3304 1406 3360 161.
1432 3334 1502 3345 —
1534 3302 1765 3357 Venetiis

191 3394 239 3448 in
276 3395 404 3449 bibl.
444 3395 612 3449 Marc.
673 3393 882 3449 LXXV.
942 3394 1004 3448 V.
1038 3394 1158 3450 Cat.
1210 3396 1365 3449 codd.
1417 3392 1511 3449 Gr.
1570 3394 1763 3461 Mam,

189 3502 238 3557 p.
260 3486 347 3541 52.
378 3514 454 3527 -
487 3485 620 3540 Ibid.
673 3485 726 3539 in
778 3487 906 3541 bibl.
940 3501 1069 3541 mss.
1110 3485 1355 3542 Michael.
1388 3486 1450 3541 V.
1495 3485 1761 3541 Mittarell.

190 3578 302 3632 Cat.
335 3578 479 3633 illius
508 3576 663 3641 bib|.,
696 3592 748 3647 p.
780 3577 900 3631 111.
921 3606 990 3616 -
1020 3577 1239 3631 Taurini
1272 3577 1326 3632 in
1352 3577 1472 3632 cod.
1501 3575 1763 3641 CGCLVI,

190 3670 283 3725 sol.
319 3670 443 3723 251.
480 3670 543 3726 ν.
598 3675 718 3725 Cat.
769 3672 922 3725 codd.
972 3666 1066 3723 Gr.
1113 3669 1311 3737 Taur.,
1364 3686 1483 3741 pag.
1538 3671 1659 3725 484.
1694 3700 1766 3713 --

189 3758 470 3815 Florentiae
525 3762 578 3814 in
628 3761 757 3814 bibl.
817 3761 1007 3816 Medic.
1048 3760 1207 3815 Laur.
1231 3800 1247 3825 ,
1286 3762 1500 3831 Ὀμιλία
1534 3764 1612 3823 et;
1640 3763 1766 3823 τοὺς

188 3854 353 3918 νέους,
399 3855 553 3916 ὅπως
580 3855 645 3906 ἂν
692 3851 750 3917 ἐξ
792 3853 1115 3923 ’ωληνικῶν
1155 3851 1447 3919 ὠφελοῖντο
1472 3852 1642 3920 λόγων
1668 3870 1681 3883 ο
1712 3854 1765 3905 in

188 3948 299 3999 cod.
338 3944 476 4009 VIII,
517 3960 569 3998 ιι.
603 3944 691 4008 57,
738 3943 871 4012 plut.
904 3943 956 3997 4.
993 3972 1064 3983 -
1106 3942 1275 4011 Λόγος
1316 3942 1769 4013 συμϐουλευτικὸς

188 4036 314 4107 πρὸς
346 4036 476 4098 τοὺς
528 4036 701 4097 νέους,
731 4035 877 4097 ὅπως
917 4033 981 4087 ἂν
1020 4036 1084 4087 ἐκ
1123 4034 1228 4087 τῶν
1250 4032 1422 4103 λόγων
1454 4032 1763 4103 ὠφελοῖντο,

187 4130 236 4185 ln
268 4132 387 4183 cod.
422 4124 599 4189 XXV,
642 4130 773 4196 plut.
816 4128 869 4182 4.
923 4127 982 4183 V.
1032 4124 1153 4182 Cat.
1197 4127 1313 4180 cod.
1362 4124 1457 4181 Gr.
1499 4126 1685 4190 Laur.,
1725 4129 1763 4194 Ι,

188 4233 237 4288 p.
266 4219 367 4273 5‘37
398 4230 453 4273 et
481 4218 606 4272 547.
638 4248 710 4259 —-
738 4219 814 4272 Ib.
854 4220 906 4272 in
941 4220 1063 4274 cod.
1108 4218 1301 4280 XXIX.
1342 4234 1396 4273 n.
1434 4219 1487 4283 6,
1517 4220 1648 4288 plnt.
1677 4221 1764 4275 58.

188 4340 253 4351 —
276 4309 331 4364 In
365 4311 489 4365 cod.
523 4307 637 4373 XL,
666 4326 720 4365 n.
756 4307 811 4373 2,
854 4310 986 4377 plut.
1019 4309 1106 4369 53.
1158 4310 1330 4378 Λόγος
1384 4312 1767 4381 παραινετικὸς

190 4404 317 4475 πρὸς
349 4404 479 4466 τοὺς
511 4402 683 4466 νέους,
738 4401 855 4464 πῶς
905 4400 970 4455 ἂν
1008 4400 1148 4455 Ἑλλ.
1182 4402 1348 4471 ὠφελ.
1380 4401 1573 4469 λόγων.
1603 4430 1674 4442 -
1707 4403 1764 4456 In

189 4496 301 4551 cod.
336 4492 583 4557 LXXIX,
623 4509 677 4546 η.
730 4492 782 4555 2,
826 4493 954 4563 plut.
1003 4491 1088 4547 89.
1142 4492 1276 4547 Vide
1327 4490 1498 4546 Band.
1538 4494 1572 4546 Ι.
1599 4508 1671 4557 c.,
1700 4492 1763 4557 11,

1850 2011 2016 2063 ann.
2056 2010 2130 2063 De
2171 2020 2409 2078 tempore
2435 2026 2541 2079 quo
2573 2012 2754 2065 habita
2794 2013 2885 2077 sit,
2916 2021 3103 2067 contra
3134 2010 3431 2067 Tillemon-

1851 2103 1981 2159 tium
2013 2102 2250 2173 disputat
2270 2102 2439 2159 Gam.
2472 2103 2526 2157 in
2565 2103 2687 2157 Vita
2708 2144 2722 2167 ,
2759 2118 2877 2173 cap.
2909 2106 2998 2171 56,
3036 2121 3089 2174 p.
3132 2105 3235 2162 142
3259 2121 3438 2178 οφ·-

1852 2199 2040 2253 Exstat
2063 2200 2113 2253 in
2149 2198 2216 2253 IV
2247 2200 2407 2255 codd.
2443 2200 2615 2256 Paris.
2646 2201 2779 2257 bibl.
2820 2202 2967 2273 publ.
3000 2231 3073 2243 —
3097 2202 3285 2259 Graece
3314 2218 3414 2273 pro

1854 2292 1954 2344 diit
1999 2306 2063 2344 ex
2093 2299 2306 2361 typogr.
2341 2291 2531 2360 Steph.
2572 2291 2915 2350 Prevosteau.
2964 2294 3139 2350 Paris.
3174 2294 3329 2361 I599,
3358 2294 3436 2350 4⁸.

1856 2380 2025 2436 Hanc.

1924 2474 2014 2529 27.
2057 2474 2213 2530 Κατὰ
2248 2476 2616 2531 Σαϐελὶιανῶν
2640 2475 2734 2531 καὶ
2789 2476 3000 2550 ’Δρείου
3025 2479 3253 2532 καὶτῶν
3293 2479 3443 2532 ’Δνοο

1861 2570 2049 2639 μοίων.
2084 2568 2281 2623 Contra
2311 2570 2663 2632 Sabellinnos,
2688 2572 2872 2624 Arium
2898 2579 2947 2625 et
2988 2572 3278 2625 Anontaros.
3302 2567 3445 2625 Inci-

1859 2662 1939 2729 pit
1986 2676 2000 2713 :
2047 2659 2296 2729 Μάχεται
2365 2659 2696 2731 Ἰουδαϊσμὸς
2763 2660 3122 2735 Ἐλληνισμῷ.
3150 2662 3443 2718 Verterunt

1861 2752 2044 2808 iidem.
2092 2750 2258 2808 Furi.
2301 2753 2355 2808 In
2413 2752 2662 2809 Garnier.
2715 2754 2801 2807 ed.
2853 2765 2934 2809 est
2982 2756 3200 2807 bomtlia
3245 2753 3442 2817 XXIV,

1860 2858 1981 2915 pag.
2017 2843 2118 2899 189
2144 2862 2288 2914 sqq.,
2313 2856 2366 2900 et
2389 2846 2554 2902 Garn.
2585 2846 2826 2902 adnotat.
2857 2845 2909 2901 in
2940 2846 3061 2903 cod.
3096 2843 3136 2901 II
3163 2843 3332 2915 Rt-gio
3362 2844 3449 2897 in-

1863 2935 2118 3004 scriptam
2166 2948 2285 2989 esse
2339 2936 2541 2988 bomil.
2576 2934 2727 2990 Κατὰ
2766 2936 3052 2990 Σαδελλίου
3092 2936 3186 2990 καὶ
3228 2932 3445 3007 ’Δρεεον

1863 3028 2093 3083 καὶτῶν
2138 3028 2461 3099 Ἀνομοίωνο
2509 3027 2601 3081 καὶ
2634 3028 2867 3100 ἀκριϐὴς
2907 3028 3154 3096 Θεολογία
3197 3028 3446 3098 περὶτῆς

1866 3121 2024 3190 ἁγίας
2051 3121 2381 3192 Τριάδος.-
2404 3119 2557 3176 Hom.
2585 3123 2639 3173 in
2670 3120 3013 3184 Mamantem,
3043 3131 3225 3175 contra
3262 3118 3449 3175 Sabel-

1792 3258 1834 3316 c
1868 3211 2037 3266 lianos
2058 3214 2256 3266 etaliai
2286 3213 2515 3266 Vindob.
2560 3214 2613 3267 in
2656 3212 2775 3270 cod.
2822 3213 2958 3268 Cass.
3006 3211 3213 3275 LXVII,
3263 3228 3318 3266 n.
3346 3210 3441 3269 33.

1868 3322 2012 3377 sqq.,
2042 3316 2096 3360 et
2148 3307 2267 3361 cod.
2317 3305 2429 3370 XC,
2460 3322 2513 3362 η.
2543 3307 2630 3362 19.
2688 3306 2751 3362 V.
2811 3306 3059 3361 Lamber.
3093 3303 3323 3366 Canum,
3354 3302 3443 3367 III,

1868 3415 1986 3471 pag.
2007 3398 2113 3454 332
2138 3414 2280 3470 sqq.,
2306 3409 2361 3455 et
2384 3397 2493 3463 VII,
2529 3415 2649 3471 pag.
2677 3396 2800 3453 561.
2826 3426 2899 3438 —-
2923 3397 3093 3452 Paris.
3122 3398 3174 3451 in
3208 3395 3256 3451 Χ
3280 3396 3444 3452 codd.

1869 3492 1997 3548 bibl.
2037 3492 2183 3562 pan.
2218 3522 2286 3533 -—
2323 3490 2543 3545 Taurini
2600 3492 2653 3543 in
2703 3490 2826 3546 cod.
2869 3489 2995 3546 CLI.
3039 3488 3099 3547 V.
3132 3500 3238 3544 cat.
3273 3488 3447 3543 Codd.

1866 3583 1960 3641 Gr.
1993 3584 2180 3650 Taur.,
2219 3600 2339 3654 pag.
2363 3582 2488 3638 242.
2518 3612 2589 3623 —
2618 3581 2858 3639 Florent.
2896 3584 2947 3637 in
2977 3582 3077 3638 cod
3116 3580 3278 3636 Laur.
3306 3578 3450 3646 XXI,

1867 3693 1920 3729 n.
1966 3676 2018 3740 5,
2054 3688 2128 3741 et,
2180 3676 2364 3730 mutila
2409 3677 2459 3729 in
2511 3675 2634 3741 line,
2676 3675 2729 3730 in
2775 3676 2894 3730 cod.
2932 3672 3145 3741 XXVII,
3189 3690 3245 3728 n.
3285 3673 3339 3729 5.
3380 3670 3425 3728 V

1868 3767 2090 3822 Bandin.
2118 3767 2234 3820 Cat.
2260 3768 2416 3819 codd.
2450 3766 2609 3819 Laur.
2648 3764 2766 3831 Cn,
2806 3765 2868 3833 11,
2900 3780 2953 3836 p.
2991 3764 3094 3820 5“
3129 3777 3182 3821 et
3217 3765 3340 3821 55L

1938 3857 2196 3911 ﬂoniilias
2220 3857 2403 3912 Basilii
2439 3856 2640 3912 Gallice
2671 3857 2853 3922 vertit,
2882 3858 3080 3911 additis
3119 3856 3316 3911 Asturii
3353 3855 3453 3909 ho-

1869 3950 2055 4011 miliis,
2106 3948 2383 4003 Francisc.
2422 3948 2821 4017 Bellegardens.
2877 3946 3048 4001 Paris.
3083 3946 3239 4009 1695,
3273 3944 3347 4000 8°.
3379 3971 3453 3987 --

1870 4038 2070 4096 Omelie
2102 4040 2259 4093 scelte
2284 4041 2340 4092 di
2372 4038 2571 4093 Basilio
2607 4037 2683 4092 Μ.
2722 4054 2786 4094 ex
2849 4038 3027 4109 lingua
3060 4037 3154 4093 Gr.
3182 4050 3350 4092 versa!
3382 4038 3454 4091 ab

1869 4133 2067 4202 Angelo
2098 4130 2261 4184 Maria
2290 4123 2461 4185 Ricci.
2489 4127 2727 4184 Florent.
2759 4125 2917 4192 1695,
2936 4125 3011 4180 4⁸.
3036 4154 3107 4166 -
3133 4124 3180 4180 Χ
3212 4123 3448 4179 oration.

1869 4226 2141 4276 variorum
2174 4223 2354 4277 ltalice
2405 4236 2574 4277 versa:
2606 4222 2673 4275 ab
2716 4220 2801 4276 Jo.
2832 4223 2961 4275 Ant.
3012 4219 3225 4273 Delnca.
3257 4215 3449 4271 Venet.

1869 4313 2027 4373 1760,
2061 4314 2137 4367 8⁸.
2172 4313 2231 4365 V.
2278 4311 2431 4380 plura
2462 4312 2514 4365 in
2551 4311 2761 4366 Paiton.
2809 4309 2947 4362 Bibl.
2986 4308 3122 4377 degli
3175 4308 3353 4362 autori
3381 4335 3455 4349 —

1869 4405 2235 4475 volgafizzati,
2270 4403 2312 4468 I,
2368 4418 2492 4474 pag.
2535 4403 2639 4457 144
2675 4417 2796 4472 sqq.
2828 4432 2891 4443 —
2931 4401 2987 4456 In
3028 4399 3294 4455 Slavicam
3347 4399 3451 4455 lin-

1869 4511 2025 4565 guam
2069 4511 2330 4551 conversa
2370 4505 2452 4551 est
2508 4494 2691 4550 Basilii
2723 4494 2794 4550 Μ.
2834 4493 3107 4549 Institutio
3142 4499 3210 4549 ad
3262 4494 3452 4549 adole-

189 4601 302 4656 pag.
348 4587 476 4649 472,
531 4584 659 4648 571,
694 4581 782 4646 IlI,
833 4600 887 4653 p.
932 4582 1057 4637 416.
1092 4612 1159 4623 ——
1194 4582 1370 4637 Leidae
1421 4584 1564 4638 inter
1602 4585 1756 4639 codd.
1794 4597 1838 4661 ο
1866 4596 2084 4651 scentes,
2115 4596 2169 4641 et
2194 4586 2431 4641 adhaeret
2460 4587 2607 4655 operi
2650 4585 2863 4640 Slavico
2891 4583 3187 4641 :Beckwar
3213 4582 3457 4650 Mosqnas

190 4677 426 4733 Vossian.
463 4679 527 4732 V.
576 4676 750 4731 Cutal.
786 4677 911 4731 bibl.
944 4676 1086 4745 publ.
1135 4675 1307 4739 Leid.,
1349 4692 1401 4744 p.
1434 4676 1561 4737 598,
1592 4692 1645 4734 η.
1669 4676 1754 4731 65.

190 4771 569 4841 Inscriptiones
600 4773 742 4826 enim
774 4771 826 4825 in
864 4770 1015 4824 libris
1058 4779 1161 4823 tam
1197 4768 1419 4833 Graecis,
1444 4783 1603 4836 quam
1628 4769 1762 4823 Are-

192 4862 280 4916 tini
305 4878 446 4917 vers.
475 4860 687 4915 Latinis
710 4861 843 4915 mire
872 4860 1101 4924 variare,
1138 4856 1554 4927 aliquotiesjam
1579 4858 1765 4913 obser~

191 4955 299 5006 vavi
315 4967 475 5016 mus;
510 4960 670 5018 atque
705 4950 948 5006 Menken.
980 4948 1013 5002 Ι.
1050 4964 1122 5012 c.,
1161 4963 1283 5018 pag.
1323 4946 1445 5013 145,
1473 4962 1539 5001 ex
1582 4947 1760 5001 Μειιυ-

191 5046 265 5099 sio
282 5045 458 5097 varias
481 5042 604 5096 libri
626 5042 678 5094 in
700 5043 851 5097 codd.
874 5039 1463 5108 inscriptiones,retert,
1485 5050 1766 5109 notatqne,

191 5146 459 5190 auctorem
509 5134 740 5202 Operis:
788 5132 1063 5186 Mémoires
1119 5148 1252 5199 pour
1300 5133 1462 5185 servir
1516 5132 1548 5185 ἁ
1602 5132 1762 5186 l‘ltist.

192 5233 272 5281 des
294 5231 528 5282 homines
569 5226 647 5278 ill.
672 5226 805 5277 dans
842 5224 894 5276 la
934 5226 1042 5293 rep.
1075 5226 1164 5278 des
1208 5224 1400 5286 lettres,
1433 5233 1561 5279 tom.
1594 5223 1779 5301 χχν,

193 5334 304 5388 pag.
344 5319 474 5379 387,
514 5317 830 5370 diversitate
882 5315 969 5369 illa
1022 5316 1431 5384 inscriptiminm
1459 5318 1765 5385 deceptum,

194 5408 409 5463 Aretino
445 5406 693 5461 diversas
721 5405 859 5459 duas
897 5404 1276 5474 opusculorum
1300 5405 1477 5459 Basilii
1507 5407 1769 5473 interpre-

196 5498 437 5565 tationes,
474 5497 703 5552 alteram
730 5494 808 5549 De
835 5495 1135 5549 liberalibus
1168 5505 1216 5548 et
1261 5497 1500 5566 ingenuis
1537 5498 1767 5552 moribus

262 5675 332 5747 (a)
372 5676 526 5747 Hanc
571 5674 849 5730 homiliam
905 5672 1281 5747 Tillemontius
1322 5674 1434 5744 jam
1484 5675 1537 5728 in
1585 5675 1763 5731 dubiis

198 5744 382 5832 poeti'it,
405 5762 470 5802 ac
491 5746 743 5832 Garnier.
782 5747 833 5799 in
870 5744 1116 5832 praem}
1147 5744 1351 5832 V,‘pa‘g.
1379 5761 1592 5832 xvs‘qq.
1628 5747 1764 5832 mnt-

200 5818 261 5887 tis
282 5818 612 5887 argumentis
648 5817 764 5885 ejus
807 5814 1017 5868 νοθείαν
1049 5814 1658 5887 contraCnnibetiSinm
1707 5828 1762 5871 et

204 5886 273 5941 Du
322 5884 417 5943 Pin
488 5884 862 5943 demonstrare
934 5886 1158 5941 studuit.
1209 5884 1343 5940 Ilinc
1384 5901 1501 5940 cani
1567 5888 1615 5940 in
1667 5905 1730 5954 ap

1856 4694 1888 4730 ο
1932 4679 2111 4733 mundi
2144 4676 2273 4742 (σθ’,
2308 4679 2371 4731 A.
2405 4676 2531 4731 Chr.
2566 4674 2727 4746 ,αψα⁹,
2758 4675 2835 4730 4ο.
2875 4675 2972 4729 Des
3024 4672 3453 4727 Kirclienlelirers

1860 4768 2089 4823 Basilius
2124 4769 2400 4839 Predigten
2428 4770 2534 4823 und
2583 4769 2855 4823 stitntliclte
2884 4767 3173 4835 Schriften,
3215 4781 3311 4819 aus
3333 4765 3451 4820 dom

1862 4860 2071 4916 Crieclt.
2118 4862 2375 4915 ubersetzt
2410 4878 2508 4915 non
2548 4860 2658 4917 los.
2687 4879 2739 4915 υ.
2772 4859 3012 4915 chdel.
3044 4857 3084 4914 I.
3114 4887 3184 4899 -—
3214 4857 3280 4913 VI
3316 4868 3453 4912 tom.

1867 4949 2161 5004 Vindobon.
2200 4949 2530 5015 17761778,
2574 4950 2657 5004 8°.

1941 5040 2039 5097 Hic
2074 5041 2326 5097 desinunt
2384 5041 2644 5105 homilize.
2677 5052 2731 5096 et
2783 5052 3083 5111 sequuntur
3127 5042 3362 5096 Ascetica
3393 5042 3450 5097 in

1869 5131 1999 5187 edit.
2034 5133 2280 5190 Garnier.
2327 5134 2386 5190 In
2437 5144 2547 5189 vet.
2577 5135 2661 5189 ed.
2699 5134 2821 5189 Par.
2869 5145 2923 5189 et
2948 5134 3123 5189 indice
3161 5132 3322 5190 Fabr.
3347 5137 3449 5188 ad-

1869 5222 1975 5277 huc
2021 5226 2386 5295 sequebantur
2433 5243 2491 5281 n.
2535 5226 2628 5293 18,
2663 5225 2738 5280 De
2769 5226 3111 5295 poenitentia;
3142 5242 3196 5280 n.
3234 5225 3327 5290 29,
3364 5224 3452 5279 Ad

1868 5332 1975 5380 eos,
2003 5318 2093 5385 qui
2131 5334 2222 5372 nos
2251 5320 2664 5382 calumniantur,
2702 5328 2840 5385 etc.;
2876 5335 2929 5373 η.
2964 5319 3053 5383 50,
3094 5317 3173 5373 De
3197 5317 3453 5387 paradiso

1871 5407 1956 5476 (de
1986 5424 2092 5477 qua
2147 5408 2363 5465 homilia
2413 5410 2527 5480 jam
2579 5426 2739 5480 supra
2779 5413 2843 5465 ad
2890 5410 2986 5467 n.I
3024 5413 3167 5464 hom.
3204 5409 3450 5480 quaedam

1869 5512 1993 5556 sunt
2024 5504 2320 5574 adnotata),
2352 5514 2405 5559 et
2433 5521 2489 5558 n.
2511 5504 2600 5569 51,
2628 5503 2703 5558 De
2730 5504 2890 5559 libero
2912 5505 3156 5559 arbitrio.
3188 5504 3261 5559 De
3287 5502 3450 5572 0.28,

1871 5679 2117 5754 pendice,
2140 5694 2260 5749 pag.
2295 5680 2399 5736 595
2452 5697 2572 5751 sqq.
2606 5682 2743 5737 inter
2770 5684 2961 5738 dubias
2994 5684 3311 5754 spuriasqne
3341 5684 3451 5741 ho-

1870 5750 2048 5803 tnilias
2102 5753 2357 5816 reposuit,
2395 5764 2448 5806 ct
2480 5750 2597 5815 nos,
2650 5770 2770 5808 cum
2829 5758 2879 5806 in
2938 5750 3128 5808 ordine
3176 5750 3447 5811 librorum

1870 5818 2032 5874 Basil.
2065 5823 2255 5887 secuti,
2284 5838 2383 5878 suo
2420 5824 2534 5878 loco
2580 5823 2732 5893 plura
2774 5824 3035 5880 dit-emus.
3065 5824 3233 5879 Illinc.
