  <div class='ocr_page' id='page_1' title='image "/cluster/home/n/w/nwhite01/storage/ocr_20150623/29/uva.x004321530/283.png"; bbox 0 0 4212 6496; ppageno 0'>
   <div class='ocr_carea' id='block_1_1' title="bbox 765 446 901 490">
    <p class='ocr_par' dir='ltr' id='par_1_1' title="bbox 765 446 901 490">
     <span class='ocr_line' id='line_1_1' title="bbox 765 446 901 490; baseline -0.022 0"><span class='ocrx_word' id='word_1_1' title='bbox 765 446 901 490; x_wconf 70' lang='lat' dir='ltr'><strong>ceu</strong></span> 
     </span>
    </p>
   </div>
   <div class='ocr_carea' id='block_1_2' title="bbox 2095 421 2625 481">
    <p class='ocr_par' dir='ltr' id='par_1_2' title="bbox 2095 421 2625 481">
     <span class='ocr_line' id='line_1_2' title="bbox 2095 421 2625 481; baseline -0.013 1"><span class='ocrx_word' id='word_1_2' title='bbox 2095 421 2625 481; x_wconf 73' lang='lat' dir='ltr'><strong>PROLEGOMENA.</strong></span> 
     </span>
    </p>
   </div>
   <div class='ocr_carea' id='block_1_3' title="bbox 758 537 3996 612">
    <p class='ocr_par' dir='ltr' id='par_1_3' title="bbox 758 537 3996 612">
     <span class='ocr_line' id='line_1_3' title="bbox 758 537 3996 612; baseline 0.002 -15"><span class='ocrx_word' id='word_1_3' title='bbox 758 542 830 598; x_wconf 70' lang='grc'>29</span> <span class='ocrx_word' id='word_1_4' title='bbox 858 550 913 596; x_wconf 90' lang='lat' dir='ltr'><strong>et</strong></span> <span class='ocrx_word' id='word_1_5' title='bbox 948 541 1037 605; x_wconf 84' lang='lat' dir='ltr'><strong>5t,</strong></span> <span class='ocrx_word' id='word_1_6' title='bbox 1067 539 1203 595; x_wconf 74' lang='lat' dir='ltr'><strong>inita</strong></span> <span class='ocrx_word' id='word_1_7' title='bbox 1240 540 1291 595; x_wconf 91' lang='lat' dir='ltr'><strong>in</strong></span> <span class='ocrx_word' id='word_1_8' title='bbox 1344 540 1569 612; x_wconf 87' lang='lat' dir='ltr'><strong>appead.</strong></span> <span class='ocrx_word' id='word_1_9' title='bbox 1606 540 1693 596; x_wconf 89' lang='lat' dir='ltr'><strong>ad.</strong></span> <span class='ocrx_word' id='word_1_10' title='bbox 1732 538 1903 600; x_wconf 79' lang='lat' dir='ltr'><strong>Caro.</strong></span> <span class='ocrx_word' id='word_1_11' title='bbox 1932 548 2065 595; x_wconf 87' lang='lat' dir='ltr'><strong>tom.</strong></span> <span class='ocrx_word' id='word_1_12' title='bbox 2114 539 2157 594; x_wconf 85' lang='lat' dir='ltr'><strong>ll</strong></span> <span class='ocrx_word' id='word_1_13' title='bbox 2190 552 2315 607; x_wconf 80' lang='lat' dir='ltr'><strong>age-</strong></span> <span class='ocrx_word' id='word_1_14' title='bbox 2346 540 2392 597; x_wconf 79' lang='grc' dir='ltr'><strong>Δ</strong></span> <span class='ocrx_word' id='word_1_15' title='bbox 2420 551 2480 593; x_wconf 91' lang='lat' dir='ltr'><strong>re</strong></span> <span class='ocrx_word' id='word_1_16' title='bbox 2523 537 2736 602; x_wconf 88' lang='lat' dir='ltr'><strong>studet,</strong></span> <span class='ocrx_word' id='word_1_17' title='bbox 2771 545 3121 611; x_wconf 87' lang='lat' dir='ltr'><strong>utrarumque</strong></span> <span class='ocrx_word' id='word_1_18' title='bbox 3172 540 3509 610; x_wconf 79' lang='lat' dir='ltr'><strong>regularum,</strong></span> <span class='ocrx_word' id='word_1_19' title='bbox 3542 548 3649 597; x_wconf 88' lang='lat' dir='ltr'><strong>tam</strong></span> <span class='ocrx_word' id='word_1_20' title='bbox 3684 540 3996 604; x_wconf 73' lang='lat' dir='ltr'><strong>breviorem</strong></span> 
     </span>
    </p>
   </div>
   <div class='ocr_carea' id='block_1_4' title="bbox 759 629 2326 703">
    <p class='ocr_par' dir='ltr' id='par_1_4' title="bbox 759 629 2326 703">
     <span class='ocr_line' id='line_1_4' title="bbox 759 629 2326 703; baseline -0.001 -18"><span class='ocrx_word' id='word_1_21' title='bbox 759 646 899 687; x_wconf 87' lang='lat' dir='ltr'><strong>mus.</strong></span> <span class='ocrx_word' id='word_1_22' title='bbox 926 630 1054 698; x_wconf 69' lang='lat' dir='ltr'><strong>Quae</strong></span> <span class='ocrx_word' id='word_1_23' title='bbox 1089 646 1216 685; x_wconf 81' lang='lat' dir='ltr'><strong>vero</strong></span> <span class='ocrx_word' id='word_1_24' title='bbox 1254 629 1469 687; x_wconf 77' lang='lat' dir='ltr'><strong>Fabric.</strong></span> <span class='ocrx_word' id='word_1_25' title='bbox 1496 633 1562 688; x_wconf 90' lang='lat' dir='ltr'><strong>de</strong></span> <span class='ocrx_word' id='word_1_26' title='bbox 1588 648 1641 686; x_wconf 93' lang='lat' dir='ltr'><strong>n.</strong></span> <span class='ocrx_word' id='word_1_27' title='bbox 1667 631 1735 686; x_wconf 74' lang='lat'><strong>30</strong></span> <span class='ocrx_word' id='word_1_28' title='bbox 1766 634 2078 703; x_wconf 74' lang='lat' dir='ltr'><strong>scripserat,</strong></span> <span class='ocrx_word' id='word_1_29' title='bbox 2109 631 2197 686; x_wconf 84' lang='lat' dir='ltr'><strong>hic</strong></span> <span class='ocrx_word' id='word_1_30' title='bbox 2239 644 2326 684; x_wconf 86' lang='lat' dir='ltr'><strong>re-</strong></span> 
     </span>
    </p>
   </div>
   <div class='ocr_carea' id='block_1_5' title="bbox 758 721 1221 793">
    <p class='ocr_par' dir='ltr' id='par_1_5' title="bbox 758 721 1221 793">
     <span class='ocr_line' id='line_1_5' title="bbox 758 721 1221 793; baseline 0 -16"><span class='ocrx_word' id='word_1_31' title='bbox 758 734 1019 793; x_wconf 83' lang='lat' dir='ltr'><strong>petemus.</strong></span> <span class='ocrx_word' id='word_1_32' title='bbox 1050 721 1221 777; x_wconf 66' lang='grc' dir='ltr'><strong>ΗΑηι..</strong></span> 
     </span>
    </p>
   </div>
   <div class='ocr_carea' id='block_1_6' title="bbox 828 812 2325 885">
    <p class='ocr_par' dir='ltr' id='par_1_6' title="bbox 828 812 2325 885">
     <span class='ocr_line' id='line_1_6' title="bbox 828 812 2325 885; baseline -0.002 -15"><span class='ocrx_word' id='word_1_33' title='bbox 828 812 920 870; x_wconf 74' lang='lat'><strong>30.</strong></span> <span class='ocrx_word' id='word_1_34' title='bbox 957 814 1051 879; x_wconf 77' lang='grc' dir='ltr'><strong>Εἰς</strong></span> <span class='ocrx_word' id='word_1_35' title='bbox 1081 814 1171 868; x_wconf 77' lang='grc' dir='ltr'><strong>τὸν</strong></span> <span class='ocrx_word' id='word_1_36' title='bbox 1198 814 1541 885; x_wconf 79' lang='grc' dir='ltr'><strong>παράδεισον.</strong></span> <span class='ocrx_word' id='word_1_37' title='bbox 1587 813 1659 868; x_wconf 90' lang='lat' dir='ltr'><strong>De</strong></span> <span class='ocrx_word' id='word_1_38' title='bbox 1689 817 1954 883; x_wconf 85' lang='lat' dir='ltr'><strong>paradiso.</strong></span> <span class='ocrx_word' id='word_1_39' title='bbox 1987 812 2068 867; x_wconf 81' lang='lat' dir='ltr'><strong>Ad</strong></span> <span class='ocrx_word' id='word_1_40' title='bbox 2102 813 2235 870; x_wconf 82' lang='lat' dir='ltr'><strong>Gen.</strong></span> <span class='ocrx_word' id='word_1_41' title='bbox 2264 828 2325 879; x_wconf 89' lang='lat' dir='ltr'><strong>tt,</strong></span> 
     </span>
    </p>
   </div>
   <div class='ocr_carea' id='block_1_7' title="bbox 758 904 2328 979">
    <p class='ocr_par' dir='ltr' id='par_1_7' title="bbox 758 904 2328 979">
     <span class='ocr_line' id='line_1_7' title="bbox 758 904 2328 979; baseline -0.002 -17"><span class='ocrx_word' id='word_1_42' title='bbox 758 905 813 962; x_wconf 78' lang='lat'><strong>8.</strong></span> <span class='ocrx_word' id='word_1_43' title='bbox 872 906 1103 976; x_wconf 82' lang='lat' dir='ltr'><strong>Incipit:</strong></span> <span class='ocrx_word' id='word_1_44' title='bbox 1142 908 1440 979; x_wconf 74' lang='grc' dir='ltr'><strong>Νοήσωμεν</strong></span> <span class='ocrx_word' id='word_1_45' title='bbox 1478 907 1635 973; x_wconf 73' lang='grc' dir='ltr'>ἀξίαν</span> <span class='ocrx_word' id='word_1_46' title='bbox 1675 908 1809 962; x_wconf 82' lang='grc' dir='ltr'><strong>Θεοῦ</strong></span> <span class='ocrx_word' id='word_1_47' title='bbox 1853 904 2095 979; x_wconf 77' lang='grc' dir='ltr'>φυτείαν.</span> <span class='ocrx_word' id='word_1_48' title='bbox 2160 905 2328 961; x_wconf 90' lang='lat' dir='ltr'><strong>Vertit</strong></span> 
     </span>
    </p>
   </div>
   <div class='ocr_carea' id='block_1_8' title="bbox 758 991 2325 1064">
    <p class='ocr_par' dir='ltr' id='par_1_8' title="bbox 758 991 2325 1064">
     <span class='ocr_line' id='line_1_8' title="bbox 758 991 2325 1064; baseline -0.002 -13"><span class='ocrx_word' id='word_1_49' title='bbox 758 991 1078 1051; x_wconf 79' lang='lat' dir='ltr'><strong>Carnarius.</strong></span> <span class='ocrx_word' id='word_1_50' title='bbox 1111 997 1445 1053; x_wconf 78' lang='lat' dir='ltr'><strong>Ilecensitam</strong></span> <span class='ocrx_word' id='word_1_51' title='bbox 1476 1013 1503 1050; x_wconf 90' lang='lat' dir='ltr'><strong>a</strong></span> <span class='ocrx_word' id='word_1_52' title='bbox 1528 1013 1586 1053; x_wconf 84' lang='lat' dir='ltr'><strong>se</strong></span> <span class='ocrx_word' id='word_1_53' title='bbox 1613 1009 1668 1053; x_wconf 91' lang='lat' dir='ltr'><strong>et</strong></span> <span class='ocrx_word' id='word_1_54' title='bbox 1708 1001 1758 1052; x_wconf 90' lang='lat' dir='ltr'><strong>in</strong></span> <span class='ocrx_word' id='word_1_55' title='bbox 1807 999 1977 1064; x_wconf 92' lang='lat' dir='ltr'><strong>capita</strong></span> <span class='ocrx_word' id='word_1_56' title='bbox 2017 996 2325 1049; x_wconf 81' lang='lat' dir='ltr'><strong>distinctam</strong></span> 
     </span>
    </p>
   </div>
   <div class='ocr_carea' id='block_1_9' title="bbox 762 1086 2329 1145">
    <p class='ocr_par' dir='ltr' id='par_1_9' title="bbox 762 1086 2329 1145">
     <span class='ocr_line' id='line_1_9' title="bbox 762 1086 2329 1145; baseline -0.002 -4"><span class='ocrx_word' id='word_1_57' title='bbox 762 1088 977 1141; x_wconf 63' lang='lat' dir='ltr'><strong>exhibet</strong></span> <span class='ocrx_word' id='word_1_58' title='bbox 1012 1104 1132 1143; x_wconf 88' lang='lat' dir='ltr'><strong>cum</strong></span> <span class='ocrx_word' id='word_1_59' title='bbox 1180 1091 1424 1144; x_wconf 82' lang='lat' dir='ltr'><strong>versione</strong></span> <span class='ocrx_word' id='word_1_60' title='bbox 1470 1106 1565 1145; x_wconf 86' lang='lat' dir='ltr'><strong>sua</strong></span> <span class='ocrx_word' id='word_1_61' title='bbox 1605 1092 1793 1145; x_wconf 80' lang='lat' dir='ltr'><strong>Frauc.</strong></span> <span class='ocrx_word' id='word_1_62' title='bbox 1834 1086 2189 1142; x_wconf 78' lang='lat' dir='ltr'><strong>Combeli~ius</strong></span> <span class='ocrx_word' id='word_1_63' title='bbox 2226 1086 2329 1139; x_wconf 83' lang='lat' dir='ltr'><strong>Ba-</strong></span> 
     </span>
    </p>
   </div>
   <div class='ocr_carea' id='block_1_10' title="bbox 762 1176 2329 1250">
    <p class='ocr_par' dir='ltr' id='par_1_10' title="bbox 762 1176 2329 1250">
     <span class='ocr_line' id='line_1_10' title="bbox 762 1176 2329 1250; baseline -0.002 -19"><span class='ocrx_word' id='word_1_64' title='bbox 762 1179 865 1231; x_wconf 87' lang='lat' dir='ltr'><strong>silii</strong></span> <span class='ocrx_word' id='word_1_65' title='bbox 922 1180 1002 1233; x_wconf 89' lang='lat' dir='ltr'><strong>sui</strong></span> <span class='ocrx_word' id='word_1_66' title='bbox 1058 1189 1187 1234; x_wconf 89' lang='lat' dir='ltr'><strong>tom.</strong></span> <span class='ocrx_word' id='word_1_67' title='bbox 1232 1180 1269 1242; x_wconf 90' lang='lat' dir='ltr'><strong>I,</strong></span> <span class='ocrx_word' id='word_1_68' title='bbox 1302 1194 1425 1250; x_wconf 90' lang='lat' dir='ltr'><strong>pag.</strong></span> <span class='ocrx_word' id='word_1_69' title='bbox 1458 1181 1583 1243; x_wconf 74' lang='lat'><strong>525,</strong></span> <span class='ocrx_word' id='word_1_70' title='bbox 1625 1180 1769 1232; x_wconf 75' lang='lat' dir='ltr'><strong>velut</strong></span> <span class='ocrx_word' id='word_1_71' title='bbox 1801 1189 2128 1249; x_wconf 74' lang='lat' dir='ltr'><strong>postremam</strong></span> <span class='ocrx_word' id='word_1_72' title='bbox 2160 1176 2329 1233; x_wconf 88' lang='lat' dir='ltr'><strong>homi-</strong></span> 
     </span>
    </p>
   </div>
   <div class='ocr_carea' id='block_1_11' title="bbox 763 1268 2067 1327">
    <p class='ocr_par' dir='ltr' id='par_1_11' title="bbox 763 1268 2067 1327">
     <span class='ocr_line' id='line_1_11' title="bbox 763 1268 2067 1327; baseline 0.002 -6"><span class='ocrx_word' id='word_1_73' title='bbox 763 1268 954 1323; x_wconf 84' lang='lat' dir='ltr'><strong>Iiarutn</strong></span> <span class='ocrx_word' id='word_1_74' title='bbox 984 1272 1036 1325; x_wconf 82' lang='lat' dir='ltr'><strong>in</strong></span> <span class='ocrx_word' id='word_1_75' title='bbox 1066 1272 1443 1327; x_wconf 78' lang='lat' dir='ltr'><strong>llea&#39;aemeron.</strong></span> <span class='ocrx_word' id='word_1_76' title='bbox 1478 1272 1743 1326; x_wconf 79' lang='lat' dir='ltr'><strong>Hactenus</strong></span> <span class='ocrx_word' id='word_1_77' title='bbox 1773 1270 2067 1325; x_wconf 78' lang='lat' dir='ltr'><strong>Fabricius.</strong></span> 
     </span>
    </p>
   </div>
   <div class='ocr_carea' id='block_1_12' title="bbox 834 1360 2329 1435">
    <p class='ocr_par' dir='ltr' id='par_1_12' title="bbox 834 1360 2329 1435">
     <span class='ocr_line' id='line_1_12' title="bbox 834 1360 2329 1435; baseline 0.001 -22"><span class='ocrx_word' id='word_1_78' title='bbox 834 1360 975 1435; x_wconf 76' lang='lat' dir='ltr'><strong>[IX.]</strong></span> <span class='ocrx_word' id='word_1_79' title='bbox 1021 1362 1349 1435; x_wconf 62' lang='lat' dir='ltr'><strong>‘Aazqttxd,</strong></span> <span class='ocrx_word' id='word_1_80' title='bbox 1375 1362 1631 1427; x_wconf 78' lang='lat' dir='ltr'><strong>Ascetica,</strong></span> <span class='ocrx_word' id='word_1_81' title='bbox 1662 1364 1750 1417; x_wconf 82' lang='lat' dir='ltr'><strong>IlIll</strong></span> <span class='ocrx_word' id='word_1_82' title='bbox 1769 1362 1820 1418; x_wconf 81' lang='lat' dir='ltr'><strong>I.</strong></span> <span class='ocrx_word' id='word_1_83' title='bbox 1854 1361 2211 1433; x_wconf 82' lang='grc' dir='ltr'><strong>Προδια).αλία</strong></span> <span class='ocrx_word' id='word_1_84' title='bbox 2237 1362 2329 1415; x_wconf 77' lang='grc' dir='ltr'><strong>καὶ</strong></span> 
     </span>
    </p>
   </div>
   <div class='ocr_carea' id='block_1_13' title="bbox 761 1452 2328 1526">
    <p class='ocr_par' dir='ltr' id='par_1_13' title="bbox 761 1452 2328 1526">
     <span class='ocr_line' id='line_1_13' title="bbox 761 1452 2328 1526; baseline 0.001 -19"><span class='ocrx_word' id='word_1_85' title='bbox 761 1452 1051 1522; x_wconf 74' lang='grc' dir='ltr'><strong>διάγνωσις</strong></span> <span class='ocrx_word' id='word_1_86' title='bbox 1075 1455 1186 1509; x_wconf 82' lang='grc' dir='ltr'><strong>τῶν</strong></span> <span class='ocrx_word' id='word_1_87' title='bbox 1222 1455 1533 1526; x_wconf 76' lang='grc' dir='ltr'><strong>ἁσκητικῶν</strong></span> <span class='ocrx_word' id='word_1_88' title='bbox 1555 1454 1953 1509; x_wconf 74' lang='grc' dir='ltr'><strong>ὑποτυπώσεων</strong></span> <span class='ocrx_word' id='word_1_89' title='bbox 1990 1454 2086 1523; x_wconf 81' lang='grc' dir='ltr'><strong>(ιι).</strong></span> <span class='ocrx_word' id='word_1_90' title='bbox 2126 1452 2328 1509; x_wconf 70' lang='lat' dir='ltr'><strong>Praevia</strong></span> 
     </span>
    </p>
   </div>
   <div class='ocr_carea' id='block_1_14' title="bbox 764 1544 2328 1616">
    <p class='ocr_par' dir='ltr' id='par_1_14' title="bbox 764 1544 2328 1616">
     <span class='ocr_line' id='line_1_14' title="bbox 764 1544 2328 1616; baseline 0.001 -17"><span class='ocrx_word' id='word_1_91' title='bbox 764 1546 1014 1601; x_wconf 81' lang='lat' dir='ltr'><strong>allocutio</strong></span> <span class='ocrx_word' id='word_1_92' title='bbox 1068 1563 1131 1599; x_wconf 84' lang='lat' dir='ltr'><strong>ac</strong></span> <span class='ocrx_word' id='word_1_93' title='bbox 1191 1548 1428 1616; x_wconf 78' lang='lat' dir='ltr'><strong>dignatio</strong></span> <span class='ocrx_word' id='word_1_94' title='bbox 1483 1548 1821 1602; x_wconf 80' lang='lat' dir='ltr'><strong>asceticarum</strong></span> <span class='ocrx_word' id='word_1_95' title='bbox 1891 1544 2328 1613; x_wconf 78' lang='lat' dir='ltr'><strong>informationum</strong></span> 
     </span>
    </p>
   </div>
   <div class='ocr_carea' id='block_1_15' title="bbox 768 1636 2326 1717">
    <p class='ocr_par' dir='ltr' id='par_1_15' title="bbox 768 1636 2326 1717">
     <span class='ocr_line' id='line_1_15' title="bbox 768 1636 2326 1717; baseline 0 -24"><span class='ocrx_word' id='word_1_96' title='bbox 768 1636 964 1710; x_wconf 67' lang='lat' dir='ltr'><strong>[Gartn</strong></span> <span class='ocrx_word' id='word_1_97' title='bbox 1008 1637 1072 1699; x_wconf 92' lang='lat' dir='ltr'><strong>ll,</strong></span> <span class='ocrx_word' id='word_1_98' title='bbox 1124 1654 1244 1710; x_wconf 87' lang='lat' dir='ltr'><strong>pag.</strong></span> <span class='ocrx_word' id='word_1_99' title='bbox 1281 1639 1433 1711; x_wconf 71' lang='lat'><strong>199].</strong></span> <span class='ocrx_word' id='word_1_100' title='bbox 1481 1638 1594 1693; x_wconf 77' lang='lat' dir='ltr'><strong>sive</strong></span> <span class='ocrx_word' id='word_1_101' title='bbox 1642 1638 1921 1707; x_wconf 74' lang='lat' dir='ltr'><strong>Prologus,</strong></span> <span class='ocrx_word' id='word_1_102' title='bbox 1978 1639 2067 1707; x_wconf 91' lang='lat' dir='ltr'><strong>qui</strong></span> <span class='ocrx_word' id='word_1_103' title='bbox 2113 1639 2326 1717; x_wconf 85' lang='lat' dir='ltr'><strong>incipit,</strong></span> 
     </span>
    </p>
   </div>
   <div class='ocr_carea' id='block_1_16' title="bbox 764 1729 2328 1802">
    <p class='ocr_par' dir='ltr' id='par_1_16' title="bbox 764 1729 2328 1802">
     <span class='ocr_line' id='line_1_16' title="bbox 764 1729 2328 1802; baseline 0.001 -18"><span class='ocrx_word' id='word_1_104' title='bbox 764 1730 993 1799; x_wconf 77' lang='grc' dir='ltr'><strong>Μιγάλα</strong></span> <span class='ocrx_word' id='word_1_105' title='bbox 1027 1731 1124 1802; x_wconf 74' lang='grc' dir='ltr'><strong>μὲν</strong></span> <span class='ocrx_word' id='word_1_106' title='bbox 1174 1732 1268 1785; x_wconf 81' lang='grc' dir='ltr'><strong>τοῦ</strong></span> <span class='ocrx_word' id='word_1_107' title='bbox 1310 1729 1601 1795; x_wconf 67' lang='grc' dir='ltr'>Βασιλέως,</span> <span class='ocrx_word' id='word_1_108' title='bbox 1638 1746 1757 1801; x_wconf 88' lang='lat' dir='ltr'><strong>pag.</strong></span> <span class='ocrx_word' id='word_1_109' title='bbox 1792 1730 1917 1785; x_wconf 71' lang='lat'><strong>2‘28.</strong></span> <span class='ocrx_word' id='word_1_110' title='bbox 1952 1730 2139 1785; x_wconf 78' lang='lat' dir='ltr'><strong>Exstat</strong></span> <span class='ocrx_word' id='word_1_111' title='bbox 2166 1732 2328 1786; x_wconf 89' lang='lat' dir='ltr'><strong>etiam</strong></span> 
     </span>
    </p>
   </div>
   <div class='ocr_carea' id='block_1_17' title="bbox 768 1820 2323 1895">
    <p class='ocr_par' dir='ltr' id='par_1_17' title="bbox 768 1820 2323 1895">
     <span class='ocr_line' id='line_1_17' title="bbox 768 1820 2323 1895; baseline 0.003 -18"><span class='ocrx_word' id='word_1_112' title='bbox 768 1822 821 1877; x_wconf 84' lang='lat' dir='ltr'><strong>in</strong></span> <span class='ocrx_word' id='word_1_113' title='bbox 841 1820 1043 1878; x_wconf 81' lang='lat' dir='ltr'><strong>Latinis</strong></span> <span class='ocrx_word' id='word_1_114' title='bbox 1062 1823 1381 1891; x_wconf 84' lang='lat' dir='ltr'><strong>quibusdam</strong></span> <span class='ocrx_word' id='word_1_115' title='bbox 1404 1823 1766 1895; x_wconf 79' lang='lat' dir='ltr'><strong>Chrysostonti</strong></span> <span class='ocrx_word' id='word_1_116' title='bbox 1789 1824 2134 1879; x_wconf 85' lang='lat' dir='ltr'><strong>etlitionibus.</strong></span> <span class='ocrx_word' id='word_1_117' title='bbox 2160 1823 2323 1881; x_wconf 73' lang='lat' dir='ltr'><strong>an.</strong></span> 
     </span>
    </p>
   </div>
   <div class='ocr_carea' id='block_1_18' title="bbox 768 1912 2331 1987">
    <p class='ocr_par' dir='ltr' id='par_1_18' title="bbox 768 1912 2331 1987">
     <span class='ocr_line' id='line_1_18' title="bbox 768 1912 2331 1987; baseline 0 -16"><span class='ocrx_word' id='word_1_118' title='bbox 768 1914 1013 1971; x_wconf 81' lang='lat' dir='ltr'><strong>Garnier.</strong></span> <span class='ocrx_word' id='word_1_119' title='bbox 1044 1912 1188 1967; x_wconf 83' lang='lat' dir='ltr'><strong>dedit</strong></span> <span class='ocrx_word' id='word_1_120' title='bbox 1222 1914 1621 1983; x_wconf 85' lang='lat' dir='ltr'><strong>inscriptionem</strong></span> <span class='ocrx_word' id='word_1_121' title='bbox 1656 1932 1668 1968; x_wconf 91' lang='lat'><strong>:</strong></span> <span class='ocrx_word' id='word_1_122' title='bbox 1710 1914 2004 1986; x_wconf 78' lang='grc' dir='ltr'><strong>’Δσκητικὴ</strong></span> <span class='ocrx_word' id='word_1_123' title='bbox 2041 1916 2331 1987; x_wconf 78' lang='grc' dir='ltr'><strong>προδιατύ-</strong></span> 
     </span>
    </p>
   </div>
   <div class='ocr_carea' id='block_1_19' title="bbox 766 2009 2328 2077">
    <p class='ocr_par' dir='ltr' id='par_1_19' title="bbox 766 2009 2328 2077">
     <span class='ocr_line' id='line_1_19' title="bbox 766 2009 2328 2077; baseline -0.001 -12"><span class='ocrx_word' id='word_1_124' title='bbox 766 2028 961 2073; x_wconf 77' lang='grc' dir='ltr'>πωσις,</span> <span class='ocrx_word' id='word_1_125' title='bbox 988 2010 1177 2076; x_wconf 79' lang='lat' dir='ltr'><strong>prwaia</strong></span> <span class='ocrx_word' id='word_1_126' title='bbox 1198 2009 1453 2064; x_wconf 76' lang='lat' dir='ltr'><strong>institutio</strong></span> <span class='ocrx_word' id='word_1_127' title='bbox 1480 2009 1720 2072; x_wconf 85' lang='lat' dir='ltr'><strong>ascetica,</strong></span> <span class='ocrx_word' id='word_1_128' title='bbox 1742 2019 1799 2064; x_wconf 91' lang='lat' dir='ltr'><strong>et</strong></span> <span class='ocrx_word' id='word_1_129' title='bbox 1824 2009 1877 2064; x_wconf 90' lang='lat' dir='ltr'><strong>in</strong></span> <span class='ocrx_word' id='word_1_130' title='bbox 1908 2020 2027 2065; x_wconf 87' lang='lat' dir='ltr'><strong>nota</strong></span> <span class='ocrx_word' id='word_1_131' title='bbox 2058 2014 2328 2077; x_wconf 70' lang='lat' dir='ltr'><strong>observat,</strong></span> 
     </span>
    </p>
   </div>
   <div class='ocr_carea' id='block_1_20' title="bbox 766 2100 2334 2173">
    <p class='ocr_par' dir='ltr' id='par_1_20' title="bbox 766 2100 2334 2173">
     <span class='ocr_line' id='line_1_20' title="bbox 766 2100 2334 2173; baseline -0.002 -17"><span class='ocrx_word' id='word_1_132' title='bbox 766 2103 820 2156; x_wconf 88' lang='lat' dir='ltr'><strong>in</strong></span> <span class='ocrx_word' id='word_1_133' title='bbox 848 2104 1011 2170; x_wconf 79' lang='lat' dir='ltr'><strong>Regio</strong></span> <span class='ocrx_word' id='word_1_134' title='bbox 1030 2102 1150 2157; x_wconf 82' lang='lat' dir='ltr'><strong>cod.</strong></span> <span class='ocrx_word' id='word_1_135' title='bbox 1174 2103 1351 2171; x_wconf 89' lang='lat' dir='ltr'><strong>primo</strong></span> <span class='ocrx_word' id='word_1_136' title='bbox 1375 2102 1497 2171; x_wconf 90' lang='lat' dir='ltr'><strong>legi,</strong></span> <span class='ocrx_word' id='word_1_137' title='bbox 1530 2100 1879 2173; x_wconf 78' lang='grc' dir='ltr'>προδιαλαλία</span> <span class='ocrx_word' id='word_1_138' title='bbox 1912 2104 2006 2156; x_wconf 75' lang='grc' dir='ltr'><strong>καὶ</strong></span> <span class='ocrx_word' id='word_1_139' title='bbox 2040 2103 2334 2173; x_wconf 75' lang='grc' dir='ltr'><strong>προδιήγηο</strong></span> 
     </span>
    </p>
   </div>
   <div class='ocr_carea' id='block_1_21' title="bbox 768 2192 2333 2266">
    <p class='ocr_par' dir='ltr' id='par_1_21' title="bbox 768 2192 2333 2266">
     <span class='ocr_line' id='line_1_21' title="bbox 768 2192 2333 2266; baseline -0.003 -16"><span class='ocrx_word' id='word_1_140' title='bbox 768 2212 853 2261; x_wconf 79' lang='lat' dir='ltr'><strong>ot;</strong></span> <span class='ocrx_word' id='word_1_141' title='bbox 896 2194 1008 2250; x_wconf 80' lang='grc' dir='ltr'>τῶν</span> <span class='ocrx_word' id='word_1_142' title='bbox 1048 2194 1357 2266; x_wconf 79' lang='grc' dir='ltr'><strong>ἀσκητικῶν</strong></span> <span class='ocrx_word' id='word_1_143' title='bbox 1394 2192 1810 2258; x_wconf 74' lang='grc' dir='ltr'><strong>ὐποτυπώσεων,</strong></span> <span class='ocrx_word' id='word_1_144' title='bbox 1841 2194 2216 2249; x_wconf 79' lang='lat' dir='ltr'><strong>Combellsinnt</strong></span> <span class='ocrx_word' id='word_1_145' title='bbox 2240 2209 2333 2247; x_wconf 90' lang='lat' dir='ltr'><strong>au-</strong></span> 
     </span>
    </p>
   </div>
   <div class='ocr_carea' id='block_1_22' title="bbox 771 2286 2334 2358">
    <p class='ocr_par' dir='ltr' id='par_1_22' title="bbox 771 2286 2334 2358">
     <span class='ocr_line' id='line_1_22' title="bbox 771 2286 2334 2358; baseline 0.003 -22"><span class='ocrx_word' id='word_1_146' title='bbox 771 2299 873 2343; x_wconf 89' lang='lat' dir='ltr'><strong>tem</strong></span> <span class='ocrx_word' id='word_1_147' title='bbox 908 2288 1137 2343; x_wconf 80' lang='lat' dir='ltr'><strong>nominis</strong></span> <span class='ocrx_word' id='word_1_148' title='bbox 1159 2286 1507 2341; x_wconf 84' lang='lat' dir='ltr'><strong>similitudine</strong></span> <span class='ocrx_word' id='word_1_149' title='bbox 1533 2286 1815 2357; x_wconf 88' lang='lat' dir='ltr'><strong>deceptum</strong></span> <span class='ocrx_word' id='word_1_150' title='bbox 1850 2286 2041 2356; x_wconf 84' lang='lat' dir='ltr'><strong>legisse</strong></span> <span class='ocrx_word' id='word_1_151' title='bbox 2071 2301 2177 2341; x_wconf 87' lang='lat' dir='ltr'><strong>non</strong></span> <span class='ocrx_word' id='word_1_152' title='bbox 2200 2304 2334 2358; x_wconf 85' lang='grc' dir='ltr'><strong>προ-</strong></span> 
     </span>
    </p>
   </div>
   <div class='ocr_carea' id='block_1_23' title="bbox 765 2376 2333 2451">
    <p class='ocr_par' dir='ltr' id='par_1_23' title="bbox 765 2376 2333 2451">
     <span class='ocr_line' id='line_1_23' title="bbox 765 2376 2333 2451; baseline 0 -18"><span class='ocrx_word' id='word_1_153' title='bbox 765 2380 1034 2451; x_wconf 70' lang='grc' dir='ltr'>διήγησις,</span> <span class='ocrx_word' id='word_1_154' title='bbox 1062 2380 1154 2433; x_wconf 87' lang='lat' dir='ltr'><strong>sed</strong></span> <span class='ocrx_word' id='word_1_155' title='bbox 1190 2376 1609 2449; x_wconf 70' lang='grc' dir='ltr'><strong>πριιδιάγνωσις.</strong></span> <span class='ocrx_word' id='word_1_156' title='bbox 1637 2378 1830 2440; x_wconf 70' lang='lat' dir='ltr'><strong>prmia</strong></span> <span class='ocrx_word' id='word_1_157' title='bbox 1857 2380 2062 2431; x_wconf 87' lang='lat' dir='ltr'><strong>notitia.</strong></span> <span class='ocrx_word' id='word_1_158' title='bbox 2098 2379 2333 2446; x_wconf 84' lang='lat' dir='ltr'><strong>Denique</strong></span> 
     </span>
    </p>
   </div>
   <div class='ocr_carea' id='block_1_24' title="bbox 768 2466 2315 2536">
    <p class='ocr_par' dir='ltr' id='par_1_24' title="bbox 768 2466 2315 2536">
     <span class='ocr_line' id='line_1_24' title="bbox 768 2466 2315 2536; baseline -0.003 -11"><span class='ocrx_word' id='word_1_159' title='bbox 768 2474 837 2528; x_wconf 87' lang='lat' dir='ltr'><strong>ab</strong></span> <span class='ocrx_word' id='word_1_160' title='bbox 869 2472 1023 2526; x_wconf 89' lang='lat' dir='ltr'><strong>initio</strong></span> <span class='ocrx_word' id='word_1_161' title='bbox 1045 2469 1295 2526; x_wconf 84' lang='lat' dir='ltr'><strong>Garnier.</strong></span> <span class='ocrx_word' id='word_1_162' title='bbox 1333 2484 1437 2524; x_wconf 90' lang='lat' dir='ltr'><strong>non</strong></span> <span class='ocrx_word' id='word_1_163' title='bbox 1478 2468 1626 2522; x_wconf 84' lang='lat' dir='ltr'><strong>dedit</strong></span> <span class='ocrx_word' id='word_1_164' title='bbox 1654 2482 1776 2521; x_wconf 80' lang='lat' dir='ltr'><strong>eum</strong></span> <span class='ocrx_word' id='word_1_165' title='bbox 1807 2477 2034 2536; x_wconf 89' lang='lat' dir='ltr'><strong>utraque</strong></span> <span class='ocrx_word' id='word_1_166' title='bbox 2064 2467 2151 2522; x_wconf 89' lang='lat' dir='ltr'><strong>ed.</strong></span> <span class='ocrx_word' id='word_1_167' title='bbox 2180 2466 2315 2521; x_wconf 83' lang='lat' dir='ltr'><strong>Pari-</strong></span> 
     </span>
    </p>
   </div>
   <div class='ocr_carea' id='block_1_25' title="bbox 767 2556 2332 2631">
    <p class='ocr_par' dir='ltr' id='par_1_25' title="bbox 767 2556 2332 2631">
     <span class='ocr_line' id='line_1_25' title="bbox 767 2556 2332 2631; baseline -0.001 -15"><span class='ocrx_word' id='word_1_168' title='bbox 767 2565 929 2620; x_wconf 90' lang='lat' dir='ltr'><strong>siensi</strong></span> <span class='ocrx_word' id='word_1_169' title='bbox 970 2582 983 2618; x_wconf 91' lang='lat'><strong>:</strong></span> <span class='ocrx_word' id='word_1_170' title='bbox 1011 2562 1238 2631; x_wconf 79' lang='grc' dir='ltr'><strong>Μεγάλα</strong></span> <span class='ocrx_word' id='word_1_171' title='bbox 1272 2563 1368 2631; x_wconf 69' lang='grc' dir='ltr'><strong>μὶν</strong></span> <span class='ocrx_word' id='word_1_172' title='bbox 1398 2560 1491 2615; x_wconf 84' lang='grc' dir='ltr'><strong>τοῦ</strong></span> <span class='ocrx_word' id='word_1_173' title='bbox 1517 2558 1808 2625; x_wconf 77' lang='grc' dir='ltr'>Βασιλιως,</span> <span class='ocrx_word' id='word_1_174' title='bbox 1834 2561 1925 2615; x_wconf 84' lang='lat' dir='ltr'><strong>sed</strong></span> <span class='ocrx_word' id='word_1_175' title='bbox 1954 2575 2073 2614; x_wconf 92' lang='lat' dir='ltr'><strong>cum</strong></span> <span class='ocrx_word' id='word_1_176' title='bbox 2108 2559 2194 2615; x_wconf 90' lang='lat' dir='ltr'><strong>ed.</strong></span> <span class='ocrx_word' id='word_1_177' title='bbox 2228 2556 2332 2614; x_wconf 87' lang='lat' dir='ltr'><strong>Ve—</strong></span> 
     </span>
    </p>
   </div>
   <div class='ocr_carea' id='block_1_26' title="bbox 768 2650 2332 2723">
    <p class='ocr_par' dir='ltr' id='par_1_26' title="bbox 768 2650 2332 2723">
     <span class='ocr_line' id='line_1_26' title="bbox 768 2650 2332 2723; baseline -0.002 -14"><span class='ocrx_word' id='word_1_178' title='bbox 768 2665 912 2721; x_wconf 89' lang='lat' dir='ltr'><strong>neta,</strong></span> <span class='ocrx_word' id='word_1_179' title='bbox 942 2664 1168 2722; x_wconf 88' lang='lat' dir='ltr'><strong>utroque</strong></span> <span class='ocrx_word' id='word_1_180' title='bbox 1202 2652 1475 2707; x_wconf 84' lang='lat' dir='ltr'><strong>combclls.</strong></span> <span class='ocrx_word' id='word_1_181' title='bbox 1508 2661 1562 2706; x_wconf 90' lang='lat' dir='ltr'><strong>et</strong></span> <span class='ocrx_word' id='word_1_182' title='bbox 1587 2652 1708 2707; x_wconf 91' lang='lat' dir='ltr'><strong>cod.</strong></span> <span class='ocrx_word' id='word_1_183' title='bbox 1763 2651 1929 2723; x_wconf 79' lang='lat' dir='ltr'><strong>Regio</strong></span> <span class='ocrx_word' id='word_1_184' title='bbox 1960 2652 2150 2719; x_wconf 88' lang='lat' dir='ltr'><strong>tertio,</strong></span> <span class='ocrx_word' id='word_1_185' title='bbox 2192 2650 2332 2706; x_wconf 78' lang='grc' dir='ltr'><strong>καλά</strong></span> 
     </span>
    </p>
   </div>
   <div class='ocr_carea' id='block_1_27' title="bbox 772 2744 2332 2821">
    <p class='ocr_par' dir='ltr' id='par_1_27' title="bbox 772 2744 2332 2821">
     <span class='ocr_line' id='line_1_27' title="bbox 772 2744 2332 2821; baseline -0.004 -17"><span class='ocrx_word' id='word_1_186' title='bbox 772 2748 872 2821; x_wconf 69' lang='grc' dir='ltr'><strong>μιν</strong></span> <span class='ocrx_word' id='word_1_187' title='bbox 899 2747 995 2804; x_wconf 68' lang='grc' dir='ltr'><strong>τοῦ</strong></span> <span class='ocrx_word' id='word_1_188' title='bbox 1024 2747 1159 2803; x_wconf 78' lang='lat' dir='ltr'><strong>Bac.</strong></span> <span class='ocrx_word' id='word_1_189' title='bbox 1184 2776 1253 2788; x_wconf 92' lang='lat'>—</span> <span class='ocrx_word' id='word_1_190' title='bbox 1280 2744 1386 2801; x_wconf 90' lang='lat' dir='ltr'><strong>Sed</strong></span> <span class='ocrx_word' id='word_1_191' title='bbox 1414 2746 1480 2800; x_wconf 88' lang='lat' dir='ltr'><strong>de</strong></span> <span class='ocrx_word' id='word_1_192' title='bbox 1517 2745 1800 2807; x_wconf 80' lang='lat' dir='ltr'><strong>Asceticis,</strong></span> <span class='ocrx_word' id='word_1_193' title='bbox 1838 2760 1965 2797; x_wconf 87' lang='lat' dir='ltr'><strong>num</strong></span> <span class='ocrx_word' id='word_1_194' title='bbox 1994 2754 2049 2798; x_wconf 91' lang='lat' dir='ltr'><strong>et</strong></span> <span class='ocrx_word' id='word_1_195' title='bbox 2089 2760 2332 2813; x_wconf 69' lang='lat' dir='ltr'><strong>quaenam</strong></span> 
     </span>
    </p>
   </div>
   <div class='ocr_carea' id='block_1_28' title="bbox 773 2835 2330 2911">
    <p class='ocr_par' dir='ltr' id='par_1_28' title="bbox 773 2835 2330 2911">
     <span class='ocr_line' id='line_1_28' title="bbox 773 2835 2330 2911; baseline -0.005 -16"><span class='ocrx_word' id='word_1_196' title='bbox 773 2842 983 2895; x_wconf 89' lang='lat' dir='ltr'><strong>illorum</strong></span> <span class='ocrx_word' id='word_1_197' title='bbox 1012 2852 1139 2896; x_wconf 89' lang='lat' dir='ltr'><strong>sunt</strong></span> <span class='ocrx_word' id='word_1_198' title='bbox 1175 2839 1424 2911; x_wconf 85' lang='lat' dir='ltr'><strong>genuina,</strong></span> <span class='ocrx_word' id='word_1_199' title='bbox 1464 2851 1708 2907; x_wconf 64' lang='lat' dir='ltr'><strong>quaenam</strong></span> <span class='ocrx_word' id='word_1_200' title='bbox 1744 2836 1850 2890; x_wconf 90' lang='lat' dir='ltr'><strong>sint</strong></span> <span class='ocrx_word' id='word_1_201' title='bbox 1876 2835 2056 2904; x_wconf 89' lang='lat' dir='ltr'><strong>spuria</strong></span> <span class='ocrx_word' id='word_1_202' title='bbox 2084 2835 2330 2898; x_wconf 80' lang='lat' dir='ltr'><strong>dubiave,</strong></span> 
     </span>
    </p>
   </div>
   <div class='ocr_carea' id='block_1_29' title="bbox 771 2925 2330 3001">
    <p class='ocr_par' dir='ltr' id='par_1_29' title="bbox 771 2925 2330 3001">
     <span class='ocr_line' id='line_1_29' title="bbox 771 2925 2330 3001; baseline -0.006 -13"><span class='ocrx_word' id='word_1_203' title='bbox 771 2946 961 3001; x_wconf 84' lang='lat' dir='ltr'><strong>magna</strong></span> <span class='ocrx_word' id='word_1_204' title='bbox 988 2932 1053 2985; x_wconf 84' lang='lat' dir='ltr'><strong>Iis</strong></span> <span class='ocrx_word' id='word_1_205' title='bbox 1082 2940 1200 2984; x_wconf 88' lang='lat' dir='ltr'><strong>orta</strong></span> <span class='ocrx_word' id='word_1_206' title='bbox 1227 2939 1313 2986; x_wconf 92' lang='lat' dir='ltr'><strong>est</strong></span> <span class='ocrx_word' id='word_1_207' title='bbox 1342 2930 1483 2985; x_wconf 90' lang='lat' dir='ltr'><strong>inter</strong></span> <span class='ocrx_word' id='word_1_208' title='bbox 1506 2929 1616 2985; x_wconf 89' lang='lat' dir='ltr'><strong>VV.</strong></span> <span class='ocrx_word' id='word_1_209' title='bbox 1648 2928 1779 2991; x_wconf 88' lang='lat' dir='ltr'><strong>DD.,</strong></span> <span class='ocrx_word' id='word_1_210' title='bbox 1803 2936 1857 2982; x_wconf 90' lang='lat' dir='ltr'><strong>et</strong></span> <span class='ocrx_word' id='word_1_211' title='bbox 1879 2928 1968 2981; x_wconf 83' lang='lat' dir='ltr'><strong>alii</strong></span> <span class='ocrx_word' id='word_1_212' title='bbox 2000 2927 2050 2981; x_wconf 93' lang='lat' dir='ltr'><strong>in</strong></span> <span class='ocrx_word' id='word_1_213' title='bbox 2080 2925 2184 2980; x_wconf 88' lang='lat' dir='ltr'><strong>alia</strong></span> <span class='ocrx_word' id='word_1_214' title='bbox 2213 2939 2330 2980; x_wconf 89' lang='lat' dir='ltr'><strong>om-</strong></span> 
     </span>
    </p>
   </div>
   <div class='ocr_carea' id='block_1_30' title="bbox 770 3018 2333 3093">
    <p class='ocr_par' dir='ltr' id='par_1_30' title="bbox 770 3018 2333 3093">
     <span class='ocr_line' id='line_1_30' title="bbox 770 3018 2333 3093; baseline -0.004 -14"><span class='ocrx_word' id='word_1_215' title='bbox 770 3023 857 3079; x_wconf 89' lang='lat' dir='ltr'><strong>nia</strong></span> <span class='ocrx_word' id='word_1_216' title='bbox 914 3031 1209 3077; x_wconf 84' lang='lat' dir='ltr'><strong>transeunt.</strong></span> <span class='ocrx_word' id='word_1_217' title='bbox 1246 3022 1518 3093; x_wconf 70' lang='lat' dir='ltr'><strong>Praecipue</strong></span> <span class='ocrx_word' id='word_1_218' title='bbox 1565 3021 1918 3076; x_wconf 81' lang='lat' dir='ltr'><strong>Bellarminus</strong></span> <span class='ocrx_word' id='word_1_219' title='bbox 1972 3020 2189 3091; x_wconf 84' lang='lat' dir='ltr'><strong>aliique,</strong></span> <span class='ocrx_word' id='word_1_220' title='bbox 2241 3018 2333 3089; x_wconf 92' lang='lat' dir='ltr'><strong>qui</strong></span> 
     </span>
    </p>
   </div>
   <div class='ocr_carea' id='block_1_31' title="bbox 769 3110 2333 3185">
    <p class='ocr_par' dir='ltr' id='par_1_31' title="bbox 769 3110 2333 3185">
     <span class='ocr_line' id='line_1_31' title="bbox 769 3110 2333 3185; baseline -0.002 -16"><span class='ocrx_word' id='word_1_221' title='bbox 769 3118 1014 3172; x_wconf 83' lang='lat' dir='ltr'><strong>eamdem</strong></span> <span class='ocrx_word' id='word_1_222' title='bbox 1064 3118 1382 3185; x_wconf 86' lang='lat' dir='ltr'><strong>prolltemur</strong></span> <span class='ocrx_word' id='word_1_223' title='bbox 1436 3116 1776 3178; x_wconf 85' lang='lat' dir='ltr'><strong>doctrinam,</strong></span> <span class='ocrx_word' id='word_1_224' title='bbox 1813 3122 2043 3185; x_wconf 84' lang='lat' dir='ltr'><strong>negant,</strong></span> <span class='ocrx_word' id='word_1_225' title='bbox 2091 3110 2333 3168; x_wconf 76' lang='lat' dir='ltr'><strong>Ascetica</strong></span> 
     </span>
    </p>
   </div>
   <div class='ocr_carea' id='block_1_32' title="bbox 2426 630 3992 707">
    <p class='ocr_par' dir='ltr' id='par_1_32' title="bbox 2426 630 3992 707">
     <span class='ocr_line' id='line_1_32' title="bbox 2426 630 3992 707; baseline 0.008 -24"><span class='ocrx_word' id='word_1_226' title='bbox 2426 646 2585 701; x_wconf 89' lang='lat' dir='ltr'><strong>quam</strong></span> <span class='ocrx_word' id='word_1_227' title='bbox 2611 630 2929 702; x_wconf 85' lang='lat' dir='ltr'><strong>longiorum,</strong></span> <span class='ocrx_word' id='word_1_228' title='bbox 2961 647 3124 687; x_wconf 89' lang='lat' dir='ltr'><strong>unum</strong></span> <span class='ocrx_word' id='word_1_229' title='bbox 3148 646 3266 687; x_wconf 87' lang='lat' dir='ltr'><strong>esse</strong></span> <span class='ocrx_word' id='word_1_230' title='bbox 3306 637 3661 707; x_wconf 83' lang='lat' dir='ltr'><strong>eamdemque</strong></span> <span class='ocrx_word' id='word_1_231' title='bbox 3687 644 3992 695; x_wconf 88' lang='lat' dir='ltr'><strong>auctorem.</strong></span> 
     </span>
    </p>
   </div>
   <div class='ocr_carea' id='block_1_33' title="bbox 2425 724 4001 798">
    <p class='ocr_par' dir='ltr' id='par_1_33' title="bbox 2425 724 4001 798">
     <span class='ocr_line' id='line_1_33' title="bbox 2425 724 4001 798; baseline 0.004 -19"><span class='ocrx_word' id='word_1_232' title='bbox 2425 724 2622 780; x_wconf 87' lang='lat' dir='ltr'><strong>Contra</strong></span> <span class='ocrx_word' id='word_1_233' title='bbox 2651 725 2703 779; x_wconf 92' lang='lat' dir='ltr'><strong>in</strong></span> <span class='ocrx_word' id='word_1_234' title='bbox 2747 724 2929 793; x_wconf 90' lang='lat' dir='ltr'><strong>quinta</strong></span> <span class='ocrx_word' id='word_1_235' title='bbox 2984 737 3135 793; x_wconf 88' lang='lat' dir='ltr'><strong>parte</strong></span> <span class='ocrx_word' id='word_1_236' title='bbox 3177 734 3353 793; x_wconf 79' lang='lat' dir='ltr'><strong>negat,</strong></span> <span class='ocrx_word' id='word_1_237' title='bbox 3405 738 3660 798; x_wconf 88' lang='lat' dir='ltr'><strong>utrasque</strong></span> <span class='ocrx_word' id='word_1_238' title='bbox 3694 726 3907 797; x_wconf 83' lang='lat' dir='ltr'><strong>regulas</strong></span> <span class='ocrx_word' id='word_1_239' title='bbox 3938 740 4001 785; x_wconf 86' lang='lat' dir='ltr'><strong>et</strong></span> 
     </span>
    </p>
   </div>
   <div class='ocr_carea' id='block_1_34' title="bbox 2426 816 3997 888">
    <p class='ocr_par' dir='ltr' id='par_1_34' title="bbox 2426 816 3997 888">
     <span class='ocr_line' id='line_1_34' title="bbox 2426 816 3997 888; baseline 0.001 -18"><span class='ocrx_word' id='word_1_240' title='bbox 2426 816 2837 870; x_wconf 86' lang='lat' dir='ltr'><strong>constitutiones</strong></span> <span class='ocrx_word' id='word_1_241' title='bbox 2864 819 3189 872; x_wconf 77' lang='lat' dir='ltr'><strong>monasticae</strong></span> <span class='ocrx_word' id='word_1_242' title='bbox 3213 817 3301 870; x_wconf 91' lang='lat' dir='ltr'><strong>uni</strong></span> <span class='ocrx_word' id='word_1_243' title='bbox 3324 816 3607 888; x_wconf 87' lang='lat' dir='ltr'><strong>eidemque</strong></span> <span class='ocrx_word' id='word_1_244' title='bbox 3638 820 3843 877; x_wconf 84' lang='lat' dir='ltr'><strong>aucl0ri</strong></span> <span class='ocrx_word' id='word_1_245' title='bbox 3871 835 3997 875; x_wconf 87' lang='lat' dir='ltr'><strong>esse</strong></span> 
     </span>
    </p>
   </div>
   <div class='ocr_carea' id='block_1_35' title="bbox 2429 907 3999 981">
    <p class='ocr_par' dir='ltr' id='par_1_35' title="bbox 2429 907 3999 981">
     <span class='ocr_line' id='line_1_35' title="bbox 2429 907 3999 981; baseline 0.001 -20"><span class='ocrx_word' id='word_1_246' title='bbox 2429 909 2757 963; x_wconf 86' lang='lat' dir='ltr'><strong>tribuendas.</strong></span> <span class='ocrx_word' id='word_1_247' title='bbox 2785 907 2842 961; x_wconf 92' lang='lat' dir='ltr'><strong>In</strong></span> <span class='ocrx_word' id='word_1_248' title='bbox 2880 918 3031 962; x_wconf 80' lang='lat' dir='ltr'><strong>sexta</strong></span> <span class='ocrx_word' id='word_1_249' title='bbox 3060 920 3212 978; x_wconf 88' lang='lat' dir='ltr'><strong>parte</strong></span> <span class='ocrx_word' id='word_1_250' title='bbox 3253 924 3437 965; x_wconf 89' lang='lat' dir='ltr'><strong>eorum</strong></span> <span class='ocrx_word' id='word_1_251' title='bbox 3478 913 3694 981; x_wconf 82' lang='lat' dir='ltr'><strong>adoptat</strong></span> <span class='ocrx_word' id='word_1_252' title='bbox 3730 921 3999 978; x_wconf 86' lang='lat' dir='ltr'><strong>ornatque</strong></span> 
     </span>
    </p>
   </div>
   <div class='ocr_carea' id='block_1_36' title="bbox 2422 999 3998 1070">
    <p class='ocr_par' dir='ltr' id='par_1_36' title="bbox 2422 999 3998 1070">
     <span class='ocr_line' id='line_1_36' title="bbox 2422 999 3998 1070; baseline 0.004 -21"><span class='ocrx_word' id='word_1_253' title='bbox 2422 999 2704 1070; x_wconf 79' lang='lat' dir='ltr'><strong>judicium,</strong></span> <span class='ocrx_word' id='word_1_254' title='bbox 2730 1000 2819 1070; x_wconf 90' lang='lat' dir='ltr'><strong>qui</strong></span> <span class='ocrx_word' id='word_1_255' title='bbox 2867 1009 3120 1065; x_wconf 86' lang='lat' dir='ltr'><strong>censent,</strong></span> <span class='ocrx_word' id='word_1_256' title='bbox 3163 1002 3418 1056; x_wconf 79' lang='lat' dir='ltr'><strong>Basiliam</strong></span> <span class='ocrx_word' id='word_1_257' title='bbox 3468 1015 3586 1056; x_wconf 86' lang='lat' dir='ltr'><strong>esse</strong></span> <span class='ocrx_word' id='word_1_258' title='bbox 3641 1016 3998 1070; x_wconf 82' lang='lat' dir='ltr'><strong>utrarumque</strong></span> 
     </span>
    </p>
   </div>
   <div class='ocr_carea' id='block_1_37' title="bbox 2430 1089 3997 1163">
    <p class='ocr_par' dir='ltr' id='par_1_37' title="bbox 2430 1089 3997 1163">
     <span class='ocr_line' id='line_1_37' title="bbox 2430 1089 3997 1163; baseline 0.001 -18"><span class='ocrx_word' id='word_1_259' title='bbox 2430 1092 2733 1160; x_wconf 86' lang='lat' dir='ltr'><strong>regularum</strong></span> <span class='ocrx_word' id='word_1_260' title='bbox 2761 1101 3058 1147; x_wconf 86' lang='lat' dir='ltr'><strong>auctorem.</strong></span> <span class='ocrx_word' id='word_1_261' title='bbox 3086 1089 3143 1145; x_wconf 91' lang='lat' dir='ltr'><strong>In</strong></span> <span class='ocrx_word' id='word_1_262' title='bbox 3180 1097 3403 1163; x_wconf 82' lang='lat' dir='ltr'><strong>septima</strong></span> <span class='ocrx_word' id='word_1_263' title='bbox 3440 1103 3587 1162; x_wconf 89' lang='lat' dir='ltr'><strong>parte</strong></span> <span class='ocrx_word' id='word_1_264' title='bbox 3640 1099 3892 1152; x_wconf 79' lang='lat' dir='ltr'><strong>videntur</strong></span> <span class='ocrx_word' id='word_1_265' title='bbox 3920 1094 3997 1148; x_wconf 88' lang='lat' dir='ltr'><strong>illi</strong></span> 
     </span>
    </p>
   </div>
   <div class='ocr_carea' id='block_1_38' title="bbox 2428 1184 3993 1260">
    <p class='ocr_par' dir='ltr' id='par_1_38' title="bbox 2428 1184 3993 1260">
     <span class='ocr_line' id='line_1_38' title="bbox 2428 1184 3993 1260; baseline 0.001 -22"><span class='ocrx_word' id='word_1_266' title='bbox 2428 1186 2833 1240; x_wconf 79' lang='lat' dir='ltr'><strong>constitutiones</strong></span> <span class='ocrx_word' id='word_1_267' title='bbox 2870 1187 3177 1251; x_wconf 67' lang='lat' dir='ltr'><strong>tnottaslicm</strong></span> <span class='ocrx_word' id='word_1_268' title='bbox 3216 1186 3475 1241; x_wconf 81' lang='lat' dir='ltr'><strong>Ettstathii</strong></span> <span class='ocrx_word' id='word_1_269' title='bbox 3512 1184 3792 1242; x_wconf 76' lang='lat' dir='ltr'><strong>Sebasteni</strong></span> <span class='ocrx_word' id='word_1_270' title='bbox 3833 1203 3993 1260; x_wconf 85' lang='lat' dir='ltr'><strong>opus.</strong></span> 
     </span>
    </p>
   </div>
   <div class='ocr_carea' id='block_1_39' title="bbox 2428 1276 3996 1349">
    <p class='ocr_par' dir='ltr' id='par_1_39' title="bbox 2428 1276 3996 1349">
     <span class='ocr_line' id='line_1_39' title="bbox 2428 1276 3996 1349; baseline 0 -18"><span class='ocrx_word' id='word_1_271' title='bbox 2428 1278 2484 1331; x_wconf 88' lang='lat' dir='ltr'><strong>In</strong></span> <span class='ocrx_word' id='word_1_272' title='bbox 2516 1288 2735 1342; x_wconf 79' lang='lat' dir='ltr'><strong>octava,</strong></span> <span class='ocrx_word' id='word_1_273' title='bbox 2761 1276 2998 1348; x_wconf 85' lang='lat' dir='ltr'><strong>epititnia</strong></span> <span class='ocrx_word' id='word_1_274' title='bbox 3047 1279 3376 1347; x_wconf 80' lang='lat' dir='ltr'><strong>atljungenda</strong></span> <span class='ocrx_word' id='word_1_275' title='bbox 3410 1292 3527 1332; x_wconf 86' lang='lat' dir='ltr'><strong>esse</strong></span> <span class='ocrx_word' id='word_1_276' title='bbox 3557 1279 3753 1345; x_wconf 85' lang='lat' dir='ltr'><strong>spnriis</strong></span> <span class='ocrx_word' id='word_1_277' title='bbox 3780 1280 3996 1349; x_wconf 79' lang='lat' dir='ltr'><strong>probat.</strong></span> 
     </span>
    </p>
   </div>
   <div class='ocr_carea' id='block_1_40' title="bbox 2429 1369 3996 1439">
    <p class='ocr_par' dir='ltr' id='par_1_40' title="bbox 2429 1369 3996 1439">
     <span class='ocr_line' id='line_1_40' title="bbox 2429 1369 3996 1439; baseline 0 -16"><span class='ocrx_word' id='word_1_278' title='bbox 2429 1369 2667 1437; x_wconf 85' lang='lat' dir='ltr'><strong>Denique</strong></span> <span class='ocrx_word' id='word_1_279' title='bbox 2703 1370 2753 1421; x_wconf 92' lang='lat' dir='ltr'><strong>in</strong></span> <span class='ocrx_word' id='word_1_280' title='bbox 2788 1382 2925 1422; x_wconf 88' lang='lat' dir='ltr'><strong>nona</strong></span> <span class='ocrx_word' id='word_1_281' title='bbox 2958 1380 3109 1438; x_wconf 90' lang='lat' dir='ltr'><strong>parte</strong></span> <span class='ocrx_word' id='word_1_282' title='bbox 3156 1371 3527 1437; x_wconf 73' lang='lat' dir='ltr'><strong>expenduntur</strong></span> <span class='ocrx_word' id='word_1_283' title='bbox 3559 1369 3666 1421; x_wconf 88' lang='lat' dir='ltr'><strong>duo</strong></span> <span class='ocrx_word' id='word_1_284' title='bbox 3711 1370 3996 1439; x_wconf 90' lang='lat' dir='ltr'><strong>opuscula,</strong></span> 
     </span>
    </p>
   </div>
   <div class='ocr_carea' id='block_1_41' title="bbox 2426 1460 4001 1530">
    <p class='ocr_par' dir='ltr' id='par_1_41' title="bbox 2426 1460 4001 1530">
     <span class='ocr_line' id='line_1_41' title="bbox 2426 1460 4001 1530; baseline 0.002 -17"><span class='ocrx_word' id='word_1_285' title='bbox 2426 1476 2543 1530; x_wconf 71' lang='lat' dir='ltr'><strong>qua:</strong></span> <span class='ocrx_word' id='word_1_286' title='bbox 2571 1460 2924 1516; x_wconf 83' lang='lat' dir='ltr'><strong>Combellsins</strong></span> <span class='ocrx_word' id='word_1_287' title='bbox 2956 1463 3007 1516; x_wconf 90' lang='lat' dir='ltr'><strong>in</strong></span> <span class='ocrx_word' id='word_1_288' title='bbox 3034 1476 3131 1517; x_wconf 90' lang='lat' dir='ltr'><strong>suo</strong></span> <span class='ocrx_word' id='word_1_289' title='bbox 3168 1461 3369 1516; x_wconf 82' lang='lat' dir='ltr'><strong>Basilio</strong></span> <span class='ocrx_word' id='word_1_290' title='bbox 3433 1464 3685 1517; x_wconf 82' lang='lat' dir='ltr'><strong>rccencito</strong></span> <span class='ocrx_word' id='word_1_291' title='bbox 3748 1475 3845 1527; x_wconf 90' lang='lat' dir='ltr'><strong>pro</strong></span> <span class='ocrx_word' id='word_1_292' title='bbox 3898 1477 4001 1515; x_wconf 93' lang='lat' dir='ltr'><strong>no-</strong></span> 
     </span>
    </p>
   </div>
   <div class='ocr_carea' id='block_1_42' title="bbox 2430 1552 3996 1626">
    <p class='ocr_par' dir='ltr' id='par_1_42' title="bbox 2430 1552 3996 1626">
     <span class='ocr_line' id='line_1_42' title="bbox 2430 1552 3996 1626; baseline 0 -17"><span class='ocrx_word' id='word_1_293' title='bbox 2430 1554 2511 1610; x_wconf 77' lang='lat' dir='ltr'><strong>vis</strong></span> <span class='ocrx_word' id='word_1_294' title='bbox 2557 1569 2622 1609; x_wconf 89' lang='lat' dir='ltr'><strong>ac</strong></span> <span class='ocrx_word' id='word_1_295' title='bbox 2671 1554 2919 1626; x_wconf 86' lang='lat' dir='ltr'><strong>genuinis</strong></span> <span class='ocrx_word' id='word_1_296' title='bbox 2961 1555 3148 1617; x_wconf 88' lang='lat' dir='ltr'><strong>edidit,</strong></span> <span class='ocrx_word' id='word_1_297' title='bbox 3186 1568 3358 1619; x_wconf 79' lang='lat' dir='ltr'><strong>eaque</strong></span> <span class='ocrx_word' id='word_1_298' title='bbox 3397 1554 3450 1608; x_wconf 87' lang='lat' dir='ltr'><strong>in</strong></span> <span class='ocrx_word' id='word_1_299' title='bbox 3499 1552 3696 1621; x_wconf 88' lang='lat' dir='ltr'><strong>spnriis</strong></span> <span class='ocrx_word' id='word_1_300' title='bbox 3727 1562 3996 1609; x_wconf 82' lang='lat' dir='ltr'><strong>numerat.</strong></span> 
     </span>
    </p>
   </div>
   <div class='ocr_carea' id='block_1_43' title="bbox 2430 1642 4002 1714">
    <p class='ocr_par' dir='ltr' id='par_1_43' title="bbox 2430 1642 4002 1714">
     <span class='ocr_line' id='line_1_43' title="bbox 2430 1642 4002 1714; baseline -0.002 -13"><span class='ocrx_word' id='word_1_301' title='bbox 2430 1644 2535 1701; x_wconf 85' lang='lat' dir='ltr'><strong>Sed</strong></span> <span class='ocrx_word' id='word_1_302' title='bbox 2554 1646 2858 1700; x_wconf 86' lang='lat' dir='ltr'><strong>ulteriorem</strong></span> <span class='ocrx_word' id='word_1_303' title='bbox 2890 1661 3076 1700; x_wconf 91' lang='lat' dir='ltr'><strong>eorum</strong></span> <span class='ocrx_word' id='word_1_304' title='bbox 3117 1658 3235 1710; x_wconf 82' lang='lat' dir='ltr'><strong>qu:e</strong></span> <span class='ocrx_word' id='word_1_305' title='bbox 3266 1642 3433 1697; x_wconf 76' lang='lat' dir='ltr'><strong>Carn.</strong></span> <span class='ocrx_word' id='word_1_306' title='bbox 3467 1645 3751 1713; x_wconf 83' lang='lat' dir='ltr'><strong>diligenter</strong></span> <span class='ocrx_word' id='word_1_307' title='bbox 3782 1645 4002 1714; x_wconf 73' lang='lat' dir='ltr'><strong>collegit</strong></span> 
     </span>
    </p>
   </div>
   <div class='ocr_carea' id='block_1_44' title="bbox 2429 1734 4001 1805">
    <p class='ocr_par' dir='ltr' id='par_1_44' title="bbox 2429 1734 4001 1805">
     <span class='ocr_line' id='line_1_44' title="bbox 2429 1734 4001 1805; baseline -0.003 -12"><span class='ocrx_word' id='word_1_308' title='bbox 2429 1747 2485 1793; x_wconf 84' lang='lat' dir='ltr'><strong>et</strong></span> <span class='ocrx_word' id='word_1_309' title='bbox 2527 1739 2763 1805; x_wconf 82' lang='lat' dir='ltr'><strong>scripsit,</strong></span> <span class='ocrx_word' id='word_1_310' title='bbox 2811 1737 3376 1791; x_wconf 81' lang='lat' dir='ltr'><strong>eotntnemnratimtem</strong></span> <span class='ocrx_word' id='word_1_311' title='bbox 3436 1735 3681 1803; x_wconf 85' lang='lat' dir='ltr'><strong>prohibet</strong></span> <span class='ocrx_word' id='word_1_312' title='bbox 3732 1734 4001 1789; x_wconf 87' lang='lat' dir='ltr'><strong>institutio</strong></span> 
     </span>
    </p>
   </div>
   <div class='ocr_carea' id='block_1_45' title="bbox 2434 1826 4004 1898">
    <p class='ocr_par' dir='ltr' id='par_1_45' title="bbox 2434 1826 4004 1898">
     <span class='ocr_line' id='line_1_45' title="bbox 2434 1826 4004 1898; baseline -0.001 -14"><span class='ocrx_word' id='word_1_313' title='bbox 2434 1832 2588 1885; x_wconf 85' lang='lat' dir='ltr'><strong>ratio.</strong></span> <span class='ocrx_word' id='word_1_314' title='bbox 2612 1831 2749 1883; x_wconf 83' lang='lat' dir='ltr'><strong>Add.</strong></span> <span class='ocrx_word' id='word_1_315' title='bbox 2776 1828 3029 1884; x_wconf 79' lang='lat' dir='ltr'><strong>Roessler</strong></span> <span class='ocrx_word' id='word_1_316' title='bbox 3057 1826 3365 1895; x_wconf 75' lang='lat' dir='ltr'><strong>Bibliothek,</strong></span> <span class='ocrx_word' id='word_1_317' title='bbox 3406 1839 3535 1893; x_wconf 87' lang='lat' dir='ltr'><strong>etc.,</strong></span> <span class='ocrx_word' id='word_1_318' title='bbox 3565 1837 3704 1898; x_wconf 88' lang='lat' dir='ltr'><strong>part.</strong></span> <span class='ocrx_word' id='word_1_319' title='bbox 3737 1842 3820 1893; x_wconf 89' lang='lat' dir='ltr'><strong>nt,</strong></span> <span class='ocrx_word' id='word_1_320' title='bbox 3851 1842 3905 1897; x_wconf 92' lang='lat' dir='ltr'><strong>p.</strong></span> <span class='ocrx_word' id='word_1_321' title='bbox 3926 1827 4004 1883; x_wconf 83' lang='grc'>89</span> 
     </span>
    </p>
   </div>
   <div class='ocr_carea' id='block_1_46' title="bbox 2432 1937 2551 1993">
    <p class='ocr_par' dir='ltr' id='par_1_46' title="bbox 2432 1937 2551 1993">
     <span class='ocr_line' id='line_1_46' title="bbox 2432 1937 2551 1993; baseline -0.034 0"><span class='ocrx_word' id='word_1_322' title='bbox 2432 1937 2551 1993; x_wconf 68' lang='lat' dir='ltr'><strong>sqq-</strong></span> 
     </span>
    </p>
   </div>
   <div class='ocr_carea' id='block_1_47' title="bbox 2499 2008 4005 2084">
    <p class='ocr_par' dir='ltr' id='par_1_47' title="bbox 2499 2008 4005 2084">
     <span class='ocr_line' id='line_1_47' title="bbox 2499 2008 4005 2084; baseline -0.003 -15"><span class='ocrx_word' id='word_1_323' title='bbox 2499 2013 2566 2069; x_wconf 86' lang='lat' dir='ltr'><strong>B.</strong></span> <span class='ocrx_word' id='word_1_324' title='bbox 2594 2011 2781 2067; x_wconf 76' lang='lat' dir='ltr'><strong>Basilii</strong></span> <span class='ocrx_word' id='word_1_325' title='bbox 2812 2040 2884 2053; x_wconf 91' lang='lat'><strong>—-</strong></span> <span class='ocrx_word' id='word_1_326' title='bbox 2918 2028 3073 2080; x_wconf 82' lang='lat' dir='ltr'><strong>opera</strong></span> <span class='ocrx_word' id='word_1_327' title='bbox 3100 2012 3361 2084; x_wconf 75' lang='lat' dir='ltr'><strong>qtttetlant,</strong></span> <span class='ocrx_word' id='word_1_328' title='bbox 3391 2013 3509 2067; x_wconf 89' lang='lat' dir='ltr'><strong>scil.</strong></span> <span class='ocrx_word' id='word_1_329' title='bbox 3554 2021 3813 2067; x_wconf 87' lang='lat' dir='ltr'><strong>tractatus</strong></span> <span class='ocrx_word' id='word_1_330' title='bbox 3852 2008 4005 2065; x_wconf 77' lang='lat' dir='ltr'><strong>Etbi.</strong></span> 
     </span>
    </p>
   </div>
   <div class='ocr_carea' id='block_1_48' title="bbox 2432 2105 4002 2174">
    <p class='ocr_par' dir='ltr' id='par_1_48' title="bbox 2432 2105 4002 2174">
     <span class='ocr_line' id='line_1_48' title="bbox 2432 2105 4002 2174; baseline -0.004 -11"><span class='ocrx_word' id='word_1_331' title='bbox 2432 2124 2614 2165; x_wconf 89' lang='lat' dir='ltr'><strong>corum</strong></span> <span class='ocrx_word' id='word_1_332' title='bbox 2644 2126 2659 2172; x_wconf 88' lang='lat'><strong>;</strong></span> <span class='ocrx_word' id='word_1_333' title='bbox 2686 2107 2929 2161; x_wconf 80' lang='lat' dir='ltr'><strong>Ascetira</strong></span> <span class='ocrx_word' id='word_1_334' title='bbox 2956 2124 2971 2171; x_wconf 89' lang='lat'><strong>;</strong></span> <span class='ocrx_word' id='word_1_335' title='bbox 3009 2107 3084 2161; x_wconf 90' lang='lat' dir='ltr'><strong>De</strong></span> <span class='ocrx_word' id='word_1_336' title='bbox 3114 2106 3409 2174; x_wconf 73' lang='lat' dir='ltr'><strong>virginitate</strong></span> <span class='ocrx_word' id='word_1_337' title='bbox 3436 2105 3709 2173; x_wconf 78' lang='lat' dir='ltr'><strong>(adjuncto</strong></span> <span class='ocrx_word' id='word_1_338' title='bbox 3747 2117 4002 2158; x_wconf 87' lang='lat' dir='ltr'><strong>sermone</strong></span> 
     </span>
    </p>
   </div>
   <div class='ocr_carea' id='block_1_49' title="bbox 2433 2192 4003 2268">
    <p class='ocr_par' dir='ltr' id='par_1_49' title="bbox 2433 2192 4003 2268">
     <span class='ocr_line' id='line_1_49' title="bbox 2433 2192 4003 2268; baseline -0.005 -15"><span class='ocrx_word' id='word_1_339' title='bbox 2433 2197 2509 2253; x_wconf 86' lang='lat' dir='ltr'><strong>De</strong></span> <span class='ocrx_word' id='word_1_340' title='bbox 2546 2196 2859 2268; x_wconf 77' lang='lat' dir='ltr'><strong>paradiso);</strong></span> <span class='ocrx_word' id='word_1_341' title='bbox 2898 2211 3077 2252; x_wconf 80' lang='lat' dir='ltr'><strong>contra</strong></span> <span class='ocrx_word' id='word_1_342' title='bbox 3128 2194 3441 2247; x_wconf 61' lang='lat' dir='ltr'><strong>(innantium</strong></span> <span class='ocrx_word' id='word_1_343' title='bbox 3497 2192 3737 2259; x_wconf 76' lang='lat' dir='ltr'><strong>(additur</strong></span> <span class='ocrx_word' id='word_1_344' title='bbox 3787 2192 3840 2244; x_wconf 88' lang='lat' dir='ltr'><strong>in</strong></span> <span class='ocrx_word' id='word_1_345' title='bbox 3893 2192 4003 2245; x_wconf 83' lang='lat' dir='ltr'><strong>lino</strong></span> 
     </span>
    </p>
   </div>
   <div class='ocr_carea' id='block_1_50' title="bbox 2432 2281 4004 2361">
    <p class='ocr_par' dir='ltr' id='par_1_50' title="bbox 2432 2281 4004 2361">
     <span class='ocr_line' id='line_1_50' title="bbox 2432 2281 4004 2361; baseline -0.007 -16"><span class='ocrx_word' id='word_1_346' title='bbox 2432 2290 2631 2361; x_wconf 89' lang='lat' dir='ltr'><strong>aliquid</strong></span> <span class='ocrx_word' id='word_1_347' title='bbox 2663 2302 2852 2345; x_wconf 90' lang='lat' dir='ltr'><strong>contra</strong></span> <span class='ocrx_word' id='word_1_348' title='bbox 2910 2287 3301 2353; x_wconf 79' lang='lat' dir='ltr'><strong>Sabellianos);</strong></span> <span class='ocrx_word' id='word_1_349' title='bbox 3334 2298 3608 2338; x_wconf 88' lang='lat' dir='ltr'><strong>sermones</strong></span> <span class='ocrx_word' id='word_1_350' title='bbox 3656 2291 3709 2337; x_wconf 90' lang='lat' dir='ltr'><strong>et</strong></span> <span class='ocrx_word' id='word_1_351' title='bbox 3759 2281 4004 2351; x_wconf 72' lang='lat' dir='ltr'><strong>epistola:</strong></span> 
     </span>
    </p>
   </div>
   <div class='ocr_carea' id='block_1_51' title="bbox 2432 2372 4005 2448">
    <p class='ocr_par' dir='ltr' id='par_1_51' title="bbox 2432 2372 4005 2448">
     <span class='ocr_line' id='line_1_51' title="bbox 2432 2372 4005 2448; baseline -0.008 -11"><span class='ocrx_word' id='word_1_352' title='bbox 2432 2383 2717 2437; x_wconf 77' lang='lat' dir='ltr'><strong>nonnullze.</strong></span> <span class='ocrx_word' id='word_1_353' title='bbox 2752 2383 2980 2436; x_wconf 65' lang='lat' dir='ltr'><strong>Griece:</strong></span> <span class='ocrx_word' id='word_1_354' title='bbox 3025 2392 3142 2448; x_wconf 73' lang='lat' dir='ltr'><strong>qum</strong></span> <span class='ocrx_word' id='word_1_355' title='bbox 3186 2376 3365 2430; x_wconf 87' lang='lat' dir='ltr'><strong>omnia</strong></span> <span class='ocrx_word' id='word_1_356' title='bbox 3420 2388 3561 2427; x_wconf 86' lang='lat' dir='ltr'><strong>nunc</strong></span> <span class='ocrx_word' id='word_1_357' title='bbox 3612 2373 3842 2442; x_wconf 90' lang='lat' dir='ltr'><strong>primmn</strong></span> <span class='ocrx_word' id='word_1_358' title='bbox 3900 2372 4005 2425; x_wconf 65' lang='lat' dir='ltr'><strong>imo</strong></span> 
     </span>
    </p>
   </div>
   <div class='ocr_carea' id='block_1_52' title="bbox 2429 2465 4001 2546">
    <p class='ocr_par' dir='ltr' id='par_1_52' title="bbox 2429 2465 4001 2546">
     <span class='ocr_line' id='line_1_52' title="bbox 2429 2465 4001 2546; baseline -0.004 -20"><span class='ocrx_word' id='word_1_359' title='bbox 2429 2490 2614 2546; x_wconf 85' lang='lat' dir='ltr'><strong>pressa</strong></span> <span class='ocrx_word' id='word_1_360' title='bbox 2650 2484 2775 2527; x_wconf 91' lang='lat' dir='ltr'><strong>snnt</strong></span> <span class='ocrx_word' id='word_1_361' title='bbox 2822 2487 2914 2540; x_wconf 89' lang='lat' dir='ltr'><strong>per</strong></span> <span class='ocrx_word' id='word_1_362' title='bbox 2943 2472 3275 2536; x_wconf 78' lang='lat' dir='ltr'><strong>Stephanum</strong></span> <span class='ocrx_word' id='word_1_363' title='bbox 3302 2471 3369 2522; x_wconf 89' lang='lat' dir='ltr'><strong>de</strong></span> <span class='ocrx_word' id='word_1_364' title='bbox 3399 2466 3580 2524; x_wconf 87' lang='lat' dir='ltr'><strong>Sabio.</strong></span> <span class='ocrx_word' id='word_1_365' title='bbox 3621 2466 3808 2522; x_wconf 90' lang='lat' dir='ltr'><strong>Venet.</strong></span> <span class='ocrx_word' id='word_1_366' title='bbox 3837 2465 4001 2527; x_wconf 66' lang='lat'><strong>1535,</strong></span> 
     </span>
    </p>
   </div>
   <div class='ocr_carea' id='block_1_53' title="bbox 2433 2558 4003 2631">
    <p class='ocr_par' dir='ltr' id='par_1_53' title="bbox 2433 2558 4003 2631">
     <span class='ocr_line' id='line_1_53' title="bbox 2433 2558 4003 2631; baseline -0.008 -9"><span class='ocrx_word' id='word_1_367' title='bbox 2433 2566 2533 2622; x_wconf 87' lang='lat' dir='ltr'><strong>sol.</strong></span> <span class='ocrx_word' id='word_1_368' title='bbox 2571 2563 2629 2619; x_wconf 89' lang='lat' dir='ltr'><strong>V.</strong></span> <span class='ocrx_word' id='word_1_369' title='bbox 2681 2563 2945 2619; x_wconf 73' lang='lat' dir='ltr'><strong>Ilaitlaire</strong></span> <span class='ocrx_word' id='word_1_370' title='bbox 2982 2562 3047 2617; x_wconf 80' lang='grc' dir='ltr'><strong>Α.</strong></span> <span class='ocrx_word' id='word_1_371' title='bbox 3086 2561 3172 2627; x_wconf 72' lang='grc'><strong>7.,</strong></span> <span class='ocrx_word' id='word_1_372' title='bbox 3219 2558 3283 2628; x_wconf 91' lang='lat' dir='ltr'><strong>II,</strong></span> <span class='ocrx_word' id='word_1_373' title='bbox 3315 2577 3367 2631; x_wconf 94' lang='lat' dir='ltr'><strong>p.</strong></span> <span class='ocrx_word' id='word_1_374' title='bbox 3407 2560 3511 2616; x_wconf 85' lang='lat' dir='ltr'><strong>8l9</strong></span> <span class='ocrx_word' id='word_1_375' title='bbox 3550 2574 3661 2628; x_wconf 88' lang='lat' dir='ltr'><strong>sq..</strong></span> <span class='ocrx_word' id='word_1_376' title='bbox 3685 2558 3775 2627; x_wconf 86' lang='lat' dir='ltr'><strong>qui</strong></span> <span class='ocrx_word' id='word_1_377' title='bbox 3827 2558 4003 2611; x_wconf 87' lang='lat' dir='ltr'><strong>locum</strong></span> 
     </span>
    </p>
   </div>
   <div class='ocr_carea' id='block_1_54' title="bbox 2433 2648 4009 2719">
    <p class='ocr_par' dir='ltr' id='par_1_54' title="bbox 2433 2648 4009 2719">
     <span class='ocr_line' id='line_1_54' title="bbox 2433 2648 4009 2719; baseline -0.008 -5"><span class='ocrx_word' id='word_1_378' title='bbox 2433 2674 2499 2714; x_wconf 83' lang='lat' dir='ltr'><strong>ex</strong></span> <span class='ocrx_word' id='word_1_379' title='bbox 2527 2656 2860 2713; x_wconf 84' lang='lat' dir='ltr'><strong>dedicatione</strong></span> <span class='ocrx_word' id='word_1_380' title='bbox 2907 2656 3128 2712; x_wconf 87' lang='lat' dir='ltr'><strong>editoris</strong></span> <span class='ocrx_word' id='word_1_381' title='bbox 3181 2655 3233 2709; x_wconf 92' lang='lat' dir='ltr'><strong>in</strong></span> <span class='ocrx_word' id='word_1_382' title='bbox 3267 2665 3394 2709; x_wconf 86' lang='lat' dir='ltr'><strong>nota</strong></span> <span class='ocrx_word' id='word_1_383' title='bbox 3422 2653 3452 2704; x_wconf 69' lang='grc' dir='ltr'>ὁ</span> <span class='ocrx_word' id='word_1_384' title='bbox 3484 2657 3793 2719; x_wconf 76' lang='lat' dir='ltr'><strong>excerptum</strong></span> <span class='ocrx_word' id='word_1_385' title='bbox 3828 2648 4009 2703; x_wconf 82' lang='lat' dir='ltr'><strong>reddi-</strong></span> 
     </span>
    </p>
   </div>
   <div class='ocr_carea' id='block_1_55' title="bbox 2437 2750 2536 2803">
    <p class='ocr_par' dir='ltr' id='par_1_55' title="bbox 2437 2750 2536 2803">
     <span class='ocr_line' id='line_1_55' title="bbox 2437 2750 2536 2803; baseline -0.02 0"><span class='ocrx_word' id='word_1_386' title='bbox 2437 2750 2536 2803; x_wconf 90' lang='lat' dir='ltr'><strong>dit.</strong></span> 
     </span>
    </p>
   </div>
   <div class='ocr_carea' id='block_1_56' title="bbox 2503 2831 4004 2905">
    <p class='ocr_par' dir='ltr' id='par_1_56' title="bbox 2503 2831 4004 2905">
     <span class='ocr_line' id='line_1_56' title="bbox 2503 2831 4004 2905; baseline -0.004 -13"><span class='ocrx_word' id='word_1_387' title='bbox 2503 2839 2558 2892; x_wconf 95' lang='lat' dir='ltr'><strong>In</strong></span> <span class='ocrx_word' id='word_1_388' title='bbox 2590 2838 2803 2905; x_wconf 81' lang='lat' dir='ltr'><strong>Joseplii</strong></span> <span class='ocrx_word' id='word_1_389' title='bbox 2848 2836 3027 2891; x_wconf 68' lang='lat' dir='ltr'><strong>Maria:</strong></span> <span class='ocrx_word' id='word_1_390' title='bbox 3059 2834 3331 2891; x_wconf 81' lang='lat' dir='ltr'><strong>Tltomasii</strong></span> <span class='ocrx_word' id='word_1_391' title='bbox 3383 2848 3587 2905; x_wconf 84' lang='lat' dir='ltr'><strong>apere:</strong></span> <span class='ocrx_word' id='word_1_392' title='bbox 3629 2831 4004 2887; x_wconf 70' lang='lat' dir='ltr'><strong>[institutiones</strong></span> 
     </span>
    </p>
   </div>
   <div class='ocr_carea' id='block_1_57' title="bbox 2433 2923 4006 2999">
    <p class='ocr_par' dir='ltr' id='par_1_57' title="bbox 2433 2923 4006 2999">
     <span class='ocr_line' id='line_1_57' title="bbox 2433 2923 4006 2999; baseline -0.001 -18"><span class='ocrx_word' id='word_1_393' title='bbox 2433 2930 2731 2999; x_wconf 76' lang='lat' dir='ltr'><strong>theologica:</strong></span> <span class='ocrx_word' id='word_1_394' title='bbox 2767 2930 3099 2997; x_wconf 72' lang='lat' dir='ltr'><strong>antiquorum</strong></span> <span class='ocrx_word' id='word_1_395' title='bbox 3157 2925 3408 2992; x_wconf 71' lang='lat' dir='ltr'><strong>Patrem,</strong></span> <span class='ocrx_word' id='word_1_396' title='bbox 3457 2938 3566 2982; x_wconf 86' lang='lat' dir='ltr'><strong>etc.</strong></span> <span class='ocrx_word' id='word_1_397' title='bbox 3616 2925 3799 2981; x_wconf 72' lang='lat' dir='ltr'><strong>Itonia:</strong></span> <span class='ocrx_word' id='word_1_398' title='bbox 3846 2923 4006 2985; x_wconf 74' lang='lat'><strong>1709.</strong></span> 
     </span>
    </p>
   </div>
   <div class='ocr_carea' id='block_1_58' title="bbox 2435 3016 4005 3084">
    <p class='ocr_par' dir='ltr' id='par_1_58' title="bbox 2435 3016 4005 3084">
     <span class='ocr_line' id='line_1_58' title="bbox 2435 3016 4005 3084; baseline -0.005 -7"><span class='ocrx_word' id='word_1_399' title='bbox 2435 3023 2592 3084; x_wconf 79' lang='lat' dir='ltr'><strong>mo,</strong></span> <span class='ocrx_word' id='word_1_400' title='bbox 2623 3020 2779 3076; x_wconf 72' lang='grc'><strong>1712.</strong></span> <span class='ocrx_word' id='word_1_401' title='bbox 2808 3020 2872 3075; x_wconf 93' lang='lat' dir='ltr'><strong>III</strong></span> <span class='ocrx_word' id='word_1_402' title='bbox 2900 3020 3024 3077; x_wconf 82' lang='lat' dir='ltr'><strong>voll.</strong></span> <span class='ocrx_word' id='word_1_403' title='bbox 3047 3020 3101 3075; x_wconf 86' lang='lat'><strong>8.</strong></span> <span class='ocrx_word' id='word_1_404' title='bbox 3130 3019 3269 3076; x_wconf 86' lang='lat' dir='ltr'><strong>Sunt</strong></span> <span class='ocrx_word' id='word_1_405' title='bbox 3302 3020 3354 3074; x_wconf 92' lang='lat' dir='ltr'><strong>in</strong></span> <span class='ocrx_word' id='word_1_406' title='bbox 3385 3019 3496 3075; x_wconf 78' lang='lat' dir='ltr'><strong>vol.</strong></span> <span class='ocrx_word' id='word_1_407' title='bbox 3536 3019 3773 3074; x_wconf 84' lang='lat' dir='ltr'><strong>secundo</strong></span> <span class='ocrx_word' id='word_1_408' title='bbox 3809 3016 4005 3071; x_wconf 81' lang='lat' dir='ltr'><strong>Basilii</strong></span> 
     </span>
    </p>
   </div>
   <div class='ocr_carea' id='block_1_59' title="bbox 2436 3109 4006 3183">
    <p class='ocr_par' dir='ltr' id='par_1_59' title="bbox 2436 3109 4006 3183">
     <span class='ocr_line' id='line_1_59' title="bbox 2436 3109 4006 3183; baseline -0.005 -14"><span class='ocrx_word' id='word_1_409' title='bbox 2436 3113 2505 3169; x_wconf 71' lang='grc' dir='ltr'><strong>Μ.</strong></span> <span class='ocrx_word' id='word_1_410' title='bbox 2547 3113 2817 3179; x_wconf 78' lang='lat' dir='ltr'><strong>Ascetica,</strong></span> <span class='ocrx_word' id='word_1_411' title='bbox 2860 3114 2995 3168; x_wconf 91' lang='lat' dir='ltr'><strong>liber</strong></span> <span class='ocrx_word' id='word_1_412' title='bbox 3044 3111 3121 3167; x_wconf 85' lang='lat' dir='ltr'><strong>De</strong></span> <span class='ocrx_word' id='word_1_413' title='bbox 3145 3112 3351 3183; x_wconf 77' lang='lat' dir='ltr'><strong>judicio</strong></span> <span class='ocrx_word' id='word_1_414' title='bbox 3404 3113 3519 3177; x_wconf 87' lang='lat' dir='ltr'><strong>Dei,</strong></span> <span class='ocrx_word' id='word_1_415' title='bbox 3555 3111 3632 3165; x_wconf 89' lang='lat' dir='ltr'><strong>De</strong></span> <span class='ocrx_word' id='word_1_416' title='bbox 3656 3126 3774 3164; x_wconf 79' lang='lat' dir='ltr'><strong>rem</strong></span> <span class='ocrx_word' id='word_1_417' title='bbox 3812 3124 3875 3162; x_wconf 86' lang='lat' dir='ltr'><strong>ac</strong></span> <span class='ocrx_word' id='word_1_418' title='bbox 3916 3109 4006 3175; x_wconf 84' lang='lat' dir='ltr'><strong>pia</strong></span> 
     </span>
    </p>
   </div>
   <div class='ocr_carea' id='block_1_60' title="bbox 772 3200 3571 3286">
    <p class='ocr_par' dir='ltr' id='par_1_60' title="bbox 772 3200 3571 3286">
     <span class='ocr_line' id='line_1_60' title="bbox 772 3200 3571 3286; baseline -0.003 -24"><span class='ocrx_word' id='word_1_419' title='bbox 772 3208 1040 3279; x_wconf 80' lang='lat' dir='ltr'><strong>pertinere</strong></span> <span class='ocrx_word' id='word_1_420' title='bbox 1075 3207 1140 3262; x_wconf 91' lang='lat' dir='ltr'><strong>ad</strong></span> <span class='ocrx_word' id='word_1_421' title='bbox 1178 3204 1430 3261; x_wconf 87' lang='lat' dir='ltr'><strong>Basilium</strong></span> <span class='ocrx_word' id='word_1_422' title='bbox 1466 3204 1536 3258; x_wconf 75' lang='lat' dir='ltr'><strong>II.</strong></span> <span class='ocrx_word' id='word_1_423' title='bbox 1574 3206 1717 3273; x_wconf 87' lang='lat' dir='ltr'><strong>quod</strong></span> <span class='ocrx_word' id='word_1_424' title='bbox 1753 3207 1841 3259; x_wconf 88' lang='lat' dir='ltr'><strong>hic</strong></span> <span class='ocrx_word' id='word_1_425' title='bbox 1871 3205 2186 3259; x_wconf 87' lang='lat' dir='ltr'><strong>traditiones</strong></span> <span class='ocrx_word' id='word_1_426' title='bbox 2230 3205 2332 3258; x_wconf 90' lang='lat' dir='ltr'><strong>bu-</strong></span> <span class='ocrx_word' id='word_1_427' title='bbox 2360 3228 2404 3286; x_wconf 70' lang='grc' dir='ltr'><strong>α</strong></span> <span class='ocrx_word' id='word_1_428' title='bbox 2434 3205 2558 3273; x_wconf 76' lang='lat' dir='ltr'><strong>ﬁde,</strong></span> <span class='ocrx_word' id='word_1_429' title='bbox 2591 3220 2689 3259; x_wconf 88' lang='lat' dir='ltr'><strong>nec</strong></span> <span class='ocrx_word' id='word_1_430' title='bbox 2723 3219 2824 3258; x_wconf 91' lang='lat' dir='ltr'><strong>non</strong></span> <span class='ocrx_word' id='word_1_431' title='bbox 2852 3205 2968 3273; x_wconf 88' lang='lat' dir='ltr'><strong>ejus</strong></span> <span class='ocrx_word' id='word_1_432' title='bbox 3004 3202 3219 3257; x_wconf 78' lang='lat' dir='ltr'><strong>Moralia</strong></span> <span class='ocrx_word' id='word_1_433' title='bbox 3246 3201 3342 3257; x_wconf 87' lang='lat' dir='ltr'><strong>Gr.</strong></span> <span class='ocrx_word' id='word_1_434' title='bbox 3366 3211 3419 3256; x_wconf 88' lang='lat' dir='ltr'><strong>et</strong></span> <span class='ocrx_word' id='word_1_435' title='bbox 3454 3200 3571 3255; x_wconf 85' lang='lat' dir='ltr'><strong>Lat.</strong></span> 
     </span>
    </p>
   </div>
   <div class='ocr_carea' id='block_1_61' title="bbox 774 3292 2334 3369">
    <p class='ocr_par' dir='ltr' id='par_1_61' title="bbox 774 3292 2334 3369">
     <span class='ocr_line' id='line_1_61' title="bbox 774 3292 2334 3369; baseline -0.005 -14"><span class='ocrx_word' id='word_1_436' title='bbox 774 3316 962 3355; x_wconf 83' lang='lat' dir='ltr'><strong>manas</strong></span> <span class='ocrx_word' id='word_1_437' title='bbox 1012 3298 1255 3369; x_wconf 84' lang='lat' dir='ltr'><strong>projieiat</strong></span> <span class='ocrx_word' id='word_1_438' title='bbox 1291 3310 1389 3351; x_wconf 88' lang='lat' dir='ltr'><strong>nec</strong></span> <span class='ocrx_word' id='word_1_439' title='bbox 1435 3294 1791 3349; x_wconf 74' lang='lat' dir='ltr'><strong>admittendus</strong></span> <span class='ocrx_word' id='word_1_440' title='bbox 1835 3292 2015 3348; x_wconf 91' lang='lat' dir='ltr'><strong>ducat.</strong></span> <span class='ocrx_word' id='word_1_441' title='bbox 2050 3292 2334 3347; x_wconf 77' lang='lat' dir='ltr'><strong>Enimvero</strong></span> 
     </span>
    </p>
   </div>
   <div class='ocr_carea' id='block_1_62' title="bbox 770 3382 2335 3458">
    <p class='ocr_par' dir='ltr' id='par_1_62' title="bbox 770 3382 2335 3458">
     <span class='ocr_line' id='line_1_62' title="bbox 770 3382 2335 3458; baseline -0.005 -12"><span class='ocrx_word' id='word_1_442' title='bbox 770 3391 1044 3456; x_wconf 86' lang='lat' dir='ltr'><strong>Oudinus,</strong></span> <span class='ocrx_word' id='word_1_443' title='bbox 1092 3404 1212 3458; x_wconf 85' lang='lat' dir='ltr'><strong>pag.</strong></span> <span class='ocrx_word' id='word_1_444' title='bbox 1265 3387 1370 3443; x_wconf 75' lang='lat'><strong>565</strong></span> <span class='ocrx_word' id='word_1_445' title='bbox 1419 3402 1560 3456; x_wconf 88' lang='lat' dir='ltr'><strong>sqq.,</strong></span> <span class='ocrx_word' id='word_1_446' title='bbox 1606 3385 1696 3441; x_wconf 91' lang='lat' dir='ltr'><strong>ubi</strong></span> <span class='ocrx_word' id='word_1_447' title='bbox 1740 3382 1940 3440; x_wconf 89' lang='lat' dir='ltr'><strong>multus</strong></span> <span class='ocrx_word' id='word_1_448' title='bbox 1979 3392 2063 3439; x_wconf 87' lang='lat' dir='ltr'><strong>est</strong></span> <span class='ocrx_word' id='word_1_449' title='bbox 2110 3384 2176 3439; x_wconf 87' lang='lat' dir='ltr'><strong>de</strong></span> <span class='ocrx_word' id='word_1_450' title='bbox 2228 3383 2335 3438; x_wconf 89' lang='lat' dir='ltr'><strong>illis</strong></span> 
     </span>
    </p>
   </div>
   <div class='ocr_carea' id='block_1_63' title="bbox 769 3478 2333 3549">
    <p class='ocr_par' dir='ltr' id='par_1_63' title="bbox 769 3478 2333 3549">
     <span class='ocr_line' id='line_1_63' title="bbox 769 3478 2333 3549; baseline -0.004 -12"><span class='ocrx_word' id='word_1_451' title='bbox 769 3481 1028 3537; x_wconf 76' lang='lat' dir='ltr'><strong>Asceticis</strong></span> <span class='ocrx_word' id='word_1_452' title='bbox 1057 3481 1250 3549; x_wconf 87' lang='lat' dir='ltr'><strong>illaque</strong></span> <span class='ocrx_word' id='word_1_453' title='bbox 1283 3481 1648 3535; x_wconf 79' lang='lat' dir='ltr'><strong>controversia</strong></span> <span class='ocrx_word' id='word_1_454' title='bbox 1667 3520 1683 3545; x_wconf 93' lang='lat'><strong>,</strong></span> <span class='ocrx_word' id='word_1_455' title='bbox 1714 3480 1959 3535; x_wconf 80' lang='lat' dir='ltr'><strong>Ascetica</strong></span> <span class='ocrx_word' id='word_1_456' title='bbox 1990 3494 2082 3533; x_wconf 87' lang='lat' dir='ltr'><strong>seu</strong></span> <span class='ocrx_word' id='word_1_457' title='bbox 2112 3478 2333 3532; x_wconf 89' lang='lat' dir='ltr'><strong>moralia</strong></span> 
     </span>
    </p>
   </div>
   <div class='ocr_carea' id='block_1_64' title="bbox 768 3569 2333 3641">
    <p class='ocr_par' dir='ltr' id='par_1_64' title="bbox 768 3569 2333 3641">
     <span class='ocr_line' id='line_1_64' title="bbox 768 3569 2333 3641; baseline -0.003 -14"><span class='ocrx_word' id='word_1_458' title='bbox 768 3572 1010 3641; x_wconf 71' lang='lat' dir='ltr'><strong>iudicat,</strong></span> <span class='ocrx_word' id='word_1_459' title='bbox 1044 3570 1331 3641; x_wconf 82' lang='lat' dir='ltr'><strong>genuinum</strong></span> <span class='ocrx_word' id='word_1_460' title='bbox 1379 3585 1499 3624; x_wconf 89' lang='lat' dir='ltr'><strong>esse</strong></span> <span class='ocrx_word' id='word_1_461' title='bbox 1557 3580 1719 3639; x_wconf 88' lang='lat' dir='ltr'><strong>atque</strong></span> <span class='ocrx_word' id='word_1_462' title='bbox 1771 3570 1929 3623; x_wconf 86' lang='lat' dir='ltr'><strong>etiam</strong></span> <span class='ocrx_word' id='word_1_463' title='bbox 1978 3569 2333 3623; x_wconf 87' lang='lat' dir='ltr'><strong>indubitatum</strong></span> 
     </span>
    </p>
   </div>
   <div class='ocr_carea' id='block_1_65' title="bbox 775 3660 2333 3729">
    <p class='ocr_par' dir='ltr' id='par_1_65' title="bbox 775 3660 2333 3729">
     <span class='ocr_line' id='line_1_65' title="bbox 775 3660 2333 3729; baseline -0.003 -10"><span class='ocrx_word' id='word_1_464' title='bbox 775 3664 954 3719; x_wconf 82' lang='lat' dir='ltr'><strong>Basilii</strong></span> <span class='ocrx_word' id='word_1_465' title='bbox 994 3663 1177 3719; x_wconf 82' lang='lat' dir='ltr'><strong>letum.</strong></span> <span class='ocrx_word' id='word_1_466' title='bbox 1216 3660 1325 3718; x_wconf 74' lang='lat' dir='ltr'><strong>Nec</strong></span> <span class='ocrx_word' id='word_1_467' title='bbox 1366 3670 1541 3715; x_wconf 81' lang='lat' dir='ltr'><strong>tamen</strong></span> <span class='ocrx_word' id='word_1_468' title='bbox 1566 3661 1741 3713; x_wconf 79' lang='lat' dir='ltr'><strong>otnnia</strong></span> <span class='ocrx_word' id='word_1_469' title='bbox 1773 3674 1891 3729; x_wconf 68' lang='lat' dir='ltr'><strong>qua!</strong></span> <span class='ocrx_word' id='word_1_470' title='bbox 1924 3660 2079 3713; x_wconf 82' lang='lat' dir='ltr'><strong>hodie</strong></span> <span class='ocrx_word' id='word_1_471' title='bbox 2120 3660 2333 3714; x_wconf 80' lang='lat' dir='ltr'><strong>Ascctl-</strong></span> 
     </span>
    </p>
   </div>
   <div class='ocr_carea' id='block_1_66' title="bbox 774 3749 2335 3825">
    <p class='ocr_par' dir='ltr' id='par_1_66' title="bbox 774 3749 2335 3825">
     <span class='ocr_line' id='line_1_66' title="bbox 774 3749 2335 3825; baseline -0.003 -16"><span class='ocrx_word' id='word_1_472' title='bbox 774 3772 959 3814; x_wconf 80' lang='lat' dir='ltr'><strong>corum</strong></span> <span class='ocrx_word' id='word_1_473' title='bbox 993 3757 1207 3810; x_wconf 89' lang='lat' dir='ltr'><strong>nomine</strong></span> <span class='ocrx_word' id='word_1_474' title='bbox 1244 3752 1621 3825; x_wconf 87' lang='lat' dir='ltr'><strong>comprehendi</strong></span> <span class='ocrx_word' id='word_1_475' title='bbox 1661 3752 1857 3815; x_wconf 88' lang='lat' dir='ltr'><strong>solent,</strong></span> <span class='ocrx_word' id='word_1_476' title='bbox 1886 3751 2013 3807; x_wconf 91' lang='lat' dir='ltr'><strong>olim</strong></span> <span class='ocrx_word' id='word_1_477' title='bbox 2043 3753 2097 3805; x_wconf 87' lang='lat' dir='ltr'><strong>in</strong></span> <span class='ocrx_word' id='word_1_478' title='bbox 2130 3749 2335 3806; x_wconf 80' lang='lat' dir='ltr'><strong>Aseeti-</strong></span> 
     </span>
    </p>
   </div>
   <div class='ocr_carea' id='block_1_67' title="bbox 773 3841 2332 3915">
    <p class='ocr_par' dir='ltr' id='par_1_67' title="bbox 773 3841 2332 3915">
     <span class='ocr_line' id='line_1_67' title="bbox 773 3841 2332 3915; baseline -0.001 -16"><span class='ocrx_word' id='word_1_479' title='bbox 773 3848 853 3900; x_wconf 89' lang='lat' dir='ltr'><strong>cis</strong></span> <span class='ocrx_word' id='word_1_480' title='bbox 877 3845 1489 3915; x_wconf 85' lang='lat' dir='ltr'><strong>compreltendebantnr.</strong></span> <span class='ocrx_word' id='word_1_481' title='bbox 1516 3844 1689 3899; x_wconf 83' lang='lat' dir='ltr'><strong>Photii</strong></span> <span class='ocrx_word' id='word_1_482' title='bbox 1707 3844 1919 3914; x_wconf 88' lang='lat' dir='ltr'><strong>quidem</strong></span> <span class='ocrx_word' id='word_1_483' title='bbox 1944 3852 2102 3899; x_wconf 60' lang='lat' dir='ltr'><strong>aetate</strong></span> <span class='ocrx_word' id='word_1_484' title='bbox 2119 3841 2191 3915; x_wconf 62' lang='grc' dir='ltr'><strong>(γ.</strong></span> <span class='ocrx_word' id='word_1_485' title='bbox 2213 3842 2332 3898; x_wconf 86' lang='lat' dir='ltr'><strong>eod.</strong></span> 
     </span>
    </p>
   </div>
   <div class='ocr_carea' id='block_1_68' title="bbox 769 3937 2339 4009">
    <p class='ocr_par' dir='ltr' id='par_1_68' title="bbox 769 3937 2339 4009">
     <span class='ocr_line' id='line_1_68' title="bbox 769 3937 2339 4009; baseline -0.002 -15"><span class='ocrx_word' id='word_1_486' title='bbox 769 3940 915 4006; x_wconf 76' lang='lat' dir='ltr'><strong>cxcs)</strong></span> <span class='ocrx_word' id='word_1_487' title='bbox 946 3938 1126 3992; x_wconf 82' lang='lat' dir='ltr'><strong>Basilii</strong></span> <span class='ocrx_word' id='word_1_488' title='bbox 1153 3955 1285 4007; x_wconf 88' lang='lat' dir='ltr'><strong>opus</strong></span> <span class='ocrx_word' id='word_1_489' title='bbox 1320 3941 1638 4008; x_wconf 77' lang='grc' dir='ltr'><strong>’Δσκητικόν</strong></span> <span class='ocrx_word' id='word_1_490' title='bbox 1675 3942 1806 3995; x_wconf 88' lang='lat' dir='ltr'><strong>duos</strong></span> <span class='ocrx_word' id='word_1_491' title='bbox 1832 3939 1907 3994; x_wconf 87' lang='lat' dir='ltr'><strong>De</strong></span> <span class='ocrx_word' id='word_1_492' title='bbox 1942 3939 2146 4009; x_wconf 75' lang='lat' dir='ltr'><strong>jejunio</strong></span> <span class='ocrx_word' id='word_1_493' title='bbox 2177 3954 2240 3993; x_wconf 88' lang='lat' dir='ltr'><strong>ac</strong></span> <span class='ocrx_word' id='word_1_494' title='bbox 2263 3937 2339 3992; x_wconf 88' lang='lat' dir='ltr'><strong>De</strong></span> 
     </span>
    </p>
   </div>
   <div class='ocr_carea' id='block_1_69' title="bbox 771 4029 2337 4100">
    <p class='ocr_par' dir='ltr' id='par_1_69' title="bbox 771 4029 2337 4100">
     <span class='ocr_line' id='line_1_69' title="bbox 771 4029 2337 4100; baseline -0.001 -16"><span class='ocrx_word' id='word_1_495' title='bbox 771 4030 1127 4099; x_wconf 80' lang='lat' dir='ltr'><strong>ﬁde‘ibellos,</strong></span> <span class='ocrx_word' id='word_1_496' title='bbox 1159 4030 1375 4085; x_wconf 78' lang='lat' dir='ltr'><strong>Moralia</strong></span> <span class='ocrx_word' id='word_1_497' title='bbox 1406 4039 1459 4085; x_wconf 93' lang='lat' dir='ltr'><strong>et</strong></span> <span class='ocrx_word' id='word_1_498' title='bbox 1502 4029 1734 4100; x_wconf 81' lang='lat' dir='ltr'><strong>Regulas</strong></span> <span class='ocrx_word' id='word_1_499' title='bbox 1780 4040 1890 4083; x_wconf 89' lang='lat' dir='ltr'><strong>tttm</strong></span> <span class='ocrx_word' id='word_1_500' title='bbox 1931 4031 2178 4097; x_wconf 87' lang='lat' dir='ltr'><strong>majores,</strong></span> <span class='ocrx_word' id='word_1_501' title='bbox 2226 4040 2337 4084; x_wconf 90' lang='lat' dir='ltr'><strong>tum</strong></span> 
     </span>
    </p>
   </div>
   <div class='ocr_carea' id='block_1_70' title="bbox 774 4118 2338 4191">
    <p class='ocr_par' dir='ltr' id='par_1_70' title="bbox 774 4118 2338 4191">
     <span class='ocr_line' id='line_1_70' title="bbox 774 4118 2338 4191; baseline -0.003 -16"><span class='ocrx_word' id='word_1_502' title='bbox 774 4121 1007 4177; x_wconf 90' lang='lat' dir='ltr'><strong>minores</strong></span> <span class='ocrx_word' id='word_1_503' title='bbox 1024 4122 1235 4191; x_wconf 86' lang='lat' dir='ltr'><strong>proprie</strong></span> <span class='ocrx_word' id='word_1_504' title='bbox 1252 4120 1729 4190; x_wconf 84' lang='lat' dir='ltr'><strong>complectebatur.</strong></span> <span class='ocrx_word' id='word_1_505' title='bbox 1754 4120 1813 4174; x_wconf 89' lang='lat' dir='ltr'><strong>V.</strong></span> <span class='ocrx_word' id='word_1_506' title='bbox 1834 4118 2086 4174; x_wconf 88' lang='lat' dir='ltr'><strong>Garnier.</strong></span> <span class='ocrx_word' id='word_1_507' title='bbox 2116 4121 2168 4173; x_wconf 93' lang='lat' dir='ltr'><strong>in</strong></span> <span class='ocrx_word' id='word_1_508' title='bbox 2201 4133 2338 4186; x_wconf 71' lang='lat' dir='ltr'><strong>prae-</strong></span> 
     </span>
    </p>
   </div>
   <div class='ocr_carea' id='block_1_71' title="bbox 775 4212 2333 4288">
    <p class='ocr_par' dir='ltr' id='par_1_71' title="bbox 775 4212 2333 4288">
     <span class='ocr_line' id='line_1_71' title="bbox 775 4212 2333 4288; baseline -0.005 -15"><span class='ocrx_word' id='word_1_509' title='bbox 775 4218 941 4274; x_wconf 89' lang='lat' dir='ltr'><strong>misso</strong></span> <span class='ocrx_word' id='word_1_510' title='bbox 991 4215 1225 4283; x_wconf 70' lang='lat' dir='ltr'><strong>Honito,</strong></span> <span class='ocrx_word' id='word_1_511' title='bbox 1264 4232 1383 4288; x_wconf 83' lang='lat' dir='ltr'><strong>pag.</strong></span> <span class='ocrx_word' id='word_1_512' title='bbox 1421 4215 1523 4273; x_wconf 73' lang='grc'><strong>198</strong></span> <span class='ocrx_word' id='word_1_513' title='bbox 1562 4215 1616 4271; x_wconf 90' lang='lat' dir='ltr'><strong>in</strong></span> <span class='ocrx_word' id='word_1_514' title='bbox 1665 4216 1849 4287; x_wconf 82' lang='lat' dir='ltr'><strong>primis</strong></span> <span class='ocrx_word' id='word_1_515' title='bbox 1890 4215 1942 4269; x_wconf 91' lang='lat' dir='ltr'><strong>in</strong></span> <span class='ocrx_word' id='word_1_516' title='bbox 1990 4212 2203 4285; x_wconf 66' lang='lat' dir='ltr'><strong>Praei.§</strong></span> <span class='ocrx_word' id='word_1_517' title='bbox 2242 4212 2333 4277; x_wconf 86' lang='lat' dir='ltr'><strong>XI,</strong></span> 
     </span>
    </p>
   </div>
   <div class='ocr_carea' id='block_1_72' title="bbox 776 4304 2336 4381">
    <p class='ocr_par' dir='ltr' id='par_1_72' title="bbox 776 4304 2336 4381">
     <span class='ocr_line' id='line_1_72' title="bbox 776 4304 2336 4381; baseline -0.004 -15"><span class='ocrx_word' id='word_1_518' title='bbox 776 4325 898 4381; x_wconf 81' lang='lat' dir='ltr'><strong>pag.</strong></span> <span class='ocrx_word' id='word_1_519' title='bbox 932 4325 1120 4373; x_wconf 77' lang='lat' dir='ltr'><strong>XXXIV,</strong></span> <span class='ocrx_word' id='word_1_520' title='bbox 1148 4325 1267 4380; x_wconf 87' lang='lat' dir='ltr'><strong>sqq.</strong></span> <span class='ocrx_word' id='word_1_521' title='bbox 1317 4308 1515 4363; x_wconf 80' lang='lat' dir='ltr'><strong>Dividit</strong></span> <span class='ocrx_word' id='word_1_522' title='bbox 1538 4307 1684 4363; x_wconf 91' lang='lat' dir='ltr'><strong>illum</strong></span> <span class='ocrx_word' id='word_1_523' title='bbox 1724 4307 2116 4378; x_wconf 84' lang='lat' dir='ltr'><strong>paragraphum</strong></span> <span class='ocrx_word' id='word_1_524' title='bbox 2149 4304 2201 4359; x_wconf 92' lang='lat' dir='ltr'><strong>in</strong></span> <span class='ocrx_word' id='word_1_525' title='bbox 2233 4318 2336 4360; x_wconf 62' lang='lat' dir='ltr'><strong>nov</strong></span> 
     </span>
    </p>
   </div>
   <div class='ocr_carea' id='block_1_73' title="bbox 774 4396 2338 4470">
    <p class='ocr_par' dir='ltr' id='par_1_73' title="bbox 774 4396 2338 4470">
     <span class='ocr_line' id='line_1_73' title="bbox 774 4396 2338 4470; baseline -0.003 -16"><span class='ocrx_word' id='word_1_526' title='bbox 774 4415 896 4454; x_wconf 68' lang='lat' dir='ltr'><strong>rem</strong></span> <span class='ocrx_word' id='word_1_527' title='bbox 930 4411 1110 4470; x_wconf 89' lang='lat' dir='ltr'><strong>partes</strong></span> <span class='ocrx_word' id='word_1_528' title='bbox 1132 4412 1186 4452; x_wconf 89' lang='lat' dir='ltr'><strong>et</strong></span> <span class='ocrx_word' id='word_1_529' title='bbox 1230 4408 1307 4454; x_wconf 90' lang='lat' dir='ltr'><strong>tot</strong></span> <span class='ocrx_word' id='word_1_530' title='bbox 1337 4400 1497 4467; x_wconf 81' lang='lat' dir='ltr'><strong>igitur</strong></span> <span class='ocrx_word' id='word_1_531' title='bbox 1553 4399 1893 4468; x_wconf 67' lang='lat' dir='ltr'><strong>quaestiones,</strong></span> <span class='ocrx_word' id='word_1_532' title='bbox 1922 4398 1974 4452; x_wconf 92' lang='lat' dir='ltr'><strong>in</strong></span> <span class='ocrx_word' id='word_1_533' title='bbox 2022 4396 2217 4467; x_wconf 88' lang='lat' dir='ltr'><strong>quibus</strong></span> <span class='ocrx_word' id='word_1_534' title='bbox 2254 4396 2338 4451; x_wconf 87' lang='lat' dir='ltr'><strong>di-</strong></span> 
     </span>
    </p>
   </div>
   <div class='ocr_carea' id='block_1_74' title="bbox 2506 3288 4008 3359">
    <p class='ocr_par' dir='ltr' id='par_1_74' title="bbox 2506 3288 4008 3359">
     <span class='ocr_line' id='line_1_74' title="bbox 2506 3288 4008 3359; baseline -0.004 -11"><span class='ocrx_word' id='word_1_535' title='bbox 2506 3295 2561 3348; x_wconf 92' lang='lat' dir='ltr'><strong>ln</strong></span> <span class='ocrx_word' id='word_1_536' title='bbox 2592 3295 2747 3350; x_wconf 86' lang='lat' dir='ltr'><strong>codd.</strong></span> <span class='ocrx_word' id='word_1_537' title='bbox 2788 3304 2913 3349; x_wconf 92' lang='lat' dir='ltr'><strong>sunt</strong></span> <span class='ocrx_word' id='word_1_538' title='bbox 2961 3294 3118 3347; x_wconf 89' lang='lat' dir='ltr'><strong>modo</strong></span> <span class='ocrx_word' id='word_1_539' title='bbox 3165 3291 3366 3359; x_wconf 75' lang='lat' dir='ltr'><strong>plures,</strong></span> <span class='ocrx_word' id='word_1_540' title='bbox 3396 3292 3555 3343; x_wconf 89' lang='lat' dir='ltr'><strong>modo</strong></span> <span class='ocrx_word' id='word_1_541' title='bbox 3605 3288 3890 3357; x_wconf 86' lang='lat' dir='ltr'><strong>pauciores</strong></span> <span class='ocrx_word' id='word_1_542' title='bbox 3914 3299 4008 3342; x_wconf 88' lang='lat' dir='ltr'><strong>aut</strong></span> 
     </span>
    </p>
   </div>
   <div class='ocr_carea' id='block_1_75' title="bbox 2432 3378 4005 3458">
    <p class='ocr_par' dir='ltr' id='par_1_75' title="bbox 2432 3378 4005 3458">
     <span class='ocr_line' id='line_1_75' title="bbox 2432 3378 4005 3458; baseline -0.004 -18"><span class='ocrx_word' id='word_1_543' title='bbox 2432 3386 2652 3458; x_wconf 67' lang='lat' dir='ltr'><strong>singulae</strong></span> <span class='ocrx_word' id='word_1_544' title='bbox 2682 3398 2881 3455; x_wconf 85' lang='lat' dir='ltr'><strong>partes.</strong></span> <span class='ocrx_word' id='word_1_545' title='bbox 2912 3385 3002 3441; x_wconf 88' lang='lat' dir='ltr'><strong>Sic</strong></span> <span class='ocrx_word' id='word_1_546' title='bbox 3028 3386 3080 3440; x_wconf 90' lang='lat' dir='ltr'><strong>itt</strong></span> <span class='ocrx_word' id='word_1_547' title='bbox 3120 3383 3276 3440; x_wconf 89' lang='lat' dir='ltr'><strong>codd.</strong></span> <span class='ocrx_word' id='word_1_548' title='bbox 3311 3381 3466 3447; x_wconf 88' lang='lat' dir='ltr'><strong>LXII,</strong></span> <span class='ocrx_word' id='word_1_549' title='bbox 3501 3380 3684 3447; x_wconf 82' lang='lat' dir='ltr'><strong>LXIII,</strong></span> <span class='ocrx_word' id='word_1_550' title='bbox 3712 3380 3869 3437; x_wconf 78' lang='lat' dir='ltr'><strong>LXIV</strong></span> <span class='ocrx_word' id='word_1_551' title='bbox 3895 3378 4005 3435; x_wconf 69' lang='grc' dir='ltr'><strong>νε-</strong></span> 
     </span>
    </p>
   </div>
   <div class='ocr_carea' id='block_1_76' title="bbox 2436 3476 4005 3545">
    <p class='ocr_par' dir='ltr' id='par_1_76' title="bbox 2436 3476 4005 3545">
     <span class='ocr_line' id='line_1_76' title="bbox 2436 3476 4005 3545; baseline -0.006 -11"><span class='ocrx_word' id='word_1_552' title='bbox 2436 3490 2545 3535; x_wconf 87' lang='lat' dir='ltr'><strong>net.</strong></span> <span class='ocrx_word' id='word_1_553' title='bbox 2586 3479 2716 3535; x_wconf 88' lang='lat' dir='ltr'><strong>bibl.</strong></span> <span class='ocrx_word' id='word_1_554' title='bbox 2758 3479 2922 3535; x_wconf 80' lang='lat' dir='ltr'><strong>Ilarci</strong></span> <span class='ocrx_word' id='word_1_555' title='bbox 2980 3488 3104 3533; x_wconf 92' lang='lat' dir='ltr'><strong>sunt</strong></span> <span class='ocrx_word' id='word_1_556' title='bbox 3151 3478 3395 3533; x_wconf 77' lang='lat' dir='ltr'><strong>Ascetica</strong></span> <span class='ocrx_word' id='word_1_557' title='bbox 3436 3494 3451 3543; x_wconf 89' lang='lat'><strong>;</strong></span> <span class='ocrx_word' id='word_1_558' title='bbox 3494 3492 3739 3545; x_wconf 77' lang='lat' dir='ltr'><strong>quamam</strong></span> <span class='ocrx_word' id='word_1_559' title='bbox 3790 3476 4005 3529; x_wconf 87' lang='lat' dir='ltr'><strong>illorum</strong></span> 
     </span>
    </p>
   </div>
   <div class='ocr_carea' id='block_1_77' title="bbox 2435 3566 4005 3643">
    <p class='ocr_par' dir='ltr' id='par_1_77' title="bbox 2435 3566 4005 3643">
     <span class='ocr_line' id='line_1_77' title="bbox 2435 3566 4005 3643; baseline -0.004 -18"><span class='ocrx_word' id='word_1_560' title='bbox 2435 3583 2615 3643; x_wconf 86' lang='lat' dir='ltr'><strong>partes</strong></span> <span class='ocrx_word' id='word_1_561' title='bbox 2646 3573 2698 3626; x_wconf 90' lang='lat' dir='ltr'><strong>in</strong></span> <span class='ocrx_word' id='word_1_562' title='bbox 2746 3572 2971 3643; x_wconf 79' lang='lat' dir='ltr'><strong>singulis</strong></span> <span class='ocrx_word' id='word_1_563' title='bbox 3020 3572 3184 3627; x_wconf 88' lang='lat' dir='ltr'><strong>insint</strong></span> <span class='ocrx_word' id='word_1_564' title='bbox 3232 3570 3388 3625; x_wconf 91' lang='lat' dir='ltr'><strong>codd.</strong></span> <span class='ocrx_word' id='word_1_565' title='bbox 3435 3583 3727 3639; x_wconf 85' lang='lat' dir='ltr'><strong>c0gnosces</strong></span> <span class='ocrx_word' id='word_1_566' title='bbox 3774 3583 3842 3622; x_wconf 74' lang='lat' dir='ltr'><strong>ex</strong></span> <span class='ocrx_word' id='word_1_567' title='bbox 3883 3566 4005 3621; x_wconf 82' lang='lat' dir='ltr'><strong>Cat.</strong></span> 
     </span>
    </p>
   </div>
   <div class='ocr_carea' id='block_1_78' title="bbox 2433 3656 4003 3729">
    <p class='ocr_par' dir='ltr' id='par_1_78' title="bbox 2433 3656 4003 3729">
     <span class='ocr_line' id='line_1_78' title="bbox 2433 3656 4003 3729; baseline -0.003 -15"><span class='ocrx_word' id='word_1_568' title='bbox 2433 3662 2587 3715; x_wconf 79' lang='lat' dir='ltr'><strong>codd.</strong></span> <span class='ocrx_word' id='word_1_569' title='bbox 2623 3660 2717 3715; x_wconf 82' lang='lat' dir='ltr'><strong>Gr.</strong></span> <span class='ocrx_word' id='word_1_570' title='bbox 2753 3661 2947 3721; x_wconf 71' lang='lat' dir='ltr'><strong>llam,</strong></span> <span class='ocrx_word' id='word_1_571' title='bbox 2970 3676 3090 3729; x_wconf 85' lang='lat' dir='ltr'><strong>pag.</strong></span> <span class='ocrx_word' id='word_1_572' title='bbox 3124 3661 3194 3714; x_wconf 72' lang='grc'><strong>43</strong></span> <span class='ocrx_word' id='word_1_573' title='bbox 3224 3675 3306 3727; x_wconf 88' lang='lat' dir='ltr'><strong>sq.</strong></span> <span class='ocrx_word' id='word_1_574' title='bbox 3336 3687 3407 3699; x_wconf 91' lang='lat'><strong>—-</strong></span> <span class='ocrx_word' id='word_1_575' title='bbox 3434 3656 3717 3711; x_wconf 73' lang='lat' dir='ltr'><strong>Florentiae</strong></span> <span class='ocrx_word' id='word_1_576' title='bbox 3770 3656 3824 3709; x_wconf 88' lang='lat' dir='ltr'><strong>itt</strong></span> <span class='ocrx_word' id='word_1_577' title='bbox 3870 3657 4003 3709; x_wconf 90' lang='lat' dir='ltr'><strong>bihl.</strong></span> 
     </span>
    </p>
   </div>
   <div class='ocr_carea' id='block_1_79' title="bbox 2434 3744 4003 3818">
    <p class='ocr_par' dir='ltr' id='par_1_79' title="bbox 2434 3744 4003 3818">
     <span class='ocr_line' id='line_1_79' title="bbox 2434 3744 4003 3818; baseline -0.004 -11"><span class='ocrx_word' id='word_1_578' title='bbox 2434 3750 2595 3807; x_wconf 89' lang='lat' dir='ltr'><strong>Laur.</strong></span> <span class='ocrx_word' id='word_1_579' title='bbox 2616 3752 2668 3805; x_wconf 92' lang='lat' dir='ltr'><strong>in</strong></span> <span class='ocrx_word' id='word_1_580' title='bbox 2692 3751 2813 3806; x_wconf 89' lang='lat' dir='ltr'><strong>cod.</strong></span> <span class='ocrx_word' id='word_1_581' title='bbox 2844 3748 3210 3815; x_wconf 58' lang='lat' dir='ltr'><strong>XXII,26o28,</strong></span> <span class='ocrx_word' id='word_1_582' title='bbox 3239 3748 3372 3818; x_wconf 89' lang='lat' dir='ltr'><strong>plut.</strong></span> <span class='ocrx_word' id='word_1_583' title='bbox 3401 3750 3455 3812; x_wconf 78' lang='lat'><strong>5,</strong></span> <span class='ocrx_word' id='word_1_584' title='bbox 3481 3748 3725 3816; x_wconf 66' lang='lat' dir='ltr'><strong>quasdam</strong></span> <span class='ocrx_word' id='word_1_585' title='bbox 3750 3744 4003 3817; x_wconf 87' lang='lat' dir='ltr'><strong>(Bandin.</strong></span> 
     </span>
    </p>
   </div>
   <div class='ocr_carea' id='block_1_80' title="bbox 2436 3837 4005 3911">
    <p class='ocr_par' dir='ltr' id='par_1_80' title="bbox 2436 3837 4005 3911">
     <span class='ocr_line' id='line_1_80' title="bbox 2436 3837 4005 3911; baseline -0.006 -11"><span class='ocrx_word' id='word_1_586' title='bbox 2436 3844 2555 3901; x_wconf 89' lang='lat' dir='ltr'><strong>Cat.</strong></span> <span class='ocrx_word' id='word_1_587' title='bbox 2586 3842 2739 3898; x_wconf 87' lang='lat' dir='ltr'><strong>codd.</strong></span> <span class='ocrx_word' id='word_1_588' title='bbox 2768 3842 2861 3898; x_wconf 80' lang='lat' dir='ltr'><strong>Gr.</strong></span> <span class='ocrx_word' id='word_1_589' title='bbox 2897 3840 3084 3905; x_wconf 66' lang='lat' dir='ltr'><strong>Latin,</strong></span> <span class='ocrx_word' id='word_1_590' title='bbox 3118 3841 3161 3904; x_wconf 91' lang='lat' dir='ltr'><strong>I,</strong></span> <span class='ocrx_word' id='word_1_591' title='bbox 3195 3855 3317 3911; x_wconf 78' lang='lat' dir='ltr'><strong>pag.</strong></span> <span class='ocrx_word' id='word_1_592' title='bbox 3343 3838 3454 3910; x_wconf 70' lang='grc'><strong>47).</strong></span> <span class='ocrx_word' id='word_1_593' title='bbox 3489 3868 3559 3879; x_wconf 90' lang='lat'><em>-</em></span> <span class='ocrx_word' id='word_1_594' title='bbox 3587 3838 3645 3893; x_wconf 92' lang='lat' dir='ltr'><strong>In</strong></span> <span class='ocrx_word' id='word_1_595' title='bbox 3672 3837 3829 3893; x_wconf 85' lang='lat' dir='ltr'><strong>codd.</strong></span> <span class='ocrx_word' id='word_1_596' title='bbox 3860 3837 4005 3900; x_wconf 78' lang='lat' dir='ltr'><strong>XVI.</strong></span> 
     </span>
    </p>
   </div>
   <div class='ocr_carea' id='block_1_81' title="bbox 2437 3935 4008 4006">
    <p class='ocr_par' dir='ltr' id='par_1_81' title="bbox 2437 3935 4008 4006">
     <span class='ocr_line' id='line_1_81' title="bbox 2437 3935 4008 4006; baseline -0.006 -11"><span class='ocrx_word' id='word_1_597' title='bbox 2437 3955 2493 3995; x_wconf 90' lang='lat' dir='ltr'><strong>n.</strong></span> <span class='ocrx_word' id='word_1_598' title='bbox 2530 3940 2597 3995; x_wconf 78' lang='lat' dir='ltr'><strong>l3</strong></span> <span class='ocrx_word' id='word_1_599' title='bbox 2624 3937 2700 3993; x_wconf 86' lang='lat' dir='ltr'><strong>De</strong></span> <span class='ocrx_word' id='word_1_600' title='bbox 2746 3939 2969 3992; x_wconf 83' lang='lat' dir='ltr'><strong>ascetica</strong></span> <span class='ocrx_word' id='word_1_601' title='bbox 3014 3935 3316 4004; x_wconf 81' lang='lat' dir='ltr'><strong>disciplina,</strong></span> <span class='ocrx_word' id='word_1_602' title='bbox 3344 3935 3603 4006; x_wconf 71' lang='lat' dir='ltr'><strong>quomodo</strong></span> <span class='ocrx_word' id='word_1_603' title='bbox 3634 3942 3868 4003; x_wconf 84' lang='lat' dir='ltr'><strong>oporteat</strong></span> <span class='ocrx_word' id='word_1_604' title='bbox 3916 3947 4008 3986; x_wconf 78' lang='lat' dir='ltr'><strong>or-</strong></span> 
     </span>
    </p>
   </div>
   <div class='ocr_carea' id='block_1_82' title="bbox 2439 4024 4009 4097">
    <p class='ocr_par' dir='ltr' id='par_1_82' title="bbox 2439 4024 4009 4097">
     <span class='ocr_line' id='line_1_82' title="bbox 2439 4024 4009 4097; baseline -0.003 -12"><span class='ocrx_word' id='word_1_605' title='bbox 2439 4033 2557 4085; x_wconf 86' lang='lat' dir='ltr'><strong>nari</strong></span> <span class='ocrx_word' id='word_1_606' title='bbox 2582 4031 2892 4085; x_wconf 71' lang='lat' dir='ltr'><strong>monacham</strong></span> <span class='ocrx_word' id='word_1_607' title='bbox 2909 4046 2928 4095; x_wconf 86' lang='lat'><strong><em>;</em></strong></span> <span class='ocrx_word' id='word_1_608' title='bbox 2949 4038 3005 4084; x_wconf 92' lang='lat' dir='ltr'><strong>et</strong></span> <span class='ocrx_word' id='word_1_609' title='bbox 3033 4045 3086 4082; x_wconf 80' lang='grc' dir='ltr'><strong>ιι.</strong></span> <span class='ocrx_word' id='word_1_610' title='bbox 3112 4026 3199 4094; x_wconf 77' lang='grc'><strong>15,</strong></span> <span class='ocrx_word' id='word_1_611' title='bbox 3224 4027 3490 4097; x_wconf 72' lang='lat' dir='ltr'><strong>Escerpta</strong></span> <span class='ocrx_word' id='word_1_612' title='bbox 3518 4040 3580 4080; x_wconf 81' lang='lat' dir='ltr'><strong>ex</strong></span> <span class='ocrx_word' id='word_1_613' title='bbox 3618 4024 3907 4089; x_wconf 75' lang='lat' dir='ltr'><strong>Aseeticis,</strong></span> <span class='ocrx_word' id='word_1_614' title='bbox 3940 4040 4009 4080; x_wconf 74' lang='lat' dir='ltr'><strong>es</strong></span> 
     </span>
    </p>
   </div>
   <div class='ocr_carea' id='block_1_83' title="bbox 2437 4115 4004 4190">
    <p class='ocr_par' dir='ltr' id='par_1_83' title="bbox 2437 4115 4004 4190">
     <span class='ocr_line' id='line_1_83' title="bbox 2437 4115 4004 4190; baseline -0.003 -16"><span class='ocrx_word' id='word_1_615' title='bbox 2437 4135 2591 4190; x_wconf 90' lang='lat' dir='ltr'><strong>capp.</strong></span> <span class='ocrx_word' id='word_1_616' title='bbox 2622 4121 2673 4184; x_wconf 85' lang='lat' dir='ltr'><strong>I,</strong></span> <span class='ocrx_word' id='word_1_617' title='bbox 2702 4120 2919 4185; x_wconf 67' lang='lat'><strong>19,146</strong></span> <span class='ocrx_word' id='word_1_618' title='bbox 2948 4129 2999 4175; x_wconf 91' lang='lat' dir='ltr'><strong>et</strong></span> <span class='ocrx_word' id='word_1_619' title='bbox 3028 4118 3152 4176; x_wconf 76' lang='lat'><strong>506.</strong></span> <span class='ocrx_word' id='word_1_620' title='bbox 3184 4148 3255 4161; x_wconf 93' lang='lat'><strong>—</strong></span> <span class='ocrx_word' id='word_1_621' title='bbox 3289 4116 3345 4173; x_wconf 93' lang='lat' dir='ltr'><strong>In</strong></span> <span class='ocrx_word' id='word_1_622' title='bbox 3381 4118 3500 4174; x_wconf 88' lang='lat' dir='ltr'><strong>cod.</strong></span> <span class='ocrx_word' id='word_1_623' title='bbox 3538 4115 3657 4185; x_wconf 84' lang='lat' dir='ltr'><strong>XX,</strong></span> <span class='ocrx_word' id='word_1_624' title='bbox 3684 4134 3737 4171; x_wconf 86' lang='grc' dir='ltr'><strong>ιι.</strong></span> <span class='ocrx_word' id='word_1_625' title='bbox 3780 4117 3834 4181; x_wconf 88' lang='lat' dir='ltr'><strong>‘l,</strong></span> <span class='ocrx_word' id='word_1_626' title='bbox 3865 4117 4004 4186; x_wconf 90' lang='lat' dir='ltr'><strong>plut.</strong></span> 
     </span>
    </p>
   </div>
   <div class='ocr_carea' id='block_1_84' title="bbox 2436 4211 4010 4281">
    <p class='ocr_par' dir='ltr' id='par_1_84' title="bbox 2436 4211 4010 4281">
     <span class='ocr_line' id='line_1_84' title="bbox 2436 4211 4010 4281; baseline -0.004 -15"><span class='ocrx_word' id='word_1_627' title='bbox 2436 4212 2492 4274; x_wconf 88' lang='grc'><strong>9.</strong></span> <span class='ocrx_word' id='word_1_628' title='bbox 2527 4228 2593 4267; x_wconf 78' lang='lat' dir='ltr'><strong>ex</strong></span> <span class='ocrx_word' id='word_1_629' title='bbox 2647 4212 2687 4266; x_wconf 93' lang='lat' dir='ltr'><strong>Il</strong></span> <span class='ocrx_word' id='word_1_630' title='bbox 2738 4214 3074 4268; x_wconf 85' lang='lat' dir='ltr'><strong>sermonibus</strong></span> <span class='ocrx_word' id='word_1_631' title='bbox 3111 4212 3186 4268; x_wconf 84' lang='lat' dir='ltr'><strong>De</strong></span> <span class='ocrx_word' id='word_1_632' title='bbox 3236 4213 3375 4281; x_wconf 72' lang='lat' dir='ltr'><strong>ﬁde;</strong></span> <span class='ocrx_word' id='word_1_633' title='bbox 3421 4211 3513 4267; x_wconf 87' lang='lat' dir='ltr'><strong>sed</strong></span> <span class='ocrx_word' id='word_1_634' title='bbox 3566 4220 3789 4279; x_wconf 84' lang='lat' dir='ltr'><strong>uterque</strong></span> <span class='ocrx_word' id='word_1_635' title='bbox 3826 4224 4010 4265; x_wconf 79' lang='lat' dir='ltr'><strong>serum</strong></span> 
     </span>
    </p>
   </div>
   <div class='ocr_carea' id='block_1_85' title="bbox 2435 4302 4008 4375">
    <p class='ocr_par' dir='ltr' id='par_1_85' title="bbox 2435 4302 4008 4375">
     <span class='ocr_line' id='line_1_85' title="bbox 2435 4302 4008 4375; baseline -0.003 -17"><span class='ocrx_word' id='word_1_636' title='bbox 2435 4304 2603 4359; x_wconf 87' lang='lat' dir='ltr'><strong>multo</strong></span> <span class='ocrx_word' id='word_1_637' title='bbox 2627 4303 2841 4357; x_wconf 81' lang='lat' dir='ltr'><strong>brevior</strong></span> <span class='ocrx_word' id='word_1_638' title='bbox 2866 4314 2972 4367; x_wconf 90' lang='lat' dir='ltr'><strong>est,</strong></span> <span class='ocrx_word' id='word_1_639' title='bbox 3006 4321 3167 4375; x_wconf 87' lang='lat' dir='ltr'><strong>quam</strong></span> <span class='ocrx_word' id='word_1_640' title='bbox 3199 4306 3251 4360; x_wconf 90' lang='lat' dir='ltr'><strong>in</strong></span> <span class='ocrx_word' id='word_1_641' title='bbox 3278 4306 3363 4360; x_wconf 89' lang='lat' dir='ltr'><strong>ed.</strong></span> <span class='ocrx_word' id='word_1_642' title='bbox 3390 4304 3561 4360; x_wconf 80' lang='lat' dir='ltr'><strong>Paris.</strong></span> <span class='ocrx_word' id='word_1_643' title='bbox 3582 4321 3597 4369; x_wconf 91' lang='lat'><strong>;</strong></span> <span class='ocrx_word' id='word_1_644' title='bbox 3621 4312 3731 4358; x_wconf 90' lang='lat' dir='ltr'><strong>tum</strong></span> <span class='ocrx_word' id='word_1_645' title='bbox 3750 4302 3866 4356; x_wconf 68' lang='lat' dir='ltr'><strong>alite</strong></span> <span class='ocrx_word' id='word_1_646' title='bbox 3890 4317 4008 4370; x_wconf 86' lang='lat' dir='ltr'><strong>par-</strong></span> 
     </span>
    </p>
   </div>
   <div class='ocr_carea' id='block_1_86' title="bbox 2438 4391 4010 4464">
    <p class='ocr_par' dir='ltr' id='par_1_86' title="bbox 2438 4391 4010 4464">
     <span class='ocr_line' id='line_1_86' title="bbox 2438 4391 4010 4464; baseline -0.005 -13"><span class='ocrx_word' id='word_1_647' title='bbox 2438 4404 2517 4451; x_wconf 84' lang='lat' dir='ltr'><strong>tes</strong></span> <span class='ocrx_word' id='word_1_648' title='bbox 2542 4410 2595 4447; x_wconf 96' lang='lat' dir='ltr'><strong>n.</strong></span> <span class='ocrx_word' id='word_1_649' title='bbox 2620 4393 2836 4460; x_wconf 76' lang='lat' dir='ltr'><strong>8—H,</strong></span> <span class='ocrx_word' id='word_1_650' title='bbox 2864 4393 2927 4449; x_wconf 75' lang='grc' dir='ltr'><strong>ιε</strong></span> <span class='ocrx_word' id='word_1_651' title='bbox 2956 4405 3009 4449; x_wconf 84' lang='lat' dir='ltr'><strong>et</strong></span> <span class='ocrx_word' id='word_1_652' title='bbox 3040 4395 3107 4449; x_wconf 82' lang='lat' dir='ltr'><strong>l9</strong></span> <span class='ocrx_word' id='word_1_653' title='bbox 3137 4394 3327 4463; x_wconf 87' lang='lat' dir='ltr'><strong>(Band.</strong></span> <span class='ocrx_word' id='word_1_654' title='bbox 3359 4396 3399 4457; x_wconf 86' lang='grc' dir='ltr'><strong>ι,</strong></span> <span class='ocrx_word' id='word_1_655' title='bbox 3435 4411 3487 4463; x_wconf 83' lang='grc' dir='ltr'><strong>ρ.</strong></span> <span class='ocrx_word' id='word_1_656' title='bbox 3522 4395 3627 4450; x_wconf 76' lang='lat' dir='ltr'><strong>sis</strong></span> <span class='ocrx_word' id='word_1_657' title='bbox 3650 4404 3701 4448; x_wconf 84' lang='lat' dir='ltr'><strong>et</strong></span> <span class='ocrx_word' id='word_1_658' title='bbox 3725 4393 3831 4447; x_wconf 70' lang='lat' dir='ltr'><strong>ses</strong></span> <span class='ocrx_word' id='word_1_659' title='bbox 3858 4391 4010 4464; x_wconf 79' lang='lat' dir='ltr'><strong>sqq.)</strong></span> 
     </span>
    </p>
   </div>
   <div class='ocr_carea' id='block_1_87' title="bbox 776 4484 4011 4561">
    <p class='ocr_par' dir='ltr' id='par_1_87' title="bbox 776 4484 4011 4561">
     <span class='ocr_line' id='line_1_87' title="bbox 776 4484 4011 4561; baseline -0.001 -22"><span class='ocrx_word' id='word_1_660' title='bbox 776 4504 931 4545; x_wconf 63' lang='lat' dir='ltr'><strong>versa</strong></span> <span class='ocrx_word' id='word_1_661' title='bbox 963 4490 1231 4543; x_wconf 72' lang='lat' dir='ltr'><strong>variorum</strong></span> <span class='ocrx_word' id='word_1_662' title='bbox 1289 4491 1595 4544; x_wconf 88' lang='lat' dir='ltr'><strong>testimonia</strong></span> <span class='ocrx_word' id='word_1_663' title='bbox 1628 4501 1683 4545; x_wconf 91' lang='lat' dir='ltr'><strong>et</strong></span> <span class='ocrx_word' id='word_1_664' title='bbox 1721 4492 1921 4561; x_wconf 89' lang='lat' dir='ltr'><strong>judicia</strong></span> <span class='ocrx_word' id='word_1_665' title='bbox 1954 4490 2176 4547; x_wconf 89' lang='lat' dir='ltr'><strong>collecta</strong></span> <span class='ocrx_word' id='word_1_666' title='bbox 2211 4495 2338 4543; x_wconf 89' lang='lat' dir='ltr'><strong>sunt</strong></span> <span class='ocrx_word' id='word_1_667' title='bbox 2434 4516 2505 4527; x_wconf 89' lang='lat'><strong>—-</strong></span> <span class='ocrx_word' id='word_1_668' title='bbox 2532 4484 2751 4539; x_wconf 85' lang='lat' dir='ltr'><strong>Taurini</strong></span> <span class='ocrx_word' id='word_1_669' title='bbox 2782 4484 2836 4539; x_wconf 88' lang='lat' dir='ltr'><strong>in</strong></span> <span class='ocrx_word' id='word_1_670' title='bbox 2866 4486 2986 4539; x_wconf 86' lang='lat' dir='ltr'><strong>cod.</strong></span> <span class='ocrx_word' id='word_1_671' title='bbox 3017 4484 3127 4539; x_wconf 90' lang='lat' dir='ltr'><strong>XCI</strong></span> <span class='ocrx_word' id='word_1_672' title='bbox 3156 4486 3399 4554; x_wconf 67' lang='lat' dir='ltr'><strong>quasdam</strong></span> <span class='ocrx_word' id='word_1_673' title='bbox 3438 4496 3641 4554; x_wconf 83' lang='lat' dir='ltr'><strong>partes,</strong></span> <span class='ocrx_word' id='word_1_674' title='bbox 3685 4500 3806 4555; x_wconf 76' lang='lat' dir='ltr'><strong>qua:</strong></span> <span class='ocrx_word' id='word_1_675' title='bbox 3847 4499 4011 4538; x_wconf 78' lang='lat' dir='ltr'><strong>enra-</strong></span> 
     </span>
    </p>
   </div>
   <div class='ocr_carea' id='block_1_88' title="bbox 775 4561 4009 4653">
    <p class='ocr_par' dir='ltr' id='par_1_88' title="bbox 775 4561 4009 4653">
     <span class='ocr_line' id='line_1_88' title="bbox 775 4561 4009 4653; baseline -0.001 -14"><span class='ocrx_word' id='word_1_676' title='bbox 775 4594 936 4653; x_wconf 85' lang='lat' dir='ltr'><strong>atque</strong></span> <span class='ocrx_word' id='word_1_677' title='bbox 963 4581 1290 4647; x_wconf 74' lang='lat' dir='ltr'><strong>examinata,</strong></span> <span class='ocrx_word' id='word_1_678' title='bbox 1321 4581 1485 4652; x_wconf 86' lang='lat' dir='ltr'><strong>ipsius</strong></span> <span class='ocrx_word' id='word_1_679' title='bbox 1516 4590 1781 4638; x_wconf 81' lang='lat' dir='ltr'><strong>sententia</strong></span> <span class='ocrx_word' id='word_1_680' title='bbox 1820 4585 1884 4639; x_wconf 90' lang='lat' dir='ltr'><strong>de</strong></span> <span class='ocrx_word' id='word_1_681' title='bbox 1914 4584 2233 4638; x_wconf 81' lang='lat' dir='ltr'><strong>auctoritate</strong></span> <span class='ocrx_word' id='word_1_682' title='bbox 2262 4583 2327 4636; x_wconf 85' lang='grc' dir='ltr'><strong>ιι-</strong></span> <span class='ocrx_word' id='word_1_683' title='bbox 2367 4561 2414 4617; x_wconf 75' lang='grc' dir='ltr'><strong>ι)</strong></span> <span class='ocrx_word' id='word_1_684' title='bbox 2442 4577 2549 4633; x_wconf 83' lang='lat' dir='ltr'><strong>tius</strong></span> <span class='ocrx_word' id='word_1_685' title='bbox 2595 4576 2901 4633; x_wconf 81' lang='lat' dir='ltr'><strong>indicantur</strong></span> <span class='ocrx_word' id='word_1_686' title='bbox 2948 4578 3001 4632; x_wconf 87' lang='lat' dir='ltr'><strong>in</strong></span> <span class='ocrx_word' id='word_1_687' title='bbox 3050 4576 3169 4633; x_wconf 83' lang='lat' dir='ltr'><strong>Cat.</strong></span> <span class='ocrx_word' id='word_1_688' title='bbox 3202 4577 3356 4632; x_wconf 80' lang='lat' dir='ltr'><strong>codd.</strong></span> <span class='ocrx_word' id='word_1_689' title='bbox 3402 4574 3497 4630; x_wconf 79' lang='lat' dir='ltr'><strong>Gr.</strong></span> <span class='ocrx_word' id='word_1_690' title='bbox 3526 4576 3716 4637; x_wconf 71' lang='lat' dir='ltr'><strong>Taun.</strong></span> <span class='ocrx_word' id='word_1_691' title='bbox 3756 4590 3880 4645; x_wconf 69' lang='lat' dir='ltr'><strong>pag.</strong></span> <span class='ocrx_word' id='word_1_692' title='bbox 3904 4577 4009 4635; x_wconf 68' lang='grc'><strong>189</strong></span> 
     </span>
    </p>
   </div>
   <div class='ocr_carea' id='block_1_89' title="bbox 778 4672 2333 4746">
    <p class='ocr_par' dir='ltr' id='par_1_89' title="bbox 778 4672 2333 4746">
     <span class='ocr_line' id='line_1_89' title="bbox 778 4672 2333 4746; baseline -0.002 -17"><span class='ocrx_word' id='word_1_693' title='bbox 778 4675 952 4746; x_wconf 89' lang='lat' dir='ltr'><strong>deque</strong></span> <span class='ocrx_word' id='word_1_694' title='bbox 990 4673 1283 4729; x_wconf 88' lang='lat' dir='ltr'><strong>libellorum</strong></span> <span class='ocrx_word' id='word_1_695' title='bbox 1325 4673 1583 4743; x_wconf 86' lang='lat' dir='ltr'><strong>subjecta.</strong></span> <span class='ocrx_word' id='word_1_696' title='bbox 1627 4672 1804 4741; x_wconf 84' lang='lat' dir='ltr'><strong>Quare</strong></span> <span class='ocrx_word' id='word_1_697' title='bbox 1849 4674 1902 4729; x_wconf 91' lang='lat' dir='ltr'><strong>in</strong></span> <span class='ocrx_word' id='word_1_698' title='bbox 1956 4683 2110 4745; x_wconf 88' lang='lat' dir='ltr'><strong>parte</strong></span> <span class='ocrx_word' id='word_1_699' title='bbox 2161 4674 2333 4743; x_wconf 89' lang='lat' dir='ltr'><strong>prima</strong></span> 
     </span>
    </p>
   </div>
   <div class='ocr_carea' id='block_1_90' title="bbox 776 4762 2334 4834">
    <p class='ocr_par' dir='ltr' id='par_1_90' title="bbox 776 4762 2334 4834">
     <span class='ocr_line' id='line_1_90' title="bbox 776 4762 2334 4834; baseline -0.001 -17"><span class='ocrx_word' id='word_1_700' title='bbox 776 4764 1010 4819; x_wconf 86' lang='lat' dir='ltr'><strong>ostendit</strong></span> <span class='ocrx_word' id='word_1_701' title='bbox 1036 4763 1229 4834; x_wconf 73' lang='lat' dir='ltr'><strong>pmvia</strong></span> <span class='ocrx_word' id='word_1_702' title='bbox 1256 4762 1356 4817; x_wconf 87' lang='lat' dir='ltr'><strong>tria</strong></span> <span class='ocrx_word' id='word_1_703' title='bbox 1385 4763 1729 4833; x_wconf 84' lang='lat' dir='ltr'><strong>opuscula,n.</strong></span> <span class='ocrx_word' id='word_1_704' title='bbox 1762 4763 1814 4829; x_wconf 76' lang='lat' dir='ltr'><strong>l)</strong></span> <span class='ocrx_word' id='word_1_705' title='bbox 1839 4765 2089 4833; x_wconf 70' lang='lat' dir='ltr'><strong>przeviam</strong></span> <span class='ocrx_word' id='word_1_706' title='bbox 2119 4763 2334 4818; x_wconf 86' lang='lat' dir='ltr'><strong>institu-</strong></span> 
     </span>
    </p>
   </div>
   <div class='ocr_carea' id='block_1_91' title="bbox 776 4851 2337 4923">
    <p class='ocr_par' dir='ltr' id='par_1_91' title="bbox 776 4851 2337 4923">
     <span class='ocr_line' id='line_1_91' title="bbox 776 4851 2337 4923; baseline -0.002 -16"><span class='ocrx_word' id='word_1_707' title='bbox 776 4853 975 4908; x_wconf 90' lang='lat' dir='ltr'><strong>tionem</strong></span> <span class='ocrx_word' id='word_1_708' title='bbox 1005 4853 1311 4917; x_wconf 83' lang='lat' dir='ltr'><strong>asceticam,</strong></span> <span class='ocrx_word' id='word_1_709' title='bbox 1336 4851 1392 4923; x_wconf 68' lang='grc' dir='ltr'><strong>Ξ)</strong></span> <span class='ocrx_word' id='word_1_710' title='bbox 1424 4868 1723 4908; x_wconf 87' lang='lat' dir='ltr'><strong>sermonem</strong></span> <span class='ocrx_word' id='word_1_711' title='bbox 1746 4854 2033 4907; x_wconf 87' lang='lat' dir='ltr'><strong>asceticnin</strong></span> <span class='ocrx_word' id='word_1_712' title='bbox 2061 4861 2117 4908; x_wconf 90' lang='lat' dir='ltr'><strong>et</strong></span> <span class='ocrx_word' id='word_1_713' title='bbox 2141 4857 2337 4907; x_wconf 81' lang='lat' dir='ltr'><strong>exhor-</strong></span> 
     </span>
    </p>
   </div>
   <div class='ocr_carea' id='block_1_92' title="bbox 775 4944 2337 5005">
    <p class='ocr_par' dir='ltr' id='par_1_92' title="bbox 775 4944 2337 5005">
     <span class='ocr_line' id='line_1_92' title="bbox 775 4944 2337 5005; baseline -0.001 -8"><span class='ocrx_word' id='word_1_714' title='bbox 775 4945 1030 4999; x_wconf 86' lang='lat' dir='ltr'><strong>tationem</strong></span> <span class='ocrx_word' id='word_1_715' title='bbox 1075 4944 1142 4999; x_wconf 86' lang='lat' dir='ltr'><strong>de</strong></span> <span class='ocrx_word' id='word_1_716' title='bbox 1195 4945 1585 5001; x_wconf 89' lang='lat' dir='ltr'><strong>renuntiatione</strong></span> <span class='ocrx_word' id='word_1_717' title='bbox 1629 4959 1805 5000; x_wconf 90' lang='lat' dir='ltr'><strong>rerum</strong></span> <span class='ocrx_word' id='word_1_718' title='bbox 1855 4945 2244 5005; x_wconf 85' lang='lat' dir='ltr'><strong>humanarum,</strong></span> <span class='ocrx_word' id='word_1_719' title='bbox 2280 4954 2337 4997; x_wconf 88' lang='lat' dir='ltr'><strong>et</strong></span> 
     </span>
    </p>
   </div>
   <div class='ocr_carea' id='block_1_93' title="bbox 773 5034 2323 5105">
    <p class='ocr_par' dir='ltr' id='par_1_93' title="bbox 773 5034 2323 5105">
     <span class='ocr_line' id='line_1_93' title="bbox 773 5034 2323 5105; baseline -0.002 -17"><span class='ocrx_word' id='word_1_720' title='bbox 773 5034 1102 5105; x_wconf 79' lang='lat' dir='ltr'><strong>perfectione</strong></span> <span class='ocrx_word' id='word_1_721' title='bbox 1130 5035 1380 5105; x_wconf 89' lang='lat' dir='ltr'><strong>spiritali,</strong></span> <span class='ocrx_word' id='word_1_722' title='bbox 1404 5036 1459 5103; x_wconf 77' lang='lat'><strong>3)</strong></span> <span class='ocrx_word' id='word_1_723' title='bbox 1484 5050 1647 5091; x_wconf 85' lang='lat' dir='ltr'><strong>serm.</strong></span> <span class='ocrx_word' id='word_1_724' title='bbox 1671 5036 1737 5091; x_wconf 89' lang='lat' dir='ltr'><strong>de</strong></span> <span class='ocrx_word' id='word_1_725' title='bbox 1775 5035 2000 5091; x_wconf 83' lang='lat' dir='ltr'><strong>ascetica</strong></span> <span class='ocrx_word' id='word_1_726' title='bbox 2025 5034 2323 5103; x_wconf 83' lang='lat' dir='ltr'><strong>disciplina,</strong></span> 
     </span>
    </p>
   </div>
   <div class='ocr_carea' id='block_1_94' title="bbox 770 5124 2330 5197">
    <p class='ocr_par' dir='ltr' id='par_1_94' title="bbox 770 5124 2330 5197">
     <span class='ocr_line' id='line_1_94' title="bbox 770 5124 2330 5197; baseline 0.001 -22"><span class='ocrx_word' id='word_1_727' title='bbox 770 5126 1045 5194; x_wconf 90' lang='lat' dir='ltr'><strong>quomodo</strong></span> <span class='ocrx_word' id='word_1_728' title='bbox 1077 5124 1394 5179; x_wconf 87' lang='lat' dir='ltr'><strong>monachum</strong></span> <span class='ocrx_word' id='word_1_729' title='bbox 1417 5125 1601 5180; x_wconf 89' lang='lat' dir='ltr'><strong>ornari</strong></span> <span class='ocrx_word' id='word_1_730' title='bbox 1628 5133 1895 5197; x_wconf 88' lang='lat' dir='ltr'><strong>oporteat,</strong></span> <span class='ocrx_word' id='word_1_731' title='bbox 1929 5134 2202 5179; x_wconf 89' lang='lat' dir='ltr'><strong>auctorem</strong></span> <span class='ocrx_word' id='word_1_732' title='bbox 2230 5124 2330 5178; x_wconf 84' lang='lat' dir='ltr'><strong>ba-</strong></span> 
     </span>
    </p>
   </div>
   <div class='ocr_carea' id='block_1_95' title="bbox 774 5212 2332 5287">
    <p class='ocr_par' dir='ltr' id='par_1_95' title="bbox 774 5212 2332 5287">
     <span class='ocr_line' id='line_1_95' title="bbox 774 5212 2332 5287; baseline 0.001 -18"><span class='ocrx_word' id='word_1_733' title='bbox 774 5214 951 5269; x_wconf 88' lang='lat' dir='ltr'><strong>buisse</strong></span> <span class='ocrx_word' id='word_1_734' title='bbox 977 5212 1253 5268; x_wconf 80' lang='lat' dir='ltr'><strong>Basiliam.</strong></span> <span class='ocrx_word' id='word_1_735' title='bbox 1284 5214 1339 5269; x_wconf 89' lang='lat' dir='ltr'><strong>In</strong></span> <span class='ocrx_word' id='word_1_736' title='bbox 1377 5215 1611 5269; x_wconf 87' lang='lat' dir='ltr'><strong>secunda</strong></span> <span class='ocrx_word' id='word_1_737' title='bbox 1662 5216 1891 5287; x_wconf 84' lang='lat' dir='ltr'><strong>probare</strong></span> <span class='ocrx_word' id='word_1_738' title='bbox 1937 5216 2163 5279; x_wconf 85' lang='lat' dir='ltr'><strong>studuit,</strong></span> <span class='ocrx_word' id='word_1_739' title='bbox 2187 5226 2332 5271; x_wconf 86' lang='lat' dir='ltr'><strong>recte</strong></span> 
     </span>
    </p>
   </div>
   <div class='ocr_carea' id='block_1_96' title="bbox 773 5306 2331 5378">
    <p class='ocr_par' dir='ltr' id='par_1_96' title="bbox 773 5306 2331 5378">
     <span class='ocr_line' id='line_1_96' title="bbox 773 5306 2331 5378; baseline 0.002 -16"><span class='ocrx_word' id='word_1_740' title='bbox 773 5307 995 5371; x_wconf 88' lang='lat' dir='ltr'><strong>sentire,</strong></span> <span class='ocrx_word' id='word_1_741' title='bbox 1022 5306 1112 5376; x_wconf 85' lang='lat' dir='ltr'><strong>qui</strong></span> <span class='ocrx_word' id='word_1_742' title='bbox 1138 5317 1197 5361; x_wconf 91' lang='lat' dir='ltr'><strong>ut</strong></span> <span class='ocrx_word' id='word_1_743' title='bbox 1222 5306 1425 5363; x_wconf 88' lang='lat' dir='ltr'><strong>libellos</strong></span> <span class='ocrx_word' id='word_1_744' title='bbox 1453 5306 1527 5362; x_wconf 84' lang='lat' dir='ltr'><strong>De</strong></span> <span class='ocrx_word' id='word_1_745' title='bbox 1544 5309 1750 5378; x_wconf 81' lang='lat' dir='ltr'><strong>judicio</strong></span> <span class='ocrx_word' id='word_1_746' title='bbox 1794 5324 1859 5365; x_wconf 90' lang='lat' dir='ltr'><strong>ac</strong></span> <span class='ocrx_word' id='word_1_747' title='bbox 1881 5310 2017 5378; x_wconf 78' lang='lat' dir='ltr'><strong>ﬁde;</strong></span> <span class='ocrx_word' id='word_1_748' title='bbox 2051 5310 2122 5365; x_wconf 90' lang='lat' dir='ltr'><strong>ita</strong></span> <span class='ocrx_word' id='word_1_749' title='bbox 2153 5308 2331 5365; x_wconf 82' lang='lat' dir='ltr'><strong>Ilora-</strong></span> 
     </span>
    </p>
   </div>
   <div class='ocr_carea' id='block_1_97' title="bbox 773 5396 2328 5465">
    <p class='ocr_par' dir='ltr' id='par_1_97' title="bbox 773 5396 2328 5465">
     <span class='ocr_line' id='line_1_97' title="bbox 773 5396 2328 5465; baseline 0.003 -14"><span class='ocrx_word' id='word_1_750' title='bbox 773 5396 846 5452; x_wconf 93' lang='lat' dir='ltr'><strong>lia</strong></span> <span class='ocrx_word' id='word_1_751' title='bbox 892 5398 1164 5453; x_wconf 88' lang='lat' dir='ltr'><strong>ascribant</strong></span> <span class='ocrx_word' id='word_1_752' title='bbox 1208 5398 1426 5453; x_wconf 88' lang='lat' dir='ltr'><strong>Basilio.</strong></span> <span class='ocrx_word' id='word_1_753' title='bbox 1468 5397 1523 5451; x_wconf 91' lang='lat' dir='ltr'><strong>In</strong></span> <span class='ocrx_word' id='word_1_754' title='bbox 1571 5399 1723 5453; x_wconf 88' lang='lat' dir='ltr'><strong>tertia</strong></span> <span class='ocrx_word' id='word_1_755' title='bbox 1773 5400 1955 5465; x_wconf 89' lang='lat' dir='ltr'><strong>docet,</strong></span> <span class='ocrx_word' id='word_1_756' title='bbox 1988 5402 2123 5457; x_wconf 89' lang='lat' dir='ltr'><strong>duos</strong></span> <span class='ocrx_word' id='word_1_757' title='bbox 2141 5400 2328 5457; x_wconf 73' lang='lat' dir='ltr'><strong>breves</strong></span> 
     </span>
    </p>
   </div>
   <div class='ocr_carea' id='block_1_98' title="bbox 772 5488 2327 5563">
    <p class='ocr_par' dir='ltr' id='par_1_98' title="bbox 772 5488 2327 5563">
     <span class='ocr_line' id='line_1_98' title="bbox 772 5488 2327 5563; baseline 0.003 -22"><span class='ocrx_word' id='word_1_758' title='bbox 772 5488 1002 5555; x_wconf 86' lang='lat' dir='ltr'><strong>libellos,</strong></span> <span class='ocrx_word' id='word_1_759' title='bbox 1035 5490 1125 5559; x_wconf 92' lang='lat' dir='ltr'><strong>qui</strong></span> <span class='ocrx_word' id='word_1_760' title='bbox 1168 5499 1291 5560; x_wconf 90' lang='lat' dir='ltr'><strong>post</strong></span> <span class='ocrx_word' id='word_1_761' title='bbox 1330 5488 1545 5543; x_wconf 74' lang='lat' dir='ltr'><strong>Horalia</strong></span> <span class='ocrx_word' id='word_1_762' title='bbox 1584 5489 1748 5545; x_wconf 85' lang='lat' dir='ltr'><strong>locari</strong></span> <span class='ocrx_word' id='word_1_763' title='bbox 1798 5492 1991 5556; x_wconf 88' lang='lat' dir='ltr'><strong>solent,</strong></span> <span class='ocrx_word' id='word_1_764' title='bbox 2031 5493 2084 5547; x_wconf 92' lang='lat' dir='ltr'><strong>in</strong></span> <span class='ocrx_word' id='word_1_765' title='bbox 2121 5492 2327 5563; x_wconf 89' lang='lat' dir='ltr'><strong>spurio-</strong></span> 
     </span>
    </p>
   </div>
   <div class='ocr_carea' id='block_1_99' title="bbox 772 5581 2329 5653">
    <p class='ocr_par' dir='ltr' id='par_1_99' title="bbox 772 5581 2329 5653">
     <span class='ocr_line' id='line_1_99' title="bbox 772 5581 2329 5653; baseline 0.002 -18"><span class='ocrx_word' id='word_1_766' title='bbox 772 5595 890 5635; x_wconf 93' lang='lat' dir='ltr'><strong>rum</strong></span> <span class='ocrx_word' id='word_1_767' title='bbox 931 5596 1156 5637; x_wconf 89' lang='lat' dir='ltr'><strong>numero</strong></span> <span class='ocrx_word' id='word_1_768' title='bbox 1196 5596 1315 5638; x_wconf 85' lang='lat' dir='ltr'><strong>esse</strong></span> <span class='ocrx_word' id='word_1_769' title='bbox 1343 5582 1633 5653; x_wconf 88' lang='lat' dir='ltr'><strong>ponendos.</strong></span> <span class='ocrx_word' id='word_1_770' title='bbox 1665 5581 1720 5636; x_wconf 93' lang='lat' dir='ltr'><strong>In</strong></span> <span class='ocrx_word' id='word_1_771' title='bbox 1768 5595 1958 5653; x_wconf 89' lang='lat' dir='ltr'><strong>quarta</strong></span> <span class='ocrx_word' id='word_1_772' title='bbox 1997 5586 2329 5641; x_wconf 86' lang='lat' dir='ltr'><strong>demonstra-</strong></span> 
     </span>
    </p>
   </div>
   <div class='ocr_carea' id='block_1_100' title="bbox 839 5739 2327 5811">
    <p class='ocr_par' dir='ltr' id='par_1_100' title="bbox 839 5739 2327 5811">
     <span class='ocr_line' id='line_1_100' title="bbox 839 5739 2327 5811; baseline 0.003 -19"><span class='ocrx_word' id='word_1_773' title='bbox 839 5739 915 5811; x_wconf 90' lang='lat' dir='ltr'><strong>(a)</strong></span> <span class='ocrx_word' id='word_1_774' title='bbox 951 5740 1047 5811; x_wconf 74' lang='lat' dir='ltr'><strong>Sic</strong></span> <span class='ocrx_word' id='word_1_775' title='bbox 1098 5742 1163 5811; x_wconf 76' lang='lat' dir='ltr'><strong>in_</strong></span> <span class='ocrx_word' id='word_1_776' title='bbox 1198 5755 1298 5794; x_wconf 91' lang='lat' dir='ltr'><strong>ms.</strong></span> <span class='ocrx_word' id='word_1_777' title='bbox 1341 5739 1519 5811; x_wconf 75' lang='lat' dir='ltr'><strong>Regio</strong></span> <span class='ocrx_word' id='word_1_778' title='bbox 1564 5739 1824 5811; x_wconf 59' lang='lat' dir='ltr'><strong>Prologus</strong></span> <span class='ocrx_word' id='word_1_779' title='bbox 1860 5740 1947 5795; x_wconf 90' lang='lat' dir='ltr'><strong>ille</strong></span> <span class='ocrx_word' id='word_1_780' title='bbox 1981 5741 2327 5805; x_wconf 88' lang='lat' dir='ltr'><strong>inscribitur,</strong></span> 
     </span>
    </p>
   </div>
   <div class='ocr_carea' id='block_1_101' title="bbox 772 5809 2324 5882">
    <p class='ocr_par' dir='ltr' id='par_1_101' title="bbox 772 5809 2324 5882">
     <span class='ocr_line' id='line_1_101' title="bbox 772 5809 2324 5882; baseline 0.002 -20"><span class='ocrx_word' id='word_1_781' title='bbox 772 5809 1277 5882; x_wconf 67' lang='lat' dir='ltr'><strong>teste_(_lombelisio.</strong></span> <span class='ocrx_word' id='word_1_782' title='bbox 1330 5809 1455 5865; x_wconf 72' lang='lat' dir='ltr'><strong>toni.</strong></span> <span class='ocrx_word' id='word_1_783' title='bbox 1485 5810 1526 5865; x_wconf 91' lang='lat' dir='ltr'><strong>II</strong></span> <span class='ocrx_word' id='word_1_784' title='bbox 1568 5809 1755 5865; x_wconf 64' lang='lat' dir='ltr'><strong>Basilii</strong></span> <span class='ocrx_word' id='word_1_785' title='bbox 1805 5812 1912 5875; x_wconf 88' lang='lat' dir='ltr'><strong>sui,</strong></span> <span class='ocrx_word' id='word_1_786' title='bbox 1951 5828 2072 5882; x_wconf 80' lang='lat' dir='ltr'><strong>pag.</strong></span> <span class='ocrx_word' id='word_1_787' title='bbox 2117 5812 2204 5871; x_wconf 80' lang='lat'><strong>85,</strong></span> <span class='ocrx_word' id='word_1_788' title='bbox 2233 5814 2324 5881; x_wconf 90' lang='lat' dir='ltr'><strong>qui</strong></span> 
     </span>
    </p>
   </div>
   <div class='ocr_carea' id='block_1_102' title="bbox 768 5878 2329 5955">
    <p class='ocr_par' dir='ltr' id='par_1_102' title="bbox 768 5878 2329 5955">
     <span class='ocr_line' id='line_1_102' title="bbox 768 5878 2329 5955; baseline -0.001 -19"><span class='ocrx_word' id='word_1_789' title='bbox 768 5891 889 5951; x_wconf 75' lang='lat' dir='ltr'><strong>pag.</strong></span> <span class='ocrx_word' id='word_1_790' title='bbox 913 5880 983 5937; x_wconf 85' lang='lat'><strong>99</strong></span> <span class='ocrx_word' id='word_1_791' title='bbox 1005 5888 1060 5936; x_wconf 91' lang='lat' dir='ltr'><strong>et</strong></span> <span class='ocrx_word' id='word_1_792' title='bbox 1084 5878 1185 5935; x_wconf 74' lang='lat'><strong>106</strong></span> <span class='ocrx_word' id='word_1_793' title='bbox 1217 5881 1350 5936; x_wconf 86' lang='lat' dir='ltr'><strong>alios</strong></span> <span class='ocrx_word' id='word_1_794' title='bbox 1376 5887 1507 5938; x_wconf 84' lang='lat' dir='ltr'><strong>duos</strong></span> <span class='ocrx_word' id='word_1_795' title='bbox 1552 5882 1801 5955; x_wconf 78' lang='lat' dir='ltr'><strong>prologos</strong></span> <span class='ocrx_word' id='word_1_796' title='bbox 1824 5894 1856 5937; x_wconf 90' lang='lat' dir='ltr'><strong>e</strong></span> <span class='ocrx_word' id='word_1_797' title='bbox 1880 5878 1983 5937; x_wconf 73' lang='lat' dir='ltr'><strong>ms.</strong></span> <span class='ocrx_word' id='word_1_798' title='bbox 2021 5881 2188 5953; x_wconf 76' lang='lat' dir='ltr'><strong>Regio</strong></span> <span class='ocrx_word' id='word_1_799' title='bbox 2216 5878 2329 5940; x_wconf 78' lang='lat' dir='ltr'><strong>eili-</strong></span> 
     </span>
    </p>
   </div>
   <div class='ocr_carea' id='block_1_103' title="bbox 2436 4664 4005 4737">
    <p class='ocr_par' dir='ltr' id='par_1_103' title="bbox 2436 4664 4005 4737">
     <span class='ocr_line' id='line_1_103' title="bbox 2436 4664 4005 4737; baseline 0.001 -18"><span class='ocrx_word' id='word_1_800' title='bbox 2436 4680 2594 4735; x_wconf 78' lang='lat' dir='ltr'><strong>sq.——</strong></span> <span class='ocrx_word' id='word_1_801' title='bbox 2613 4664 2847 4735; x_wconf 68' lang='lat' dir='ltr'><strong>Musque:</strong></span> <span class='ocrx_word' id='word_1_802' title='bbox 2874 4667 2922 4720; x_wconf 91' lang='lat' dir='ltr'><strong>in</strong></span> <span class='ocrx_word' id='word_1_803' title='bbox 2955 4666 3084 4721; x_wconf 90' lang='lat' dir='ltr'><strong>bibl.</strong></span> <span class='ocrx_word' id='word_1_804' title='bbox 3114 4668 3302 4737; x_wconf 77' lang='lat' dir='ltr'><strong>synod.</strong></span> <span class='ocrx_word' id='word_1_805' title='bbox 3340 4667 3495 4722; x_wconf 89' lang='lat' dir='ltr'><strong>codd.</strong></span> <span class='ocrx_word' id='word_1_806' title='bbox 3522 4666 3734 4729; x_wconf 85' lang='lat' dir='ltr'><strong>XXVII,</strong></span> <span class='ocrx_word' id='word_1_807' title='bbox 3767 4664 4005 4734; x_wconf 84' lang='lat' dir='ltr'><strong>XXVIII,</strong></span> 
     </span>
    </p>
   </div>
   <div class='ocr_carea' id='block_1_104' title="bbox 2438 4756 4005 4829">
    <p class='ocr_par' dir='ltr' id='par_1_104' title="bbox 2438 4756 4005 4829">
     <span class='ocr_line' id='line_1_104' title="bbox 2438 4756 4005 4829; baseline -0.001 -16"><span class='ocrx_word' id='word_1_808' title='bbox 2438 4756 2630 4823; x_wconf 86' lang='lat' dir='ltr'><strong>XXIX,</strong></span> <span class='ocrx_word' id='word_1_809' title='bbox 2664 4775 2783 4829; x_wconf 70' lang='lat' dir='ltr'><strong>qute</strong></span> <span class='ocrx_word' id='word_1_810' title='bbox 2826 4760 2958 4823; x_wconf 88' lang='lat' dir='ltr'><strong>sint,</strong></span> <span class='ocrx_word' id='word_1_811' title='bbox 2986 4759 3231 4829; x_wconf 87' lang='lat' dir='ltr'><strong>designat</strong></span> <span class='ocrx_word' id='word_1_812' title='bbox 3265 4758 3497 4816; x_wconf 68' lang='lat' dir='ltr'><strong>Mattbei</strong></span> <span class='ocrx_word' id='word_1_813' title='bbox 3537 4761 3589 4815; x_wconf 89' lang='lat' dir='ltr'><strong>itt</strong></span> <span class='ocrx_word' id='word_1_814' title='bbox 3644 4757 3820 4815; x_wconf 72' lang='lat' dir='ltr'><strong>Notis.</strong></span> <span class='ocrx_word' id='word_1_815' title='bbox 3846 4762 4005 4814; x_wconf 85' lang='lat' dir='ltr'><strong>codd.</strong></span> 
     </span>
    </p>
   </div>
   <div class='ocr_carea' id='block_1_105' title="bbox 2440 4847 4004 4923">
    <p class='ocr_par' dir='ltr' id='par_1_105' title="bbox 2440 4847 4004 4923">
     <span class='ocr_line' id='line_1_105' title="bbox 2440 4847 4004 4923; baseline 0.002 -20"><span class='ocrx_word' id='word_1_816' title='bbox 2440 4848 2636 4921; x_wconf 76' lang='lat' dir='ltr'><strong>llosq.,</strong></span> <span class='ocrx_word' id='word_1_817' title='bbox 2665 4866 2717 4921; x_wconf 90' lang='lat' dir='ltr'><strong>p.</strong></span> <span class='ocrx_word' id='word_1_818' title='bbox 2749 4850 2838 4915; x_wconf 69' lang='grc'><strong>49,</strong></span> <span class='ocrx_word' id='word_1_819' title='bbox 2874 4852 2963 4921; x_wconf 94' lang='lat' dir='ltr'><strong>qui</strong></span> <span class='ocrx_word' id='word_1_820' title='bbox 2992 4866 3057 4906; x_wconf 76' lang='lat' dir='ltr'><strong>ex</strong></span> <span class='ocrx_word' id='word_1_821' title='bbox 3103 4851 3281 4921; x_wconf 88' lang='lat' dir='ltr'><strong>primo</strong></span> <span class='ocrx_word' id='word_1_822' title='bbox 3317 4852 3485 4907; x_wconf 88' lang='lat' dir='ltr'><strong>edidit</strong></span> <span class='ocrx_word' id='word_1_823' title='bbox 3524 4847 3926 4923; x_wconf 70' lang='lat' dir='ltr'><strong>llosqumli‘ls,</strong></span> <span class='ocrx_word' id='word_1_824' title='bbox 3948 4852 4004 4912; x_wconf 74' lang='grc' dir='ltr'><strong>ι.</strong></span> 
     </span>
    </p>
   </div>
   <div class='ocr_carea' id='block_1_106' title="bbox 2441 4940 4002 5015">
    <p class='ocr_par' dir='ltr' id='par_1_106' title="bbox 2441 4940 4002 5015">
     <span class='ocr_line' id='line_1_106' title="bbox 2441 4940 4002 5015; baseline 0.001 -19"><span class='ocrx_word' id='word_1_825' title='bbox 2441 4940 2725 5015; x_wconf 67' lang='lat' dir='ltr'><strong>Prologus</strong></span> <span class='ocrx_word' id='word_1_826' title='bbox 2754 4959 2875 4999; x_wconf 89' lang='lat' dir='ltr'><strong>cum</strong></span> <span class='ocrx_word' id='word_1_827' title='bbox 2905 4943 3105 5012; x_wconf 82' lang='lat' dir='ltr'><strong>Xiphil.</strong></span> <span class='ocrx_word' id='word_1_828' title='bbox 3134 4954 3188 4999; x_wconf 90' lang='lat' dir='ltr'><strong>et</strong></span> <span class='ocrx_word' id='word_1_829' title='bbox 3216 4943 3398 4998; x_wconf 81' lang='lat' dir='ltr'><strong>Basilii</strong></span> <span class='ocrx_word' id='word_1_830' title='bbox 3438 4953 3600 4999; x_wconf 86' lang='lat' dir='ltr'><strong>oratt.</strong></span> <span class='ocrx_word' id='word_1_831' title='bbox 3630 4970 3698 4984; x_wconf 90' lang='lat'><strong>-—-</strong></span> <span class='ocrx_word' id='word_1_832' title='bbox 3734 4943 4002 4998; x_wconf 77' lang='lat' dir='ltr'><strong>Monachii</strong></span> 
     </span>
    </p>
   </div>
   <div class='ocr_carea' id='block_1_107' title="bbox 2437 5034 4007 5106">
    <p class='ocr_par' dir='ltr' id='par_1_107' title="bbox 2437 5034 4007 5106">
     <span class='ocr_line' id='line_1_107' title="bbox 2437 5034 4007 5106; baseline 0.001 -15"><span class='ocrx_word' id='word_1_833' title='bbox 2437 5037 2491 5091; x_wconf 87' lang='lat' dir='ltr'><strong>in</strong></span> <span class='ocrx_word' id='word_1_834' title='bbox 2540 5035 2669 5091; x_wconf 90' lang='lat' dir='ltr'><strong>bibl.</strong></span> <span class='ocrx_word' id='word_1_835' title='bbox 2702 5035 2894 5091; x_wconf 78' lang='lat' dir='ltr'><strong>Bavar.</strong></span> <span class='ocrx_word' id='word_1_836' title='bbox 2936 5035 3217 5091; x_wconf 78' lang='lat' dir='ltr'><strong>LXXXIX.</strong></span> <span class='ocrx_word' id='word_1_837' title='bbox 3263 5037 3325 5091; x_wconf 89' lang='lat' dir='ltr'><strong>V.</strong></span> <span class='ocrx_word' id='word_1_838' title='bbox 3356 5036 3515 5100; x_wconf 87' lang='lat' dir='ltr'><strong>Cat.,</strong></span> <span class='ocrx_word' id='word_1_839' title='bbox 3558 5046 3689 5099; x_wconf 88' lang='lat' dir='ltr'><strong>ete..</strong></span> <span class='ocrx_word' id='word_1_840' title='bbox 3731 5051 3787 5106; x_wconf 89' lang='lat' dir='ltr'><strong>p.</strong></span> <span class='ocrx_word' id='word_1_841' title='bbox 3818 5034 4007 5092; x_wconf 68' lang='lat'><strong>54.—</strong></span> 
     </span>
    </p>
   </div>
   <div class='ocr_carea' id='block_1_108' title="bbox 2435 5124 4003 5199">
    <p class='ocr_par' dir='ltr' id='par_1_108' title="bbox 2435 5124 4003 5199">
     <span class='ocr_line' id='line_1_108' title="bbox 2435 5124 4003 5199; baseline 0 -18"><span class='ocrx_word' id='word_1_842' title='bbox 2435 5126 2689 5195; x_wconf 67' lang='lat' dir='ltr'><strong>Quanam</strong></span> <span class='ocrx_word' id='word_1_843' title='bbox 2738 5129 2959 5195; x_wconf 73' lang='lat' dir='ltr'><strong>singulae</strong></span> <span class='ocrx_word' id='word_1_844' title='bbox 3010 5142 3189 5199; x_wconf 86' lang='lat' dir='ltr'><strong>partes</strong></span> <span class='ocrx_word' id='word_1_845' title='bbox 3235 5138 3449 5184; x_wconf 77' lang='lat' dir='ltr'><strong>exstent</strong></span> <span class='ocrx_word' id='word_1_846' title='bbox 3500 5130 3551 5183; x_wconf 89' lang='lat' dir='ltr'><strong>in</strong></span> <span class='ocrx_word' id='word_1_847' title='bbox 3604 5126 3762 5183; x_wconf 85' lang='lat' dir='ltr'><strong>codd.</strong></span> <span class='ocrx_word' id='word_1_848' title='bbox 3826 5124 4003 5181; x_wconf 74' lang='lat' dir='ltr'><strong>Paris.</strong></span> 
     </span>
    </p>
   </div>
   <div class='ocr_carea' id='block_1_109' title="bbox 2434 5215 4007 5281">
    <p class='ocr_par' dir='ltr' id='par_1_109' title="bbox 2434 5215 4007 5281">
     <span class='ocr_line' id='line_1_109' title="bbox 2434 5215 4007 5281; baseline 0.001 -10"><span class='ocrx_word' id='word_1_849' title='bbox 2434 5218 2610 5274; x_wconf 86' lang='lat' dir='ltr'><strong>disces</strong></span> <span class='ocrx_word' id='word_1_850' title='bbox 2628 5234 2695 5273; x_wconf 80' lang='lat' dir='ltr'><strong>ex</strong></span> <span class='ocrx_word' id='word_1_851' title='bbox 2730 5220 2904 5274; x_wconf 86' lang='lat' dir='ltr'><strong>indice</strong></span> <span class='ocrx_word' id='word_1_852' title='bbox 2942 5222 3007 5274; x_wconf 87' lang='lat' dir='ltr'><strong>ad</strong></span> <span class='ocrx_word' id='word_1_853' title='bbox 3056 5220 3157 5275; x_wconf 78' lang='lat' dir='ltr'><strong>vol.</strong></span> <span class='ocrx_word' id='word_1_854' title='bbox 3196 5220 3241 5275; x_wconf 93' lang='lat' dir='ltr'><strong>II</strong></span> <span class='ocrx_word' id='word_1_855' title='bbox 3286 5219 3458 5275; x_wconf 67' lang='grc' dir='ltr'><strong>(λοισι.</strong></span> <span class='ocrx_word' id='word_1_856' title='bbox 3505 5220 3658 5275; x_wconf 83' lang='lat' dir='ltr'><strong>codd.</strong></span> <span class='ocrx_word' id='word_1_857' title='bbox 3708 5215 3920 5281; x_wconf 86' lang='lat' dir='ltr'><strong>Paris.,</strong></span> <span class='ocrx_word' id='word_1_858' title='bbox 3948 5227 4007 5272; x_wconf 82' lang='lat' dir='ltr'><strong>ut</strong></span> 
     </span>
    </p>
   </div>
   <div class='ocr_carea' id='block_1_110' title="bbox 2434 5308 4003 5381">
    <p class='ocr_par' dir='ltr' id='par_1_110' title="bbox 2434 5308 4003 5381">
     <span class='ocr_line' id='line_1_110' title="bbox 2434 5308 4003 5381; baseline -0.001 -17"><span class='ocrx_word' id='word_1_859' title='bbox 2434 5309 2502 5364; x_wconf 90' lang='lat' dir='ltr'><strong>de</strong></span> <span class='ocrx_word' id='word_1_860' title='bbox 2533 5310 2689 5365; x_wconf 86' lang='lat' dir='ltr'><strong>codd.</strong></span> <span class='ocrx_word' id='word_1_861' title='bbox 2722 5310 3060 5366; x_wconf 84' lang='lat' dir='ltr'><strong>Vindobonn.</strong></span> <span class='ocrx_word' id='word_1_862' title='bbox 3096 5310 3325 5381; x_wconf 85' lang='lat' dir='ltr'><strong>aliisque</strong></span> <span class='ocrx_word' id='word_1_863' title='bbox 3352 5311 3457 5381; x_wconf 88' lang='lat' dir='ltr'><strong>(de</strong></span> <span class='ocrx_word' id='word_1_864' title='bbox 3508 5310 3699 5381; x_wconf 89' lang='lat' dir='ltr'><strong>quibus</strong></span> <span class='ocrx_word' id='word_1_865' title='bbox 3741 5322 3908 5379; x_wconf 90' lang='lat' dir='ltr'><strong>supra</strong></span> <span class='ocrx_word' id='word_1_866' title='bbox 3952 5308 4003 5362; x_wconf 90' lang='lat' dir='ltr'><strong>in</strong></span> 
     </span>
    </p>
   </div>
   <div class='ocr_carea' id='block_1_111' title="bbox 2433 5399 3753 5471">
    <p class='ocr_par' dir='ltr' id='par_1_111' title="bbox 2433 5399 3753 5471">
     <span class='ocr_line' id='line_1_111' title="bbox 2433 5399 3753 5471; baseline -0.001 -16"><span class='ocrx_word' id='word_1_867' title='bbox 2433 5414 2629 5471; x_wconf 80' lang='lat' dir='ltr'><strong>genere</strong></span> <span class='ocrx_word' id='word_1_868' title='bbox 2660 5403 2765 5471; x_wconf 81' lang='lat' dir='ltr'><strong>egi)</strong></span> <span class='ocrx_word' id='word_1_869' title='bbox 2803 5401 3077 5458; x_wconf 81' lang='lat' dir='ltr'><strong>brevitatis</strong></span> <span class='ocrx_word' id='word_1_870' title='bbox 3104 5403 3283 5457; x_wconf 85' lang='lat' dir='ltr'><strong>studio</strong></span> <span class='ocrx_word' id='word_1_871' title='bbox 3320 5412 3542 5457; x_wconf 86' lang='lat' dir='ltr'><strong>taceam.</strong></span> <span class='ocrx_word' id='word_1_872' title='bbox 3586 5399 3753 5455; x_wconf 70' lang='lat' dir='ltr'><strong>lisse.</strong></span> 
     </span>
    </p>
   </div>
   <div class='ocr_carea' id='block_1_112' title="bbox 2500 5490 4008 5565">
    <p class='ocr_par' dir='ltr' id='par_1_112' title="bbox 2500 5490 4008 5565">
     <span class='ocr_line' id='line_1_112' title="bbox 2500 5490 4008 5565; baseline 0.001 -20"><span class='ocrx_word' id='word_1_873' title='bbox 2500 5491 2554 5545; x_wconf 73' lang='grc'><strong>2.</strong></span> <span class='ocrx_word' id='word_1_874' title='bbox 2588 5492 2910 5561; x_wconf 75' lang='grc' dir='ltr'><strong>Παραίνεσις</strong></span> <span class='ocrx_word' id='word_1_875' title='bbox 2934 5493 3061 5563; x_wconf 74' lang='grc' dir='ltr'>περὶ</span> <span class='ocrx_word' id='word_1_876' title='bbox 3098 5493 3374 5565; x_wconf 83' lang='grc' dir='ltr'><strong>ἀποταγῆς</strong></span> <span class='ocrx_word' id='word_1_877' title='bbox 3401 5491 3515 5563; x_wconf 80' lang='grc' dir='ltr'>βίου</span> <span class='ocrx_word' id='word_1_878' title='bbox 3552 5492 3643 5545; x_wconf 79' lang='grc' dir='ltr'><strong>καὶ</strong></span> <span class='ocrx_word' id='word_1_879' title='bbox 3675 5490 4008 5555; x_wconf 67' lang='grc' dir='ltr'><strong>τελειώσεως</strong></span> 
     </span>
    </p>
   </div>
   <div class='ocr_carea' id='block_1_113' title="bbox 2434 5584 4005 5655">
    <p class='ocr_par' dir='ltr' id='par_1_113' title="bbox 2434 5584 4005 5655">
     <span class='ocr_line' id='line_1_113' title="bbox 2434 5584 4005 5655; baseline 0 -17"><span class='ocrx_word' id='word_1_880' title='bbox 2434 5584 2827 5655; x_wconf 80' lang='grc' dir='ltr'><strong>πνευματικῆς.</strong></span> <span class='ocrx_word' id='word_1_881' title='bbox 2871 5586 3183 5640; x_wconf 76' lang='lat' dir='ltr'><strong>Adhortatio</strong></span> <span class='ocrx_word' id='word_1_882' title='bbox 3228 5587 3293 5640; x_wconf 85' lang='lat' dir='ltr'><strong>de</strong></span> <span class='ocrx_word' id='word_1_883' title='bbox 3352 5584 3641 5639; x_wconf 72' lang='lat' dir='ltr'><strong>abdicando</strong></span> <span class='ocrx_word' id='word_1_884' title='bbox 3691 5586 3911 5648; x_wconf 68' lang='lat' dir='ltr'><strong>seculo,</strong></span> <span class='ocrx_word' id='word_1_885' title='bbox 3957 5593 4005 5638; x_wconf 79' lang='lat' dir='ltr'><strong>et</strong></span> 
     </span>
    </p>
   </div>
   <div class='ocr_carea' id='block_1_114' title="bbox 2434 5740 4004 5812">
    <p class='ocr_par' dir='ltr' id='par_1_114' title="bbox 2434 5740 4004 5812">
     <span class='ocr_line' id='line_1_114' title="bbox 2434 5740 4004 5812; baseline -0.001 -16"><span class='ocrx_word' id='word_1_886' title='bbox 2434 5742 2512 5797; x_wconf 92' lang='lat' dir='ltr'><strong>dit</strong></span> <span class='ocrx_word' id='word_1_887' title='bbox 2555 5741 2741 5797; x_wconf 71' lang='lat' dir='ltr'><strong>Gricce</strong></span> <span class='ocrx_word' id='word_1_888' title='bbox 2793 5754 2845 5793; x_wconf 83' lang='lat' dir='ltr'><strong>et</strong></span> <span class='ocrx_word' id='word_1_889' title='bbox 2884 5740 3104 5801; x_wconf 78' lang='lat' dir='ltr'><strong>Latine.</strong></span> <span class='ocrx_word' id='word_1_890' title='bbox 3140 5743 3205 5796; x_wconf 86' lang='lat' dir='ltr'><strong>de</strong></span> <span class='ocrx_word' id='word_1_891' title='bbox 3250 5742 3443 5812; x_wconf 84' lang='lat' dir='ltr'><strong>quibus</strong></span> <span class='ocrx_word' id='word_1_892' title='bbox 3492 5740 3663 5812; x_wconf 74' lang='lat' dir='ltr'><strong>inira,</strong></span> <span class='ocrx_word' id='word_1_893' title='bbox 3716 5752 4004 5811; x_wconf 76' lang='lat' dir='ltr'><strong>monetque.</strong></span> 
     </span>
    </p>
   </div>
   <div class='ocr_carea' id='block_1_115' title="bbox 2435 5811 3900 5881">
    <p class='ocr_par' dir='ltr' id='par_1_115' title="bbox 2435 5811 3900 5881">
     <span class='ocr_line' id='line_1_115' title="bbox 2435 5811 3900 5881; baseline -0.001 -14"><span class='ocrx_word' id='word_1_894' title='bbox 2435 5814 2730 5867; x_wconf 84' lang='lat' dir='ltr'><strong>addendam</strong></span> <span class='ocrx_word' id='word_1_895' title='bbox 2769 5814 2916 5867; x_wconf 88' lang='lat' dir='ltr'><strong>hisce</strong></span> <span class='ocrx_word' id='word_1_896' title='bbox 2948 5815 3197 5868; x_wconf 79' lang='lat' dir='ltr'><strong>aSCt‘licIS</strong></span> <span class='ocrx_word' id='word_1_897' title='bbox 3235 5811 3512 5881; x_wconf 82' lang='lat' dir='ltr'><strong>epistolam</strong></span> <span class='ocrx_word' id='word_1_898' title='bbox 3547 5811 3727 5867; x_wconf 84' lang='lat' dir='ltr'><strong>Basilii</strong></span> <span class='ocrx_word' id='word_1_899' title='bbox 3772 5812 3900 5867; x_wconf 72' lang='lat' dir='ltr'><strong>Ml.</strong></span> 
     </span>
    </p>
   </div>
  </div>
