4212 6486
1482 411 1762 469 ΝΟΤΙἸΊᾹ
1804 411 1889 464 EX
1940 408 2137 463 I".\lilll
2173 409 2273 462 .IU.

1181 536 1346 588 Δεῦτε
1403 535 1540 606 πρὸς
1604 533 1670 605 μὲ
1704 532 1833 585 πάν-

1944 531 1989 583 in
2024 528 2401 596 compendium
2453 526 2721 587 redactae;
2757 523 2821 575 de
2870 535 2973 590 quo
3013 520 3136 573 cod.
3174 516 3375 572 multus
3418 525 3503 570 est

245 540 469 611 epiriteli
500 541 839 610 perfectione.
870 537 1063 607 Incipit
1116 556 1128 591 :

246 654 353 699 τις,
382 651 503 705 pag.
532 634 655 690 232.
676 634 893 707 [ϐαι-11η
922 650 976 705 p.
1008 632 1113 688 202
1144 631 1252 702 sq].

314 730 367 783 3.
405 727 541 798 Περὶ
581 729 887 799 ἀσκήσεως,
929 726 1045 789 πῶς
1073 724 1152 777 δεῖ
1177 722 1501 795 κοσμεῖσθαι
1533 722 1627 777 τδν
1657 739 1825 794 μονα-

245 820 363 891 χὸν,
391 819 465 874 De
500 822 872 874 exercitatione
902 818 1216 881 moxaslica,
1247 834 1348 885 quo
1376 833 1430 869 se
1457 816 1640 869 debeat
1682 826 1829 883 pacto

246 915 480 966 excolere
506 924 553 966 et
584 927 774 964 ornare
798 910 1105 962 monac/tus.
1138 908 1330 978 Incipit
1364 927 1376 962 :
1407 910 1499 961 Δεῖ
1529 908 1621 961 τὸν
1670 923 1831 977 μονα·

246 1003 343 1075 χδν
370 1003 479 1075 πρὸ
531 1002 744 1056 πάντων
773 999 1080 1071 ἁκτήμονος
1112 998 1227 1070 βίον
1254 998 1574 1069 κεκτῆσθαι.
1602 996 1662 1055 Ρ.
1702 996 1827 1051 2w.

250 1094 443 1168 [Germ
475 1108 530 1163 p.
557 1092 687 1156 2H,
714 1089 847 1163 etc.]

315 1186 375 1243 4.
414 1185 549 1257 Περὶ
580 1184 836 1247 πίστεως,
881 1182 954 1236 De
975 1181 1097 1249 ﬁde.
1148 1180 1335 1249 Incipit
1363 1196 1377 1234 :
1405 1177 1539 1234 Θεοῦ
1572 1175 1667 1231 τοῦ
1700 1177 1833 1243 ἁγα-

250 1279 345 1334 θοῦ
378 1280 589 1351 χάριτι.
625 1277 756 1348 Pag.
789 1278 917 1333 249.
938 1276 1104 1332 Fasti.
1129 1272 1359 1330 Garnier
1384 1271 1628 1326 ordinem
1661 1279 1835 1322 nmia-

250 1375 349 1437 vit,
400 1382 475 1435 et,
528 1370 891 1442 praeeuntibus
944 1368 1151 1429 Pbotio,
1200 1365 1288 1420 ed.
1326 1364 1527 1419 Veneta
1576 1361 1835 1425 librisque

250 1463 547 1527 veteribus,
574 1462 754 1531 priore
783 1460 899 1513 loco
939 1458 1104 1513 libell.
1153 1456 1225 1510 De
1246 1455 1452 1525 judicio
1501 1452 1621 1516 Dei,
1648 1467 1700 1519 p.
1729 1450 1834 1504 2l5

251 1570 360 1626 sq.,
391 1554 686 1624 posteriore
736 1564 913 1604 autem
967 1564 1089 1619 pag.
1127 1549 1255 1613 9.23,
1292 1548 1367 1601 De
1406 1546 1510 1615 ﬁde
1570 1544 1830 1614 reposuit.

252 1650 396 1704 Idem
429 1649 481 1700 in
510 1643 659 1713 praei.
701 1658 826 1713 pag.
858 1658 1065 1697 xxxvm
1092 1655 1212 1710 sqq.
1244 1639 1363 1692 illos
1399 1635 1607 1692 libellos
1634 1645 1689 1689 et
1718 1650 1835 1687 mo-

254 1741 388 1795 ralia
420 1738 617 1791 asserit
643 1735 863 1797 Basilio,
896 1744 1086 1789 contra
1117 1730 1523 1792 Combelisium,
1556 1726 1663 1780 duo
1691 1726 1837 1795 prio-

253 1848 343 1887 res
392 1831 485 1886 lib.
518 1829 801 1885 Eustatbio
850 1828 1206 1883 ascribcntem
1234 1862 1250 1885 ,
1292 1821 1502 1874 fortiter
1549 1819 1833 1872 dimicans.

251 1922 586 1981 Tillemontii
613 1936 828 1992 quoque
852 1917 1212 1973 dubitationes
1240 1914 1397 1967 tollit.
1434 1911 1602 1970 lltnL.

320 2016 375 2073 5.
413 2017 704 2089 Πρωίμιον
734 2014 842 2067 τῶν
900 2009 1142 2065 Ἠθικῶν
1188 2008 1316 2078 περὶ
1360 2004 1622 2077 κρίματος
1666 1998 1836 2062 Θεοῦ,

251 2113 558 2176 proemium
590 2108 658 2160 ad
692 2105 895 2168 Ethice,
923 2109 986 2156 de
1030 2102 1235 2170 judicio
1287 2098 1403 2156 Dei.
1436 2096 1626 2165 Incipit
1655 2111 1669 2147 :
1702 2092 1837 2146 Θεοῦ

250 2198 347 2253 τοῦ
370 2197 578 2268 ἀγαθοῦ
604 2195 950 2268 χρηστότητι.
978 2193 1037 2247 Ρ.
1070 2192 1199 2246 257.

321 2294 376 2347 6.
416 2290 704 2362 Προοίμιον
731 2286 840 2340 τῶν
884 2284 1146 2341 Ἠθικῶν.
1170 2282 1326 2337 Aliud
1354 2279 1665 2336 Praemium
1696 2278 1842 2331 brere

252 2388 321 2441 ad
360 2382 575 2445 Ethice,
599 2382 667 2436 de
701 2380 804 2445 his,
834 2378 1020 2447 quaein
1044 2377 1216 2431 sacris
1242 2374 1435 2428 litteris
1470 2373 1633 2425 vetita
1664 2369 1842 2439 juss-i-

252 2492 319 2533 να
366 2485 513 2531 sunt.
579 2474 769 2543 Incipit
812 2487 823 2521 :
869 2471 951 2524 Τὰ
1018 2468 1146 2540 περὶ
1193 2467 1291 2535 τῆς
1348 2460 1699 2533 ὑγιαινούσης
1748 2462 1839 2514 πί-

251 2583 444 2631 στεως.
471 2565 599 2636 I’ag.
621 2563 748 2619 272.

324 2659 375 2713 7.
432 2657 648 2721 Ἠθικά,
689 2656 875 2724 Capita
923 2652 1148 2711 moralia
1184 2648 1516 2710 Christiana,
1567 2663 1634 2701 ex
1680 2648 1843 2700 meris

252 2752 386 2809 Nini
413 2750 745 2807 Testamenti
768 2745 930 2802 dicuis
956 2753 1205 2799 contexta
1228 2753 1284 2797 et
1301 2742 1503 2811 regulis
1533 2737 1725 2796 LXXX
1742 2738 1842 2793 sub

254 2847 420 2899 certis
465 2842 736 2910 capitibus
779 2840 893 2893 sive
940 2836 1111 2892 titulis
1164 2835 1575 2903 comprehensa.
1614 2832 1838 2900 Incipit.

257 2935 379 2989 ὀτι
427 2933 506 2986 δεῖ
554 2932 680 2995 τοὺς
732 2928 1088 2989 πιστεύοντας
1144 2924 1223 2995 τῷ
1266 2924 1456 2993 Κυρίῳ
1512 2920 1842 2992 μετανοῆσαι

255 3025 492 3100 πρῶτον.
526 3024 654 3095 Pag.
694 3023 821 3078 273.
857 3021 1046 3094 [Carm
1078 3018 1140 3084 ll,
1173 3032 1295 3087 pag.
1331 3015 1436 3073 234
1466 3014 1617 3086 sqq.]
1663 3013 1842 3081 Quaa-

254 3133 419 3187 quam
448 3131 578 3171 vero
606 3115 859 3169 nonnulla
901 3114 1017 3165 loca
1065 3111 1389 3179 scriptorum
1432 3120 1712 3163 sacrorum
1740 3105 1839 3159 ali-

3345 417 3495 458 CCI-\l

1933 619 2126 675 lriarte
2155 618 2209 673 in
2240 617 2358 675 Cat.
2390 616 2543 670 codd.
2577 613 2674 668 Gr.
2705 613 2911 667 Matrit.
2942 626 3064 683 pag.
3095 610 3201 664 410
3236 622 3381 679 ειμι,
3413 608 3503 676 qui

1930 728 1994 767 ex
2046 727 2113 768 eo
2142 721 2254 765 tum
2285 710 2537 774 indicem,
2580 716 2689 762 tum
2723 707 3000 775 prologum
3042 701 3139 759 Gr.
3190 700 3501 769 exscripsit.

1931 804 2067 858 Tum
2098 802 2319 858 uberius
2365 810 2629 857 memorat
2659 798 2901 853 notitiam
2936 812 3000 852 ac
3034 794 3330 852 versionem
3362 792 3508 846 illius

1934 896 2175 965 opusculi
2211 895 2413 951 laudati
2449 892 2815 963 Hispanicum,
2848 909 2877 943 a
2922 890 3194 944 Ludovico
3225 886 3292 941 ab
3323 884 3506 953 Ange-

1934 986 2023 1049 lis,
2052 985 2305 1041 Basiliani
2344 984 2553 1040 ordinis
2589 983 2885 1047 monacho,
2940 980 3241 1037 confectam
3266 1019 3279 1041 ,
3316 978 3508 1031 collato

1936 1079 2125 1135 Latino
2168 1076 2458 1134 cardinalis
2508 1075 2691 1131 Sirleti
2738 1073 3068 1143 exemplari;
3122 1073 3255 1127 edit.
3308 1070 3508 1138 llispali

1938 1172 2095 1237 1615,
2122 1170 2176 1225 4.
2202 1199 2276 1219 -ι-
2300 1168 2498 1224 Matriti
2528 1168 2689 1233 £664,
2715 1168 2771 1223 4.
2793 1198 2863 1207 —
2892 1165 3131 1223 Correct.
3181 1164 3253 1217 ib.
3286 1163 3424 1217 1609
3458 1171 3512 1216 et

1938 1262 2096 1327 I669,
2132 1261 2187 1319 8.
2237 1272 2291 1315 et
2336 1276 2467 1315 cura
2514 1259 2709 1315 Franc.
2751 1260 2817 1314 de
2869 1257 3055 1328 Bejar,
3102 1256 3231 1312 ibid.
3286 1255 3423 1309 1756
3457 1264 3513 1309 et

1938 1354 2097 1418 I749,
2132 1353 2216 1413 I2.
2248 1351 2420 1406 Ηηιε..

2008 1444 2091 1498 11.
2137 1443 2293 1515 Ὅροι
2328 1442 2447 1496 κατ’
2474 1442 2762 1512 ἐπιτομήν,
2799 1439 3008 1510 Regula:
3040 1438 3328 1502 breviores,
3362 1452 3511 1506 quie-

1938 1535 2204 1589 stionibus
2228 1544 2285 1589 et
2316 1533 2757 1603 responsionibus
2778 1547 2991 1587 cccxnt.
3015 1532 3282 1599 Incipiunt
3310 1531 3399 1582 :‘0
3426 1547 3514 1598 φι-

1939 1627 2257 1697 λάνθρωπος
2293 1625 2459 1689 Θεός,
2487 1640 2604 1694 pag.
2634 1624 2755 1678 505.
2799 1624 3010 1679 Pridem
3049 1634 3170 1676 ante
3213 1621 3513 1675 Fumarium

1938 1730 2176 1772 verterat
2205 1718 2463 1781 Ilnlinus,
2493 1718 2646 1787 cujus
2677 1718 2850 1769 versio
2882 1724 3062 1771 exstat
3110 1716 3161 1769 in
3191 1714 3350 1768 Lucze
3390 1712 3517 1765 llol-

1938 1813 2092 1866 steuii
2108 1809 2299 1864 Codice
2322 1808 2618 1877 regularum
2642 1811 3074 1872 ιιιοηιιδιὶεαηιιιι,
3103 1807 3257 1862 Rcui.
3280 1805 3410 1861 1661
3428 1848 3441 1865 ,
3458 1804 3513 1871 4,

1942 1916 2095 1971 parte
2141 1918 2180 1966 ι,
2233 1917 2355 1971 pag.
2388 1899 2457 1954 95
2494 1916 2609 1966 seq.
2653 1898 2769 1951 Alia
2823 1899 2963 1965 apud
3018 1898 3286 1968 Rudolpb.
3324 1896 3517 1965 linsm-

1944 1996 2158 2049 iiiauum
2202 1994 2294 2048 lib.
2338 2010 2394 2047 ιιι
2440 1993 2510 2047 De
2533 1994 2729 2062 origine
2760 2002 2807 2046 et
2836 2006 3109 2062 progressu
3143 1996 3518 2055 monac/tatus.

1944 2105 2061 2159 pag.
2096 2087 2163 2144 69
2193 2102 2307 2155 seq.
2352 2086 2518 2146 Fasti.
2552 2087 2742 2147 Carm,
2790 2086 2852 2150 ll,
2890 2103 3009 2157 pag.
3042 2085 3139 2140 40l
3183 2100 3328 2155 sqq.,
3358 2086 3517 2139 iudex

1942 2181 2175 2249 capitum
2212 2180 2446 2241 illorum,
2483 2193 2604 2245 pag.
2639 2178 2763 2244 415,
2796 2179 3042 2244 sequitur
3073 2178 3417 2246 proreminm,
3463 2187 3519 2229 et

1943 2289 1994 2341 p.
2024 2273 2129 2328 414
2164 2290 2282 2341 sqq.
2334 2270 2546 2339 lirgultt'
2596 2272 2724 2339 ipsa:
2774 2270 3071 2325 breviores.
3128 2270 3183 2329 In
3219 2272 3337 2326 cod.
3380 2269 3521 2329 τευ-τ

1945 2366 2048 2419 rin.
2124 2363 2237 2419 XCI
2310 2364 2506 2434 regulae
2581 2362 2750 2417 fusius
2806 2372 3045 2419 tractatu:
3110 2376 3165 2416 et
3244 2364 3522 2416 breviores

1943 2471 2099 2526 capp.
2132 2455 2238 2510 550
2266 2458 2522 2510 continuo
2553 2456 2818 2523 leguntur,
2864 2454 2916 2509 in
2956 2472 3116 2510 unum
3147 2470 3340 2525 corpus
3375 2458 3523 2509 reda.

1942 2558 2065 2600 oue.
2114 2544 2176 2601 γ.
2210 2546 2381 2602 Cutul.
2429 2547 2582 2599 codd.
2628 2543 2723 2598 Cr.
2756 2543 2943 2611 Taur.,
2987 2562 3105 2617 pag.
3152 2545 3522 2612 182.—Qiue

1944 2640 2008 2693 de
2035 2636 2215 2691 Rufini
2266 2638 2534 2701 versione,
2589 2652 2707 2691 eam
2749 2650 2868 2690 esse
2924 2648 3259 2690 contractam
3292 2636 3523 2704 Regula-

1946 2748 2061 2784 rum
2118 2732 2421 2785 breviorum
2476 2729 2533 2785 S.
2596 2728 2801 2794 Basilii,
2857 2744 2981 2783 cum
3034 2727 3271 2794 Labbuo,
3323 2727 3517 2795 Dupin,

1943 2824 2141 2884 Cavea,
2171 2822 2381 2878 Oudino
2423 2822 2654 2891 aliisque
2684 2821 2976 2891 scripserat
3006 2820 3306 2883 Fabricius,
3338 2835 3400 2874 ea
3432 2836 3521 2871 ca-

1943 2916 2161 2985 stigavit
2190 2915 2526 2972 Lambacber
2560 2915 2612 2967 in
2647 2914 2783 2971 Bibl.
2814 2914 3029 2981 antiqua
3070 2912 3292 2968 Vimlob.
3334 2913 3522 2971 civica.

1944 3023 2061 3076 pag.
2101 3004 2169 3059 86
2214 3021 2323 3073 Sq.,
2360 3014 2469 3060 not.
2508 3023 2561 3066 α.
2606 3016 2682 3068 et,
2718 3015 2971 3061 monente
3006 3006 3116 3073 jam
3147 3004 3439 3059 Passeviuo
3471 3004 3523 3059 in

1944 3102 2139 3169 Appur.
2175 3115 2346 3161 sacro,
2379 3099 2483 3152 vol.
2519 3100 2560 3161 I,
2592 3115 2712 3169 pag.
2747 3098 2872 3162 185,
2906 3097 3317 3161 animadvertit,
3348 3111 3379 3149 a
3411 3097 3524 3150 Rn-

259 3222 338 3265 ter
360 3211 687 3279 quandoque
713 3208 868 3270 citat,
894 3220 1053 3274 quam
1085 3205 1135 3258 in
1172 3202 1402 3273 vulgatis
1437 3199 1570 3257 Novi
1596 3198 1839 3255 Ftederis
1869 3234 1910 3287 ε
1949 3193 2055 3245 lino
2086 3202 2192 3244 tam
2226 3190 2503 3246 breviores
2532 3206 2692 3261 quam
2728 3189 2901 3246 fusius
2925 3192 3229 3260 disputatas
3266 3188 3522 3258 Regulae,

254 3302 534 3359 codicibus
574 3302 731 3356 hodie
774 3300 1049 3369 lt'gitnlur,
1086 3310 1266 3351 tamen
1304 3296 1537 3349 intutum
1579 3291 1742 3345 fuerit
1774 3304 1840 3343 ex

254 3411 320 3448 eo
349 3396 437 3449 illa
475 3396 527 3449 in
557 3396 640 3450 his
675 3393 970 3461 corrigere,
1020 3402 1076 3445 ut
1125 3391 1290 3457 probe
1341 3384 1653 3441 observavit
1686 3380 1840 3435 ltich.

257 3486 468 3552 Simon,
501 3498 630 3541 tom.
670 3485 733 3539 Ill
782 3483 920 3537 Hist.
954 3482 1151 3536 criticte
1178 3478 1252 3535 Ν.
1286 3477 1373 3541 Τ..
1406 3491 1526 3546 pag.
1564 3473 1684 3536 111.
1718 3488 1841 3527 nam

256 3595 363 3637 non
391 3587 602 3633 tantum
622 3586 724 3639 est,
758 3576 974 3644 quando
1003 3590 1035 3630 e
1067 3572 1323 3628 memoria
1359 3570 1529 3635 citat;
1564 3567 1657 3623 sed
1680 3567 1842 3621 etiam

258 3672 325 3725 ad
345 3678 728 3739 argumentum
750 3683 907 3724 suum
930 3682 1205 3721 sacrorum
1232 3665 1557 3731 scriptorum
1580 3661 1741 3715 verba
1774 3660 1843 3714 le-

260 3762 693 3817 viterimmutata
719 3759 1109 3814 accommodat.
1131 3756 1295 3813 Fasti.
1312 3754 1471 3815 Cont'.
1500 3750 1841 3809 Schroeckb.

258 3855 297 3913 ι.
328 3869 405 3916 ο..
440 3868 493 3923 ρ.
526 3851 711 3917 16-24.
746 3851 913 3905 lim...

327 3947 380 4001 8.
425 3946 595 4018 Λόγος
638 3941 957 4014 ἁσκητικός,
998 3939 1423 3994 Deinstitutione
1470 3935 1727 4002 religiosa:
1770 3935 1843 3982 ri-

261 4049 344 4092 tte.
370 4036 668 4104 Incipitz'O
685 4033 973 4102 ἄνθρωπος
1005 4032 1124 4088 κατ’
1153 4029 1338 4085 εἰκόνα
1370 4026 1529 4080 Θεοῦ.
1561 4026 1688 4095 Pag.
1717 4026 1842 4081 589.

262 4130 453 4207 [ϐαι-ιι.
491 4142 614 4198 pag.
642 4128 748 4183 518
779 4142 900 4197 sqq.
928 4121 1085 4179 Conf.
1117 4119 1471 4188 Schrpeckli..
1501 4135 1553 4188 p.
1582 4117 1651 4173 29
1694 4115 1840 4187 sqq.]

330 4224 385 4280 9.
438 4221 816 4283 ’Υποτύπωσις
862 4217 1184 4287 ἀσκήσεως,
1250 4215 1344 4265 καὶ
1405 4210 1671 4282 πρόλογος
1738 4209 1845 4261 τῶν

261 4319 424 4388 ὅρων,
469 4313 746 4383 Religiosi»
790 4313 905 4364 vim
950 4308 1115 4363 brevis
1155 4303 1418 4359 institutio
1455 4313 1502 4355 et
1534 4304 1602 4355 ad
1640 4304 1845 4369 regulus

261 4406 517 4478 prolusio.
553 4405 629 4460 Ita
674 4404 726 4459 in
760 4417 863 4457 ms.
891 4400 1034 4469 regis
1066 4394 1441 4452 Cbristianiss.
1475 4394 1552 4461 (a)
1590 4392 1844 4447 inscribi-

267 4511 351 4553 tur
384 4499 488 4552 hoc
513 4498 805 4567 scriptum,
839 4494 980 4564 quod
1016 4492 1068 4545 in
1100 4490 1259 4544 editis
1292 4503 1395 4543 non
1423 4483 1587 4541 alium
1632 4482 1841 4537 titulum

1948 3294 2167 3338 neutras
2217 3294 2393 3338 tamen
2450 3286 2657 3355 integre
2704 3299 2893 3339 versas
2936 3298 3056 3339 esse
3102 3300 3115 3335 :
3162 3282 3414 3337 Ruﬁnum
3446 3285 3527 3334 III-

1947 3376 2170 3429 choasse
2205 3378 2505 3429 versionem
2536 3390 2689 3430 suam
2719 3391 2747 3427 a
2784 3376 3071 3445 prommio,
3108 3376 3252 3443 quod
3293 3373 3526 3429 Basilius

1948 3468 2274 3536 prmmiserat
2306 3465 2526 3535 Regulus
2554 3467 2667 3520 suis
2691 3466 3032 3521 brevioribus
3058 3485 3071 3528 ;
3111 3469 3177 3519 ah
3203 3468 3318 3536 ipso
3350 3468 3526 3535 primo

1940 3559 2126 3628 capite
2166 3557 2434 3625 incepisse
2481 3555 2713 3629 Ilegulas
2757 3556 3013 3621 fusiores,
3060 3561 3233 3625 iisque
3289 3561 3526 3612 nondum

1953 3651 2218 3706 absolutis
2267 3650 2393 3705 hinc
2442 3649 2565 3705 inde
2631 3650 2986 3706 admiscuisse
3040 3653 3271 3722 Itegnlas
3309 3652 3527 3706 brevio-

1948 3759 2056 3806 res,
2090 3746 2333 3812 adeoque
2356 3758 2421 3797 ex
2455 3744 2699 3810 utrisque
2744 3758 2907 3797 unum
2936 3758 3074 3812 opus
3110 3744 3435 3814 reddidisse,
3471 3746 3530 3803 is.

1947 3843 2164 3887 centum
2193 3834 2372 3901 capita
2398 3834 2733 3907 distinctum.
2754 3836 2829 3889 lta
2850 3838 3012 3890 etiam
3038 3836 3347 3906 iudicarunt
3373 3836 3525 3907 llugo

1948 3926 2231 3979 λιυιιιιηιιις
2281 3926 2332 3979 in
2383 3927 2525 3979 notis
2576 3926 2641 3978 ad
2694 3927 3041 3980 Concordiam
3112 3930 3445 3995 regularmn,
3495 3950 3523 3982 a

1950 4019 2006 4071 ὃ.
2044 4017 2332 4073 Benedicto
2359 4020 2656 4075 Anianeusi
2695 4020 2890 4076 abbate
2923 4022 3078 4075 initio
3104 4023 3283 4077 saeculi
3315 4040 3362 4075 ix
3398 4044 3528 4076 ιυιι-

1950 4115 2167 4175 rectam,
2208 4126 2260 4177 p.
2297 4110 2387 4173 56,
2433 4123 2488 4164 et
2514 4109 2653 4166 Just.
2711 4112 3049 4168 Fontaninus
3088 4114 3140 4167 in
3176 4113 3413 4168 Historia
3441 4117 3528 4165 lli-

1948 4203 2144 4256 teraria
2183 4201 2522 4269 Aquileiensi,
2576 4202 2665 4256 lib.
2699 4218 2748 4263 ν,
2790 4218 2910 4271 cap.
2958 4205 3007 4269 1,
3044 4220 3096 4273 p,
3136 4204 3242 4262 205
3295 4220 3402 4275 sq.,
3437 4206 3525 4260 tibi

1947 4307 2164 4364 quoque
2218 4297 2377 4348 docte
2426 4303 2671 4348 recenset
2722 4293 2993 4350 editiones
3063 4298 3527 4367 interpretationis

1952 4386 2092 4439 illius
2141 4383 2305 4455 (sirpe
2364 4388 2763 4454 parapliraseos
2808 4386 3008 4455 potius,
3064 4389 3245 4442 multis
3284 4390 3447 4442 etiam
3497 4406 3527 4444 a

1952 4474 2145 4530 Ruﬁno
2172 4475 2239 4531 de
2282 4491 2381 4529 suo
2413 4475 2679 4544 intextis).
2730 4474 3014 4546 Copiosius
3063 4486 3241 4532 tamen
3282 4490 3529 4534 recenset

263 4592 445 4654 habet,
474 4566 819 4657 (ιιιιιιιιΛόγος
846 4584 1161 4658 ἀσκητικός,
1194 4582 1386 4649 luc.pit
1423 4597 1437 4633 :
1467 4578 1523 4631 '0
1546 4574 1838 4647 ἀσκητικὸς

1952 4570 2210 4637 quasdam
2253 4569 2406 4621 editt.
2463 4566 2763 4621 lluliniante
2808 4570 3006 4639 regula:
3041 4570 3441 4627 Schmiiemaim
3473 4574 3524 4625 iu

265 4684 398 4757 βίος.
436 4695 559 4751 pag.
589 4678 711 4734 397.
750 4677 916 4735 Fna.
947 4677 1138 4739 Garu.,
1167 4674 1227 4737 ll,
1263 4689 1384 4743 pag.
1430 4669 1537 4726 523
1573 4682 1720 4737 sqq.,
1751 4671 1842 4736 qui

264 4792 328 4833 ex
357 4787 587 4844 utraque
634 4773 723 4827 ed.
774 4768 894 4823 Par.
927 4778 981 4822 et
1026 4768 1146 4821 cod.
1181 4764 1426 4820 Combel’.
1458 4761 1604 4817 dedit
1648 4761 1843 4815 instra-

266 4868 499 4935 ptionem
545 4880 559 4916 :
613 4861 720 4919 Τοῦ
753 4858 915 4914 αὑτοῦ
963 4857 1119 4927 λόγος
1155 4854 1491 4927 ἀσκητικός,
1521 4860 1577 4907 et
1627 4853 1679 4906 in
1717 4862 1840 4904 nota

265 4956 495 5010 aliorum
519 4951 677 5006 codd.
716 4950 927 5003 titulum
966 4945 1244 5003 indicavit.
1276 4943 1449 4998 IIAIIL.

331 5048 420 5107 10.
465 5044 623 5115 Ὅροι
652 5042 793 5097 κατά
820 5040 1041 5105 πλάτος.
1092 5038 1300 5107 Regula:
1344 5034 1713 5091 monachorth
1751 5040 1836 5099 In.

264 5144 368 5196 tius
418 5141 701 5207 disputata
750 5150 843 5204 per
883 5135 1207 5204 quaestiones
1232 5140 1286 5183 et
1315 5128 1691 5199 responsiones
1726 5125 1837 5180 LV.

264 5232 570 5302 Incipiunt:
622 5227 839 5299 Ἐπειδὴ
882 5224 1017 5279 Θεοῦ
1068 5224 1268 5295 χάριτι.
1323 5219 1452 5291 Pag.
1502 5218 1624 5272 402.
1670 5218 1838 5273 Faue.

264 5320 450 5385 Garu.,
482 5320 547 5385 ll,
578 5335 701 5391 pag.
727 5318 830 5376 327
865 5332 1007 5385 sqq.,
1038 5317 1127 5384 qui
1165 5330 1227 5369 ex
1271 5313 1429 5366 codd.
1464 5312 1713 5380 (quorum
1750 5326 1839 5361 va-

269 5416 487 5469 rietates
516 5414 568 5465 in
609 5422 724 5467 not.
760 5410 959 5479 attulit)
988 5418 1105 5477 pust
1152 5406 1355 5462 πλάτος
1404 5405 1611 5457 addidit
1646 5402 1840 5473 11900!—

271 5521 407 5574 μιαν.
434 5531 505 5547 -ι
536 5500 751 5571 Regula:
790 5503 916 5571 ipsa:
956 5516 969 5552 :
1001 5495 1281 5564 Κεφάλαια
1311 5491 1419 5548 τῶν
1458 5493 1599 5546 κατὰ
1640 5491 1841 5552 πλάτος

268 5598 427 5666 ὅρων,
465 5595 728 5662 incipiunt
758 5608 879 5662 pag.
908 5591 1032 5646 332.
1063 5587 1262 5643 Matriti
1313 5588 1367 5641 in
1400 5586 1521 5640 cod.
1552 5583 1638 5638 CV
1676 5582 1841 5646 Regio

274 5699 392 5742 sunt
420 5686 599 5742 Basilii
630 5684 699 5741 5|.
743 5684 992 5739 ascetica:
1030 5692 1084 5736 et
1129 5679 1442 5733 monasticae
1496 5674 1839 5729 consdtutio-

272 5797 365 5837 nes
398 5797 496 5848 pro
524 5779 822 5843 monachis,
870 5792 899 5830 a
927 5775 1266 5837 Bessarione,
1312 5771 1472 5825 Patre
1514 5776 1833 5836 purpurato,

344 5895 417 5969 (α)
456 5896 588 5954 Vide
611 5891 991 5949 Combellsium
1029 5902 1158 5946 toni.
1195 5889 1253 5946 11,
1287 5904 1403 5955 pag.
1440 5886 1556 5939 I33.

587 5994 839 6058 Parnm.
902 5991 1018 6052 (in.
1055 5987 1263 6049 XXIX

1951 4658 2575 4716 Bibl.‘ltistorica-liuer.
2620 4656 2846 4712 Patrum
2893 4660 3092 4728 Latin.,
3152 4673 3279 4718 tom.
3326 4665 3362 4727 Ι,
3400 4681 3523 4734 pag.

1948 4745 2207 4803 6i9-622.
2239 4746 2280 4799 Α
2314 4745 2583 4802 Maittaire
2608 4748 2674 4802 Δ.
2718 4746 2804 4814 Τ.,
2834 4747 2923 4809 ιν.
2953 4764 3073 4820 pag.
3109 4753 3231 4818 710,
3264 4755 3392 4810 edit.
3429 4754 3527 4809 Ve-

1947 4852 2067 4897 neta
2120 4839 2279 4913 1500,
2329 4841 2387 4906 4,
2434 4846 2512 4896 sic
2562 4842 2764 4897 citatur
2809 4857 2823 4895 :
2875 4839 3088 4913 Regulw
3129 4846 3185 4900 S.
3234 4846 3521 4910 Benedicti,

1946 4932 2009 4987 S.
2034 4910 2241 4997 Basilii,
2266 4930 2325 4987 S.
2358 4932 2678 5000 Angustim'i,
2726 4944 2773 4987 et
2820 4910 3090 4990 Francisci
3123 4938 3327 4992 collect.
3373 4957 3524 5012 atque

1945 5020 2173 5071 ordinat.
2210 5033 2302 5085 per
2328 5017 2392 5070 ι).
2422 5016 2513 5071 Jo.
2552 5015 2748 5073 Franc.
2777 5019 3086 5075 Brixianam
3110 5026 3418 5077 monachum
3454 5057 3523 5067 --

1943 5128 2069 5163 cura
2097 5120 2143 5163 et
2172 5110 2414 5177 impensis
2438 5140 2507 5151 —
2526 5108 2653 5165 Luc.
2694 5114 2905 5165 Antonii
2935 5113 2998 5166 de
3041 5112 3264 5179 Giunta,
3302 5115 3527 5171 Floren-

1943 5202 2061 5265 tini,
2097 5212 2209 5255 arte
2242 5214 2287 5254 et
2337 5204 2515 5255 solerti
2558 5205 2762 5273 ingenia
2812 5207 3051 5273 magistri
3107 5206 3195 5262 lo.
3227 5210 3292 5261 de
3340 5208 3517 5274 Spim.

1948 5294 2129 5350 Venet.
2164 5293 2321 5358 15M),
2340 5293 2393 5348 ι.
2423 5296 2567 5350 Adde
2590 5295 2813 5350 Bandini
2833 5298 3025 5353 Annal.
3049 5298 3263 5354 Juntar.
3291 5312 3477 5371 typogr
3504 5346 3520 5368 ,

1944 5392 2084 5453 part.
2124 5399 2164 5446 ι.
2198 5398 2317 5453 pag.
2353 5385 2407 5439 7.
2446 5384 2617 5441 Hann.

2016 5490 2103 5545 12.
2155 5490 2455 5561 Ἐπιτιμια,
2497 5490 2671 5547 Parma
2721 5493 2809 5547 LX
2856 5496 2908 5549 in
2959 5497 3269 5562 monachos,
3319 5511 3375 5555 et
3404 5500 3521 5555 XIX

1948 5583 2207 5637 adversus
2257 5586 2549 5637 umnachas
2586 5585 2959 5654 delinquentes
3007 5591 3111 5657 (εἰς
3159 5590 3253 5653 τὰς
3309 5610 3521 5647 κανονις

1947 5671 2069 5737 κάς)
2117 5674 2443 5727 constitutae.
2498 5674 2688 5743 Incipit
2721 5691 2735 5729 :
2769 5676 2835 5729 Εἴ
2871 5696 2955 5744 τις
2998 5680 3255 5751 ὑγιαίνων
3297 5683 3375 5755 τῷ
3418 5684 3521 5737 σώη

1947 5778 2094 5832 post.
2144 5759 2268 5829 Pag.
2319 5762 2442 5817 (558.
2499 5762 2638 5821 Finit
2719 5764 2888 5820 Garri.
2944 5767 3006 5830 Il,
3058 5782 3181 5835 pug.
3238 5768 3342 5825 526
3374 5785 3516 5844 sqq.,

3119 5991 3161 6063 7
