4212 6490
723 414 904 456 CCLXII

2079 402 2606 463 PRULEGOMENA.

725 521 904 575 Pana:
936 520 1025 575 LX
1052 523 1435 591 in'monocltos,
1467 533 1518 578 et
1547 538 1665 594 pag.
1692 524 1794 578 550
1828 537 1932 592 sq.,
1970 522 2140 578 Pirum
2165 523 2299 578 ΧΙΧ
2329 534 2374 587 Α
2404 536 2686 597 utramque
2732 539 2937 597 partem
2982 530 3331 601 disputantur
3364 549 3392 587 a
3442 533 3528 589 ιο.
3570 538 3801 607 Georgio
3842 537 3982 593 Dor-

726 616 780 667 iu
808 614 1187 667 canonica:.‘lit
1225 615 1376 683 przef.
1414 632 1534 685 pag.
1568 631 1735 669 uxm
1769 632 1914 685 sqq.,
1948 614 2089 685 §XI.
2123 617 2299 685 dispu-

726 717 805 759 tat
839 707 902 759 de
936 707 1057 762 illis.
1094 707 1147 760 lu
1190 710 1347 762 editt.
1385 709 1557 763 Paris.
1604 711 1844 780 adeoque
1899 712 1950 763 in
1986 712 2297 766 recensione

721 798 935 856 Fabric.
987 800 1237 869 Epitimia
1292 818 1394 856 non
1455 806 1644 856 eodem
1701 804 1816 858 loco
1874 804 2156 871 leguntur;
2216 806 2294 858 sic

719 890 845 942 olim
880 907 933 942 n.
972 890 1040 943 12
1073 906 1243 959 [unum
1286 890 1349 945 XI
1400 894 1448 945 in
1487 893 1778 947 monachos
1807 906 1860 948 et
1892 893 2013 947 XIX
2052 897 2173 949 adv.
2200 912 2293 948 ca-

722 981 966 1046 nonicas,
1008 993 1061 1036 et
1103 1000 1154 1036 n.
1198 983 1259 1037 11
1294 1000 1467 1054 ptenze
1504 985 1541 1038 l.
1571 987 1621 1039 in
1655 988 1952 1042 monachos
2003 998 2054 1041 et
2105 1004 2292 1041 mona.

719 1072 851 1125 chas
904 1072 1294 1143 delinquentes,
1360 1094 1477 1148 pag.
1528 1077 1618 1131 751
1672 1080 1758 1133 ed.
1807 1080 1981 1134 Paris.
2028 1098 2075 1134 ιι.
2132 1081 2288 1145 1658,

721 1182 854 1233 quas
910 1168 1049 1223 inter
1082 1170 1263 1224 Basilii
1314 1172 1513 1240 scripta
1566 1176 1790 1243 reperit,
1846 1176 1942 1229 sed
1974 1176 2088 1229 sine
2140 1178 2293 1231 titulo

717 1262 978 1324 auctoris,
1019 1261 1185 1317 Janus
1215 1265 1527 1329 Carnarius,
1583 1276 1635 1320 et
1676 1265 1873 1321 Latine
1908 1268 2291 1336 interpretatus

715 1369 818 1414 est.
871 1358 1067 1415 Contra
1121 1360 1576 1419 Garnier.omnia
1624 1364 1872 1433 Epitimia
1917 1372 2171 1425 continuo
2202 1388 2289 1423 ur-

715 1453 860 1518 dine,
890 1462 945 1507 ut
977 1454 1029 1507 in
1076 1456 1195 1509 cod.
1231 1454 1422 1525 Begio,
1460 1456 1619 1509 simul
1655 1459 1840 1521 edidit,
1876 1471 1931 1515 et
1979 1463 2157 1515 omnia
2190 1464 2286 1515 lia-

713 1545 831 1599 Imit
874 1547 1196 1602 adulterina.
1246 1547 1301 1601 In
1359 1561 1470 1602 tres
1504 1562 1683 1603 autem
1717 1551 1916 1606 classes
1955 1555 2042 1607 illa
2082 1557 2283 1612 divisit.

712 1637 927 1705 Prima,
980 1641 1159 1709 priora
1208 1643 1459 1697 undecim
1518 1644 1683 1698 Garn.
1729 1646 1984 1701 editionis
2034 1647 2284 1714 Epitimia

710 1731 1123 1802 complectitur;
1174 1736 1407 1789 secunda
1463 1736 1663 1807 reliqua
1734 1740 1953 1803 onmia,
2005 1756 2171 1808 usque
2220 1741 2285 1794 ad

709 1825 1142 1892 sexagesimum;
1173 1826 1330 1881 tertia
1355 1828 1582 1884 alterius
1604 1832 1818 1898 generis
1842 1832 2114 1899 Epitimia,
2142 1852 2280 1901 qure,

709 1915 920 1971 incerto
967 1928 1206 1985 auctore,
1264 1920 1521 1990 inscripta
1573 1933 1696 1976 sunt
1737 1924 2012 1997 Ἐπιτίμια
2059 1929 2138 1991 εἰς
2183 1927 2281 1992 τὰς

707 2012 1015 2076 κανονικάς.
1053 2012 1122 2066 At
1155 2014 1207 2067 in
1262 2012 1439 2069 Paris.
1496 2016 1627 2070 edit.
1679 2019 1984 2089 antiquiore
2028 2021 2279 2089 Epitimia

693 2103 895 2171 prima
943 2114 997 2160 et
1044 2105 1216 2159 tertia:
1268 2106 1457 2161 classis
1508 2116 1761 2178 tanquam
1823 2110 2055 2179 genuina
2101 2112 2277 2180 posita

705 2204 831 2249 sunt
858 2204 982 2251 ante
1027 2196 1356 2252 monasticas
1402 2201 1850 2265 constitutiones;
1885 2213 2096 2266 contra,
2148 2204 2276 2272 Epi-

706 2287 858 2341 timia
883 2289 1131 2344 secunda:
1156 2290 1343 2345 classis
1372 2303 1627 2361 tanquam
1666 2294 1966 2349 adulterina
2002 2306 2125 2365 post
2160 2298 2277 2353 illas

706 2377 902 2444 reiecta
930 2392 1074 2433 sunt.
1119 2380 1247 2448 Quae
1277 2384 1457 2435 omnia
1487 2383 1537 2435 iu
1568 2382 1724 2438 Przet'.
1758 2387 1973 2441 uberius
2015 2389 2269 2458 espticat.

702 2471 841 2524 Add.
874 2470 1050 2524 lriart.
1079 2471 1113 2525 Ι.
1154 2487 1227 2537 c.,
1261 2488 1379 2543 pag.
1413 2474 1517 2528 H3
1542 2490 1661 2546 sqq.
1686 2507 1755 2518 -
1789 2479 1966 2534 Ptnnaz
1997 2480 2047 2533 in
2083 2497 2269 2534 mona-

702 2560 835 2614 chos
880 2560 1251 2629 delinquentes
1298 2576 1349 2617 et
1404 2567 1456 2621 in
1507 2568 1797 2623 canonicas
1850 2569 1903 2623 in
1964 2573 2085 2626 cod.
2135 2572 2273 2627 Tau-

701 2650 807 2704 rin.
838 2650 970 2708 XCI.
1002 2652 1059 2704 ν.
1095 2651 1212 2708 Cat.
1245 2655 1396 2710 codd.
1437 2655 1529 2711 Gr.
1565 2657 1750 2722 Tuan,
1794 2677 1845 2729 p.
1882 2661 2006 2725 185,
2049 2663 2135 2716 ubi
2168 2664 2273 2717 dif-

701 2742 928 2797 ferentia
960 2746 1202 2815 qu:edam
1243 2759 1478 2802 notatur.
1517 2749 1688 2803 ΙΙΑειι..

781 2834 859 2888 l5.
908 2836 1229 2907 ’Ᾱσκητικαὶ
1280 2839 1549 2903 διατάξεις
1594 2842 1729 2912 πρὸς
1768 2846 1891 2908 τοὺς
1926 2848 1982 2898 ὲν
2023 2848 2271 2921 κοινοόἱῳ

700 2930 793 2983 καὶ
818 2930 1130 2999 καταμόνας
1166 2930 1491 2995 ἀσκοῦντας.
1523 2930 1934 2991 Constitutionea
1974 2944 2270 2995 monasticae

700 3030 809 3073 tam
861 3023 928 3073 ad
971 3023 1251 3075 ctenubitas
1294 3040 1449 3092 quam
1495 3026 1563 3077 ad
1614 3026 1903 3082 solitariae.
1948 3029 2116 3100 lncip.
2161 3032 2270 3103 Τὴν

700 3112 840 3166 κατὰ
881 3113 1114 3183 Χριστὸν
1162 3113 1476 3184 φιλοσοφίαν
1529 3117 1937 3187 ἐπανελόμενος.
1985 3121 2113 3191 Pag.
2144 3122 2265 3175 662.

2401 620 2558 673 scbeo
2590 622 2639 673 in
2677 619 2859 674 Indice
2887 623 3202 690 iniquitatis,
3233 641 3353 696 pag.
3384 626 3454 680 2‘2
3502 644 3644 698 sqq.,
3689 641 3743 684 et
3778 630 3976 686 Meleh.

2399 711 2621 766 Cornuto
2665 713 2716 766 in
2765 712 2980 768 Iudicio
3014 717 3302 786 iniquitatis
3337 719 3683 775 Barac/team:
3731 725 3974 793 depulso,

2397 820 2516 874 pag.
2544 804 2721 859 19-64.
2746 808 2910 861 Ριιιιιι.
2936 809 3183 865 Garnii-r.
3207 813 3257 864 in
3285 811 3525 883 Przel'.,§
3565 814 3650 879 XI,
3677 831 3795 885 pag.
3822 834 3973 881 vat,

2397 897 2581 951 multis
2631 901 2924 954 rationibus
2965 904 3211 958 evincere
3261 907 3495 969 studuit,
3539 922 3642 961 non
3686 908 3974 973 Basilium,

2395 991 2489 1043 sed
2527 990 2862 1046 Eustathium
2884 995 3261 1061 Sebastenum,
3312 998 3477 1052 fuisse
3507 998 3971 1055 Constitutionum

2397 1085 2817 1139 monasdcarum
2867 1089 3256 1154 architectum,
3316 1103 3368 1144 et
3437 1102 3544 1145 tam
3603 1095 3971 1163 antiquiorum

2394 1174 2482 1241 qui
2516 1176 2753 1229 citantur
2786 1186 3036 1247 tanquam
3068 1197 3165 1249 pro
3190 1181 3387 1236 Basilio
3419 1192 3603 1249 testes,
3635 1186 3771 1250 loca,
3798 1202 3967 1255 quam

2394 1269 2753 1321 recentiorum
2815 1282 3125 1337 argumenta
3176 1274 3454 1329 examinat
3518 1276 3841 1347 relellitqnc.
3898 1308 3971 1318 —

2391 1360 2500 1413 Cel.
2535 1360 2797 1431 Carpzov.
2833 1363 2883 1416 in
2922 1360 3116 1432 Progr.
3154 1382 3274 1419 mox
3312 1367 3548 1432 citando,
3593 1385 3645 1439 p.
3691 1370 3742 1433 1,
3777 1371 3973 1438 sentit,

2389 1451 2570 1507 Basilii
2607 1456 2851 1509 Ascetica
2894 1456 3059 1509 fuisse
3105 1460 3171 1512 ab
3207 1459 3490 1514 Eustathio
3538 1462 3833 1517 Sebasteno
3883 1463 3971 1518 in-

2391 1548 2672 1616 terpolata.
2703 1578 2772 1588 —
2802 1549 2855 1601 lu
2901 1566 2953 1601 n.
2988 1550 3073 1615 H,
3112 1567 3157 1605 s.
3204 1551 3489 1607 Ptenarum
3528 1552 3587 1613 L.
3615 1566 3742 1620 etc.,
3773 1571 3964 1624 opusc.

2388 1640 2548 1694 desiit
2590 1647 2769 1696 tomus
2816 1644 3085 1697 secundus
3129 1644 3260 1697 edit.
3302 1644 3395 1700 Gr.
3444 1646 3653 1702 Latiare
3709 1663 3759 1701 ιι.
3824 1647 3968 1701 1658

2387 1731 2547 1803 [utin
2596 1749 2650 1789 n.
2696 1734 2755 1789 Vl
2805 1734 3018 1789 Fabric.
3048 1734 3573 1795 Tomusleditionis
3620 1739 3810 1794 Greco
3859 1739 3971 1793 La-

2389 1825 2512 1878 tinae
2548 1824 2854 1881 Nivellianze
2900 1827 3059 1891 1618,
3091 1844 3119 1881 a
3154 1845 3259 1899 qua
3296 1833 3567 1885 recentior
3611 1833 3746 1888 t638
3781 1834 3968 1887 diﬂ'ert

2390 1914 2441 1967 in
2467 1916 2586 1983 hoc,
2631 1919 2771 1988 quod
2803 1922 3222 1976 commentarios
3265 1922 3320 1975 in
3362 1921 3564 1976 Isaiam
3601 1926 3748 1993 ponit
3788 1928 3968 1993 primo

2391 2003 2505 2060 loco
2533 2007 2585 2061 in
2614 2018 2757 2064 tomo
2797 2013 3053 2077 secundo,
3099 2024 3155 2068 et
3190 2014 3423 2083 primum
3478 2015 3715 2069 vicissim
3762 2016 3970 2068 claudit

2390 2099 2545 2155 libris
2592 2102 2723 2155 Adv.
2766 2103 3106 2171 Eunomium,
3160 2120 3297 2172 quos
3347 2104 3647 2159 Nivelliana
3695 2102 3861 2171 jussit
3911 2104 3966 2158 in

2390 2200 2532 2244 tumo
2571 2193 2808 2247 secundo
2841 2194 3096 2248 familiam
3131 2195 3356 2260 ducere,
3415 2209 3550 2251 teste
3594 2196 3752 2252 Fabr.
3789 2212 3843 2266 p.
3897 2195 3969 2250 78

2385 2284 2470 2339 ed.
2509 2282 2642 2355 νει]
2667 2284 2865 2338 Contra
2892 2301 2953 2338 ea
2989 2297 3117 2342 tom.
3164 2288 3205 2342 ll
3236 2290 3320 2343 ed.
3354 2288 3603 2343 Garnier.
3652 2290 3827 2342 adhuc
3869 2290 3965 2340 ad-

2384 2374 2492 2428 dita
2526 2383 2657 2429 sunt
2699 2384 2953 2443 tanquam
2998 2380 3261 2445 appendix
3312 2394 3533 2447 operum
3581 2378 3759 2432 Basitii
3788 2419 3804 2443 ,
3838 2392 3965 2445 qua:

2382 2464 2664 2521 Garnierio
2713 2468 2963 2522 videntur
3020 2468 3157 2522 t'also
3190 2467 3391 2523 Basilio
3442 2471 3696 2539 ascripta,
3738 2480 3791 2524 et
3841 2484 3966 2537 que

2380 2563 2601 2631 partim,
2646 2560 2751 2614 alio
2782 2571 2961 2616 tamen
2997 2562 3132 2630 loco,
3164 2566 3323 2619 etiam
3358 2565 3558 2617 inserta
3593 2574 3716 2618 sunt
3747 2574 3893 2617 ιοιιιο
3919 2562 3965 2617 II

2379 2654 2465 2708 ed.
2496 2668 2656 2706 mem.
2688 2668 2740 2709 a.
2772 2653 2928 2707 1658.

2452 2746 2501 2799 1.
2531 2744 2666 2814 Περὶ
2694 2743 2785 2797 τοῦ
2816 2745 2970 2812 ἁγίου
3010 2745 3346 2812 Πνεύματος,
3382 2747 3455 2800 De
3500 2747 3702 2815 Spiritu
3752 2758 3961 2801 sancto.

2381 2836 2509 2907 P..g.
2543 2837 2649 2890 583
2694 2853 2814 2906 sqq.
2846 2838 3005 2906 Atqui
3037 2838 3117 2892 sic
3141 2839 3340 2891 rectius
3384 2840 3695 2891 inscribitur
3735 2840 3959 2893 humilia

2381 2932 2433 2983 in
2467 2945 2567 2985 ms.
2601 2928 2728 2984 bibl.
2775 2929 3002 2985 Coislin.
3043 2929 3135 3000 (V.
3179 2928 3542 2983 Moutl‘aucon.
3592 2928 3764 2982 Catal.
3798 2945 3958 2991 inss.,

2378 3039 2495 3093 pag.
2540 3022 2660 3094 117)
2704 3034 2757 3077 et
2788 3024 2995 3077 duobus
3025 3023 3264 3091 antiquis
3307 3021 3458 3076 libris
3499 3035 3585 3091 ap.
3634 3020 3799 3075 Garn.
3841 3019 3955 3073 Inc.

2390 3117 2446 3168 Ὁ
2479 3117 2886 3187 βαπτιζόμενος,
2916 3119 2994 3181 εἰς
3028 3118 3233 3189 Τριάδα
3270 3114 3607 3187 βαπτίζεται.
3641 3114 3693 3167 In
3723 3124 3959 3183 ιιιτςψιθ

694 3203 891 3276 [Garu.
946 3206 1031 3259 cui
1070 3219 1332 3275 suspectat
1376 3218 1522 3271 sunt,
1562 3223 1680 3277 pag.
1734 3208 1840 3261 555
1890 3210 2035 3281 sqq]
2085 3210 2272 3281 Operm
2300 3238 2345 3296 Ο
2382 3202 2553 3256 Paris.
2590 3214 2644 3257 et
2675 3206 2814 3272 apud
2852 3205 3063 3259 Fabric.
3110 3209 3221 3273 (qui
3262 3216 3439 3259 tamen
3492 3206 3717 3259 alteram
3758 3208 3956 3274 probat

698 3296 929 3366 pretium
959 3296 1125 3351 fuerit
1153 3297 1401 3351 conferre
1436 3297 1676 3352 codicem
1712 3298 2038 3365 Caesareum,
2074 3304 2140 3356 de
2166 3319 2274 3373 quo
2324 3294 2340 3296 ἡ
2377 3294 2826 3363 inscriptionem).
2859 3311 2911 3348 ιι-
2946 3295 3008 3347 17
3051 3298 3188 3348 inter
3216 3297 3465 3350 ltomilias
3508 3298 3767 3365 inscripta
3809 3306 3895 3349 est
3932 3316 3951 3351 τ

696 3388 1042 3454 Lzunbecius,
1085 3388 1187 3452 Ill.
1224 3405 1347 3457 pag.
1405 3390 1507 3445 123
1553 3392 1652 3461 (a).
1709 3392 1951 3448 Ascetica
2016 3394 2264 3452 hactenus

2380 3387 2466 3450 Εἰς
2489 3386 2551 3439 τὸ
2584 3386 2737 3455 ἅγιον
2783 3386 3083 3458 βάπτισμα.
3122 3388 3175 3441 In
3214 3387 3305 3441 XV
3337 3388 3494 3441 codd.
3539 3388 3711 3441 Paris.
3746 3391 3956 3441 citatur

699 3490 1121 3533 commemorata
1194 3480 1390 3535 Latine
1444 3484 1609 3537 vertit
1678 3484 1915 3539 Adamus
1970 3487 2266 3556 Fontanus,

697 3572 850 3640 Cttjtts
910 3571 1446 3640 interpretationem,
1503 3574 1670 3643 Lugd.
1738 3578 1913 3645 1540,
1975 3580 2094 3646 fol.,
2130 3588 2267 3652 apud

698 3663 1002 3736 Gryphium
1038 3664 1261 3728 editam,
1313 3665 1510 3720 deinde
1554 3682 1943 3724 recensuerunt
1980 3674 2266 3736 Musculus.

697 3756 1037 3823 Tilinaunus,
1086 3758 1327 3815 Ducarius.
1362 3758 1565 3814 Gallice
1603 3757 1895 3814 Codfridus
1921 3761 2270 3821 Ilermantius

697 3847 872 3902 Paris.
925 3848 1085 3913 1672,
1141 3848 1193 3901 8.
1256 3848 1457 3901 Dicitur
1504 3859 1556 3903 et
1602 3860 1818 3905 exstare
1863 3850 2031 3904 editio
2084 3851 2267 3905 Graeca

697 3937 1150 3993 Constitutionum
1181 3943 1599 3993 monastiearum
1625 3957 1744 3994 cum
1778 3941 1956 3996 Italica
1997 3944 2266 4007 versione,

693 4042 896 4084 excusa
927 4032 1109 4084 Itonia:
1134 4031 1291 4095 1578,
1315 4030 1371 4095 ι,
1398 4032 1535 4100 apud
1556 4031 1911 4087 ‘Ft-anciscum
1953 4036 2264 4099 Zanettum,

690 4142 858 4197 quam
879 4140 981 4179 non
1004 4124 1129 4177 vidi.
1152 4122 1407 4190 Quamvis
1430 4132 1608 4179 autem
1632 4124 1909 4179 Eustatbio
1925 4126 2219 4185 Sebasteno
2237 4148 2265 4185 a

693 4218 1010 4288 quibusdam
1030 4217 1157 4269 ulim
1178 4216 1375 4270 tributa
1395 4215 1560 4270 fuisse
1576 4228 1790 4272 constet
1809 4234 1839 4273 e
1858 4219 2160 4274 Sozomeno
2184 4239 2263 4285 ιιι,

694 4311 783 4369 15,
806 4320 854 4359 et
882 4307 1185 4375 Nicephoro
1221 4325 1295 4368 ix,
1330 4308 1413 4367 16.
1450 4324 1569 4372 xm.
1594 4310 1682 4373 29,
1712 4311 1969 4381 multique
1992 4314 2152 4365 etiam
2185 4328 2267 4367 re-

689 4405 961 4455 centiores
1004 4402 1103 4454 viri
1136 4403 1275 4453 docti
1304 4404 1369 4455 de
1393 4413 1613 4456 auctore
1654 4402 1935 4468 dubitent,
1978 4414 2177 4469 tamen,
2209 4416 2266 4459 ut

689 4493 940 4545 observat
995 4490 1199 4545 Natalis
1244 4493 1567 4553 Alexander,
1615 4492 1813 4547 Basilio
1864 4508 2180 4550 asseruntur
2234 4513 2262 4549 a

2371 3480 2662 3533 secundum
2706 3480 2866 3534 catal.
2912 3482 3084 3534 codic.
3132 3490 3271 3533 orat.
3328 3480 3381 3531 in
3419 3475 3675 3546 Spiritum
3727 3479 3782 3532 S.
3821 3482 3954 3533 Siue

2372 3571 2719 3639 inscriptione
2741 3582 2822 3624 est
2854 3573 2938 3624 illa
2972 3573 3187 3624 humdia
3239 3570 3527 3626 Florentiae
3580 3571 3631 3623 in
3658 3572 3777 3624 rod.
3803 3570 3846 3624 L
3867 3591 3949 3624 m-

2372 3675 2507 3716 rent.
2526 3660 2637 3723 XII,
2666 3678 2718 3715 η.
2745 3662 2835 3725 24,
2865 3664 2996 3732 plut.
3018 3664 3070 3716 4.
3100 3662 3163 3716 ν.
3182 3664 3409 3717 Bandin.
3430 3663 3547 3716 Cat.
3566 3663 3721 3718 codd.
3758 3660 3876 3726 Gn,
3909 3665 3947 3724 I.

2371 3771 2489 3822 pag.
2531 3755 2656 3809 536.
2714 3755 3036 3820 Ver-terunt,
3094 3756 3170 3808 ait
3210 3754 3397 3818 Fabr.,
3456 3755 3841 3809 Volatert'auus
3894 3768 3951 3809 ct

2371 3846 2682 3899 Curnarius.
2716 3846 2916 3898 Prudiit
2947 3848 3235 3913 separatim
3264 3846 3576 3901 Helmstadii
3609 3864 3661 3902 α.
3702 3849 3859 3911 1615,
3890 3850 3947 3912 8,

2370 3938 2462 3992 Gr.
2492 3951 2541 3991 et
2577 3937 2717 3997 Lat..
2745 3940 2937 3992 edente
2967 3938 3172 3991 Joanne
3198 3956 3225 3990 a
3261 3939 3448 3993 Fucbt.

2439 4031 2489 4083 2.
2543 4029 2791 4101 Ῥηθεῖσα
2824 4032 2880 4084 ὲν
2904 4028 3182 4095 Λακίζοις,
3219 4029 3368 4081 Dicta
3400 4032 3452 4083 in
3488 4029 3695 4087 Laciais
3726 4036 3945 4089 bomilia

2370 4128 2419 4178 in
2468 4124 2672 4193 aliquot
2718 4125 3010 4193 Scriptum
3041 4122 3099 4178 S.
3133 4122 3247 4176 loca
3279 4131 3333 4175 et
3370 4122 3435 4174 de
3484 4122 3794 4177 hominibus
3838 4142 3943 4180 non

2368 4219 2725 4285 acceptandis,
2770 4216 3133 4287 fugiendaque
3179 4216 3291 4279 ira,
3344 4214 3541 4267 invidia
3588 4228 3642 4268 et
3689 4220 3940 4275 avaritia.

2368 4308 2503 4362 Ilinc
2538 4310 2588 4362 in
2627 4310 2743 4363 cod.
2785 4310 3020 4364 secundo
3053 4308 3251 4377 Regio,
3290 4308 3341 4361 in
3395 4323 3502 4375 quo
3548 4308 3630 4363 bis
3675 4313 3946 4379 reperitur

2366 4400 2539 4455 oratio
2590 4402 2701 4457 haec
2749 4404 2908 4467 (teste
2938 4400 3105 4453 Garn.
3158 4400 3208 4451 in
3252 4409 3376 4453 nota
3408 4401 3461 4469 η)
3512 4400 3775 4472 inscripta
3828 4413 3935 4469 est,

2367 4495 2499 4565 napi.
2524 4496 2754 4567 κρίσεως
2781 4495 2875 4546 καὶ
2902 4492 3030 4562 περὶ
3060 4491 3229 4562 θυμοῦ
3258 4494 3351 4547 καὶ
3377 4494 3617 4564 ἀγάπης,
3656 4498 3747 4548 καὶ
3781 4496 3943 4549 πλεο-

687 4582 949 4649 Gregorto
968 4583 1119 4647 Nar...
1153 4583 1497 4653 Hieronymo,
1532 4584 1748 4651 Bullno,
1780 4582 2061 4649 Cassiano,
2094 4586 2257 4641 Justi—

2380 4588 2545 4653 νεξίας
2583 4590 2676 4642 καὶ
2723 4586 2940 4655 φθόνου,
2980 4586 3205 4657 ῥηθεῖσα
3237 4590 3293 4641 ὲν
3327 4588 3601 4651 Λακίζοις.
3650 4588 3757 4641 Inc.
3788 4587 3947 4643 ’Δντ-

690 4678 852 4728 niano
885 4676 1010 4743 imp.
1056 4677 1108 4729 in
1153 4677 1350 4739 edicto.
1386 4688 1439 4729 et
1477 4674 1665 4729 Photio
1712 4680 1832 4731 cod.
1873 4690 1995 4731 (ιλιι
2040 4688 2091 4730 et
2116 4693 2256 4733 cxcr.

684 4769 885 4823 Confer
920 4769 1094 4823 Ουρωί
1130 4780 1281 4825 notas
1327 4768 1392 4823 ad
1428 4766 1611 4823 Basilii
1644 4776 1774 4822 tom.
1810 4766 1875 4832 Il,
1923 4785 2042 4839 pag.
2080 4770 2171 4834 28,
2208 4784 2261 4823 et

687 4861 900 4914 Billium
936 4860 1001 4914 ad
1045 4858 1371 4913 Nazianzeni
1414 4869 1552 4913 orat.
1595 4858 1687 4925 20,
1714 4867 1837 4912 nota
1870 4858 1957 4922 60,
1980 4861 2078 4916 ubi
2111 4878 2138 4915 a
2172 4861 2261 4915 Ni-

686 4963 803 5004 t-eta
834 4951 995 5004 etiam
1011 4950 1205 5005 Basilio
1236 4949 1395 5001 tribui
1421 4958 1673 5014 testatur,
1698 4959 1753 5004 et
1775 4946 2141 5014 Lambecium,
2170 4952 2256 5011 lll.

685 5062 808 5113 pag.
845 5044 947 5099 122
973 5060 1053 5114 sq.
1083 5044 1227 5115 [νας.
1256 5043 1360 5098 515
1395 5057 1514 5111 sqq.
1542 5041 1771 5114 Kollar.]
1801 5040 2047 5111 Θεσμοὺς
2089 5044 2261 5113 ἀσκή-

688 5156 825 5201 σεως
853 5148 1008 5192 vocat
1035 5137 1327 5203 Gregorius
1358 5138 1638 5207 presbyter
1667 5134 1717 5185 in
1751 5132 1869 5186 Vita
1904 5131 2256 5196 Nazianzeni,

672 5245 845 5297 quem
884 5244 987 5281 una
1016 5230 1067 5282 in
1098 5231 1201 5283 illis
1232 5229 1540 5283 elaborasse
1574 5227 1769 5281 innuit.
1804 5226 1936 5280 Vide
1964 5233 2017 5279 et
2043 5242 2163 5297 qum
2202 5234 2252 5281 in

756 5390 832 5459 (ει)
860 5388 985 5459 Pag.
1025 5385 1130 5441 515
1157 5402 1272 5459 sqq.
1306 5386 1395 5459 ed.
1440 5385 1641 5459 Kollar.
1684 5387 1734 5459 in
1760 5389 1878 5441 cod.
1912 5384 2074 5459 ιη’.
2106 5401 2158 5459 n.
2196 5384 2249 5445 5,

678 5469 737 5511 et
773 5455 824 5512 ιι.
867 5455 1221 5526 όίριεαςςθύίι
1254 5458 1491 5511 scholiou
1538 5456 1633 5509 Gr.
1690 5456 1954 5513 Theodori
2004 5455 2249 5516 Sltttlita',

684 5543 790 5595 quo
826 5528 913 5581 ille
956 5528 1268 5588 contendit,
1294 5527 1751 5580 Constitutionum
1805 5528 2250 5587 monaSticarum,

684 5612 803 5669 qua:
835 5600 1116 5662 incipiunt,
1143 5597 1251 5669 Τὴν
1285 5598 1423 5650 κατὰ
1460 5596 1691 5667 Χριστὸν
1732 5598 2044 5669 φιλοσοφίαν
2086 5597 2252 5669 ἐπαν-

683 5665 964 5737 ελόμενος,
1009 5679 1138 5729 etc.,
1170 5665 1368 5721 «rerum
1409 5665 1685 5720 auctorem
1716 5665 1837 5722 eSse
1883 5668 2160 5721 Basilium.
2200 5665 2251 5716 In

681 5740 805 5793 Cod.
843 5739 1090 5791 Ctesareo
1135 5740 1363 5791 divisum
1402 5747 1485 5791 cst
1523 5740 1745 5809 opusﬁin
1789 5743 1959 5809 capita
2012 5738 2252 5809 triginta.

683 5822 915 5867 quorum
970 5808 1221 5875 prolugtts
1272 5809 1368 5877 (uti
1415 5810 1465 5859 in
1506 5811 1591 5860 ed.
1640 5806 2099 5878 Garn.)'iucipiti
2144 5806 2254 5874 Τὴν

678 5878 824 5933 κατὰ
851 5878 1079 5951 Χριστῖη
1132 5878 1445 5949 φιλοσοφίαν
1484 5879 1893 5950 ἐπανελόμενος.
1929 5909 1998 5921 -ο
2033 5880 2087 5932 In
2131 5880 2251 5933 cod.

2369 4680 2692 4747 αγωνίζεται
2723 4678 2751 4729 ὀ
2779 4678 2986 4750 ἐχθρός.
3021 4677 3184 4731 Garn.
3229 4679 3289 4741 Il,
3328 4695 3449 4745 pag.
3482 4678 3584 4731 587
3625 4694 3743 4748 sqq.
3797 4681 3939 4733 Add.

2368 4788 2488 4826 eum
2515 4786 2569 4825 et
2602 4773 2666 4823 de
2701 4774 2975 4840 superiore
3005 4773 3150 4827 hom.
3192 4771 3262 4823 De
3299 4769 3483 4835 Spiril.
3518 4771 3577 4824 S.
3608 4781 3662 4824 et
3692 4773 3755 4823 de
3788 4772 3940 4824 hom.

2365 4860 2640 4915 inLacizir
2667 4861 2865 4928 babita,
2889 4861 3086 4916 Basilio
3105 4862 3343 4929 indigna,
3370 4861 3419 4912 in
3447 4862 3594 4928 prmi.
3639 4862 3665 4930 ς
3691 4860 3750 4912 Ill
3774 4861 3937 4923 etIV,

2369 4971 2487 5025 pag.
2520 4970 2551 5007 x
2584 4968 2702 5021 sqq.
2728 4953 2783 5008 In
2818 4956 2904 5011 ed.
2938 4955 3109 5008 Paris.
3135 4953 3261 5006 olim
3289 4962 3341 5006 et
3374 4968 3461 5021 ap.
3493 4952 3654 5006 Fabr.
3687 4967 3941 5006 numera-

2365 5046 2526 5099 batur
2560 5044 2959 5100 interbomilias
2989 5062 3043 5099 n.
3067 5044 3159 5108 2t,
3186 5052 3240 5097 et
3264 5042 3477 5098 Fabric.
3511 5044 3661 5097 addit
3690 5058 3705 5097 :
3738 5061 3758 5095 ι
3795 5042 3935 5100 Ver-

2364 5143 2540 5188 terunt
2587 5132 2967 5188 Volaterranos
3012 5144 3067 5187 et
3105 5133 3417 5189 Cornarius.
3458 5133 3600 5187 Citat
3644 5133 3939 5201 aliquoties

2362 5228 2721 5283 Damascenus
2759 5230 2808 5279 in
2852 5226 3152 5281 Parallelis.
3177 5248 3196 5280 ι
3239 5258 3293 5268 -
3345 5229 3533 5282 Exstat
3569 5228 3623 5281 in
3658 5232 3781 5283 cod.
3822 5231 3935 5281 Au-

2353 5386 2547 5438 Caesar.
2582 5382 2867 5447 LXXXIX,
2921 5400 2974 5436 n.
3006 5383 3039 5436 5
3063 5382 3336 5453 (Lambec.
3365 5384 3388 5435 1
3430 5397 3505 5442 c.,
3536 5398 3656 5450 pag.
3682 5383 3807 5449 479)
3850 5397 3934 5437 est

2354 5455 2811 5508 ConstitutiOnnm
2848 5457 3129 5508 monastic.
3161 5470 3276 5518 (λιιι).
3306 5454 3377 5505 9-4
3409 5472 3421 5504 :
3458 5454 3608 5517 Quod
3640 5454 3933 5506 monachus

2358 5543 2456 5577 non
2480 5525 2656 5577 debeat
2688 5526 2904 5576 honores
2931 5535 2978 5575 et
3018 5526 3387 5590 pro-rogalium
3432 5536 3683 5587 appetere.
3718 5526 3932 5577 —.Iix-

2357 5605 2497 5648 Stant
2524 5596 2635 5647 ista:
2661 5594 2975 5646 (ltitistitutt.
3030 5596 3079 5647 in
3113 5593 3170 5644 Vl
3206 5595 3360 5645 codd.
3397 5593 3569 5646 Paris.
3599 5621 3667 5630 —-
3704 5590 3933 5646 Floren-

2359 5668 2445 5717 tiae
2492 5666 2539 5715 in
2581 5666 2706 5719 bibl.
2742 5664 2993 5733 Ltureut.
3038 5664 3156 5716 cod.
3195 5661 3311 5723 ΧΧ,
3348 5681 3401 5716 ιι.
3434 5664 3487 5725 8,
3530 5664 3667 5727 plut.
3702 5664 3734 5716 9
3769 5664 3932 5733 (11.ιιι·

2358 5737 2468 5786 diu.
2497 5734 2614 5787 Cat.
2653 5735 2807 5787 codd.
2835 5732 2951 5793 Gn,
2982 5736 3019 5797 Ι,
3052 5749 3168 5802 pag.
3212 5734 3337 5800 4'23)
3367 5745 3419 5786 et
3464 5734 3640 5801 capita
3678 5734 3928 5802 qntedam

2364 5807 2413 5858 in
2448 5804 2563 5859 aliis
2594 5804 2733 5859 illius
2762 5805 2886 5859 bibl.
2921 5806 3075 5859 codd.
3120 5801 3283 5856 ΙΙΑιιι..
