4212 6498
749 437 937 480 CCLXIV

2102 418 2637 477 PIIOLEGOIIENA.

749 541 803 595 in
840 538 1040 593 Monito
1078 539 1299 608 prrevio,
1332 536 1574 607 pluribus
1611 547 1790 592 autem
1815 546 1868 591 et
1896 537 2235 607 gravioribus
2264 538 2317 592 in
2351 544 2393 600 Α
2424 539 2729 595 adulterino
2752 540 2917 596 Garn.
2951 542 3003 597 in
3041 541 3200 599 Praef.
3238 542 3266 615 5
3315 542 3432 609 XII,
3472 558 3594 615 pag.
3624 560 3830 613 uxvn,
3858 562 4012 602 suam

750 633 901 703 pref.
939 630 966 702 §
1002 630 1069 685 IX
1103 641 1157 685 et
1188 630 1259 696 X,
1305 645 1408 701 pag
1444 645 1856 694 xxviii—xxxiii,
1907 628 2127 699 prolatis
2160 632 2326 684 ratio-

747 725 931 786 nibus.
970 732 1158 779 contra
1189 722 1568 779 Combellsium
1590 761 1607 788 ,
1642 721 1995 781 Cotelerium.
2029 720 2323 778 Tillemon-

744 818 880 872 tium
923 828 977 873 et
1006 817 1082 873 Du
1113 816 1238 883 Pin,
1277 815 1487 871 illarum
1533 824 1812 885 patronos,
1844 812 2137 880 dimicans,
2171 814 2323 870 istam

748 921 802 965 et
834 918 1173 979 sequentem.

784 1006 801 1033 "
818 1001 871 1056 8.
913 1000 1052 1072 Περὶ
1104 998 1377 1069 νηστείας.
1417 996 1534 1063 λόγ.
1572 995 1641 1064 γ’.
1683 994 1759 1049 De
1788 994 1997 1064 jejunio
2037 1002 2173 1047 orat.
2229 991 2325 1047 111

749 1092 906 1163 (qua:
938 1092 1125 1160 incipit
1151 1090 1425 1159 Νηστείας
1451 1089 1541 1141 καὶ
1569 1085 1795 1157 ἱλασμοῦ
1817 1088 1846 1139 ὁ
1895 1086 2107 1157 καιρός,
2140 1102 2191 1155 p.
2222 1085 2317 1139 62I

746 1185 907 1256 sqq.)
935 1200 1031 1256 pro
1048 1185 1246 1254 spuriis
1270 1183 1459 1238 habuit
1482 1199 1496 1246 ;
1523 1183 1614 1236 sed
1644 1192 1823 1236 tamen
1852 1180 1922 1236 ita
1951 1194 2138 1234 rursus
2160 1179 2324 1233 eden-

749 1280 848 1335 das
879 1292 999 1333 esse
1034 1278 1267 1339 censuit,
1298 1284 1357 1329 ut
1391 1274 1574 1329 Graeca
1608 1284 1663 1330 et
1694 1274 1882 1329 Latina
1914 1283 2177 1341 notasque
2204 1288 2322 1324 mn-

745 1386 834 1427 tua
877 1382 1115 1427 sumeret
1148 1387 1178 1424 a
1221 1369 1511 1426 Cotelerio.
1545 1368 1680 1423 Nam
1727 1368 1857 1423 duas
1889 1367 2024 1422 istas
2069 1365 2322 1420 homilias

742 1465 1026 1520 ediderunt
1053 1462 1144 1518 Fr.
1170 1461 1522 1518 Combelisius
1546 1462 1602 1516 in
1638 1461 1956 1516 Ecclesiaste
1982 1476 2080 1515 suo
2113 1458 2318 1522 Cra'co,

740 1556 913 1612 Paris.
942 1555 1099 1621 1674,
1130 1554 1182 1621 4,
1222 1555 1409 1609 Latine
1438 1555 1720 1617 duntaxat,
1753 1566 1807 1608 ct
1831 1553 1913 1608 Jo.
1950 1554 2186 1623 Baptista
2218 1551 2320 1606 Co-

742 1649 964 1703 telerius
1003 1647 1189 1704 Graece
1242 1661 1305 1701 ac
1342 1645 1463 1698 Lat.
1523 1646 1573 1699 in
1615 1654 1741 1701 tom.
1792 1646 1808 1699 I
1857 1644 2318 1698 Monumentorum

739 1740 991 1795 Ecclesia:
1047 1740 1251 1796 (ἔπεσιν
1272 1780 1288 1805 ,
1324 1737 1497 1791 Paris.
1550 1738 1708 1803 1677,
1742 1738 1804 1800 4,
1838 1753 1957 1808 pag.
1991 1736 2059 1791 58
2082 1764 2109 1777 ο
2134 1735 2222 1790 40.
2262 1735 2315 1789 In

738 1835 1109 1905 superioribus
1129 1833 1283 1888 editt.
1324 1831 1749 1889 Grieco-Latinis
1783 1847 1886 1885 non
1916 1839 2095 1885 exstat
2124 1844 2208 1883 or.
2246 1827 2309 1883 Ill

738 1894 820 1978 De
837 1924 1064 1995 jejunio.
1110 1924 1243 1979 Hinc
1273 1922 1491 1980 Fabric.
1538 1924 1591 1979 in
1624 1934 1735 1979 vet.
1766 1923 1921 1985 cdit.,
1954 1920 1986 1992 ᾗ
2022 1918 2137 1985 VII,
2170 1920 2310 1974 inter
2344 1894 2384 1946 Β

737 2017 935 2087 scripta
960 2014 1139 2071 Basilii
1166 2031 1286 2085 qua:
1310 2014 1410 2071 sub
1435 2014 1552 2084 ejus
1584 2016 1801 2070 nomine
1834 2011 2104 2077 feruntur,
2132 2011 2224 2065 sed
2259 2010 2311 2064 in

736 2110 859 2164 edd.
900 2107 1154 2166 Gr.-Lat.
1186 2125 1297 2164 non
1328 2118 1563 2173 exstant,
1600 2124 1653 2163 n.
1687 2104 1851 2162 XVIII
1892 2104 2097 2160 retulit.
2130 2133 2201 2143 —
2243 2101 2316 2156 De

737 2200 897 2255 codd.
925 2200 1245 2269 quibusdam
1270 2215 1321 2254 v.
1351 2200 1416 2255 ad
1450 2215 1504 2254 n.
1536 2200 1591 2266 2,
1627 2198 1770 2253 inter
1803 2194 2075 2256 ltomilias,
2112 2203 2243 2248 tom.
2274 2193 2311 2246 Ι.

738 2292 913 2353 ΒΑΜ..

807 2383 860 2439 9.
900 2384 1071 2452 Λόγος
1109 2384 1188 2447 εἰς
1227 2382 1327 2454 τὴν
1361 2380 1713 2435 ὑποτύπωσιν
1758 2380 1856 2451 τῆς
1890 2380 2195 2450 ἀσκήσεως·
2243 2376 2316 2431 De

735 2477 999 2545 religiosa:
1028 2475 1419 2530 exercitationis
1447 2473 1821 2543 informatione
1853 2490 2043 2527 sermo.
2062 2472 2173 2527 Inc.
2207 2470 2313 2525 Τοῦ

726 2566 943 2641 Κυρίου
983 2566 1138 2638 ἡμῶν
1180 2564 1353 2638 ’1ησοῦ
1388 2564 1627 2640 Χριστοῦ
1660 2565 2114 2638 προστάσσοντος.
2144 2564 2311 2621 Garn.

734 2657 797 2719 Il.
832 2673 952 2730 pag.
984 2657 1109 2724 6‘23,
1136 2672 1200 2713 ex
1233 2658 1471 2711 editione
1496 2655 1808 2712 Combelisii
1839 2657 1893 2708 in
1922 2654 2084 2722 hujus
2110 2652 2314 2707 Basilio

737 2754 1011 2814 recensita,
1069 2766 1191 2821 pag.
1235 2746 1495 2811 98-I05,
1542 2748 1724 2802 recudi
1764 2746 1913 2811 fecit,
1953 2755 2005 2801 et
2046 2749 2098 2800 in
2162 2745 2311 2816 praei.

737 2842 765 2914 §
803 2842 890 2911 XI,
916 2852 1102 2899 contra
1133 2840 1513 2898 Corubellsium
1539 2839 1845 2909 disputans,
1872 2838 2119 2908 probavit
2147 2839 2315 2893 fuisse

734 2940 803 2992 ab
846 2938 1046 3006 aliquo,
1089 2938 1179 3006 qui
1227 2936 1413 2992 Basilii
1464 2935 1700 3003 Regulus
1746 2933 2034 3000 diligenter
2072 2933 2314 3002 legisset,

736 3028 883 3084 illam
910 3038 1048 3083 orat.
1085 3027 1169 3082 vel
1200 3027 1379 3097 potius
1405 3024 1689 3093 epistolam
1727 3022 1924 3076 Basilio
1954 3023 2313 3093 suppositam.

2431 631 2784 701 amplissimis
2822 635 3007 690 verbis
3055 634 3195 690 dixit
3238 645 3293 688 et
3336 635 3673 705 gravissimis
3708 637 3883 693 tuitus
3932 650 4012 692 est

2429 725 2764 791 argumentis
2803 727 3151 795 sententiam,
3201 729 3487 797 disputans
3521 728 3768 799 inprimis
3816 741 4011 786 contra

2429 815 2829 872 Tillemonlium
2855 828 2908 873 et
2935 820 3012 874 Du
3039 820 3160 883 Pin,
3189 820 3240 875 id
3268 819 3469 875 Basilio
3494 830 3817 885 asserentes,
3849 834 4014 894 atque

2430 905 2841 975 (Iombelisium,
2881 909 3162 966 Eustathio
3197 910 3495 966 Sebasteno
3531 912 3880 967 tribuentem.
3913 917 4013 965 At-

2427 1012 2533 1067 que
2567 998 2854 1055 Garnierio
2886 1005 3183 1057 assentitur
3212 1003 3528 1059 Scbroeckh
3556 1004 3590 1058 l.
3624 1019 3700 1068 c.,
3734 1019 3855 1075 pag.
3880 1005 4009 1063 205.

2426 1122 2495 1132 —
2521 1091 2808 1149 Florentiae
2841 1095 2894 1148 in
2929 1097 3050 1151 cod.
3087 1095 3342 1152 Laurent.
3388 1113 3416 1151 a
3453 1097 3757 1166 bibliopega
3793 1100 4011 1153 inverse

2427 1196 2730 1254 compacto,
2763 1186 2883 1251 XX,
2913 1204 2967 1243 n.
3016 1189 3050 1243 5
3075 1216 3096 1228 -
3119 1187 3176 1253 6,
3227 1189 3362 1259 plut.
3404 1189 3459 1253 9,
3488 1200 3711 1245 notante
3744 1190 4011 1244 Bandinio

2430 1278 2481 1331 in
2534 1276 2654 1332 Cat.
2708 1283 2862 1337 codd.
2910 1279 3003 1335 Gr.
3035 1280 3225 1348 Laur.,
3260 1284 3301 1345 Ι,
3333 1299 3453 1355 pag.
3492 1284 3631 1350 125,
3680 1284 3919 1340 occurrit
3954 1287 4009 1341 I‘

2425 1370 2654 1424 sermol
2700 1372 2862 1441 (quod
2915 1384 2998 1430 est
3033 1389 3154 1444 cap.
3186 1375 3212 1428 1
3254 1373 3375 1429 libri
3420 1376 3495 1430 De
3542 1377 3820 1447 baptismo,
3879 1394 4005 1449 pag.

2424 1461 2528 1515 624
2558 1464 2644 1517 ed.
2673 1462 2898 1534 Garn.);
2934 1497 3003 1507 —
3027 1468 3084 1522 2°
3111 1469 3348 1537 Quaestio
3401 1485 3521 1524 cum
3552 1472 3928 1541 responsione,
3958 1490 4004 1527 s.

2423 1569 2544 1625 cap.
2573 1555 2629 1621 2,
2663 1570 2785 1626 pag.
2819 1556 2924 1612 629
2962 1560 3047 1612 ed.
3104 1560 3312 1628 Carm;
3343 1592 3410 1603 —
3440 1564 3497 1617 5·
3528 1563 3720 1620 Sermo
3751 1563 3829 1632 II,
3865 1580 3910 1619 s.
3940 1565 4009 1618 15

2421 1648 2707 1714 ῳιωδιὶυη.
2753 1664 2876 1703 cum
2911 1652 3373 1721 responsionibus,
3401 1656 3544 1724 apud
3577 1654 3841 1711 Garnier.
3877 1672 4005 1727 pag.

2420 1739 2525 1793 652
2553 1755 2699 1809 sqq.;
2727 1769 2798 1780 —
2822 1740 2881 1795 4°
2909 1741 3100 1797 Sermo
3141 1743 3353 1810 tertius,
3379 1746 3493 1801 sive
3523 1755 3688 1817 caput
3750 1748 3997 1811 tertium,

2421 1846 2538 1902 pag.
2571 1832 2676 1887 649
2703 1832 2870 1889 Garn.
2911 1833 3081 1890 HsnL.

2490 1913 2572 1977 II.
2595 1924 2940 1997 Λειτουργία.
2976 1924 3240 1998 Liturgia.
3273 1926 3441 1983 Garn.
3475 1925 3516 1981 II
3537 1966 3552 1993 ,
3588 1942 3711 1999 pag.
3749 1931 3856 1985 672
3879 1947 4001 2001 sqq.

2416 2011 2521 2068 Sed
2578 2027 2896 2086 antequam,
2924 2034 3044 2089 qua:
3079 2020 3170 2076 ille
3198 2019 3455 2086 reddidit,
3486 2034 3836 2086 enarrem,ea
3884 2037 4005 2091 qua:

2416 2105 2694 2164 Fabricius
2715 2110 2765 2163 in
2788 2121 2895 2165 vet.
2928 2111 3013 2165 ed.
3046 2110 3187 2165 inter
3209 2112 3433 2181 scripta,
3459 2111 3511 2165 in
3536 2111 3689 2166 editt.
3713 2110 3901 2167 Basilii
3930 2112 4003 2166 II.

2416 2194 2665 2255 Gr.-Lat.
2715 2202 3023 2257 desiderata
3055 2219 3111 2258 η.
3140 2202 3239 2257 XX
3264 2213 3319 2258 et
3347 2202 3512 2259 XXVI
3537 2204 3774 2276 scripsit,
3804 2206 4007 2260 additis

2416 2289 2734 2358 quibusdam
2784 2294 3254 2351 observationibus
3312 2298 3366 2352 Il.
3418 2298 3453 2352 I.
3492 2313 3772 2368 reponam.
3806 2299 3980 2355 HssL.

2487 2377 2655 2435 XXV.
2696 2380 2830 2435 Θεία
2865 2382 3205 2457 λειτουργία,
3233 2388 3412 2442 divina
3457 2389 3679 2459 liturgia
3712 2387 3818 2460 (a),
3848 2388 4008 2458 cujus

2414 2470 2661 2526 codicem
2691 2469 2941 2527 Graecum
2976 2474 3096 2545 plus
3130 2492 3295 2546 quam
3341 2479 3487 2532 mille
3514 2495 3783 2533 annorum
3827 2480 3881 2533 in
3921 2480 4006 2533 bi-

2418 2564 2689 2619 bliotheca
2718 2564 3017 2620 Barberina
3049 2568 3279 2635 reperiri
3310 2576 3543 2623 testatur
3564 2570 4005 2636 Monll'auconus,

2417 2672 2536 2724 pag.
2581 2655 2688 2711 9.10
2722 2656 2934 2711 Itineris
2977 2656 3177 2711 Italici.
3214 2656 3409 2728 Incipit
3449 2676 3465 2713 :
3510 2660 3569 2712 Ὀ
3616 2660 3769 2726 Θεὸς,
3816 2665 3846 2716 ὁ
3873 2663 4008 2727 Θεὸς

2415 2748 2595 2819 ἡμῶν,
2634 2751 2662 2802 ὁ
2695 2750 2788 2803 τὸν
2816 2750 3066 2822 οὐράνιον
3098 2749 3284 2822 ἄρτον,
3312 2751 3412 2822 τὴν
3435 2752 3662 2823 τροφήν,
3696 2765 3804 2807 etc.

2487 2839 2674 2897 Graece
2701 2858 2822 2897 cum
2856 2843 3071 2913 liturgia
3101 2841 3287 2899 Jacobi
3334 2854 3391 2897 et
3420 2842 3819 2915 Clirysostomi,
3857 2844 4006 2900 aliis-

2417 2948 2521 3001 que
2546 2935 2766 3004 scriptis
2792 2936 3060 3004 liturgicis
3079 2937 3276 3005 prodiit
3306 2935 3483 2992 Paris.
3518 2937 3679 3003 1560,
3715 2936 3843 3003 fol.,
3875 2954 3999 3008 pag.

2418 3025 2508 3087 45,
2547 3028 2687 3094 typis
2717 3029 2880 3097 regiis
2919 3030 3059 3097 apud
3104 3028 3248 3083 Guil.
3296 3028 3621 3095 Morellium,
3669 3039 3724 3085 et
3754 3028 4005 3086 Venetiis

734 3118 791 3174 In
828 3121 983 3177 editt.
1026 3134 1208 3191 super.
1244 3115 1506 3175 Gr.-Lat.
1541 3130 1647 3172 non
1689 3124 1884 3179 exstat,
1918 3122 1972 3168 et
2001 3129 2031 3167 a
2066 3112 2320 3167 Fabricio

2428 3115 2583 3180 I548,
2627 3116 2788 3181 1601,
2816 3128 2919 3172 etc.

734 3216 788 3269 in
820 3222 930 3270 vet.
961 3215 1048 3269 ed.
1091 3214 1233 3269 inter
1271 3212 1535 3280 ejusmodi
1568 3210 1768 3264 omissa
1817 3209 2018 3277 scripta
2070 3222 2129 3261 η.
2172 3204 2314 3261 XXII
2342 3240 2383 3298 ϐ
2491 3207 2684 3265 Latine
2716 3224 2784 3262 ex
2812 3208 2978 3265 veteri
3006 3209 3259 3264 versione
3283 3209 3335 3263 in
3364 3209 3706 3266 Rincaviensi
3742 3212 3802 3267 S.
3834 3213 4004 3271 Joan~

735 3305 1155 3361 memorabatur.
1180 3332 1249 3343 —
1285 3303 1472 3357 Exstat
1497 3302 1549 3355 in
1585 3299 1675 3354 VII
1714 3300 1871 3356 codd.
1906 3298 2077 3354 Paris.
2108 3297 2277 3353 IIARL.

807 3397 891 3452 10.
923 3395 1059 3468 Περὶ
1082 3394 1477 3466 βαπτίσματος.
1503 3392 1577 3447 De
1600 3394 1875 3459 baptismo.
1904 3390 1979 3445 De
1998 3392 2099 3445 hoc
2120 3406 2307 3460 opusc.

732 3488 951 3543 Fabric.
976 3489 1064 3555 qui
1087 3487 1139 3539 in
1161 3495 1268 3538 vet.
1297 3485 1427 3536 edit.
1455 3482 1774 3536 numerabat
1799 3491 1921 3552 post
1947 3480 2198 3535 liomilias
2224 3480 2308 3546 IV,

736 3592 868 3634 tom.
898 3579 913 3631 Ι
964 3578 1088 3632 edd.
1117 3590 1299 3643 super.
1325 3572 1424 3629 Gr-
1441 3577 1554 3626 Lat.
1585 3590 1605 3622 s
1643 3573 1716 3626 De
1739 3573 2012 3641 baptismo,
2040 3576 2134 3643 ait,
2166 3586 2220 3630 et
2248 3576 2313 3629 de

736 3666 916 3738 ofﬁciis
936 3666 1370 3735 baptisaudorum
1389 3662 1872 3731 baptizatorumque
1889 3663 2006 3715 libri
2032 3675 2153 3728 tres,
2182 3681 2311 3734 quo.

737 3776 857 3814 rum
900 3758 1173 3814 secundus
1211 3754 1453 3811 continet
1498 3753 1908 3824 responsionem
1944 3753 2008 3807 ad
2052 3754 2311 3809 tredecim

735 3850 1097 3921 quaestiones;
1126 3848 1319 3905 tertius
1346 3862 1474 3903 vero
1502 3848 1720 3902 brevior
1753 3848 1892 3900 male
1915 3846 1966 3899 in
1999 3846 2161 3902 editis
2188 3862 2310 3918 pag.

734 3944 839 3999 670
873 3941 1109 3998 secundo
1146 3941 1508 4010 praemittitur.
1550 3939 1681 3994 Vide
1704 3937 2089 3994 Cornbellsium
2122 3938 2312 3993 Basilii

736 4036 961 4089 restituti
987 4046 1116 4088 tom.
1151 4033 1194 4097 l,
1221 4050 1272 4102 p.
1302 4033 1428 4087 259.
1468 4031 1640 4086 Vertit
1669 4029 1979 4100 Wolfgang.
2014 4032 2308 4100 Masculus,

736 4131 897 4185 llasil.
938 4128 1112 4192 1510,
1158 4127 1313 4197 cujus
1360 4127 1538 4181 versiu
1588 4125 1641 4178 in
1684 4124 2089 4179 Graeco-Latin.
2150 4127 2306 4181 editi.

735 4232 935 4286 exstat,
963 4238 991 4275 a
1029 4221 1221 4276 Utlch
1248 4221 1528 4290 castigata,
1558 4229 1612 4273 et
1641 4216 1812 4272 Janus
1841 4216 2158 4272 Cornarius.
2194 4236 2213 4269 ι
2243 4248 2312 4257 -

735 4316 779 4369 Δ
812 4314 1121 4379 Garnierio,
1157 4313 1219 4375 II,
1246 4330 1295 4381 p.
1335 4312 1460 4373 624,
1501 4312 1641 4365 inter
1671 4311 1855 4381 spuria
1892 4310 2127 4381 positum
2157 4311 2312 4364 estid

734 4421 889 4475 Opus,
923 4406 1063 4473 quod
1096 4405 1235 4475 apud
1266 4403 1413 4459 illum
1450 4411 1662 4455 constat
1705 4401 1915 4455 duobus
1943 4401 2132 4467 libris;
2173 4417 2311 4471 quo-

735 4513 855 4553 rum
881 4497 1027 4567 prior
1051 4496 1339 4549 distinctus
1361 4506 1445 4550 est
1473 4494 1526 4547 in
1564 4492 1664 4546 tria
1698 4506 1856 4562 capp.
1884 4494 2046 4561 Atqui
2091 4495 2311 4547 tertium

2414 3303 2500 3357 nis
2524 3303 2853 3359 monasterio
2878 3312 3114 3373 reperta,
3150 3312 3271 3373 post
3296 3301 3379 3358 Io.
3411 3302 3741 3371 Cochlzeum,
3773 3306 3827 3361 in
3869 3306 4003 3375 Spe-

2413 3395 2530 3448 culo
2546 3395 2776 3465 antiqute
2796 3395 3082 3451 devotionis
3102 3396 3242 3450 circa
3263 3394 3497 3458 missam,
3530 3395 3816 3467 Moguntize
3837 3398 4001 3463 1519,

2416 3486 2529 3550 fol.,
2573 3500 2697 3555 pag.
2726 3485 2832 3540 118
2899 3484 3081 3556 Iconi.
3108 3486 3250 3558 Ittig.
3301 3485 3376 3541 De
3404 3487 3725 3541 bibliothecis
3755 3487 3999 3551 Patrum,

2413 3591 2535 3647 pag.
2572 3576 2677 3631 664
2703 3575 2923 3649 J,edidit
2949 3577 3200 3631 Claudius
3234 3579 3301 3633 de
3342 3578 3593 3633 Sainctes
3631 3580 3770 3633 inter
3807 3578 3999 3633 Litur-

2412 3670 2529 3739 gica
2547 3666 2791 3737 Patrum,
2813 3669 3091 3740 Antwerp.
3118 3667 3277 3734 1562,
3302 3670 3352 3723 8.
3380 3669 3644 3724 Praeterea
3666 3672 3829 3726 vertit
3853 3669 4001 3726 Gest-

2417 3760 2593 3813 tianus
2620 3760 2881 3815 Hervetus
2906 3760 3095 3816 Venet.
3125 3759 3280 3823 1548,
3306 3758 3371 3820 8;
3402 3760 3678 3829 Antwcrp.
3721 3760 3882 3828 1562,
3936 3764 3995 3817 8.

2484 3846 2670 3902 Graece
2704 3859 2759 3902 et
2796 3850 2983 3904 Latine
3028 3866 3150 3905 cum
3192 3850 3408 3907 Herveti
3446 3852 3695 3907 versione
3732 3860 3912 3906 exstat
3943 3855 3997 3905 iu

2414 3941 2673 3995 Auctariu
2707 3941 2970 3993 Ducaezmo
2997 3940 3335 3997 Bibliotheca:
3374 3942 3596 3997 Patrum
3618 3941 3798 3997 Paris.
3830 3942 3995 4005 1621,

2414 4033 2533 4095 fol.,
2571 4043 2717 4087 torno
2750 4033 2811 4099 Il,
2845 4042 2899 4086 et
2926 4032 2977 4086 in
3002 4031 3331 4087 Bibliotheca
3356 4034 3581 4087 Patrum
3616 4034 3798 4091 Paris.
3832 4037 3997 4096 1651.

2413 4137 2548 4180 tom.
2584 4125 2702 4193 XII,
2731 4141 2783 4195 p.
2816 4124 2943 4189 289.,
2986 4140 3052 4181 ex
3088 4123 3278 4180 Graeco
3308 4122 3559 4179 Demetrii
3602 4123 3784 4191 Ducas,
3811 4126 3997 4184 Romae

2419 4217 2575 4282 1526,
2605 4218 2658 4273 4.

2485 4309 2552 4363 Et
2577 4324 2698 4363 cum
2730 4310 2896 4365 variis
2943 4310 3266 4366 lectionibus
3298 4310 3546 4378 natisque
3576 4307 3764 4362 Jacobi
3808 4307 3994 4374 Goari,

2418 4401 2469 4454 in
2502 4397 2824 4472 Eucliologio
2850 4401 3152 4455 Gra'corum
3179 4402 3467 4463 illustrato,
3492 4399 3666 4454 Paris.
3692 4399 3853 4464 1617,
3877 4401 3994 4463 fol.,

2416 4507 2468 4560 υ.
2503 4489 2605 4544 158
2636 4506 2753 4561 seq.
2794 4490 2930 4562 [rec.
2960 4488 3150 4545 Venet.
3184 4489 3356 4554 175ος
3390 4500 3443 4542 et
3479 4491 3619 4544 aliud
3662 4491 3803 4548 illius
3836 4494 3996 4549 litur-

734 4599 895 4661 caput
919 4588 1049 4645 olim
1077 4587 1470 4641 inscribebatur
1504 4583 1660 4638 Liber
1688 4588 1969 4638 secundus.
2001 4585 2107 4639 Sed
2137 4585 2304 4641 Garn.
2343 4598 2389 4658 ι)
2415 4581 2513 4649 gite
2556 4580 2836 4650 exemplar
2881 4594 2948 4633 ex
2999 4596 3100 4635 ms.
3140 4577 3330 4633 Isiduri
3373 4578 3664 4650 I’yromali,
3703 4582 3995 4654 Smyrttwi.

736 4684 789 4736 in
838 4690 962 4735 nota
1001 4695 1121 4749 pag.
1170 4676 1315 4732 649:
1350 4694 1368 4727 ι
1407 4674 1922 4739 Lucubratiuncula,
1953 4676 2147 4746 inquit,
2185 4691 2304 4745 quae

734 4774 976 4842 sequitur
1010 4771 1089 4842 [n.
1124 4786 1240 4839 Cap.
1284 4768 1497 4823 tertium
1531 4769 1670 4835 apud
1704 4764 1876 4839 illum]
1912 4766 2105 4836 rejecta
2135 4778 2218 4823 est
2249 4769 2300 4822 in

732 4862 866 4932 Reg.
897 4862 1070 4931 primo
1110 4870 1227 4930 post
1248 4873 1367 4913 eam
1393 4857 1932 4919 commentationem,
1964 4872 2083 4926 qua:
2114 4857 2166 4911 in
2205 4858 2304 4910 im-

730 4954 934 5024 pressis
976 4953 1125 5007 libris
1160 4949 1475 5006 inscribitur
1516 4946 1673 5001 Liber
1710 4946 1990 5014 secundus,
2038 4949 2118 5005 sic
2164 4960 2221 5003 ut
2249 4950 2301 5002 in

732 5062 799 5102 eo
843 5044 1030 5101 codice
1074 5045 1473 5112 distinguantur
1508 5053 1618 5096 tres
1649 5041 1793 5096 libri.
1838 5040 1947 5096 Res
1973 5049 2152 5095 autem
2195 5055 2300 5095 non

735 5136 867 5189 tanti
898 5136 1051 5190 nobis
1082 5134 1196 5187 visa
1226 5146 1331 5197 est,
1362 5144 1418 5188 ut
1466 5142 1684 5203 propter
1720 5146 1782 5185 ea
1807 5131 2176 5199 iudicaremus
2210 5142 2305 5187 aut

733 5241 845 5284 tres
878 5227 1043 5283 libros
1082 5226 1488 5296 distinguendos
1530 5239 1672 5291 esse,
1706 5233 1798 5278 aut
1822 5227 2107 5296 antiquum
2150 5227 2302 5279 ordi-

732 5337 856 5378 nem
908 5322 1241 5376 mutandum.
1301 5340 1319 5374 ι
1370 5319 1534 5374 Liber
1585 5319 1854 5375 secundus
1892 5320 2138 5374 continet
2186 5317 2299 5373 XIlI

731 5420 922 5483 quaest.
954 5425 1077 5467 cum
1118 5412 1338 5466 totidem
1387 5410 1848 5481 responsionibus.
1896 5408 1970 5464 De
2016 5410 2107 5464 illo
2137 5423 2301 5479 opere

804 5592 880 5661 (α)
925 5590 1181 5646 Basiliam
1216 5590 1500 5661 scripsisse
1536 5590 1737 5658 aliquid
1770 5588 1927 5657 hujus
1958 5588 2260 5661 argumenti
2284 5629 2299 5653 ,

732 5676 785 5717 et
810 5660 1077 5730 litnrgiant
1102 5660 1293 5715 litteris
1315 5663 1683 5732 consignasse,
1713 5676 1815 5713 ttOn
1842 5670 1924 5732 cst
1947 5660 2297 5732 dubitandum

734 5743 855 5803 post
884 5728 959 5786 tot
984 5741 1221 5785 veterum
1247 5741 1301 5783 et
1322 5728 1494 5803 tutius
1516 5733 1759 5803 Orientis
1772 5728 2299 5803 testintonimn._Sed

734 5798 877 5858 Inter
909 5812 985 5855 tot
1008 5815 1061 5855 et
1087 5808 1193 5853 tam
1224 5802 1438 5861 inultas,
1473 5818 1591 5870 quae
1615 5803 1683 5855 ab
1709 5801 1851 5853 illitis
1879 5811 2119 5867 tempore
2152 5798 2301 5852 Basi-

733 5876 790 5931 .ii
822 5873 1053 5941 liturgia:
1085 5870 1259 5926 allatae
1298 5882 1422 5927 sunt
1475 5873 1799 5926 mutationes
1830 5882 1879 5924 ct
1924 5870 2293 5939 interpolatio-

2414 4671 2725 4728 mouasterii
2760 4671 2821 4726 S.
2851 4668 3046 4726 Joann.
3088 4672 3143 4725 in
3191 4669 3362 4725 insula
3397 4670 3621 4726 I’atbmo
3654 4673 3903 4735 diaconi.
3940 4691 3995 4744 p.

2414 4765 2539 4830 180,
2568 4779 2692 4819 cum
2718 4760 2780 4815 V.
2814 4760 2876 4816 L.
2904 4764 3036 4818 edit.
3064 4761 3271 4818 Latiare
3307 4763 3596 4833 Margarini
3627 4764 3693 4820 de
3716 4764 3766 4819 Ia
3802 4765 3995 4838 Bigno,

2414 4874 2467 4928 p.
2501 4858 2622 4919 184,
2656 4869 2710 4911 et
2745 4866 2853 4911 not.
2884 4872 2938 4926 p.
2971 4854 3122 4928 185.]
3593 4879 3601 4886 θ

2483 4951 2788 5024 [Fabricius
2820 4950 2958 5004 intra
2994 4950 3096 5005 vol.
3132 4947 3265 5014 XIII,
3298 4948 3324 5020 §
3354 4947 3536 5015 XLIV,
3559 4967 3678 5023 pag.
3709 4950 3819 5005 8M
3849 4966 3996 5021 sqq.,

2414 5045 2561 5098 dedit
2582 5041 2888 5113 catalogum
2916 5042 3255 5112 liturgiarum
3285 5049 3450 5096 veter.
3488 5044 3783 5107 editarum,
3822 5055 3879 5097 et
3910 5059 3998 5098 re-

2412 5143 2596 5190 censet
2639 5148 2760 5205 pag.
2805 5132 2907 5188 816
2956 5149 3039 5201 sq.
3072 5133 3306 5203 .Georgii
3353 5133 3642 5190 Cassandri
3690 5132 3993 5207 Liturgica.

2411 5224 2598 5279 Colon.
2630 5223 2790 5293 1559,
2827 5223 2882 5287 8,
2918 5233 2972 5278 et
3007 5225 3061 5277 in
3091 5224 3274 5279 limine
3299 5239 3544 5295 cperam,
3568 5221 3798 5291 iunctim
3822 5229 3997 5282 editu—

2411 5333 2552 5380 rum,
2588 5315 2759 5372 Paris.
2794 5315 2951 5380 l6l6,
2992 5314 3113 5381 τοι,
3143 5316 3195 5369 in
3237 5317 3433 5387 quibus
3463 5330 3569 5370 non
3608 5316 3834 5388 integra:
3866 5322 3991 5389 qui-

2411 5412 2532 5466 dem
2564 5410 2794 5481 liturgia:
2820 5422 3051 5471 veteres,
3084 5408 3181 5464 sed
3210 5423 3527 5479 argumenta
3557 5408 3799 5465 breviter
3821 5426 3995 5481 expo-

2406 5604 2525 5651 nes,
2559 5588 2685 5656 quid
2719 5588 2934 5642 demum
2971 5588 3022 5643 in
3044 5601 3109 5642 ea
3137 5588 3322 5642 Basilii
3352 5587 3439 5653 sit,
3478 5594 3631 5641 certo
3661 5586 3868 5651 dicere,
3902 5588 3986 5648 vix

2404 5672 2486 5715 est
2512 5660 2631 5727 opis
2658 5660 2929 5715 humanas.
2960 5658 3146 5712 Basilii
3176 5660 3454 5728 Iiturgiatn
3483 5657 3721 5728 illustrat
3749 5656 3984 5728 Allatius

2403 5725 2585 5785 exerc.
2638 5728 2800 5793 XXV,
2855 5740 3040 5783 contra
3100 5725 3509 5799 Creyghtonum.
3570 5725 3699 5783 Vide
3752 5740 3810 5783 et
3860 5727 3990 5786 Acta

2402 5812 2635 5856 sanctor.
2672 5811 2805 5855 tom.
2844 5801 2882 5854 II
2916 5801 3085 5865 Junil,
3116 5814 3234 5870 pag.
3270 5799 3395 5855 815.
