4212 6506
1416 447 1701 505 ΝΟΤΙΤΙΑ
1740 444 1825 500 EX
1870 446 1950 502 ΡΛ
1963 442 2203 499 BlllCIO.

3267 451 3437 497 CCLIV

191 570 287 624 sita
323 569 593 627 habentur
622 583 687 622 ex
734 567 946 640 liturgia
982 569 1355 642 Chrysostomi
1390 585 1486 638 per
1520 574 1757 627 Leonem
1789 580 1831 634 Α
1867 570 2098 639 turgiam
2139 583 2155 621 :
2204 568 2257 623 in
2309 584 2432 639 cap.
2472 567 2561 633 17,
2607 570 2750 624 inter
2785 566 2888 622 alia
2940 580 3006 619 ex
3053 566 3242 635 missa,
3274 582 3435 635 quam

191 655 436 725 Tuscum,
472 675 538 711 ex
574 658 787 731 liturgia
822 660 1003 714 Basilii
1038 671 1091 716 et
1118 660 1305 716 Graeca
1337 658 1448 725 illa,
1474 672 1528 715 et
1549 662 1720 715 altera
1743 704 1755 723 ,

191 767 340 820 quam
388 750 509 819 Syri
556 750 892 820 Anaphoram
935 763 1163 813 vocant;
1199 760 1310 802 tum
1355 761 1602 806 recenset
1637 765 1759 821 pag.

190 840 286 897 8l8
310 854 430 907 sqq.
464 841 851 910 amplissimam
887 836 1249 910 Liturgiarum
1271 838 1620 895 Orientalium
1649 842 1759 894 col-

191 935 454 987 lectionem
496 936 563 989 ab
611 933 844 988 Eusebio
882 935 1223 999 Renaudolo,
1281 935 1451 992 Paris.
1490 936 1650 1001 1716,
1692 938 1758 1005 Δ,

193 1028 392 1081 duobus
439 1030 566 1083 voll.
625 1027 822 1095 publici
863 1029 1001 1099 juris
1044 1027 1262 1085 factam.
1311 1030 1528 1085 Fabric.
1581 1040 1760 1087 autem

191 1118 460 1183 observat,
492 1117 794 1175 Renaudoti
832 1121 1077 1175 versione
1102 1135 1206 1175 non
1244 1134 1358 1176 tuto
1395 1122 1591 1191 ubique
1618 1135 1765 1178 stare

194 1224 284 1263 nos
310 1227 494 1281 posse,
518 1211 633 1265 sive
665 1228 841 1267 causa:
863 1227 974 1266 sua:
998 1212 1362 1279 inservientis,
1401 1215 1513 1269 sive
1540 1232 1645 1272 non
1674 1233 1762 1273 sa-

196 1301 257 1355 tis
287 1302 627 1367 assequentis
656 1317 841 1357 verum
878 1316 1117 1367 sensum,
1162 1307 1322 1376 idque
1372 1305 1617 1362 docuisse
1652 1309 1766 1362 Ma-

1864 670 2080 725 vocant,
2114 660 2298 716 Basilii
2326 670 2384 717 et
2411 659 2653 732 ejusdem
2684 662 2902 731 liturgia
2937 658 3033 715 Gr.
3071 660 3439 715 Alexandrina

1862 768 1917 812 et
1947 756 2176 827 Syriaca
2204 754 2317 810 sive
2343 754 2566 825 Coptica
2598 753 2886 809 ostendere
2925 762 3179 815 conatur,
3212 754 3437 808 missam

1864 849 1944 903 sic
1976 846 2174 903 dictam
2202 861 2325 902 esse
2349 862 2534 903 verum
2563 843 2913 906 sacriﬁcium,
2944 858 3049 903 etc.
3080 845 3198 902 Huc
3223 860 3441 915 quoque

1867 939 2140 1009 pertinere
2175 938 2408 994 arbitror
2436 954 2572 1009 opus
2600 935 2746 1008 quod
2791 945 2969 991 tamen
3004 941 3065 991 ad
3101 955 3294 993 mimus
3335 954 3443 993 una

1869 1033 2042 1087 habeo
2074 1050 2087 1085 :

1938 1116 2050 1177 Jos.
2081 1123 2166 1177 Al.
2198 1121 2515 1175 Assemauni
2540 1123 2718 1176 Codex
2739 1122 3019 1191 liturgicns
3048 1119 3294 1174 Ecclesiae
3323 1122 3444 1174 uni-

1865 1231 2049 1281 oersw,
2081 1215 2133 1268 in
2158 1212 2248 1267 XV
2278 1214 2450 1269 lihros
2487 1212 2835 1269 distributus.
2870 1214 3058 1269 Romae
3112 1211 3441 1267 17491765.

1864 1307 1957 1363 XII
1993 1308 2117 1363 voll.
2154 1307 2211 1362 4.
2280 1307 2449 1361 lianc.
2492 1305 2633 1360 Add.
2677 1304 2947 1361 Zaccarize
2993 1307 3133 1361 Bibl.
3195 1304 3442 1368 Ritualis,

196 1396 467 1449 thurinum
502 1395 837 1453 Veis~erium
866 1397 916 1450 la
944 1396 1110 1452 Croze
1147 1401 1197 1452 in
1232 1398 1483 1468 Apologia
1506 1419 1597 1463 pro
1630 1401 1764 1455 Juba
1865 1411 1999 1458 tom.
2028 1402 2069 1467 1,
2100 1419 2152 1472 p.
2186 1401 2286 1467 £2;
2320 1412 2451 1457 tom.
2479 1398 2544 1466 ll,
2578 1416 2631 1470 p.
2664 1399 2731 1455 16
2761 1414 2821 1468 sq

194 1485 413 1550 Lndolfo
447 1499 633 1541 contra
662 1486 1047 1541 Renaudotiutn
1091 1488 1291 1542 inserta
1334 1486 1523 1545 Diario
1558 1493 1765 1543 litteru-

195 1579 267 1627 rio
307 1575 567 1648 Ilagensi,
598 1580 712 1633 sive
753 1577 986 1634 Journal
1015 1581 1293 1644 littéraire,
1326 1590 1456 1639 tum.
1503 1582 1595 1642 IX.
1643 1598 1762 1651 pag.

192 1668 288 1722 239
316 1686 403 1740 sq.
446 1672 531 1742 (lu
576 1672 825 1727 thesauro
850 1672 1131 1740 epistolico
1162 1673 1494 1730 Lacmziauo
1532 1672 1757 1727 Renun-

193 1759 296 1815 doti
332 1772 390 1815 et
426 1762 544 1831 ejus
578 1762 962 1817 controversiae
999 1778 1121 1815 cum
1157 1762 1382 1817 Ltnlulfu
1413 1763 1668 1831 ireques
1707 1765 1766 1819 lit

195 1855 413 1907 Intentio.
454 1852 518 1907 V.
553 1864 684 1906 tom.
716 1853 757 1912 1.
791 1869 911 1923 pag.
950 1855 1081 1917 I35;
1122 1855 1184 1921 ll,
1226 1876 1275 1925 ι).
1317 1855 1434 1917 122,
1490 1856 1606 1922 129,
1641 1857 1763 1925 145,

1942 1493 2127 1547 ΒίίΥετι
2159 1495 2225 1547 ah
2256 1494 2355 1546 hac
2379 1496 2431 1546 in
2458 1508 2562 1545 non
2590 1492 2777 1561 paucis
2800 1490 3014 1560 Iiturgia
3048 1489 3254 1557 Basilii,
3280 1507 3444 1560 quam

1869 1600 1993 1640 cum
2024 1584 2190 1638 altera
2219 1583 2467 1651 Gregorii
2497 1583 2652 1647 Nam,
2680 1593 2735 1636 et
2766 1584 2924 1637 tertia
2953 1583 3138 1656 Cyrilli
3168 1598 3231 1637 es
3257 1584 3447 1637 codice

1868 1678 2100 1735 Arabico
2127 1677 2235 1747 (cui
2268 1675 2490 1745 Coptica
2528 1685 2689 1729 erant
2734 1672 2988 1742 adjuncta
3014 1693 3052 1743 ξ,
3089 1687 3300 1730 versam
3344 1671 3450 1727 La-

1871 1775 1982 1829 tine
2007 1773 2177 1829 edidit
2201 1770 2479 1826 Victorius
2508 1768 2778 1835 Scialach,
2812 1770 3155 1830 Act'ureusis,
3184 1769 3447 1824 Maronita

1870 1880 1898 1919 e
1953 1874 2139 1919 monte
2183 1863 2411 1925 Libano,
2438 1868 2667 1914 curante
2700 1859 2882 1915 Marco
2911 1860 3134 1915 Velsero
3154 1901 3169 1923 ,
3200 1861 3451 1926 Augusta!

194 1946 324 2011 l55;
369 1944 459 2007 Ill,
494 1960 546 2014 p.
585 1945 649 1999 18
682 1961 779 2014 sqq
812 1985 827 2011 ,
858 1947 959 2002 126
985 1964 1092 2016 sq.,
1134 1949 1257 2011 155,
1307 1961 1391 2001 etc
1421 1950 1439 2018 )
1468 1977 1535 1989 ——
1572 1950 1627 2005 lu
1678 1951 1764 2004 illa

1876 1957 2081 2010 Vindel.
2118 1955 2279 2016 1604,
2331 1953 2385 2017 οι,
2428 1961 2482 2005 et
2523 1963 2651 2006 tom.
2706 1951 2769 2005 Vl
2819 1952 2951 2006 Bibl.
3007 1950 3233 2006 Patrum
3276 1948 3446 2003 Paris.

196 2039 348 2107 igitur
393 2038 608 2093 collect.
650 2050 733 2093 est
776 2041 826 2094 in
856 2052 987 2098 tum.
1021 2043 1061 2105 Ι,
1104 2059 1159 2095 ιι.
1194 2044 1246 2103 1,
1282 2030 1464 2097 Basilii
1495 2043 1709 2113 liturgia
1737 2058 1766 2095 a

195 2127 444 2182 Scialach
496 2130 623 2183 olim
672 2146 827 2186 versa
876 2132 1006 2205 (sed
1060 2133 1414 2186 Reuaudotus
1460 2150 1650 2189 novam
1700 2148 1767 2185 ea

196 2222 416 2291 Coptico
441 2224 800 2281 concinnasse
825 2242 883 2281 se
913 2226 1212 2282 versionem
1240 2226 1543 2297 proﬁtetur)
1560 2242 1683 2294 pag.
1714 2226 1766 2288 1,

192 2322 243 2369 et
274 2312 582 2370 Renaudbti
610 2318 677 2371 ad
715 2333 834 2372 eam
873 2328 1163 2373 comment.
1206 2334 1328 2386 pag.
1354 2317 1457 2371 169
1481 2344 1505 2356 -
1529 2316 1633 2370 500
1658 2326 1767 2368 ιιιιιι

189 2421 253 2460 ex
275 2408 396 2462 cod.
426 2407 601 2462 Paris.
635 2409 768 2463 bibl.
794 2409 1013 2477 liturgia
1043 2407 1433 2473 Alexandrina,
1475 2407 1629 2461 initio
1654 2425 1769 2462 mu-

193 2499 303 2563 tila,
324 2515 375 2570 p.
402 2500 498 2554 57.
525 2500 590 2569 (τι
610 2499 776 2554 Garn.
805 2500 1060 2565 reddita.)
1083 2514 1148 2551 ex
1174 2498 1293 2553 cod.
1323 2499 1487 2568 Regio
1506 2499 1675 2555 Paris.
1700 2530 1770 2541 —

192 2605 252 2643 ac
278 2600 420 2643 noue
468 2588 772 2642 Renaudoti
802 2606 854 2657 p.
899 2588 1163 2643 535-532.
1196 2586 1252 2641 ιιι
1283 2598 1412 2642 tom.
1440 2588 1503 2652 ll,
1529 2589 1620 2657 qui
1649 2604 1772 2643 cou-

195 2679 323 2733 tinet
365 2678 615 2746 liturgias
661 2694 724 2733 ex
774 2680 934 2733 codd.
982 2678 1224 2746 Syriacis
1265 2678 1393 2734 bibl.
1444 2678 1771 2733 Colbertinae

192 2786 237 2825 s.
280 2768 654 2839 Seguierianze
699 2787 833 2827 mss.
876 2771 993 2825 Lat.
1030 2787 1213 2826 versas
1244 2787 1274 2825 a
1311 2770 1551 2827 llenaud.
1592 2783 1676 2826 est
1714 2790 1767 2827 u.

192 2862 276 2926 41,
304 2861 499 2918 Basilii
520 2861 595 2917 Μ.
622 2862 791 2932 (sive,
827 2874 882 2917 ιιι
906 2864 957 2917 in
988 2864 1112 2918 cod.
1138 2861 1472 2930 Colbertino,
1503 2862 1693 2917 Basilii
1720 2872 1772 2915 et

194 2952 428 3025 Gregorii
478 2954 747 3025 Theologi)
786 2954 1029 3023 Liturgia
1060 2970 1107 3009 s.
1141 2957 1443 3022 anaphora.
1488 2971 1610 3025 pag.
1641 2955 1767 3019 548,

194 3062 254 3099 ex
283 3048 451 3099 Andr.
492 3046 642 3100 Masii
674 3048 938 3109 versione.
963 3047 1107 3101 edita
1134 3048 1411 3107 Autwerp.
1448 3049 1606 3114 1569,
1631 3050 1681 3104 8.
1704 3079 1772 3088 —

196 3137 497 3190 llenaudoti
528 3135 677 3191 obss.
708 3154 756 3206 p.
785 3136 906 3191 562.

260 3226 651 3299 Λιιτουργικὸν
700 3228 797 3281 σὺν
831 3227 951 3299 Θεῷ
994 3228 1158 3299 ἁγίῳ,
1198 3230 1341 3283 κατὰ
1367 3230 1464 3301 τὴν
1490 3231 1643 3297 τάξιν
1676 3232 1771 3286 τοῦ

193 3318 422 3372 τυπικοῦ
467 3320 569 3389 τῆς
600 3319 907 3372 πανσέπτου
950 3321 1134 3391 Μανῆς
1172 3321 1273 3391 τῆς
1316 3323 1768 3395 κρυπτοςρέῤῥηζ,

193 3413 277 3464 ναὶ
321 3412 429 3483 μὴν
474 3413 618 3465 κατὰ
651 3412 771 3476 ἔθος
802 3412 909 3465 τῶν
969 3414 1385 3486 Ἰταλογραικῶν
1432 3418 1771 3486 μοναζόντων

193 3501 284 3555 τοῦ
337 3501 581 3572 μεγάλου
632 3502 843 3574 [ἰατρὸς
888 3502 1043 3573 ἡμῶν
1084 3504 1384 3560 Βασιλεῐου.
1443 3508 1531 3559 Ἐν
1585 3508 1772 3582 Ῥώμῃ

196 3596 344 3666 παρὰ
382 3594 609 3667 Ἰωάννῃ
637 3595 913 3667 Βαπτιστῇ
938 3595 1016 3667 τῷ
1036 3596 1353 3669 Βουσσέττῳ
1373 3606 1548 3669 μχπγ¹
1568 3601 1770 3672 (1685),

198 3688 315 3753 lnl.,
344 3688 661 3743 confectum
693 3687 761 3741 ab
786 3688 1097 3758 Apollinare
1129 3691 1375 3758 Agresta.
1409 3690 1544 3745 Vide
1572 3692 1772 3745 Baum-

195 3790 401 3848 garten,
432 3778 795 3833 Nachrichten
824 3796 919 3834 oon
952 3779 1288 3849 merkwisrdig
1343 3776 1608 3845 Bitchern,
1639 3790 1771 3837 tom.

196 3870 277 3934 Ill,
305 3887 358 3939 p.
396 3871 506 3926 559
528 3886 615 3941 sq.
638 3900 709 3911 —
736 3870 870 3926 Ibid.
897 3886 948 3942 p.
980 3871 1084 3926 557
1107 3888 1189 3941 sq.
1224 3862 1571 3926 recensentur
1618 3874 1776 3945 Ἀρχ-

200 3962 507 4032 ιιρατικὸνο
574 3961 735 4016 Liber
778 3962 1102 4032 pontificalis
1151 3961 1407 4022 Ecclesiae
1463 3960 1665 4017 Graecae
1704 3993 1774 4003 —

197 4051 377 4109 labore
404 4051 583 4107 lsasci
608 4052 852 4118 llaberti,
874 4062 981 4107 etc.
1002 4051 1177 4107 Paris.
1210 4051 1366 4119 1645,
1391 4053 1507 4119 t‘ul.,
1530 4068 1583 4109 et
1607 4054 1770 4110 Goari

196 4146 547 4219 Εὑχολόγιον,
582 4155 717 4206 etc..
746 4145 857 4213 jam
906 4158 936 4197 a
980 4144 1229 4199 Fabricio
1278 4157 1669 4213 memoratum;
1720 4160 1775 4202 et

196 4258 314 4312 pag.
357 4240 465 4295 207
507 4253 659 4309 sqq.,
696 4236 930 4306 Liturgia
965 4236 1201 4291 Romana
1242 4250 1403 4303 vetus,
1452 4240 1554 4293 tria
1590 4254 1775 4292 sacra-

196 4335 460 4388 mentaria
514 4331 912 4402 complectens,
951 4328 1282 4383 Leouiauutu
1328 4331 1561 4395 scilicet,
1613 4330 1775 4386 Gela-

195 4428 402 4484 sianutn
435 4436 494 4481 et
532 4428 810 4494 antiquum
843 4443 857 4479 :
902 4424 1315 4495 Gregoriauum,
1353 4426 1547 4479 edente
1587 4424 1773 4478 Ludo-

197 4525 313 4577 vico
345 4519 595 4576 Antonio
626 4518 938 4582 Muralorio,
969 4548 1038 4559 -—-
1071 4519 1161 4587 qui
1205 4528 1260 4573 et
1294 4520 1462 4587 ipsam
1487 4533 1610 4571 cum
1644 4519 1777 4571 alia-

1874 2048 2033 2109 1654,
2080 2063 2203 2116 pag.
2249 2048 2337 2102 75.
2393 2043 2630 2115 Incipit:
2672 2044 2908 2106 Domine,
2957 2046 3047 2112 qni
3092 2044 3232 2098 nosti
3288 2038 3452 2096 corda

1873 2140 2161 2192 hominum.
2199 2138 2390 2207 [Garu.
2428 2138 2491 2200 ll,
2527 2153 2579 2206 p.
2609 2134 2713 2190 688
2739 2150 2885 2205 sqq.,
2912 2150 3032 2187 cum
3062 2148 3206 2189 vers.
3241 2134 3454 2187 licitan-

1872 2231 2032 2303 doti]

1941 2321 2050 2377 Nec
2070 2337 2176 2376 non
2196 2321 2499 2387 Anapltora,
2522 2334 2681 2387 quam
2709 2334 2775 2373 ex
2795 2319 3020 2391 Syriaco
3042 2315 3187 2371 dedit
3207 2314 3453 2368 Andreas

1873 2417 2096 2483 Masius,
2128 2415 2411 2482 Autwerp.
2448 2412 2606 2477 1569,
2651 2419 2810 2478 atque
2851 2412 2971 2465 inde
3002 2411 3261 2465 insertam
3290 2407 3454 2461 habes

1875 2520 2018 2564 tonio
2036 2508 2098 2563 IV
2116 2506 2255 2563 Bibl.
2279 2503 2502 2559 Patrum
2525 2504 2696 2556 Paris.
2718 2501 2853 2556 1575
2875 2510 2927 2553 et
2951 2510 2989 2553 t.
3008 2499 3077 2555 Vl
3096 2500 3266 2554 Paris.
3289 2498 3451 2559 1589.

1875 2598 2031 2659 1651,
2068 2596 2229 2661 16ἳ1,
2262 2595 2382 2659 l'ol.,
2413 2606 2575 2663 atque
2610 2592 2987 2660 supplemento
3012 2587 3449 2643 Francofurtensi

1873 2691 2181 2744 criticorum
2202 2704 2478 2742 sacrorum
2498 2696 2628 2741 tom.
2649 2684 2711 2750 ll,
2728 2701 2779 2755 ν.
2796 2683 2918 2738 459.
2938 2682 3157 2737 Brevior
3169 2689 3272 2742 est.
3291 2691 3453 2747 atque.

1877 2779 2094 2848 incipit:
2116 2776 2335 2830 [Elerue
2362 2777 2517 2840 Deus,
2543 2778 2633 2847 qui
2658 2778 2709 2829 in
2726 2775 2983 2842 principio
3007 2772 3243 2826 homines
3262 2770 3452 2823 creasti

1875 2873 1942 2924 ad
1963 2868 2438 2923 immortalitatem.
2453 2870 2758 2936 Anaphorm
2775 2868 2889 2921 sive
2909 2865 3139 2935 liturgite
3163 2862 3454 2929 subjicitur

1873 2962 2100 3032 precatio
2120 2977 2227 3029 qua
2250 2960 2511 3015 consuevit
2538 2962 2705 3013 sacris
2723 2969 2967 3025 operatus
2992 2960 3070 3009 uti
3095 2957 3232 3022 apud
3260 2954 3451 3007 Deum.

1875 3054 2063 3123 Incipit
2090 3072 2101 3107 :
2134 3052 2404 3107 Laudetur
2428 3053 2652 3107 essentia
2678 3066 2794 3120 quia
2824 3050 3064 3103 omnibus
3094 3048 3331 3099 essentiis
3357 3064 3451 3099 su-

1879 3146 2088 3199 blimior
2114 3155 2212 3198 est.
2247 3145 2413 3216 Uidit.
2444 3162 2470 3196 a
2510 3143 2873 3205 Beuaudotio,
2908 3150 2965 3193 ut
2992 3139 3152 3210 paulo
3186 3148 3313 3191 ante
3335 3137 3448 3205 jam

1877 3236 2284 3307 animadverti.]

1946 3328 2100 3397 Apud
2137 3326 2353 3382 Petrum
2388 3327 2682 3390 Diaconqu
2712 3327 2788 3396 (a)
2821 3325 2915 3379 lib.
2969 3324 3043 3377 De
3087 3323 3455 3377 incarnatione

1874 3431 1920 3475 et
1954 3421 2123 3491 gratia
2164 3420 2379 3485 Christi,
2416 3436 2517 3489 cap
2545 3419 2598 3481 8,
2631 3418 2884 3487 leguntur
2922 3430 2987 3469 es
3040 3414 3223 3468 Basilii
3272 3413 3453 3469 Caesa-

1878 3513 2071 3568 riensis
2120 3514 2379 3577 oratione,
2408 3511 2522 3564 sive
2546 3509 2857 3577 precatione
2886 3507 3022 3560 sacri
3049 3505 3259 3563 altaris.
3288 3520 3451 3573 quam

1876 3619 2011 3672 pene
2041 3604 2352 3657 universum
2399 3600 2475 3652 ait
2508 3599 2856 3667 frequentare
2902 3596 3202 3660 Orientem,
3232 3610 3353 3663 qua:
3398 3595 3451 3646 in

1877 3692 2018 3743 nulla
2060 3690 2287 3758 Iiturgia:
2314 3687 2549 3742 editione
2589 3687 2840 3755 leguntur
2878 3703 2890 3739 :
2940 3684 3159 3738 Domine
3201 3685 3454 3737 uirtutum

1882 3798 1944 3834 ac
1969 3792 2337 3847 tutamentum,
2357 3778 2544 3841 malos,
2563 3795 2887 3848 qnwsnmus,
2910 3777 3067 3830 bonos
3086 3776 3261 3847 facito,
3289 3777 3452 3827 bonos

1877 3874 1931 3925 in
1960 3875 2191 3927 bonitate
2214 3890 2458 3927 conserva
2490 3886 2508 3923 :
2538 3874 2714 3925 (itania
2755 3888 2893 3924 enim
2926 3879 3093 3938 potes,
3139 3879 3184 3920 et
3230 3883 3335 3920 non
3371 3880 3447 3921 est

1875 3983 1963 4035 qut
2001 3967 2328 4020 contradicat
2378 3966 2493 4029 tibi,
2540 3982 2657 4017 rum
2706 3966 2844 4017 enim
2886 3961 3109 4016 colueris
3156 3959 3349 4027 salvas,
3403 3970 3450 4012 et

1879 4076 2025 4112 nemo
2054 4060 2243 4111 resistit
2275 4057 2531 4110 voluntati
2558 4067 2682 4109 tum.

1949 4150 2135 4203 XXVI.
2179 4148 2434 4203 Basiliutu
2474 4146 2564 4199 τὸν
2611 4147 2799 4214 Μέγαν
2843 4148 2900 4198 ἐν
2948 4147 3011 4216 τῇ
3056 4143 3324 4217 ἑρμηνείᾳ
3353 4141 3457 4213 τῆς

1878 4240 2221 4311 λειτουργίας
2258 4240 2388 4293 citat
2419 4238 2651 4301 Isaacus,
2684 4255 2888 4306 magna:
2916 4236 3180 4292 Armeniae
3224 4235 3457 4288 catholi-

1879 4349 1996 4399 cus,
2030 4333 2207 4388 ὅπουιί
2243 4347 2297 4385 ιι
2330 4331 2588 4401 scriptor,
2620 4331 2883 4386 invectiva
2919 4330 2943 4382 1
2978 4330 3031 4383 in
3066 4328 3369 4388 Armenios.
3400 4340 3455 4395 p.

1879 4427 1974 4479 5H
2021 4425 2174 4495 (tom.
2202 4422 2245 4478 ll
2268 4425 2483 4477 Auctor.
2513 4425 2629 4477 novi
2658 4420 3090 4491 Combellsiani).
3119 4420 3211 4481 At.
3240 4434 3359 4489 quae
3379 4417 3457 4471 af-

1881 4518 2005 4577 l‘ert,
2037 4526 2257 4570 exstant
2284 4516 2441 4570 hodie
2474 4516 2523 4569 iu
2559 4516 2776 4586 Θεωρίᾳ
2804 4516 3199 4586 μυσταγωγικῇ
3237 4511 3457 4584 [Basilio

196 4631 308 4669 rum
349 4612 601 4683 gentium
638 4609 871 4679 liturgiis
920 4610 1171 4673 contulit,
1224 4617 1289 4664 ad
1341 4609 1772 4663 conﬁrmandam
1809 4647 1851 4705 υ
1881 4610 2112 4678 ascripta
2138 4609 2190 4663 in
2216 4611 2375 4663 duoh.
2407 4611 2563 4663 codd.
2592 4608 2765 4663 Paris.
2791 4618 2847 4661 et
2879 4608 2998 4660 cod.
3025 4603 3315 4677 Escoria|.]
3341 4620 3458 4673 quae

195 4724 302 4779 pra
329 4707 551 4762 exteris
598 4701 877 4758 catholica:
925 4701 1179 4756 Ecclesia:
1206 4701 1273 4756 de
1301 4702 1641 4755 Eucharistia
1676 4702 1776 4755 do-
1809 4697 1841 4705 ”’
1879 4714 2153 4756 auctorem
2203 4702 2363 4757 habet
2401 4701 2756 4758 Germanum.
2790 4700 3155 4765 patriarchatn
3195 4697 3353 4753 CPol.
3392 4698 3456 4752 Α.

194 4800 461 4863 ctriuam,
488 4808 626 4861 ctc.,
653 4793 843 4850 Venet.
882 4793 1038 4860 1748,
1070 4791 1113 4847 ιι
1145 4793 1271 4848 voll.
1304 4793 1397 4848 fol.
1429 4792 1486 4847 lu
1522 4795 1771 4863 prolego.

196 4906 337 4947 men.
371 4903 500 4959 cap.
540 4887 609 4941 12
638 4895 695 4941 et
733 4886 800 4941 15
836 4887 1240 4939 demonstrasse
1268 4884 1370 4939 sibi
1414 4886 1624 4939 videtur
1656 4883 1773 4937 Mu-

197 4983 434 5040 ratorius
455 4994 786 5036 consensum
814 4978 1237 5034 Occidentalium
1263 4976 1623 5032 Ecclesiarum
1648 4992 1771 5030 cum

195 5073 437 5128 Butuaua
488 5072 545 5125 in
601 5070 841 5123 doctrina
877 5069 944 5122 de
988 5084 1143 5123 sacra
1176 5081 1355 5131 cmna,
1390 5076 1445 5122 et
1491 5076 1779 5121 enumerat

194 5166 498 5237 praecipuas
539 5160 894 5217 Orientalium
926 5160 1190 5232 liturgias,
1221 5160 1503 5230 primoque
1540 5160 1660 5213 loco
1691 5160 1772 5215 lit.

194 5261 535 5320 Grzrcorum,
565 5268 683 5323 qua
706 5262 929 5308 vocetur
956 5252 1188 5322 Liturgia
1212 5252 1405 5306 Basilii
1430 5252 1505 5306 Μ.
1536 5262 1583 5305 et
1607 5254 1773 5322 Chry.

195 5354 445 5415 sostomi;
473 5359 591 5402 tum
622 5353 902 5413 comparat
923 5344 1101 5398 Basilii
1132 5345 1427 5413 Iiturgiam,
1458 5343 1771 5410 inscriptam

196 5446 298 5501 τῶν
330 5439 823 5518 προηγιασμὲνων,
857 5450 913 5494 et
953 5448 1140 5508 postea
1170 5436 1442 5507 Copticam
1478 5436 1664 5491 Basilii
1712 5437 1774 5489 li-

266 5582 340 5652 (a)
371 5581 533 5655 ⁸Ιιιιιει·
571 5576 855 5655 Fulgentii
875 5589 1061 5655 opera,
1110 5584 1239 5655 tom.
1278 5572 1353 5655 |X_
1379 5572 1516 5630 Bibl.
1544 5570 1774 5655 famem

199 5644 332 5705 ειΙιίξ
364 5652 574 5718 ιλιαδ..
603 5644 724 5717 pag.
755 5645 876 5701 198.
921 5645 1086 5700 Fam.
1131 5645 1438 5698 lienatttlot.
1468 5644 1684 5711 quidem
1719 5644 1771 5693 iu

204 5722 332 5777 diss.
363 5723 447 5794 De
496 5719 769 5788 liturgiar.
814 5715 1077 5771 Oriental.
1106 5716 1307 5794 origine
1347 5726 1395 5767 et
1436 5714 1772 5794 auctoritate,

202 5800 330 5846 tom.
359 5793 397 5853 l.
430 5807 561 5862 pag.
596 5783 802 5862 sixvut
835 5803 955 5862 εει...
971 5798 1167 5862 contra
1197 5785 1504 5862 T_i_lleiuou_t.
1531 5783 1775 5862 aliosque

202 5854 464 5919 ostetidil.
508 5854 770 5925 iiiajorcm
815 5854 1092 5909 dimidiam
1136 5871 1200 5909 ex
1236 5854 1513 5921 Fulgentio
1550 5854 1771 5925 citatam

202 5945 407 6000 partem
441 5934 496 5988 in
532 5923 626 5985 Gr.
666 5928 880 5997 Iiturgia
913 5927 1165 5995 reperiri
1205 5926 1295 5981 sed
1321 5926 1442 5981 inde
1473 5923 1601 5979 nihil
1628 5923 1770 5977 aliud

1875 4796 2006 4851 Chr.
2044 4794 2184 4848 1255
2229 4794 2565 4858 defunctum,
2607 4792 2735 4846 licet
2774 4790 2860 4845 illa
2912 4794 2963 4844 in
3015 4790 3295 4844 codicibus
3339 4791 3460 4857 qui-

1878 4888 2099 4943 busdam
2130 4902 2324 4942 nomen
2358 4886 2564 4949 Basilii,
2601 4887 2654 4938 iu
2695 4884 2816 4939 aliis
2850 4883 3031 4955 Cyrilli
3066 4881 3460 4951 Hierosolymi-

1877 4982 2007 5045 tani,
2056 4980 2327 5049 praeferat,
2369 4989 2419 5034 et
2462 4980 2584 5033 licet
2620 4977 2822 5032 Basilio
2850 4977 3128 5030 vindicare
3168 4988 3287 5028 eam
3330 4973 3459 5026 velit

1878 5070 2231 5126 Combelisius
2256 5072 2308 5124 in
2335 5071 2475 5125 uotis
2512 5085 2565 5139 p.
2596 5067 2722 5123 420.
2753 5067 2940 5135 Incipit
2966 5083 2980 5120 :
3016 5064 3312 5133 Ἐκκλησία
3342 5064 3459 5115 ἐστὶ

1853 5226 1863 5239 ⁸
1878 5162 2006 5227 ναὸς
2039 5163 2196 5217 Θεοῦ.
2226 5164 2399 5225 Fuit.

1963 5255 2192 5326 Ὶστορία
2239 5253 2634 5326 μυσταγωγικὴ
2668 5253 2763 5305 καὶ
2791 5249 3219 5321 ὲκκλησιαστική
3260 5248 3456 5300 citatur

1878 5356 1932 5401 et
1961 5356 2141 5402 exstat
2162 5348 2215 5400 in
2246 5346 2368 5402 cod.
2400 5345 2642 5399 Naniano
2670 5341 2999 5406 CCXXVIII,
3027 5359 3080 5396 n.
3109 5341 3203 5396 99.
3242 5339 3304 5393 V.
3335 5336 3451 5392 Cat.

1878 5439 2031 5495 codd.
2072 5435 2165 5492 Gr.
2204 5435 2373 5499 Nam,
2416 5451 2466 5506 p.
2511 5435 2633 5488 422.
2672 5464 2736 5475 -—-
2771 5434 2815 5486 Α
2856 5433 3109 5487 Gartiier.
3162 5428 3225 5494 Il,
3267 5446 3318 5486 ο.
3350 5428 3456 5483 6ῖὸ

1886 5574 2065 5641 sequi,
2096 5574 2203 5629 nisi
2231 5582 2291 5628 ut
2332 5570 2574 5642 quadam
2605 5570 2838 5642 liturgia:
2864 5564 3151 5621 Basilianze
3177 5562 3457 5642 particula:

1885 5634 1994 5699 sint
2020 5634 2275 5709 servatae,
2308 5634 2467 5712 atque
2486 5634 2871 5712 qumnamfsiut
2897 5650 3189 5712 germana,
3208 5634 3322 5712 'dihci
3350 5648 3453 5686 non

1884 5731 2060 5783 posse,
2087 5704 2270 5770 sobrie
2306 5704 2691 5783 animadvertit
2715 5710 2785 5783 c_|.
2821 5704 3150 5783 Schroeckh,
3189 5706 3280 5773 qui
3309 5704 3454 5783 l.._c.,

1883 5774 2003 5855 pag.
2047 5774 2313 5847 203-206,
2366 5789 2435 5855 tle
2471 5782 2683 5855 liturgia
2731 5780 2852 5833 Bas.
2877 5780 3037 5855 Δξιιιὶι,
3092 5787 3148 5831 et
3205 5774 3448 5845 quaedam

1882 5848 2070 5912 contra
2100 5856 2375 5911 Benaudot
2428 5854 2562 5908 bcuu
2588 5848 2843 5919 disputat.
2876 5848 3044 5901 "Mli...
