4212 6496
734 430 923 481 αικνι

2087 425 2621 484 I’ROLEGOML’NA.

742 566 885 622 δρψ,
922 566 982 604 ολ
1018 546 1313 601 Itcuaudoti
1356 563 1517 617 opere
1558 549 1650 604 cit.
1695 550 1911 603 reddittr
1945 559 2065 603 sunt
2108 562 2311 605 tantum
2348 556 2383 608 Α
2422 563 2589 613 ratus,
2635 549 2837 620 pridem
2876 550 3164 605 intercidit.
3216 552 3346 605 Vide
3373 548 3673 607 Tilleuionl.
3708 562 3833 605 toni.
3873 554 3993 613 ΧΠ

738 644 909 712 prima
943 652 992 697 et
1028 642 1216 701 tertia;
1253 638 1634 709 I°I.iturgiaS.
1658 640 2313 697 aniliiAlexandrina.cx

738 736 857 788 co'd.
888 729 1358 792 (inero-Arabico,
1396 732 1545 783 initio
1578 730 1785 790 mutila.
1817 731 1911 787 Gr.
1939 746 1998 783 ac
2034 729 2235 784 Lat.—
2259 732 2315 784 2⁸

740 824 974 891 Liturgia
1009 826 1065 878 ὃ.
1099 822 1219 877 Bas.
1267 838 1333 877 ex
1386 823 1604 889 Coptico
1633 837 1913 878 conuersa.
1949 852 2015 861 —
2052 823 2105 874 In
2165 826 2312 891 praef.

741 916 769 985 δ
803 914 938 977 XIII,
982 929 1035 982 ρ.
1070 930 1267 975 Lxxxv,
1303 913 1587 966 admodum
1621 929 1786 981 pauca
1819 916 1882 967 de
1908 911 2314 981 Basiliilitnrgia

737 1017 892 1061 caute
926 1018 1127 1064 monet.
1158 1007 1409 1073 quoniam
1448 1006 1514 1055 ab
1544 1004 1661 1059 aliis
1693 1006 1899 1058 abunde
1934 1007 2001 1056 sit
2032 1004 2097 1057 de
2136 1005 2220 1057 illa
2262 1006 2313 1056 in

740 1112 1020 1169 utramque
1059 1110 1264 1169 partem
1301 1100 1647 1165 disputatum.
1705 1101 1852 1153 Adde
1908 1098 2081 1151 Riveti
2133 1100 2315 1153 (ἰήιέεί

738 1194 872 1247 sacri
928 1191 1019 1248 lib.
1055 1206 1133 1252 lli,
1164 1204 1281 1255 cap.
1316 1187 1407 1252 20,
1449 1204 1502 1256 p.
1546 1189 1647 1242 554
1690 1202 1809 1255 sqq.
1855 1187 2079 1241 Uberius
2123 1190 2187 1242 de
2228 1190 2313 1244 illa

742 1282 851 1345 egit
892 1289 943 1335 et
991 1282 1201 1333 diversa
1232 1280 1498 1332 variorum
1536 1277 1735 1347 judicia
1769 1276 1981 1346 collegit
2022 1275 2218 1331 Oudin.
2262 1282 2311 1333 iu

743 1376 940 1426 Comm.
970 1372 1062 1425 cit.
1117 1384 1247 1427 tom.
1283 1370 1324 1431 I,
1367 1374 1427 1422 de
1458 1370 1672 1425 Basilio.
1708 1386 1826 1438 cap.
1860 1371 1914 1429 5,
1948 1388 1996 1435 p.
2024 1371 2127 1423 579.
2168 1388 2310 1439 sqq,

739 1474 798 1514 ut
831 1462 1128 1515 Renandoti
1176 1462 1509 1525 aliorumque
1544 1461 1881 1512 narrationes
1910 1461 2313 1525 sententiasque

741 1556 1165 1622 praetermittam.
1188 1580 1257 1591 —
1282 1552 1353 1605 De
1375 1553 1493 1602 cod.
1527 1552 1655 1605 bibl.
1678 1549 1849 1607 Paris.
1883 1567 1935 1604 n.
1970 1550 2311 1616 MIIMXXIII,

745 1646 1085 1714 bombycino,
1126 1645 1595 1703 timeo-Arabico.
1637 1644 1727 1712 qui
1761 1646 1999 1697 continet
2043 1644 2311 1711 liturgiam

741 1738 919 1789 Basilii
957 1736 1399 1797 Alexandrinam,
1434 1736 1650 1800 C0ptice
1677 1748 1907 1797 versam,
1942 1752 2061 1785 cum
2096 1735 2303 1787 versio—

745 1845 809 1879 ne
834 1827 1086 1889 Arabica,
1119 1827 1209 1880 sed
1241 1826 1447 1878 diversa
1473 1825 1537 1877 ab
1562 1838 1621 1878 ea
1647 1838 1763 1892 qum
1795 1826 2029 1877 occurrit
2053 1825 2103 1877 in
2131 1825 2312 1892 Copti-

742 1919 821 1973 eis
852 1920 1005 1973 codd.
1044 1919 1193 1986 plura
1230 1916 1391 1969 tradit
1435 1916 1731 1969 Iteumrdot.
1773 1918 1824 1968 in
1868 1915 2157 1969 Montfauc.
2204 1916 2312 1970 Pa-
2346 1896 2385 1948 Β

737 2011 921 2076 la'ogr.
961 2006 1078 2067 Gn.
1112 2025 1163 2077 p.
1202 2009 1305 2061 3l5
1338 2025 1419 2074 sq.
1452 2040 1514 2049 —
1551 2009 1681 2061 Ibid.
1709 2009 2030 2062 iuterlibros
2056 2026 2180 2062 suos
2208 2010 2313 2065 Ge-

741 2102 923 2153 iasius
978 2101 1028 2153 in
1062 2101 1347 2170 diplomate
1385 2100 1571 2153 Gneco
1610 2110 1743 2166 patr.
1794 2098 1850 2151 S.
1893 2100 2073 2155 Basilii
2112 2102 2311 2163 Bonae,

746 2205 861 2254 post
893 2209 1018 2246 ann.
1062 2196 1192 2246 circ.
1226 2194 1380 2253 IIZES,
1423 2203 1683 2245 memorat
1709 2194 1805 2261 τὴν
1838 2195 2154 2264 ἑρμηνείαν,
2186 2206 2312 2257 etc.,

741 2286 1219 2352 interpretationem
1256 2286 1483 2354 liturgiw
1518 2284 1577 2340 S.
1618 2285 1827 2339 Basilii.
1860 2318 1919 2328 ——-
1956 2286 2008 2339 In
2052 2287 2179 2339 bibl.
2218 2286 2312 2341 Uf-

744 2377 995 2432 lnubaeb.
1039 2372 1287 2429 Francof.
1323 2372 1419 2427 fuit
1459 2375 1508 2427 iu
1534 2376 1648 2429 cod.
1682 2392 1803 2428 saec.
1846 2393 1919 2432 ix.
1946 2374 2131 2427 Basilii
2160 2375 2315 2427 litur-

743 2472 852 2533 gia,
890 2469 981 2521 sed
1021 2485 1122 2521 non
1157 2472 1311 2519 modo
1337 2472 1401 2517 ab
1442 2469 1579 2518 edita
1612 2466 1795 2519 ϐνειιηςι
1838 2467 1886 2517 in
1926 2466 2107 2520 multis
2137 2468 2314 2521 diver.

744 2576 828 2623 sa,
862 2575 1047 2613 verum
1078 2563 1238 2613 etiam
1283 2561 1351 2612 ab
1377 2575 1437 2613 ea
1489 2574 1649 2627 quam
1682 2558 1879 2611 Euseb.
1920 2558 2219 2613 Iteuandot.
2262 2561 2313 2613 iu

743 2652 1057 2706 Col/ertione
1092 2652 1423 2716 Iimrgiarum
1462 2649 1742 2715 0rieutal.,
1769 2663 1893 2704 tom.
1929 2650 1967 2716 I,
1999 2666 2050 2719 p.
2083 2652 2148 2705 57
2172 2669 2311 2721 sqq..

743 2760 809 2797 cx
846 2744 1010 2812 Regio
1041 2743 1159 2797 cod.
1192 2744 1398 2811 primus
1426 2744 1612 2807 edidit,
1640 2743 1794 2812 longe
1828 2745 2103 2805 recedens,
2143 2746 2215 2794 uti
2248 2744 2317 2795 fe-

744 2851 805 2891 re
837 2852 935 2892 nec
961 2836 1180 2906 Coptica
1226 2850 1325 2889 nec
1364 2835 1609 2905 Syriaca,
1652 2850 1748 2887 nec
1778 2836 1893 2888 alia:
1942 2835 2120 2886 Basilii
2164 2835 2315 2884 litur-

746 2929 848 2994 εἰπε
878 2928 1099 2980 invicem
1141 2924 1485 2979 conveniunt.
1518 2924 1693 2989 Quare
1715 2922 1764 2976 J.
1798 2922 1858 2975 II.
1902 2921 2069 2974 Maius
2096 2920 2146 2972 in
2174 2918 2311 2973 Bibl.

746 3038 845 3073 ms.
892 3019 1326 3086 Uienbacltiana,
1385 3034 1437 3086 p.
1475 3016 1735 3079 497-522,
1790 3031 1906 3070 eam
1960 3014 2144 3070 Grzece
2191 3030 2313 3068 cum

745 3124 841 3159 sua
876 3111 1122 3159 versione
1148 3108 1263 3161 Lat.
1287 3120 1339 3160 et
1373 3108 1639 3161 nonnullis
1669 3109 1933 3160 adnotatt.
1962 3105 2158 3175 publici
2182 3104 2318 3171 juris

2425 642 2641 695 .llemor.
2684 642 2784 694 lu'st
2811 640 3015 698 eccles..
3043 654 3096 708 p.
3133 641 3254 697 6H.
3290 664 3307 695 ι
3345 642 3612 697 Ilactenus
3654 642 3815 698 FABR.
3850 644 3990 696 Gar-

2420 731 2687 799 nier.,qui
2720 732 2819 786 tria
2856 731 2968 784 haec
2991 732 3244 799 opuscula
3280 733 3464 787 Cra-ce
3492 748 3720 799 ttntptsnt
3746 735 3990 788 exstitis-

2418 837 2475 873 se
2519 822 2746 886 dubitat,
2782 842 2812 877 e
2842 823 3115 876 contrario
3174 838 3201 873 a
3252 822 3459 879 Latinis
3490 830 3780 889 composita
3821 827 3992 879 fuisse

2423 933 2518 981 pro
2561 926 2711 970 certo
2757 919 2937 977 liabet,
2961 916 3186 970 discedit
3214 930 3242 968 a
3271 922 3533 973 sententia
3564 917 3792 973 Fabricii
3826 933 3991 991 atque

2416 1008 2629 1070 Oudini,
2658 1018 2712 1061 et
2735 1021 2893 1077 negat
2949 1008 3179 1062 libellum
3212 1008 3465 1076 primum,
3494 1012 3547 1064 in
3585 1024 3688 1077 quo
3726 1025 3791 1063 ne
3820 1028 3987 1063 unum

2415 1100 2629 1165 quidem
2671 1100 2897 1154 verbum
2920 1102 2986 1153 de
3017 1101 3307 1153 liberormn
3340 1102 3631 1157 amissione
3658 1101 3881 1169 legatur,
3917 1103 3985 1155 il-

2417 1192 2502 1243 lud
2548 1191 2719 1257 ipsum
2766 1208 2898 1260 opus
2941 1207 3059 1244 csse
3096 1190 3327 1245 Victoris
3378 1189 3782 1255 Cartennensis,
3838 1193 3986 1261 quod

2414 1284 2721 1338 Gennadius
2749 1286 2842 1352 ait,
2897 1284 3016 1337 ideo
3060 1285 3317 1352 scriptum
3364 1280 3531 1337 fuisse
3583 1300 3613 1337 a
3647 1282 3884 1346 Victore,
3927 1296 3989 1339 ut

2414 1373 2700 1439 quemdam
2735 1375 2967 1427 amicum
3005 1388 3158 1425 suum
3178 1386 3337 1440 super
3361 1369 3452 1423 lilii
3477 1382 3647 1426 morte
3672 1374 3986 1430 consolare-

2416 1478 2521 1519 tur.
2551 1465 2738 1529 Docet,
2778 1480 3050 1519 auctorem
3087 1465 3319 1518 voluisse
3357 1476 3543 1515 omnes
3586 1467 3851 1519 consolari
3894 1482 3990 1519 ca-

2416 1564 2709 1628 lamitosos,
2739 1562 3000 1630 praecipue
3027 1577 3120 1614 eos
3144 1560 3231 1627 qui
3258 1558 3416 1626 lepra:
3440 1560 3627 1612 morbo
3661 1561 3989 1614 alliictaban-

2415 1667 2520 1709 tur.
2552 1656 2787 1724 Denique
2814 1652 2990 1704 laudat
3027 1652 3183 1706 amici
3218 1649 3494 1717 cujusdam
3521 1648 3804 1714 judicium,
3832 1650 3987 1703 illum

2414 1743 2645 1797 libellum
2686 1758 2714 1795 a
2762 1738 2916 1793 Gallo
2974 1738 3025 1791 fu
3052 1754 3137 1793 sse
3191 1736 3570 1806 compositum,
3620 1750 3683 1789 eo
3732 1737 3989 1791 videlicet

2416 1842 2674 1901 tempore,
2713 1844 2818 1897 quo
2841 1828 2998 1897 lepr:e
3038 1831 3152 1883 lues
3197 1830 3439 1897 regiones
3476 1827 3592 1880 illas
3622 1826 3855 1879 maxime
3899 1826 3987 1878 iu-

2418 1922 2653 1975 lestaret.
2690 1919 2763 1972 De
2793 1921 3023 1973 secunda
3056 1920 3393 1975 oratiuncula
3426 1922 3643 1989 adoptat
3666 1918 3832 1975 Garn.
3877 1918 3986 1972 Fa-

2417 2014 2569 2067 bricii
2623 2012 2958 2081 aliorumque
2988 2013 3269 2079 judicium.
3304 2012 3540 2065 Tertium
3580 2013 3811 2081 denique
3844 2027 3990 2081 opus

2416 2104 2621 2155 scutum
2653 2102 2880 2157 aﬂirmat
2924 2103 3099 2159 Basilii
3127 2102 3338 2169 quidem
3369 2116 3471 2154 non
3502 2117 3620 2156 esse
3644 2114 3658 2165 ;
3679 2106 3794 2167 sed,
3834 2112 3925 2154 aut
3956 2117 3990 2156 ι

2416 2209 2542 2263 quo,
2568 2209 2658 2251 aut
2684 2213 2789 2267 quo
2821 2210 3059 2267 tempore
3086 2194 3417 2249 elaboratum
3447 2193 3538 2254 sit,
3566 2194 3719 2262 plane
3750 2193 3986 2262 ignorat.

2418 2286 2589 2341 IIABL.

2489 2377 2677 2451 [ΚΗΛ]
2720 2378 2793 2430 De
2830 2376 2979 2428 laude
3027 2376 3278 2427 solitaria:
3320 2374 3456 2439 vitaz,
3500 2372 3707 2430 Latine.
3753 2375 3986 2441 Incipit:

2422 2472 2559 2525 Libet
2600 2472 2663 2521 de
2694 2469 2973 2537 singularis
3015 2468 3129 2520 vitm
3164 2483 3289 2519 mem
3317 2469 3532 2535 meritis,
3590 2479 3694 2523 etc.
3756 2469 3815 2523 P.
3860 2470 3988 2525 705.

2419 2564 2596 2631 Neque
2636 2561 2734 2615 boc
2774 2559 3024 2613 Basiliam
3068 2570 3340 2614 auctorem
3384 2560 3562 2622 habet,
3615 2562 3707 2615 sed
3762 2561 3989 2615 Petrum

2419 2654 2681 2715 llamiaui,
2716 2654 2933 2720 petitmn
2972 2667 3035 2705 ex
3082 2652 3195 2719 ejus
3242 2653 3498 2721 opusculo
3540 2652 3630 2716 XI,
3680 2654 3793 2707 sive
3850 2653 3990 2705 libro

2421 2743 2667 2794 Dominus
2698 2742 2978 2803 vobiscum,
3014 2758 3133 2809 cap.
3182 2741 3264 2802 I9,
3305 2753 3432 2794 tom.
3463 2742 3524 2794 III
3555 2741 3687 2811 Opp.
3725 2758 3847 2812 pag.
3886 2742 3991 2796 105

2417 2848 2530 2899 seq.
2556 2834 2683 2884 edit.
2718 2833 2887 2887 Paris.
2922 2831 3079 2888 1642:
3118 2831 3207 2882 fol.

2488 2922 2652 2993 [XV.]
2678 2923 2977 2974 Admonitio
3028 2922 3095 2972 ad
3126 2922 3293 2988 ﬁlium
3320 2922 3629 2989 spiritalem,
3660 2920 3869 2985 Latine,
3930 2940 3992 2975 n-

2417 3026 2563 3068 certo
2627 3017 2931 3081 interprete.
2968 3010 3157 3080 Incipit
3192 3030 3205 3065 :
3235 3013 3395 3079 Audi,
3438 3012 3536 3079 ﬁli,
3578 3014 3992 3067 admonitionem

2417 3108 2579 3173 patris
2613 3108 2709 3169 uti,
2753 3122 2808 3175 p.
2841 3106 2946 3161 208
2998 3105 3185 3159 Exstat
3230 3118 3281 3160 et
3334 3108 3386 3160 in
3436 3108 3729 3176 appendice
3775 3107 3991 3161 Codicis

747 3200 890 3253 fecit.
920 3229 988 3238 —
1022 3199 1189 3251 Paris.
1239 3198 1289 3251 iu
1328 3199 1453 3250 bibl.
1487 3200 1630 3265 publ.
1668 3199 1879 3268 liturgia
1908 3198 2001 3253 Gr.
2049 3208 2222 3252 exstat
2264 3198 2312 3251 iu
2343 3228 2384 3285 ο
2420 3201 2712 3266 regularum
2758 3202 3185 3263 nionaslicarum,
3227 3202 3489 3254 recensita
3532 3217 3560 3253 a
3604 3200 3745 3254 Luca
3776 3198 3993 3254 Holste-

747 3288 859 3345 VIII
890 3292 1007 3345 cod.
1044 3288 1103 3344 V.
1146 3289 1259 3345 Cat.
1304 3291 1451 3342 codd.
1496 3289 1689 3344 Paris..
1720 3291 1825 3343 vol.
1866 3288 1942 3352 Il;
1971 3299 2225 3355 prteterea
2261 3290 2310 3341 iu

752 3381 855 3434 vol.
887 3380 903 3434 I
938 3390 1299 3441 enumeratur,
1338 3396 1388 3449 p.
1425 3378 1512 3443 57,
1552 3380 1690 3431 inter
1730 3379 1882 3431 codd.
1930 3378 2201 3448 Syriacas,
2247 3378 2313 3429 li—

753 3472 922 3540 iurgia
949 3469 1124 3525 Basilii
1154 3482 1206 3524 et
1244 3469 1469 3539 Gri-ger.
1516 3470 1765 3522 Nazianz.
1813 3483 1932 3520 cum
1969 3468 2088 3518 aliis
2117 3469 2167 3518 iu
2194 3468 2312 3520 cod.

755 3560 989 3618 LXVIII.
1031 3590 1101 3601 -—
1129 3559 1253 3629 Pag.
1286 3559 1356 3613 72
1382 3576 1463 3628 sq.
1500 3559 1639 3611 inter
1667 3558 1819 3610 codd.
1858 3556 2107 3624 Copticos
2133 3553 2311 3625 Iiturg.

756 3672 856 3707 una
881 3672 1000 3708 cum
1028 3655 1469 3723 interpretatione
1497 3651 1745 3713 Arabica,
1773 3650 1926 3703 codd.
1954 3648 2121 3703 XXIV
2148 3664 2316 3717 usque

753 3746 817 3799 ad
855 3744 1019 3807 XXX,
1061 3748 1110 3797 in
1142 3747 1196 3805 4,
1231 3747 1350 3797 cod.
1387 3744 1627 3807 XXXIX,
1664 3746 1712 3795 in
1735 3743 1785 3797 8.
1826 3772 1893 3781 —
1941 3742 2175 3812 Liturgia
2214 3741 2314 3794 Ba-

752 3836 839 3888 sil.
875 3836 925 3887 iu
955 3835 1220 3903 epitouieu
1265 3836 1497 3894 redacta,
1534 3836 1583 3885 in
1621 3837 1740 3887 cod.
1776 3832 1941 3893 XXX,
1976 3834 2066 3888 l'ol.
2096 3864 2163 3874 —
2197 3834 2321 3887 Vin-

752 3928 975 3981 dobome
1002 3927 1053 3979 in
1082 3927 1197 3979 cod.
1227 3926 1365 3980 Cras.
1398 3924 1507 3986 XC,
1540 3941 1593 3974 n.
1623 3924 1673 3983 5,
1703 3924 1880 3976 Basilii
1908 3937 2226 3994 praeceptum
2253 3928 2319 3981 ad

753 4020 1083 4072 sacerdotem
1114 4021 1177 4071 de
1214 4018 1388 4070 divina
1424 4016 1655 4079 liturgia,
1702 4024 1835 4065 teste
1883 4012 2143 4077 Nesselio,
2199 4016 2317 4072 Cat.

754 4114 885 4166 codd
916 4151 931 4175 ,
959 4121 1097 4178 part.
1133 4127 1183 4173 v,
1213 4126 1330 4177 pag.
1366 4110 1484 4163 I46.
1520 4110 1687 4162 Hane.

828 4204 912 4260 19..
952 4204 1036 4266 13,
1071 4203 1154 4256 I4.
1202 4202 1473 4255 Tractalus
1521 4203 1581 4256 S.
1624 4203 1813 4257 Basilii
1864 4204 1926 4257 de
1968 4204 2319 4256 consolatione

756 4306 813 4358 in
854 4304 1106 4361 adversis,
1153 4302 1378 4362 incerto,
1416 4301 1508 4353 sed
1544 4302 1764 4368 antiquo
1797 4304 2104 4368 interprete.
2149 4299 2316 4353 Garu.

754 4398 815 4453 II.
852 4414 899 4464 p.
938 4397 1061 4460 697,
1087 4395 1175 4461 qui
1212 4396 1261 4447 in
1302 4393 1451 4460 prmi.
1495 4391 1681 4461 §XIII,
1722 4408 1771 4460 p.
1804 4408 1977 4447 Lxxxv
1999 4407 2105 4459 sq.,
2129 4393 2193 4446 de
2218 4392 2319 4445 boc

752 4500 807 4541 et
841 4491 1047 4541 duobus
1077 4488 1421 4555 sequentibus
1447 4501 1634 4553 Opusc.
1662 4484 1887 4545 Latinis,
1913 4501 2031 4554 qua:
2058 4489 2193 4553 apud
2216 4484 2319 4537 Fa.

2419 3293 2527 3354 nio,
2559 3292 2709 3343 Rom.
2748 3290 2904 3351 1661,
2939 3289 2992 3352 4,
3028 3298 3082 3343 et
3114 3290 3253 3340 inter
3280 3286 3623 3342 Para'neticos
3653 3296 3839 3343 veteres
3866 3304 3989 3342 cum

2417 3382 2555 3434 notis
2593 3381 2897 3433 Melcbioris
2939 3380 3173 3433 Goldasti
3206 3382 3378 3433 editos
3419 3380 3607 3433 Insulis
3639 3381 3795 3445 I604,
3827 3383 3882 3435 4.
3916 3380 3993 3434 De

2416 3473 2877 3541 Anglii-Saxonica
2906 3472 3147 3525 versione
3170 3486 3271 3524 ms.
3299 3473 3418 3525 vide
3440 3473 3737 3541 catalogmn
3762 3476 3993 3540 scripto.

2417 3581 2531 3620 rum
2567 3564 3064 3632 septentrionalium
3102 3563 3152 3614 in
3186 3560 3453 3615 Thesauro
3486 3562 3699 3632 Georgii
3740 3562 3989 3627 Ilickelii',

2418 3672 2535 3725 pag.
2558 3656 2644 3710 72.
2687 3655 2851 3710 ΕΔΜ.

2492 3744 2599 3817 [15.
2649 3743 2894 3797 Ηοηιὶιὲω
2922 3753 3043 3797 octo
3069 3743 3275 3807 Basilii,
3304 3759 3433 3811 quas
3456 3742 3724 3795 transtulit
3762 3740 3991 3809 Ruﬁnus

2420 3839 2479 3891 de
2508 3838 2687 3892 (ἔναιε-ο
2718 3838 2773 3889 in
2807 3836 3069 3900 Latinum,
3095 3851 3123 3889 a
3148 3835 3312 3890 Garn.
3341 3834 3402 3896 Il,
3430 3848 3481 3902 p.
3506 3835 3608 3887 712
3630 3848 3775 3901 sqq.,
3803 3850 3834 3888 e
3857 3836 3993 3889 duo-

2422 3932 2521 3984 bus
2570 3930 2835 3985 \eteribus
2873 3928 3044 3983 Paris.
3086 3928 3239 3983 codd.
3284 3929 3512 3996 primum
3564 3927 3614 3979 iu
3654 3925 3824 3979 lucem
3862 3942 3990 3995 pro-

2422 4021 2614 4073 duotzr.
2667 4019 2800 4071 Add.
2852 4020 2966 4087 ejus
3017 4018 3173 4073 Praei.
3218 4033 3268 4087 p.
3316 4031 3490 4072 Lxuv
3531 4032 3614 4086 sq.
3648 4014 3804 4071 Coul'.
3847 4014 3984 4071 Just.

2419 4110 2702 4164 Fontanini
2741 4110 2990 4165 Historia:
3044 4111 3267 4164 lillerar.
3323 4110 3663 4179 Aquileiensis
3710 4108 3905 4161 librum
3936 4123 3987 4173 ν,

2420 4216 2536 4263 cap.
2568 4199 2621 4261 8,
2654 4215 2776 4269 pag.
2807 4199 2911 4253 298
2946 4215 3059 4267 sq.,
3088 4199 3178 4266 qui
3206 4200 3365 4253 etiam
3397 4208 3640 4259 testatur,
3673 4199 3989 4267 probatque.

2419 4303 2447 4339 a
2482 4287 2675 4339 liuﬁuo
2708 4300 2850 4347 octo,
2879 4306 3005 4352 non,
3033 4291 3105 4341 uti
3141 4289 3513 4341 Tillcutontius
3536 4290 3776 4355 putabat,
3804 4290 3991 4341 decem

2419 4375 2600 4431 Basilii
2631 4379 2877 4433 bomilias
2903 4378 3093 4431 Latine
3120 4393 3239 4430 esse
3269 4380 3523 4439 redditas,
3556 4380 3845 4445 laudatque
3866 4380 3988 4432 cod.

2426 4468 2732 4522 liibinatem
2789 4468 2993 4531 LXVII,
3034 4470 3280 4530 ttteIIIIII'.,
3311 4468 3361 4519 in
3410 4467 3537 4520 bibl.
3578 4464 3859 4533 Vaticana,
3901 4470 3987 4521 ubi

753 4580 887 4633 ωδε,
924 4554 1276 4632 numerath
1310 4577 1423 4631 χιγ
1458 4588 1510 4632 ει
1546 4575 1662 4641 xv,
1693 4576 1851 4629 huius
1873 4576 2109 4630 disseriL
2147 4574 2313 4629 Hm,”
2350 4576 2389 4627 ο
2422 4561 2621 4625 pariter
2652 4559 2883 4612 bomilite
2924 4557 3026 4610 Vlll
3063 4556 3345 4610 Basiliame
3396 4570 3424 4607 a
3476 4554 3666 4608 [tollito
3712 4570 3991 4608 conversa:

754 4669 1034 4723 Fabricius
1069 4679 1246 4722 autem
1284 4670 1335 4720 in
1373 4670 1537 4722 veteri
1568 4669 1720 4730 ediL,
1767 4683 1820 4721 n.
1859 4665 1972 4719 XIII
2016 4668 2323 4735 appendicis

750 4761 1026 4826 Gr.-Lat.,
1051 4778 1101 4828 p.
1134 4761 1235 4815 195
1264 4763 1348 4815 ed.
1386 4761 1552 4814 Paris.
1581 4776 1630 4812 a.
1658 4758 1812 4820 1618,
1840 4776 1857 4807 ι
1882 4757 2088 4821 Latine,
2117 4760 2209 4817 ait,
2246 4758 2323 4810 iu—

752 4855 922 4921 cipit:
954 4854 1401 4918 Quemadmodum
1425 4854 1569 4905 nauis
1594 4868 1706 4903 cum
1740 4849 1995 4903 undarum
2026 4858 2322 4918 tempestate

749 4955 1057 5005 quassatur.
1090 4946 1201 4999 Non
1234 4956 1316 4999 est
1346 4944 1552 5007 Basilii,
1587 4959 1682 4997 nec
1714 4960 1741 4996 e
1777 4942 1962 4998 Grtcco
1993 4957 2195 5001 versus,
2229 4943 2319 4993 sed

756 5036 942 5088 Latine
971 5037 1205 5105 scriptus
1236 5051 1261 5085 a
1296 5035 1531 5097 Victore,
1589 5036 1677 5102 qui
1718 5046 1835 5102 poSt
1880 5031 2153 5085 Rusticum
2187 5033 2320 5085 Car-

759 5138 931 5178 teuna:
954 5124 1285 5178 Mauritaniae
1313 5124 1364 5176 in
1394 5122 1576 5175 Africa
1610 5125 1891 5190 epi5c0pns
1917 5124 2057 5177 circa
2096 5126 2158 5175 Α.
2190 5123 2315 5175 Chr.

750 5216 860 5273 460
889 5216 1007 5281 fuit,
1046 5225 1099 5268 et
1135 5216 1274 5268 hunc
1297 5214 1709 5267 consolatoriam
1744 5214 2002 5274 libellum,
2039 5214 2127 5281 qui
2157 5213 2319 5265 etiam

759 5312 897 5362 inter
931 5306 988 5361 S.
1020 5306 1271 5361 Eucherii
1303 5322 1462 5371 opera
1494 5306 1706 5371 legitur,
1738 5308 1800 5356 ad
1826 5306 2010 5357 nescio
2038 5318 2195 5371 quem
2222 5302 2321 5354 Βιλ-

753 5400 932 5451 silium
961 5414 1119 5466 super
1148 5406 1316 5452 morte
1344 5398 1433 5451 lilii
1466 5398 1698 5463 scripsit,
1735 5407 1869 5447 tcslc
1896 5394 2173 5449 Gennadio
2202 5410 2318 5461 cap.

755 5491 817 5542 ’Π
853 5490 929 5541 De
955 5492 1189 5555 scriptor.
1226 5489 1405 5541 eccles.
1441 5489 1621 5557 Ejusd.
1656 5486 1884 5538 Victoris
1915 5486 2047 5540 liber
2066 5484 2140 5538 De
2161 5488 2321 5552 paeni-

758 5583 916 5634 tentia
944 5581 1211 5648 publicani
1254 5584 1387 5635 inter
1430 5580 1486 5634 S.
1540 5580 1801 5633 Ambrosii
1835 5594 1993 5645 Opera
2038 5579 2205 5630 lucem
2247 5578 2323 5629 vi-

757 5675 854 5735 dit,
898 5676 1026 5726 etin
1062 5689 1163 5726 IIIS.
1206 5673 1451 5727 Hennensi
1499 5673 1634 5723 male
1672 5673 1897 5724 refertur
1940 5669 2005 5723 ad
2056 5668 2319 5721 Victorem

758 5767 1141 5820 'l‘unnensem:
1180 5764 1317 5818 liber
1350 5779 1478 5818 vero
1524 5766 1589 5816 ad
1638 5762 2008 5824 Gcnsericum,
2060 5758 2323 5813 Vandalo-

753 5872 874 5911 rant
906 5864 1301 5927 rcgem.contra
1330 5855 1572 5920 Annum,
1611 5853 1884 5908 Gcnnadio
1909 5852 2087 5905 itidem
2123 5865 2317 5904 metuo-

2425 4669 2545 4703 t'ltlll
2584 4651 2806 4719 prologo
2836 4652 2902 4703 ad
2926 4648 3293 4717 Apronianum
3330 4649 3596 4718 leguntur.
3626 4647 3759 4701 Octo
3775 4662 3991 4715 quoque

2426 4743 2660 4795 humilia!
2687 4756 2805 4795 cum
2844 4741 3019 4794 Rulini
3060 4738 3269 4807 praefat.
3318 4741 3367 4791 in
3410 4740 3602 4791 librum
3647 4737 3988 4791 botniliarum

2426 4834 2627 4889 Basilii.
2654 4843 2775 4888 sunt
2809 4835 2860 4888 in
2891 4834 3010 4886 cod.
3053 4830 3170 4884 Lat.
3209 4831 3490 4885 Dresdensi
3525 4831 3677 4884 elect.
3724 4829 3785 4884 V.
3824 4830 3991 4885 Goets

2427 4924 2786 4979 Memorabilia
2821 4924 2945 4979 bibl.
2984 4924 3253 4987 Dresd.,|.
3287 4934 3418 4992 part.
3457 4939 3529 4985 tv,
3567 4939 3618 4991 p.
3651 4923 3773 4976 562.

2494 5016 2851 5084 Appendicem
2898 5015 3003 5069 vol.
3042 5016 3258 5068 secundi
3294 5013 3459 5067 Garu.
3504 5013 3777 5079 eu'ipitlnt
3821 5012 3991 5065 Fron-

2427 5109 2564 5160 tonis
2596 5107 2767 5161 Ducazi
2801 5108 2853 5159 in
2882 5107 3132 5163 bomilias
3175 5118 3229 5159 et
3273 5105 3374 5156 alia
3427 5105 3620 5157 diversi
3663 5105 3992 5172 argumenti,

2426 5203 2475 5254 in
2511 5201 2719 5266 regulas
2755 5208 2810 5252 et
2840 5197 3011 5253 fusius
3044 5206 3095 5252 et
3124 5196 3338 5250 brevius
3381 5205 3671 5255 tractatas;
3716 5196 3766 5247 in
3825 5194 3991 5247 libros

2428 5294 2499 5346 De
2526 5294 2779 5359 baptismo
2812 5308 2827 5344 :
2860 5302 2969 5344 tum
2999 5292 3187 5345 breves
3218 5298 3356 5343 notae
3397 5298 3450 5340 ct
3497 5285 3991 5338 animadversiones

2426 5384 2662 5438 Federici
2698 5383 2896 5436 Morelli
2933 5384 2983 5434 in
3015 5381 3275 5450 quasdam
3318 5378 3493 5430 Basilii
3522 5376 3808 5437 bomilias;
3841 5375 3990 5427 deni-

2424 5494 2526 5547 que
2552 5477 2771 5530 iudices.
2806 5476 2857 5526 In
2888 5474 3015 5525 edit.
3042 5472 3211 5525 Paris.
3238 5487 3289 5523 a.
3310 5470 3442 5524 1613
3476 5480 3597 5519 sunt
3630 5480 3844 5533 quoque
3866 5466 3994 5516 sub—

2418 5572 2573 5637 jectm
2627 5578 2763 5619 uotae
2806 5568 2855 5618 in
2909 5566 2995 5618 illa
3040 5564 3249 5633 aliaque
3278 5578 3436 5631 opera
3475 5559 3679 5622 BJSIIII,
3714 5568 3769 5610 ct
3818 5566 3989 5611 totum

2423 5677 2554 5728 opus
2584 5659 2869 5725 obsignant
2905 5656 3064 5708 varia:
3100 5654 3357 5707 lectiones
3385 5653 3434 5704 in
3460 5648 3725 5711 Ascetica,
3750 5662 3815 5701 ex
3844 5647 3991 5702 codi-

2426 5769 2483 5808 cc.
2542 5753 2857 5818 pcrantiquo
2912 5748 3130 5800 (icrardi
3190 5746 3357 5805 V0513?
3405 5753 3595 5796 notata:
3657 5742 3723 5795 ab
3775 5740 3987 5793 Δηὼ-ευ

2432 5846 2648 5899 sancto
2674 5846 2737 5895 ad
2768 5844 2892 5897 cdit.
2922 5842 3158 5894 (ἐι-ωηιξη
3194 5854 3241 5890 a.
3278 5832 3424 5889 I55I.
