4212 6500
1451 454 1726 510 NOTITIA
1770 453 1856 506 LIX
1890 453 2231 511 FABRICIU.

3254 473 3383 514 (ἵεις
3393 474 3457 511 VII

293 576 343 636 In
380 576 470 635 illa
501 580 592 637 ed.
623 596 675 635 a.
706 581 864 645 H318,
894 596 947 634 ιι.
979 579 1118 645 XVI,
1146 578 1365 645 claudit,
1392 590 1449 633 ut
1474 580 1651 635 verbis
1675 587 1795 631 utar
1824 581 1869 638 Δ
1899 580 2072 648 inquit
2102 579 2455 636 Combelisius
2490 580 2601 653 (qui
2636 579 2879 650 pluribus
2918 580 3047 634 locis
3086 580 3228 633 hunc
3273 579 3458 633 librum

222 670 473 735 Fabricii,
520 672 876 741 appendix”!
916 670 1174 725 Gennadii
1225 670 1514 733 Scholarii,
1570 672 1797 739 patriar-

222 764 333 816 cbze
361 762 567 817 CPolit.
603 765 670 818 Α.
700 763 828 817 Chr.
860 764 998 817 1460
1033 763 1236 824 denati,
1264 763 1572 817 dissertatio
1593 763 1794 831 episto-

224 853 319 906 léca
354 853 429 905 De
459 856 578 908 uitta
602 855 821 907 termino
851 867 895 906 et
917 854 1375 921 predestinatiane
1399 854 1462 906 ad
1481 853 1791 922 Jusephum,

224 944 541 999 monachum
558 944 1112 1009 Thessalonicensem,
1129 960 1224 1014 pro
1249 946 1562 999 vindicanda
1582 954 1795 999 senten-

226 1034 291 1087 tia
307 1034 363 1088 S.
379 1034 583 1097 Basilii,
599 1051 753 1103 quem
773 1037 976 1101 magnis
995 1046 1192 1088 mactat
1208 1036 1414 1105 elogiis.
1431 1037 1616 1105 Incipit
1636 1052 1649 1088 :
1670 1036 1791 1089 Κλι-

222 1126 452 1197 νοπετὴς
468 1126 753 1197 ἐδεξάμην.
792 1146 809 1176 ι
850 1126 996 1181 llanc
1033 1129 1481 1192 dissertationem,
1506 1145 1533 1181 a
1560 1129 1791 1185 Maximo

224 1216 524 1287 Margnuio,
574 1222 929 1288 Cytlierorum
980 1220 1253 1289 episcopo,
1312 1232 1528 1286 nat-tus,
1588 1224 1793 1290 primus

221 1307 410 1363 Graece
440 1312 679 1363 ediderat
712 1308 878 1361 David
928 1309 1267 1365 llmscliclius
1298 1314 1551 1381 Augustae
1578 1314 1786 1367 Vindel.

230 1402 388 1460 1594.
423 1403 475 1456 4.
507 1400 793 1455 Fedcricus
828 1399 1079 1455 Morellus
1109 1402 1297 1457 Latine
1334 1405 1489 1457 vertit
1530 1414 1584 1457 et
1609 1404 1789 1459 Basilii

216 1495 467 1562 aperibus
498 1492 791 1561 subiunxit,
841 1496 991 1561 cujus
1044 1496 1206 1549 etiam
1266 1506 1404 1549 nota:
1443 1498 1493 1549 in
1535 1496 1788 1551 Basilium

219 1601 251 1655 p
291 1585 357 1638 95
390 1586 692 1639 videantur.
720 1604 737 1635 ι
782 1583 950 1638 Hanc.

287 1674 363 1747 [lu
406 1683 551 1727 torno
583 1677 741 1727 tertio
762 1675 891 1729 edit.
923 1674 1172 1735 Garner.,
1208 1684 1325 1742 post
1364 1675 1523 1742 hujus
1557 1689 1785 1732 mortem

220 1764 495 1824 absolutae,
532 1772 655 1816 sunt
681 1762 861 1815 Basilii
894 1762 959 1815 M.
994 1765 1045 1815 l°
1080 1764 1215 1816 liber
1244 1763 1315 1817 De
1350 1764 1546 1832 Spiritu
1573 1779 1790 1831 sancto;

217 1855 271 1908 2'
317 1856 609 1923 Epistolas;
666 1855 723 1908 5°
778 1854 1067 1910 Sermones
1109 1856 1274 1909 XXIV
1307 1857 1373 1910 de
1401 1862 1658 1924 moribus,
1696 1877 1792 1928 per

1900 672 2151 726 emendat
2200 672 2555 741 illustratque,
2600 682 2650 726 et
2687 672 2897 725 Erasmi
2943 670 3244 725 versionem
3284 685 3460 725 emen-

1897 764 2010 833 dat)
2056 775 2182 819 tam.
2229 763 2273 817 ιι
2314 763 2503 817 Basilii
2556 765 2815 825 recensili,
2861 778 2913 831 p.
2946 763 3037 825 84,
3084 764 3271 816 librum
3329 764 3460 815 [tunc

1896 856 2050 924 quasi
2089 857 2145 909 in
2179 858 2425 927 mysteria
2457 856 2711 910 creditum
2747 855 3128 923 Amphilochia,
3157 872 3216 907 ea
3245 855 3372 921 lege,
3403 872 3460 906 ne

1898 949 1953 1002 in
1979 948 2159 1017 vulgus
2185 954 2443 1013 ederetur,
2465 966 2525 1002 ne
2552 950 2675 1015 quid
2702 950 2817 1001 inde
2841 947 3017 1000 aemuli
3037 947 3089 999 in
3113 962 3229 999 eum
3253 948 3462 1015 gravius

1896 1040 2263 1091 constituerent
2292 1052 2432 1104 :quo
2462 1037 2658 1105 factum
2682 1047 2775 1097 est,
2799 1047 2851 1088 ut
2870 1038 2913 1089 is
2946 1036 3217 1089 obscurior
3232 1034 3461 1103 antiquis

1897 1126 2165 1191 manserit,
2192 1144 2293 1180 non
2317 1136 2371 1178 ut
2403 1142 2513 1180 suae
2538 1126 2619 1179 illi
2651 1126 2977 1179 auctoritatis
3000 1125 3281 1194 quidquam
3308 1126 3461 1175 dere-

1898 1221 2026 1283 dat;
2079 1221 2210 1274 inter
2257 1222 2547 1289 prtrcipnas
2606 1219 2793 1273 Basilii
2850 1220 3229 1272 lucubrationes
3272 1218 3460 1271 merita

1898 1310 2273 1364 numerandus.
2314 1310 2467 1362 Plura
2502 1310 2553 1362 in
2588 1310 2796 1363 Erasini
2827 1309 3074 1362 versione
3107 1308 3269 1362 etiam
3295 1306 3460 1359 casti-

1897 1401 2286 1470 gaveratJoan.
2326 1401 2529 1463 Billitts,
2577 1416 2694 1469 qua:
2744 1400 3067 1455 Possevinus
3104 1399 3154 1452 in
3188 1399 3455 1466 Apparatu

1894 1494 2178 1561 excerpsit.
2222 1512 2239 1542 ι
2277 1493 2542 1546 Ilacteuus
2573 1492 2868 1546 Fabricius.
2896 1492 3050 1547 Conf.
3080 1491 3305 1547 Scultet.
3344 1490 3459 1544 Me-

1894 1587 2090 1638 dulltmt
2117 1586 2271 1638 theal.
2303 1584 2540 1650 Patrum,
2569 1588 2656 1655 qui
2683 1602 2730 1654 p.
2762 1585 2900 1639 1055
2924 1601 3168 1653 magnam
3198 1585 3314 1639 libri
3343 1600 3462 1653 par-

1897 1686 1999 1727 tem
2026 1675 2228 1739 jndicat
2266 1690 2385 1727 esse
2423 1673 2616 1729 Basilio
2644 1677 3007 1745 suppositam;
3047 1677 3120 1728 Du
3156 1674 3249 1727 Pin
3286 1673 3457 1727 Noua.

1894 1766 2032 1818 Bibl.
2066 1772 2151 1819 des
2184 1776 2396 1819 auteurs
2424 1765 2573 1830 eccl.,
2614 1777 2742 1821 tom.
2791 1766 2855 1832 II,
2881 1783 2934 1837 p.
2967 1768 3057 1820 l8l
3095 1782 3199 1833 δεμ
3242 1764 3461 1818 Roesler

1895 1855 2031 1909 Bibl.
2060 1858 2174 1917 cit.,
2212 1874 2285 1911 Vit
2315 1868 2481 1924 part.,
2516 1873 2635 1927 pag.
2672 1858 2863 1912 44-76.
2905 1858 3101 1913 Ottdin.
3143 1856 3458 1917 Comment,

219 1947 541 2017 Symeonem
584 1946 894 2014 magistrum
928 1958 980 2000 et
1010 1947 1335 2016 logotbetam
1367 1949 1548 2003 selecti
1579 1966 1643 2004 ex
1668 1967 1782 2005 om-
1817 1946 1854 2004 Il
1886 1960 1990 2001 etc.
2022 1948 2058 2003 I.
2088 1966 2138 2017 p.
2176 1950 2280 2004 560
2303 1967 2445 2019 sqq.,
2476 1952 2589 2021 qui,
2614 1962 2799 2005 contra
2837 1951 2913 2004 Du
2948 1950 3045 2005 Pin
3069 1949 3291 2019 ejusque
3313 1962 3459 2002 asse-

217 2046 370 2096 uibus
405 2042 584 2094 Basilii
618 2044 909 2109 aperibus;
950 2042 1005 2095 4°
1054 2042 1212 2095 Liber
1254 2042 1329 2095 De
1368 2044 1679 2113 virginita:e.
1734 2046 1787 2099 In

224 2135 539 2201 prmiatione
575 2133 839 2187 nonnullae
879 2132 1059 2186 Basilii
1100 2132 1381 2201 opiniones
1423 2145 1476 2188 et
1513 2137 1787 2201 doctrinae,

223 2228 520 2291 pra'serlim
568 2227 633 2280 de
665 2225 863 2294 Spiritu
893 2239 1099 2285 sam-to.
1149 2228 1214 2279 de
1250 2228 1641 2291 traditionibus,
1682 2229 1788 2284 Eu-

217 2322 503 2383 charislia,
525 2331 656 2382 etc.,
691 2321 1089 2387 expenduntur,
1124 2319 1461 2372 illustrantur
1483 2329 1641 2387 atque
1671 2321 1789 2374 viu-

220 2416 490 2472 dicantnr,
530 2422 584 2463 et
611 2420 798 2464 auctor
824 2426 965 2478 saepe
999 2427 1110 2464 rem
1153 2412 1337 2465 habuit
1385 2427 1504 2464 cum
1552 2412 1789 2465 Seulteto

221 2501 445 2567 aliisque
494 2501 556 2551 ad
599 2498 931 2551 defendenda
964 2500 1301 2567 potissinmm
1347 2517 1456 2557 suae
1495 2502 1788 2568 disciplina:

222 2592 431 2658 placita,
464 2600 517 2642 et
542 2589 796 2643 Basilium
826 2607 944 2644 cum
971 2590 1056 2642 illa
1076 2592 1465 2644 conciliandum
1495 2610 1507 2645 :
1540 2592 1789 2661 frequen-

221 2694 296 2737 ter
318 2684 571 2737 dissentit
598 2698 811 2751 quoque
855 2699 884 2735 a
930 2681 1291 2737 Tillemontio.
1333 2683 1437 2737 Sed
1468 2685 1579 2738 lucc
1612 2684 1789 2754 legant

220 2776 639 2841 examinentque
689 2774 721 2827 ii
769 2776 833 2828 ad
859 2790 1085 2842 quorum
1114 2790 1305 2827 mimus
1337 2773 1617 2844 forumque
1647 2776 1788 2841 ejus-

223 2866 355 2919 modi
390 2866 666 2932 pertinent
707 2866 1049 2933 quzestiones.
1086 2864 1219 2917 Tum
1256 2865 1468 2933 copiose
1506 2878 1788 2918 enarratur

232 2954 342 3008 I'ita
368 2955 587 3017 Basilii,
615 2966 668 3009 et
698 2956 762 3009 de
794 2955 910 3023 ejus
941 2956 1175 3020 Si‘l‘lplIS,
1217 2964 1320 3005 tam
1350 2957 1595 3021 genuinis
1624 2971 1786 3024 quatit

225 3051 390 3102 dubiis
424 3050 756 3116 spuriisque,
800 3059 851 3098 et
901 3058 1139 3112 tempore
1178 3060 1283 3112 quo
1318 3062 1479 3114 opera
1532 3048 1788 3116 pleraque

220 3139 531 3205 ctepistolaz
563 3138 670 3188 sint
694 3136 929 3203 scriptae,
961 3136 1177 3189 uberius
1208 3137 1401 3205 agitur.
1431 3136 1671 3195 Postlnec
1704 3156 1789 3197 se-

217 3240 457 3295 quuntur
494 3226 674 3279 Basilii
706 3242 892 3295 opera.

288 3321 333 3372 l.
376 3320 517 3389 Περὶ
549 3317 643 3372 τοῦ
676 3320 832 3388 ἁγίου
867 3321 1213 3390 Πνεῦματος·
1278 3320 1431 3373 Liber
1479 3323 1538 3374 de
1582 3322 1783 3387 Spiritu

220 3422 394 3463 sancta
430 3412 501 3462 ad
538 3408 594 3463 S.
626 3410 1063 3476 Amphilochium,
1107 3410 1272 3463 Iconii
1301 3414 1611 3479 episcopum.
1652 3412 1784 3467 Cum

218 3502 665 3571 interpretatione
724 3500 955 3568 Erasmi,
1000 3501 1241 3570 plurimis
1285 3501 1414 3553 locis
1464 3506 1781 3558 etttettdata:

219 3593 385 3661 pag.l
423 3607 574 3658 δαίμ
609 3601 665 3643 at
691 3592 741 3644 in
772 3593 859 3645 ed.
901 3591 1072 3647 l’aris.
1109 3607 1288 3660 super.
1332 3608 1382 3660 p.
1428 3593 1527 3645 “2
1559 3598 1681 3647 ItllllI
1724 3595 1786 3659 ll,

222 3694 273 3734 et
304 3685 353 3735 itt
385 3692 492 3734 vel.
517 3679 729 3734 Fabric.
760 3679 894 3733 Bibl.
923 3680 1014 3735 Cr.
1048 3685 1132 3736 ed.
1155 3701 1205 3736 ιι.
1236 3683 1364 3737 Vill.
1395 3686 1671 3741 Fabricius
1695 3704 1787 3741 au-

218 3781 322 3827 tem
345 3788 407 3828 ea
436 3787 559 3842 qua:
586 3782 886 3840 sequuntur
913 3774 1131 3840 scripsit
1162 3775 1226 3827 de
1249 3789 1312 3828 co
1342 3776 1476 3827 libro
1504 3796 1516 3828 ι
1555 3798 1572 3827 ι
1616 3780 1709 3831 llic
1735 3782 1785 3832 in

224 3865 389 3929 capita
420 3865 646 3933 triginta
673 3863 894 3927 divisus,
939 3873 1097 3931 atque
1133 3866 1254 3919 inde
1295 3869 1589 3937 τριάκοντα
1620 3886 1786 3939 κεφα-

220 3956 382 4011 λαίων
414 3959 634 4010 nomine
663 3971 691 4008 a
720 3954 875 4009 Joau.
912 3955 1237 4011 Damasceno
1269 3958 1319 4010 in
1353 3958 1484 4013 libro
1512 3976 1548 4023 ι,
1585 3977 1619 4015 ιι
1645 3972 1697 4015 et
1727 3980 1784 4015 ιιι

228 4050 296 4115 [le
338 4047 678 4115 imaginibus,
738 4050 935 4102 citatus
976 4048 1070 4118 (ο),
1124 4064 1282 4117 quem
1312 4049 1537 4105 Basilius
1574 4055 1788 4120 Scripsit

217 4138 504 4188 occasione
538 4133 610 4202 (ὁ)
646 4136 1018 4204 Aetianorum,
1055 4138 1310 4207 Spiritum
1343 4152 1584 4195 sanctum
1631 4145 1788 4197 rebus

221 4229 413 4281 creatis
453 4226 617 4295 impie
644 4230 1063 4281 accensentinm.
1105 4229 1293 4283 Latine
1324 4236 1482 4285 vortit
1512 4236 1785 4299 Erasmus,

220 4319 366 4384 cujus
404 4318 780 4384 interpretatio
827 4318 1021 4387 prodiit
1083 4317 1250 4373 Basil.
1292 4321 1445 4386 1532,
1500 4326 1574 4388 4;
1614 4324 1787 4379 Paris.

225 4412 373 4475 1532,
407 4414 476 4475 8;
528 4411 678 4474 1580,
708 4412 773 4477 8;
808 4412 967 4478 inque
997 4412 1313 4464 editionibus
1340 4411 1515 4465 Basilii
1553 4425 1607 4467 et
1658 4425 1787 4471 tom.

222 4507 324 4559 VIII
357 4523 584 4573 Opcrllm
625 4507 827 4559 Erasini
860 4507 1084 4573 legitur;
1141 4510 1295 4563 vertit
1336 4518 1387 4563 et
1420 4510 1708 4566 Cornarius
1737 4516 1787 4566 in

218 4598 447 4649 editione
483 4595 665 4647 Basilii
702 4596 909 4660 Latina,
934 4596 1093 4651 Basil.
1129 4598 1283 4663 1552,
1319 4598 1412 4652 fol.
1467 4598 1631 4653 Porro
1684 4621 1786 4657 non
1822 4622 1863 4675 ο

223 4690 371 4741 modo
399 4702 620 4752 censeo,
654 4688 762 4740 falli
790 4690 906 4753 hos,
931 4691 1018 4759 qui
1052 4690 1208 4742 istum
1244 4692 1435 4746 librum
1468 4694 1548 4747 vel
1578 4706 1784 4761 partem

220 4784 330 4853 ejus
365 4795 719 4853 postremam,
758 4782 1038 4851 Erasmum
1090 4785 1277 4849 secuti,
1326 4784 1523 4841 Basilio
1575 4789 1784 4858 abjudi-

222 4889 357 4940 cant,
395 4887 488 4929 aut
531 4884 833 4942 suspectam
879 4876 1106 4941 habent;
1158 4877 1248 4929 sed
1296 4877 1454 4932 etiam
1492 4879 1631 4933 inter
1670 4882 1785 4947 pul-

222 4969 483 5021 cherrima
542 4969 689 5020 illum
736 4982 853 5021 esse
896 4966 1075 5020 Basilii
1129 4983 1589 5024 monumentorum
1644 4973 1781 5025 haud

226 5059 442 5123 dubito;
478 5061 757 5127 magisque
805 5060 1123 5112 audiendum
1170 5061 1541 5114 Casaubouum
1596 5062 1783 5118 Eaerr.

223 5165 304 5205 XVI
336 5154 400 5203 ad
437 5150 663 5217 Baran.,
717 5169 768 5205 n.
810 5150 1023 5205 XXXIII
1068 5166 1116 5203 ('I
1156 5153 1330 5217 XLIII.
1370 5168 1421 5222 p.
1449 5155 1550 5208 459
1580 5168 1633 5209 et
1666 5157 1789 5225 490,

218 5245 299 5293 cui
328 5245 492 5296 addes
522 5242 871 5310 Theophilum
908 5245 1278 5313 Iiaynaiuluut,
1318 5264 1369 5314 p.
1408 5245 1476 5298 ‘24
1517 5248 1791 5301 Eralentu-

218 5343 323 5385 tum
357 5336 415 5387 de
445 5334 594 5386 bonis
628 5344 677 5386 et
702 5334 850 5386 malis
879 5335 1059 5397 libris;
1096 5334 1334 5390 Natalem
1360 5338 1535 5400 Alex.,
1560 5353 1682 5390 ειυς.
1720 5355 1791 5403 Iv,

217 5441 336 5488 στιν.
371 5424 424 5488 6,
462 5424 696 5477 articulo
724 5425 809 5490 l9,
835 5436 993 5493 atque
1012 5426 1265 5479 Allatium
1297 5440 1477 5479 contra
1510 5424 1793 5495 Creyghto-

222 5533 361 5579 nam,
415 5533 540 5586 pag.
569 5515 672 5569 510
710 5532 826 5585 seq.
861 5516 1040 5586 Liquet
1095 5536 1159 5572 ex
1204 5518 1391 5572 Basilii
1441 5522 1789 5591 peroratione,

290 5670 370 5745 (ai
390 5672 445 5745 In
477 5673 650 5727 tribus
670 5672 833 5745 codd.
866 5674 1035 5727 Paris.
1060 5675 1268 5729 additur
1299 5692 1509 5745 quoque
1536 5678 1705 5743 titulo,
1731 5680 1786 5730 ὲν

226 5742 533 5814 κεψαλᾳίοις
560 5744 870 5814 τριάκειντα.
910 5746 1074 5801 11.ιιιι..

294 5814 362 5877 (ὁ)
401 5811 531 5864 \idc
564 5811 717 5865 notas
742 5812 1207 5868 Benedit-Iinoruut
1238 5821 1301 5867 ad
1337 5818 1391 5870 S.
1422 5819 1782 5880 Ambrosium,

228 5887 350 5933 tom.
384 5882 445 5946 ll,
479 5898 600 5953 pag.
631 5884 751 5939 647.
791 5882 945 5938 ιἈιιιι.
977 5888 1087 5941 Cod
1124 5903 1230 5955 urg.
1259 5890 1476 5957 quintus
1502 5889 1670 5944 Paris.
1704 5892 1792 5943 ad-

1893 2043 2003 2095 clas
2052 2044 2383 2110 potissimum
2442 2046 2736 2113 disputans,
2772 2059 2894 2098 cum
2926 2043 3119 2107 Cocco,
3164 2043 3354 2111 Anglo,
3403 2034 3473 2094 in

1894 2148 2114 2187 censura
2156 2136 2476 2201 scriptorum
2506 2138 2861 2204 quorumdam
2925 2146 3187 2198 veterum,
3220 2150 3338 2189 voc.
3366 2134 3459 2185 Ba-

1892 2226 2065 2289 silius,
2098 2243 2148 2295 p.
2173 2226 2296 2289 9.4%,
2323 2226 2532 2289 Riveto,
2562 2224 2803 2289 Erasmo,
2830 2238 2959 2289 etc.,
2987 2224 3235 2279 evincere
3259 2224 3457 2280 studet.

1894 2334 2237 2387 permagnam
2263 2321 2442 2385 operis
2472 2331 2676 2387 partem
2712 2332 2831 2372 esse
2863 2317 3271 2387 iuterpolalam;
3302 2329 3460 2384 porro

1892 2407 2048 2461 Praef.
2083 2410 2147 2462 ad
2183 2421 2308 2463 tom.
2339 2410 2397 2463 ΙΙΙ
2423 2414 2507 2463 ed.
2533 2410 2721 2473 Garn.,
2758 2410 2783 2482 §
2811 2409 2868 2462 III
2899 2424 3017 2477 sqq.
3046 2420 3100 2462 et
3130 2410 3180 2462 in
3210 2406 3323 2460 Vita
3350 2405 3460 2459 Ba-

1890 2500 2015 2561 silii,
2070 2516 2186 2568 cap.
2241 2502 2329 2561 50,
2388 2503 2582 2556 sect.6
2641 2502 2751 2565 (lllll
2798 2502 3101 2556 ostenditur
3155 2499 3456 2553 absolutum

1892 2588 2053 2643 fuisse
2101 2606 2150 2644 a.
2196 2592 2420 2657 575),et
2471 2609 2588 2661 cap.
2629 2594 2717 2657 53.
2766 2592 3059 2646 ειειιιεωι-ιίιι
3109 2591 3144 2646 ι.
3206 2591 3321 2654 cit.,
3369 2590 3459 2655 qui

1892 2698 2151 2735 summam
2207 2683 2352 2737 dedit
2398 2684 2539 2749 libri,
2598 2700 2714 2753 pag.
2770 2684 3028 2745 149-164,
3078 2693 3131 2736 et
3187 2697 3308 2751 pag.
3342 2678 3463 2732 “25-

1900 2774 2015 2835 l68,
2050 2783 2204 2829 caute
2250 2786 2304 2829 et
2350 2777 2617 2830 moderate
2665 2779 2731 2829 de
2766 2790 2829 2831 eo
2856 2775 3082 2845 judicat.
3109 2808 3177 2815 —
3210 2773 3462 2827 Historia:

1892 2865 2071 2930 synodi
2102 2865 2333 2919 Merena:
2358 2898 2426 2905 --
2456 2867 2693 2921 collectm
2735 2878 2787 2919 et
2822 2877 3073 2921 accurate
3107 2868 3384 2931 descripta:
3428 2879 3458 2916 a

1892 2950 2075 3004 Joarh.
2106 2951 2432 3010 Camerario.
2462 2953 2606 3021 Lips.
2644 2953 2799 3016 1552.
2828 2955 2880 3016 8,
2926 2954 3141 3007 additur
3186 2952 3458 3019 appendix

1890 3059 1952 3095 e1:
1980 3043 2353 3112 disputatione,
2375 3061 2491 3112 qua:
2514 3045 2796 3097 ascribitur
2820 3042 3041 3103 Basilio.
3072 3043 3328 3098 Cu-sareae
3356 3040 3463 3110 epi-

1891 3150 2073 3204 scopo,
2140 3135 2213 3188 De
2271 3147 2451 3188 sancta
2501 3135 2725 3201 Spiritu.
2764 3167 2830 3175 —
2863 3136 3047 3188 Exstat
3102 3133 3237 3187 liber
3288 3145 3459 3185 iustus

1842 3286 1853 3299 ν
1896 3226 2218 3281 \‘indobona:
2252 3227 2301 3279 in
2340 3227 2466 3280 bibl.
2499 3226 2694 3281 Caesar.
2730 3225 2939 3285 LXXV.
2978 3242 3029 3278 ιι.
3059 3226 3091 3277 5
3124 3225 3301 3290 (quem
3333 3223 3452 3276 cod.

1892 3321 2073 3371 utilem
2110 3320 2174 3372 ad
2212 3318 2357 3387 plura
2396 3318 2509 3372 loca
2554 3320 2883 3371 emendanda
2921 3326 3105 3369 censet
3155 3316 3267 3369 fore
3299 3314 3456 3367 Lam-

1890 3408 2029 3474 bec.)
2056 3437 2125 3450 -
2150 3407 2205 3459 lu
2239 3408 2355 3460 cod.
2386 3405 2712 3471 LXXXVIII,
2750 3423 2802 3461 ιι.
2836 3406 2890 3459 2.
2923 3435 2993 3446 —
3016 3404 3070 3458 In
3101 3405 3222 3461 cod.
3272 3403 3451 3466 XLIV,

1891 3519 1943 3554 n.
1976 3500 2066 3565 29,
2094 3514 2158 3554 ex
2185 3514 2306 3567 cap.
2351 3498 2419 3551 27
2458 3508 2511 3553 et
2562 3499 2631 3553 29
2674 3500 2853 3567 aperis
2900 3498 2975 3552 De
3025 3497 3227 3564 Spiritu
3273 3504 3456 3549 sancto

1892 3594 2190 3661 fragmenta
2222 3593 2361 3661 (quae
2395 3596 2556 3646 etiam
2586 3593 2683 3646 Gr.
2714 3605 2763 3646 et
2796 3592 2913 3645 L’iI.
2949 3602 3165 3646 exstant
3198 3592 3249 3645 in
3277 3590 3453 3644 Theo-

1890 3686 2005 3738 dori
2063 3685 2395 3737 Balsamonis
2438 3683 2774 3753 Syntngmate
2807 3700 3087 3744 canaunnt,
3132 3697 3253 3736 cum
3288 3682 3454 3749 ipsius

1891 3774 2218 3842 expositione
2271 3772 2474 3834 Graeca,
2524 3788 2574 3841 p.
2647 3773 3031 3839 1029—1036.)
3086 3771 3147 3825 ι’.
3196 3772 3449 3833 Lambec.

1890 3866 2175 3918 Comment.
2232 3865 2314 3927 ΙΙΙ,
2370 3881 2488 3933 pag.
2550 3864 2674 3922 572.
2730 3866 2853 3925 473,
2895 3874 2943 3917 et
2993 3863 3119 3926 γιιι,
3160 3863 3417 3932 p.885.—

1892 3956 2023 4007 lbid.
2055 3956 2103 4006 in
2135 3956 2251 4007 cod.
2290 3952 2403 4018 .\'ll,
2450 3972 2500 4007 ιι.
2536 3954 2617 4015 ll.
2650 3954 2828 4009 Basilii
2864 3970 3035 4009 canon
3065 3954 3178 4015 XC.
3224 3970 3287 4008 ex
3322 3954 3457 4007 libro

1893 4048 1965 4101 De
2008 4051 2205 4115 Spiritu
2258 4060 2436 4103 sancta
2483 4067 2527 4103 s.
2564 4049 2847 4120 fragment.
2892 4050 3084 4117 capitis
3121 4050 3189 4103 i7
3222 4050 3340 4102 libri
3382 4048 3456 4101 Di:

1893 4144 2093 4209 Spiritu
2135 4160 2337 4197 sanna.
2375 4142 2435 4196 γ.
2491 4143 2686 4197 Kollar.
2746 4144 3019 4212 Supplem.
3074 4146 3137 4197 ad
3174 4142 3452 4206 Lambec.,

1893 4254 2012 4301 pag.
2054 4235 2172 4288 H3.
2219 4266 2283 4277 ——
2312 4236 2505 4288 Eadem
2558 4237 2660 4288 duo
2706 4235 3000 4303 fragmenta
3047 4245 3171 4289 sunt
3221 4236 3271 4289 in
3331 4237 3454 4291 cod.

1892 4328 2112 4381 Taurin.
2146 4326 2255 4381 CV.
2296 4326 2353 4379 V.
2391 4326 2505 4379 Cat.
2558 4329 2702 4380 cadd.
2751 4328 2931 4388 Taun,
2981 4328 3184 4395 p.196.
3222 4360 3287 4370 --
3318 4339 3371 4383 et
3402 4331 3457 4385 in

1892 4418 2011 4472 cod.
2049 4419 2302 4472 Laurent.
2340 4418 2454 4480 XL,
2493 4434 2545 4471 ιι.
2608 4420 2675 4472 57
2739 4435 2803 4475 ac
2854 4422 2941 4476 58.
2972 4423 3036 4478 γ.
3076 4422 3307 4478 Bandin.
3335 4424 3453 4480 Cat.

1893 4511 2037 4562 codd.
2089 4507 2180 4561 Gr.
2236 4507 2423 4573 Laur.,
2467 4508 2505 4570 I,
2538 4524 2585 4577 p.
2621 4511 2710 4567 74.
2733 4542 2803 4551 --
2839 4511 3084 4581 fragmm.
3113 4514 3164 4566 in
3198 4515 3315 4568 cod.
3348 4514 3462 4567 Mo-

1893 4601 2104 4669 sqtleltsi
2166 4600 2362 4663 XXIII,
2420 4619 2471 4655 tt.
2535 4603 2588 4658 Ι.
2640 4602 2699 4656 ν.
2770 4602 2999 4658 Matthxi
3061 4604 3234 4658 Nolit.
3305 4608 3455 4661 cadd.

1899 4693 2091 4763 Mosq.,
2127 4712 2177 4763 p.
2214 4695 2302 4749 55.
2333 4724 2401 4735 —
2434 4694 2589 4748 Liber
2630 4695 2742 4763 ipse
2794 4695 3027 4752 Venetiis
3074 4698 3127 4752 in
3174 4700 3295 4753 cod.
3325 4698 3455 4753 bibl.

1897 4783 2060 4839 Marc.
2114 4783 2266 4838 LVIII
2297 4793 2350 4836 et
2389 4782 2573 4837 LXVI.
2615 4784 2675 4843 ν.
2730 4786 2845 4841 Cat.
2904 4789 3049 4843 cadd.
3095 4788 3189 4843 Gr.
3263 4788 3458 4853 Mum,

1893 4893 1944 4946 μ.
1976 4878 2046 4931 42
2070 4885 2124 4928 et
2148 4875 2233 4929 45.
2260 4873 2428 4928 ιΙΑιιι..

1963 4967 2016 5019 2.
2054 4964 2381 5030 Ἐπιστολαί,
2412 4963 2689 5033 Ερῑδιοιω,
2718 4978 2770 5031 p.
2802 4962 2870 5017 (i9
2896 4977 3035 5029 sqq.,
3069 4977 3186 5030 quae
3210 4962 3263 5016 in
3291 4963 3457 5017 Garu.

1895 5059 2021 5111 edit.
2058 5057 2351 5113 secundum
2390 5056 2646 5124 temporis
2674 5056 2914 5108 ordinem
2944 5063 3069 5107 sunt
3094 5056 3276 5123 posita:
3313 5066 3366 5109 et
3405 5057 3457 5107 in

1899 5160 2009 5202 tres
2039 5148 2240 5203 classes
2269 5145 2587 5208 distributae,
2630 5160 2854 5213 quarum
2889 5144 3059 5205 prima
3085 5144 3325 5199 continet
3348 5146 3460 5211 epi-

1895 5238 2064 5294 stolas
2093 5249 2217 5293 ante
2245 5238 2607 5307 episcopatnm
2643 5236 2893 5304 scriptas,
2944 5234 3010 5287 ab
3045 5252 3093 5287 a.
3137 5233 3237 5287 557
3292 5249 3461 5302 usque

1893 5334 1957 5386 ad
2002 5349 2053 5387 a.
2088 5332 2212 5392 570,
2256 5332 2450 5400 quibus
2482 5331 2749 5384 adduntur
2792 5329 3057 5383 nonnulla:
3097 5329 3289 5390 duhize,
3333 5329 3459 5394 quia

1893 5430 2177 5482 videantur
2203 5431 2269 5483 ad
2308 5433 2407 5483 hoc
2440 5439 2646 5493 tempus
2672 5427 2966 5495 pertinere,
3002 5426 3169 5479 altera
3205 5442 3298 5479 eas
3326 5442 3460 5493 quas

1892 5523 2173 5592 cpisc0pus
2198 5523 2431 5591 scripsit,
2455 5520 2522 5574 ab
2543 5535 2592 5574 a.
2627 5520 2731 5575 570
2760 5520 2823 5572 ad
2853 5535 2900 5572 a.
2922 5518 3059 5583 578;
3094 5519 3243 5571 tertia
3270 5518 3464 5584 episto-

1895 5679 1970 5730 tlit
2002 5680 2119 5731 κατ’
2156 5679 2446 5748 Εὐνομίου·
2480 5680 2571 5732 sed
2605 5679 2654 5730 in
2696 5679 2835 5732 notis
2874 5678 2959 5731 ed.
2994 5677 3159 5731 Garri.
3202 5692 3252 5741 p.
3296 5675 3341 5733 l.
3380 5676 3459 5727 di-

1894 5753 2033 5802 citur
2052 5768 2151 5801 non
2174 5762 2277 5801 tam
2302 5751 2615 5802 Enuomium
2647 5764 2807 5815 quam
2834 5748 3347 5801 l’ueutuatomaclms
3367 5764 3459 5812 op-

1894 5835 2131 5885 puguare
2163 5818 2417 5879 Basilius;
2452 5820 2863 5885 quamvisistins
2888 5834 3096 5888 quoque
3126 5819 3457 5885 impie‘atcu.

1895 5895 2081 5943 eadem
2114 5907 2273 5959 opcra
2302 5892 2592 5945 subvertat.
2626 5888 2789 5942 11.ιιιι..
