4212 6488
733 426 900 473 ea.“

2103 418 2467 482 PROLEGOM
2483 428 2634 485 ENA.

732 526 917 585 Βαιιωί
972 532 1218 588 versione
1273 533 1473 603 legitur
1525 543 1667 589 tonio
1708 552 1723 591 ι
1785 539 1902 606 ejus
1950 556 2167 609 operum
2203 542 2304 613 (α).
2341 550 2379 602 Α
2414 544 2522 596 seri
2558 541 2986 613 Cynmasmalum
3017 549 3327 605 litteratura:
3355 550 3501 605 libris
3530 568 3611 618 ιιι,
3640 555 3733 611 Gr.
3760 566 3810 610 et
3836 552 3984 627 Lat.,

735 623 935 677 Eadem
966 623 1151 679 Graece
1200 634 1252 678 et
1284 625 1476 680 Latine
1517 640 1637 681 cum
1692 631 2042 696 grammatica
2072 634 2303 685 voeabu-

737 716 911 769 lorum
942 718 1387 786 tnterpretatione
1415 720 1613 787 prodiit
1642 724 1931 788 separatim
1963 723 2135 777 Paris.
2167 727 2299 780 1657

737 804 898 879 [1647
938 819 1023 876 ap.
1062 810 1310 863 hlalttair.
1342 812 1407 863 Α.
1454 809 1510 864 Τ.
1555 812 1638 878 Ill,
1690 825 1809 883 pag.
1844 814 1972 886 9l0]
2020 815 2072 869 8.
2114 817 2302 870 Extre-

735 913 878 956 mam
930 910 1161 970 partem,
1201 916 1320 972 quae
1370 905 1421 957 in
1467 906 1626 959 editis
1675 908 2030 972 desideratur,
2083 927 2147 963 ex
2202 928 2301 965 ms.

734 991 983 1047 Caesareo
1025 992 1209 1051 Grmce
1255 997 1348 1050 dat
1390 998 1710 1054 Lambecius
1760 1002 1846 1064 Ill,
1895 1019 1944 1071 p.
2008 1004 2111 1058 149
2157 1003 2299 1075 (cod.

732 1075 945 1151 LXXV,
974 1104 1028 1158 p.
1055 1089 1159 1143 575
1190 1094 1273 1144 ed.
1297 1089 1525 1155 Kollar.,
1554 1093 1705 1160 rnjns
1740 1106 1918 1149 notam
1944 1098 2077 1150 vide.
2103 1096 2301 1170 Hasta]

804 1176 1039 1246 Epistola
1075 1178 1231 1233 XLIII
1277 1181 1367 1251 [58
1406 1182 1595 1246 G.trn.,
1629 1200 1746 1256 pag.
1782 1186 1900 1240 115.
1954 1189 2039 1241 ubi
2075 1205 2123 1241 v.
2161 1187 2299 1260 not.]

721 1277 751 1315 8
790 1267 847 1323 S.
880 1270 1113 1325 Maximo
1144 1275 1209 1327 ad
1266 1274 1481 1343 Dionys.
1526 1277 1789 1348 Are0pag.
1834 1288 1964 1331 tom.
2014 1279 2053 1341 Ι,
2107 1297 2157 1347 p.
2208 1282 2297 1344 27,

732 1362 930 1417 citalur
976 1374 1032 1417 ut
1077 1366 1234 1434 λόγος
1273 1368 1450 1424 Basilii
1486 1370 1551 1423 ad
1595 1369 1813 1423 fratrem
1864 1372 1999 1442 Περὶ
2041 1372 2297 1443 διαφορᾶς

726 1452 917 1518 (οὐσίας
972 1456 1063 1508 καὶ
1111 1456 1477 1522 ὑποστάσεως.
1528 1458 1677 1513 Hane
1726 1462 1884 1515 vertit
1932 1461 2037 1532 llo.
2091 1462 2296 1518 Conon.

732 1543 915 1598 Patav.
948 1546 1107 1608 1507.
1144 1549 1194 1602 4.
1232 1549 1293 1604 V.
1329 1550 1554 1604 Panzer.
1589 1550 1718 1617 VIII,
1762 1568 1881 1622 pag.
1914 1553 2042 1626 223]
2082 1564 2133 1609 et
2161 1555 2296 1609 Bea-

733 1644 815 1688 tus
847 1634 1139 1692 Bhenanus
1172 1639 1341 1692 Paris.
1379 1640 1537 1694 1513.
1576 1641 1770 1696 Eadem
1803 1644 2031 1712 epistola
2066 1646 2296 1713 quibus-

726 1723 853 1778 dam
889 1729 1021 1783 locis
1070 1732 1390 1799 interpolata
1437 1733 1629 1801 legitur
1661 1744 1788 1787 tom.
1826 1734 1868 1789 II
1901 1735 2126 1807 Nysseni
2153 1739 2297 1793 velut

725 1814 898 1881 ipsius
926 1823 989 1874 ad
1019 1821 1232 1875 Petrum
1263 1823 1503 1877 fratrem.
1542 1824 1701 1895 [Vide
1732 1829 1782 1879 in
1809 1827 1972 1897 Greg.
2004 1829 2186 1902 Nyss.]

806 1908 1039 1977 Epismla
1093 1911 1283 1966 LXXX
1355 1916 1457 1971 189
1499 1915 1777 1979 ϐίη-υἱεῖ..
1820 1919 1999 1988 ibique
2046 1938 2097 1974 ν.
2156 1901 2296 1993 not.]
2332 1901 2371 1954 Β

729 1998 928 2066 legitur
954 1998 1093 2055 inter
1115 2000 1361 2071 Gregorii
1396 2005 1624 2073 Nysseui
1659 2008 1882 2076 scripta,
1913 2019 2044 2065 tom.
2081 2012 2143 2076 ll,
2178 2029 2299 2082 pag.

728 2086 857 2155 4'58,
888 2090 988 2143 sub
1014 2090 1168 2145 titulo
1200 2091 1273 2144 De
1305 2090 1363 2145 S.
1400 2091 1661 2148 Trinilale
1696 2097 1762 2147 ad
1795 2096 2154 2165 Eustathium,
2180 2115 2299 2153 cum

724 2179 978 2232 versione
1013 2179 1288 2233 Laurentii
1332 2181 1523 2237 Silani.

799 2268 1095 2340 Epistolam
1139 2271 1491 2327 CCLXXXIX
1523 2274 1615 2347 [93
1660 2276 1854 2351 Garn.]
1900 2296 2019 2333 cum
2054 2282 2301 2337 versione

724 2375 827 2417 sua
898 2361 1145 2431 notisque
1193 2363 1397 2430 primus
1440 2363 1628 2419 Graece
1683 2369 1849 2422 edidit
1897 2369 2024 2425 Ger.
2075 2369 2300 2428 Vossius

729 2458 797 2511 ad
825 2457 1028 2511 calcem
1061 2456 1305 2524 Gregorii
1332 2455 1744 2529 Thaumaturgi,
1782 2461 2020 2531 M0gunt.
2054 2464 2209 2531 1604,
2243 2465 2296 2520 4.

800 2546 983 2601 Basilii
1010 2558 1062 2601 et
1088 2546 1297 2601 Libanii
1326 2550 1583 2616 epistolas
1613 2560 1847 2619 mutuas,
1881 2570 1984 2605 una
2017 2571 2137 2609 cum
2180 2556 2300 2612 aliis

727 2649 825 2689 sex
857 2634 937 2688 vel
967 2646 1172 2703 septem
1208 2636 1544 2691 brevioribus
1574 2641 1819 2705 epistolis
1851 2643 2037 2697 Graece
2078 2646 2129 2699 in
2165 2647 2298 2700 tiro-

729 2742 858 2781 num
887 2741 1015 2779 usus
1052 2728 1229 2781 recudi
1262 2728 1387 2782 fecit
1440 2728 1501 2783 II.
1535 2730 1842 2799 Stephanus
1878 2734 2037 2802 1577,
2070 2738 2124 2799 8,
2162 2738 2301 2793 inter

728 2818 996 2889 epistolia,
1025 2819 1277 2890 dialogos.
1309 2825 1675 2877 oratiunculas
1696 2834 1749 2878 et
1772 2829 2059 2895 poematia,
2080 2845 2110 2884 e
2138 2832 2300 2886 variis

728 2913 1083 2979 scriptoribus
1100 2913 1338 2967 collecta.
1367 2914 1529 2968 FABR.
1551 2914 1735 2969 Basilii
1762 2926 1815 2971 et
1835 2917 2040 2972 Libanii
2066 2921 2300 2986 epistola

730 3015 949 3063 mutuae,
983 3018 1116 3072 quas
1167 3007 1343 3076 magni
1393 3007 1522 3060 facit
1569 3006 1965 3073 Tilleinontius,
2001 3010 2301 3079 probatque

730 3104 790 3147 ut
829 3095 1107 3162 genuinas,
1165 3098 1396 3151 maxime
1446 3099 1621 3152 dubia:
1669 3099 1917 3153 videntur
1952 3100 2200 3153 Garnier.
2248 3101 2301 3153 in

736 3185 861 3240 Vita
894 3187 1079 3240 Basilii
1110 3203 1227 3253 cap.
1273 3189 1365 3249 59,
1408 3204 1462 3255 p.
1508 3187 1611 3241 172
1652 3203 1827 3257 seqq.,
1867 3190 1910 3241 is
1957 3198 2135 3244 tamen
2186 3191 2302 3245 illas

2408 634 2555 702 Lips.
2604 635 2756 701 1574,
2803 638 2855 701 8,
2891 651 3015 692 sunt
3061 641 3111 693 in
3150 641 3289 697 libro
3331 658 3367 696 ιι
3400 643 3583 699 Basilii
3630 646 3697 699 Μ.
3729 657 3837 701 tres
3868 650 3982 718 epi-

2404 726 2572 781 stolae.
2608 726 2775 782 IIABL.

2476 814 2656 870 Basilii
2704 816 2959 885 epistolas
3007 821 3266 887 quasdam
3314 823 3481 876 edidit
3528 840 3741 892 quoque
3792 834 3984 881 Graece

2405 906 2624 962 IIieron.
2657 908 2940 965 Brunellns
2969 910 3025 965 S.
3052 911 3127 974 1..
3156 914 3339 968 Roma:
3361 915 3412 979 8,
3442 933 3561 971 cum
3599 920 3719 972 aliis
3749 920 3980 974 aliorum

2404 997 2622 1051 Patrum
2653 1000 2865 1054 selectis
2900 1004 3120 1070 Scriptis
3146 1016 3199 1057 et
3233 1004 3487 1060 homiliis.

2476 1091 2744 1158 Epistolas
2796 1097 3071 1163 sexaginta
3134 1111 3199 1149 ex
3242 1096 3325 1150 Io.
3376 1098 3559 1155 Jacobi
3606 1098 3826 1158 Beurert
3860 1121 3981 1158 ver-

2405 1181 2557 1235 sione
2588 1184 2806 1237 exhibet
2836 1185 3111 1240 Abraham
3144 1187 3417 1242 Scultetus
3454 1201 3581 1245 tom.
3620 1192 3688 1247 IV
3723 1194 3979 1251 Medulla:

2408 1270 2650 1335 Patrum,
2684 1291 2802 1345 pag.
2839 1277 2943 1331 255
2975 1294 3114 1347 seq.;
3145 1296 3421 1350 acceperat
3460 1294 3635 1337 autem
3672 1287 3790 1341 illas
3818 1290 3982 1343 Scul-

2408 1372 2549 1417 tetus
2612 1379 2641 1416 a
2703 1363 2839 1419 lano
2912 1370 3175 1436 Grutero,
3232 1376 3682 1441 quemadmodum
3737 1379 3983 1436 Beurem

2400 1455 2614 1511 Graecas
2666 1473 2729 1511 ex
2771 1460 3047 1516 codicibus
3074 1464 3403 1533 Augustanis
3438 1470 3735 1538 descriptas
3771 1489 3979 1543 suppe-

2400 1552 2666 1604 ditaverat
2699 1551 3062 1607 IICBSCIICIIHS.
3096 1555 3151 1609 In
3188 1558 3273 1613 Itis
3308 1559 3502 1629 legitur
3535 1564 3696 1615 etiam
3745 1567 3975 1633 epistola

2399 1641 2464 1695 ad
2512 1642 2904 1711 Apollinarium
2939 1645 3036 1713 (ὁ),
3089 1662 3272 1715 quam,
3316 1650 3366 1703 in
3418 1653 3745 1709 editionibus
3786 1655 3976 1711 Basilii

2400 1734 2541 1787 haud
2574 1735 2807 1800 obviam,
2841 1734 3027 1790 Graece
3070 1738 3263 1793 deinde
3315 1750 3368 1793 et
3419 1742 3604 1799 Latine
3639 1760 3762 1801 cum
3802 1750 3981 1803 altera

2402 1827 2467 1877 ad
2496 1827 2858 1893 Apollinarem
2902 1840 2956 1883 et
3011 1832 3205 1898 duplici
3252 1834 3577 1900 Apollinaris
3626 1844 3977 1907 responsoria

2403 1917 2637 1988 vulgavit
2666 1919 2964 1977 Coteterius
2999 1932 3127 1977 tom.
3157 1924 3195 1978 II
3228 1924 3580 1990 Monument,
3607 1945 3659 1997 ρ.
3686 1931 3772 1983 84.
3800 1932 3976 1987 Paris.

2404 2009 2559 2071 1681,
2592 2012 2645 2065 4.
2678 2012 2819 2067 Idem
2849 2015 2979 2069 alias
3018 2017 3150 2070 duas
3188 2027 3344 2071 antea
3392 2019 3624 2074 ineditas
3672 2023 3982 2095 ἀνεπιγρά-

2402 2119 2555 2169 (pauc,
2595 2118 2859 2170 unamque
2890 2109 3017 2160 item
3052 2110 3120 2160 ad
3158 2108 3429 2162 Lilmnium
3455 2119 3508 2165 et
3537 2114 3605 2165 ad
3644 2115 3772 2177 imp.
3802 2116 3980 2169 Theo—

2402 2195 2628 2255 dosinm,
2662 2213 2817 2249 unam
2869 2200 3059 2253 eodem
3095 2201 3211 2256 loco
3249 2205 3299 2255 itt
3347 2204 3519 2257 lucem
3555 2221 3675 2260 cum
3724 2210 3983 2265 versione

2402 2302 2496 2341 sua
2527 2287 2735 2340 extulit.
2763 2287 2919 2357 [Vide
2947 2291 3084 2345 infra
3119 2295 3184 2346 ad
3217 2312 3270 2347 ιι.
3310 2295 3477 2369 ΧΙΧ.]

2474 2377 2723 2449 [Garnier
2755 2390 2883 2436 tom.
2914 2381 3002 2442 Ill,
3037 2399 3152 2452 pag.
3200 2386 3288 2447 66,
3336 2389 3501 2441 edidit
3537 2404 3597 2443 ex
3650 2392 3807 2445 codd.
3871 2391 3979 2445 fra-

2402 2479 2675 2536 gmentum
2713 2472 2951 2538 epistolze
2977 2470 3138 2526 Basil.
3166 2478 3230 2527 ad
3262 2475 3595 2534 Theodoram
3635 2486 3981 2549 canonicam.

2401 2558 2589 2614 Grzece
2620 2578 2740 2615 cum
2788 2565 3035 2617 versione
3069 2564 3282 2621 Latina.
3322 2569 3469 2623 Illam
3509 2576 3793 2639 epistolam
3840 2579 3983 2631 inte-

2403 2661 2577 2714 gram,
2610 2657 2665 2700 at
2706 2663 2767 2702 ex
2802 2648 2993 2703 Latina
3037 2652 3222 2706 incerti
3272 2656 3549 2722 cujusdam
3584 2664 3781 2717 veteris
3811 2666 3985 2720 inter-

2402 2740 2726 2805 pretatione,
2760 2742 2875 2796 rudi
2910 2744 3146 2812 quidem,
3178 2749 3268 2801 sed
3307 2748 3405 2802 lida
3440 2763 3644 2821 (utpote
3686 2772 3807 2810 eum
3849 2763 3981 2813 toti-

2402 2829 2521 2883 dem
2555 2846 2689 2899 pene
2734 2836 2915 2890 verbis
2941 2852 3193 2906 expressa
3226 2844 3462 2896 auctoris
3495 2862 3711 2899 sensum
3736 2852 3977 2903 exactis-

2402 2922 2537 2976 sime
2577 2926 2785 2988 reddat,
2832 2930 3071 2998 adeoque
3125 2933 3383 2998 deperditi
3439 2936 3610 2991 Gneci
3663 2949 3842 2993 textus
3878 2943 3977 2996 de-

2404 3008 2600 3064 fectum
2636 3016 2867 3067 maxima
2894 3032 2957 3068 ex
3000 3029 3149 3085 parte
3178 3023 3461 3087 suppleat),
3489 3041 3551 3077 ex
3582 3029 3701 3079 eod.
3741 3031 3974 3085 membr.

2406 3101 2537 3153 circ.
2572 3116 2694 3156 stre.
2726 3120 2820 3157 χιιι
2853 3105 2980 3157 bibl.
3028 3106 3271 3162 Monach.
3308 3125 3625 3179 congregat.
3661 3118 3976 3177 Casinensis

2407 3189 2641 3245 Florent.
2675 3192 2783 3261 (qui
2830 3196 2992 3247 codex
3042 3194 3277 3261 ejusdem
3330 3197 3508 3253 Basilii
3542 3204 3780 3257 aseetiea
3819 3208 3973 3274 plura

731 3276 959 3345 sparsim
988 3274 1175 3340 edidit,
1213 3272 1472 3344 quasdam
1522 3274 1660 3329 inter
1688 3290 1807 3344 cpp.
1839 3291 1866 3326 a
1912 3275 2110 3330 Basilio
2139 3278 2189 3330 in
2214 3293 2295 3333 se-
2328 3267 2371 3327 C
2404 3282 2800 3349 complectitur,
2858 3288 2923 3339 ab
2968 3288 3152 3340 eodem
3205 3288 3496 3358 interprete
3544 3290 3732 3345 Latine
3780 3311 3975 3367 versa)

729 3381 887 3423 cessa
916 3366 1167 3434 scriptas.
1198 3365 1481 3434 quasdam,
1510 3380 1631 3420 cum
1676 3364 1841 3420 Basil.
1876 3365 1927 3418 in
1960 3369 2300 3437 presbytero-

731 3473 849 3512 rum
880 3457 1135 3511 cathedra
1161 3457 1394 3514 sederet.
1430 3466 1484 3509 et
1514 3457 1666 3518 alias,
1699 3467 1980 3525 postquam
2013 3458 2300 3526 episcopus

732 3550 929 3604 fuerat.
975 3548 1211 3615 Quarum
1262 3548 1456 3601 multas
1503 3564 1554 3615 p.
1607 3548 1713 3600 452
1753 3566 1902 3620 seqq.
1948 3552 2111 3605 dedit.
2142 3550 2295 3606 Conf.

733 3638 1045 3697 Sehroeckh
1094 3654 1146 3708 p.
1198 3638 1229 3693 6
1275 3652 1451 3707 seqq.,
1504 3638 1592 3705 qui
1646 3637 1812 3693 Garn.
1868 3640 2185 3695 dnbitationi
2235 3642 2299 3697 de

733 3732 972 3787 omnium
1024 3732 1233 3786 illarum
1283 3732 1443 3802 epist.
1496 3742 1802 3785 mutuarum
1856 3731 2025 3802 θοθείᾳ
2056 3735 2296 3799 quantam

734 3826 986 3896 opponit;
1019 3825 1215 3881 Oudin.
1246 3827 1283 3879 Ι.
1308 3840 1384 3891 c.,
1418 3841 1469 3895 p.
1505 3825 1608 3880 568
1633 3842 1775 3896 sqq.,
1807 3835 1860 3879 et
1889 3823 2127 3879 Rtessler
2160 3829 2194 3877 Ι.
2224 3842 2296 3891 c.,

735 3921 827 3988 qui
872 3934 926 3985 p.
980 3917 1076 3970 107
1109 3933 1262 3987 seqq.
1310 3920 1375 3972 de
1407 3919 1651 3988 epistolis
1681 3918 1863 3972 Basilii
1902 3919 1954 3971 in
1995 3933 2217 3987 genere,
2247 3927 2301 3971 et

736 4012 803 4065 de
832 4010 1187 4077 suppositiliis
1226 4025 1437 4078 quoque
1471 4022 1742 4078 agunt.-—
1764 4012 1816 4063 In
1850 4028 1865 4065 :
1893 4011 2012 4064 Τῶν
2057 4010 2299 4080 Έλληνι-

734 4103 846 4156 κῶν
876 4100 1170 4156 ἐπιστολῶν
1199 4099 1502 4168 ἀνθολογία,
1540 4100 1707 4156 Paris.
1759 4118 1823 4156 ex
1872 4114 2077 4173 typogr.
2110 4105 2297 4172 Steph.

738 4196 1085 4259 I’revosteau,
1134 4195 1361 4249 hteredis
1410 4192 1553 4248 Guil.
1604 4190 1827 4258 Morclli,
1879 4196 2190 4264 typographi
2246 4196 2297 4249 in

734 4285 936 4339 Graecis
980 4285 1131 4353 regii,
1171 4286 1220 4338 in
1252 4284 1434 4338 clauso
1477 4282 1748 4347 Brnnello,
1793 4284 1949 4347 1583,
1984 4286 2036 4339 4.
2069 4284 2204 4338 Sunt
2243 4302 2295 4338 ιι.

741 4376 806 4429 ιε
832 4387 886 4428 et
910 4375 977 4428 13
1002 4375 1206 4428 Libanii
1231 4390 1316 4443 ep.
1343 4376 1407 4428 ad
1432 4374 1711 4435 Basilinm,
1738 4385 1791 4428 et
1817 4374 1995 4429 Basilii
2018 4380 2085 4429 ad
2114 4378 2299 4448 Olym-

740 4469 909 4537 pium.
934 4466 1294 4522 —In.loaeb.
1338 4470 1631 4523 Camerarii
1692 4467 2006 4523 collectione
2044 4469 2299 4536 epistola-

2402 3374 2634 3440 primnm
2672 3375 2724 3429 in
2766 3376 2938 3430 lucem
2975 3377 3193 3447 protulit
3235 3378 3378 3435 Petr.
3416 3382 3664 3453 Aloysius
3689 3384 3976 3451 Galletius.

2402 3466 2638 3533 ejusdem
2668 3472 3101 3540 congregationis
3119 3474 3307 3536 abbas.
3328 3476 3378 3528 iu
3398 3476 3719 3547 (Amadutii)
3737 3478 3977 3536 Anerdo-

2402 3561 2468 3610 lis
2497 3560 2746 3624 litteram,
2792 3563 2894 3614 vol.
2952 3561 2992 3625 I,
3030 3564 3210 3619 Romae
3246 3568 3404 3631 1775,
3455 3570 3507 3633 8,
3551 3571 3984 3645 pag.27seqq.¢.

2401 3654 2541 3708 Idem
2601 3656 2858 3723 prtemisit
2903 3655 3146 3711 Graecum
3208 3670 3411 3715 textum
3444 3664 3657 3731 prioris,
3707 3681 3828 3735 qua:
3862 3667 3976 3733 jam

2402 3747 2730 3812 innotuerat,
2760 3749 2947 3818 partis,
2974 3764 3093 3802 cum
3146 3750 3265 3804 Lat.
3297 3754 3561 3807 versione.
3593 3756 3646 3808 In
3676 3759 3797 3812 cod.
3833 3758 3980 3813 Tan-

2402 3839 2504 3893 rin.
2544 3839 2675 3903 XCI,
2721 3840 2811 3895 fol.
2843 3842 2966 3905 268,
3003 3851 3085 3896 est
3134 3843 3362 3911 epistola
3408 3847 3472 3897 ad
3502 3845 3840 3902 Theodoram
3888 3868 3979 3902 ea-

2401 3930 2639 3983 conicam
2666 3946 2680 3984 :
2709 3933 2759 3985 in
2791 3934 2923 3987 edit.
2958 3933 3296 3989 Benedictin.
3329 3952 3413 4006 ep.
3440 3934 3719 3992 CLXXIII.
3754 3937 3819 3992 V.
3850 3940 3972 3995 Cat.

2401 4018 2550 4070 codd.
2585 4016 2673 4070 Cr.
2709 4020 2892 4084 Taur.,
2923 4041 2973 4091 p.
3010 4025 3124 4079 185.
3163 4027 3327 4080 ΙΙΑιιι.

2473 4108 2766 4179 Epistolatn
2796 4111 2976 4167 Basilii
3002 4114 3221 4168 CCLVII
3255 4117 3433 4170 laudat
3462 4117 3793 4187 Nicephorus
3822 4123 3961 4176 Cre-

2401 4218 2558 4272 goras
2586 4202 2718 4255 libro
2748 4219 2812 4255 xv
2845 4201 3003 4267 Illac,
3034 4222 3084 4272 p.
3123 4206 3247 4259 620.

2473 4294 2595 4348 Iliae
2640 4298 2705 4349 de
2750 4293 2932 4349 Basilii
2983 4296 3245 4364 epistolis.
3294 4298 3486 4364 quibus
3526 4300 3677 4353 οὐδὲν
3724 4304 3978 4374 ἄμεινον,

2403 4388 2529 4441 nihil
2554 4390 2888 4454 prcus-(nntius
2934 4389 3153 4456 reperiri
3193 4388 3266 4441 ait
3310 4387 3526 4453 Suidas,
3574 4407 3818 4462 quasque
3861 4408 3980 4450 tan-

2403 4497 2561 4547 quam
2589 4482 2785 4533 κανόνα
2808 4493 2859 4534 et
2886 4498 3126 4535 normam
3153 4480 3245 4533 τοῦ
3268 4482 3673 4555 ὲπιστολιμαίου
3697 4490 3965 4561 χαρακτῆ-

741 4577 859 4616 rum
889 4560 1174 4626 LXXXVI,
1218 4562 1444 4633 Ἐκλογὴ
1488 4565 1580 4615 καὶ
1622 4556 1733 4615 οἷον
1770 4561 2301 4658 ἀπάνθισμαᾼξιαφό-
2337 4605 2376 4658 D

2285 4593 2301 4602 -
2337 4605 2376 4658 υ
2410 4589 2501 4643 ρος
2524 4573 2863 4625 commendat
2888 4573 3114 4627 Photius
3146 4575 3261 4627 cod.
3288 4591 3451 4630 cxuu
3481 4584 3534 4629 et
3562 4579 3785 4646 epistola
3813 4598 3948 4636 ccvn

744 4670 851 4726 ρων
903 4654 1198 4707 ἐπιστολῶν
1239 4653 1581 4725 Ἑλληνικῶν.
1618 4664 1721 4709 etc.
1756 4656 2012 4721 Tubingm
2055 4652 2208 4715 1540,
2244 4654 2299 4719 8,

741 4757 869 4801 sunt
904 4746 1169 4801 nonnullas
1202 4745 1386 4801 Basilii
1436 4745 1695 4816 epistolae.
1718 4775 1785 4784 —
1809 4745 1863 4799 In
1901 4744 2087 4799 Matth.
2142 4745 2302 4797 Dres-

836 4918 867 4955 α
914 4910 1096 4963 Italica
1127 4909 1301 4963 versio
1332 4910 1383 4961 in
1428 4911 1547 4962 cod.
1580 4908 1779 4964 Veneto
1816 4909 1941 4961 bibl.
1968 4910 2024 4963 S.
2055 4909 2300 4964 Michael.

744 4978 809 5033 ν.
839 4978 1108 5034 Mittarell.
1139 4979 1259 5034 Cat.
1289 4979 1435 5033 illius
1465 4980 1589 5031 bibl.
1616 4997 1667 5048 p.
1701 4979 1817 5033 112.
1852 5008 1920 5018 —
1945 4977 2016 5048 De
2039 4982 2155 5034 aliis
2184 4980 2299 5033 Lat.

742 5050 870 5105 edit.
898 5050 1005 5100 vid.
1037 5065 1197 5116 supra
1226 5051 1289 5103 ad
1322 5067 1376 5103 ιι.
1410 5066 1445 5102 ιι
1477 5047 1751 5103 Homiliar.
1786 5049 1946 5103 Basil.
1972 5047 2041 5101 Μ.
2073 5052 2136 5104 ad
2169 5050 2302 5104 Grec

745 5137 859 5188 gor.
899 5118 1026 5172 Naz.
1052 5122 1304 5188 epistola.
1343 5122 1590 5187 Ejusdem
1636 5118 1706 5172 De
1738 5122 1940 5172 ratione
1972 5120 2085 5171 vitm
2112 5122 2301 5172 solitu-

747 5187 843 5243 γεω
888 5189 1001 5251 lib.,
1051 5187 1208 5242 Petro
1256 5188 1545 5245 Mosellano
1594 5191 1812 5257 interpr.
1868 5190 2014 5255 Lips.
2058 5190 2211 5251 l5l6,
2247 5190 2300 5243 4.

746 5257 924 5311 Editio
963 5258 1080 5315 Lat.
1115 5259 1311 5313 Budaeo
1338 5260 1641 5327 interprete,
1679 5260 1749 5312 De
1792 5261 1899 5314 vita
1934 5261 1986 5312 in
2022 5261 2305 5314 solitudine

747 5328 967 5397 agenda.
1006 5346 1127 5384 cum
1170 5329 1348 5385 Budtei
1391 5331 1632 5397 epistolis
1663 5329 1779 5384 Lat.
1820 5331 1910 5383 lib.
1943 5346 1995 5389 v.
2023 5341 2075 5381 et
2106 5330 2304 5386 Graecis

746 5388 841 5452 lib.
883 5414 917 5456 ι.
954 5398 1126 5456 Paris.
1166 5416 1232 5468 ap
1277 5400 1359 5454 Jo.
1392 5388 1520 5454 Bad.
1555 5401 1875 5455 Ascensium
1914 5388 2073 5465 1531,
2102 5400 2216 5465 tot,
2240 5402 2306 5456 de

747 5471 987 5541 guagged.
1032 5469 1153 5541 vide
1200 5471 1459 5523 Clemvut.
1504 5470 1641 5525 Bibl.
1668 5488 1781 5523 cur.
1824 5469 1888 5535 ν,
1924 5487 2044 5541 pag.
2088 5470 2209 5524 377,
2236 5501 2305 5511 _

750 5536 913 5591 Basil.
942 5569 1008 5578 —
1038 5539 1208 5594 Paris.
1234 5556 1317 5609 ap.
1352 5540 1493 5609 Guil.
1528 5541 1713 5595 Morel.
1747 5542 1896 5601 l5ti‘2.
1924 5536 1972 5595 8.
1996 5536 2071 5579 ὶ-
2100 5540 2300 5601 (ἐι-πιθα.

750 5622 872 5661 cum
903 5609 1082 5665 Bndzei
1112 5608 1377 5682 versione.
1419 5608 1550 5682 Ibid.
1598 5628 1660 5666 ex
1714 5622 1919 5682 typogr.
1958 5609 2304 5682 Steph.,Pre-

752 5682 1030 5734 vost—in
1066 5682 1273 5735 aedibus
1299 5680 1382 5735 Jo.
1417 5680 1907 5747 Beue-nati,158l,
1943 5682 1996 5736 4.
2028 5680 2302 5735 Plutarch.

2410 4666 2551 4718 baca

2478 4754 2648 4809 Codd.
2680 4753 2883 4825 aliquot
2913 4764 3155 4810 notitiam
3182 4766 3531 4826 subjungam;
3575 4770 3628 4813 et
3657 4760 3841 4825 plures
3866 4764 3951 4829 cpi

2405 4911 2481 4964 De
2510 4912 2723 4979 fortuna
2754 4912 3103 4967 Romanorum
3129 4923 3176 4967 el
3203 4917 3491 4972 Alexandri
3526 4919 3603 4973 Μ.
3628 4951 3696 4959 --
3729 4928 3784 4974 et
3818 4919 3977 4978 Basil.

2404 4980 2475 5057 LI.
2516 4980 2590 5033 De
2625 4984 2729 5057 vita
2757 4983 3260 5057 solitariaaLatine,
3300 4988 3496 5044 Budaeo
3528 4992 3845 5057 interprete,
3878 4993 3977 5047 Pa-

2405 5054 2641 5131 r‘is.._a_p.
2691 5053 3125 5131 Sgnant.__1505,
3158 5066 3211 5109 4.
3268 5058 3534 5113 Maittaire
3583 5053 3810 5131 llfpag.
3854 5063 3983 5122 172.

2406 5121 2676 5197 Ba_silii_et
2722 5122 2881 5197 Greg.
2915 5124 3171 5197 Naziattz.
3206 5132 3466 5197 epistolie.
3505 5121 3787 5197 nunquam
3820 5121 3987 5191 antea

2405 5193 2560 5246 editae
2592 5191 2682 5246 Gr.
2719 5192 2987 5260 Haganoaa
3018 5195 3173 5257 1528,
3209 5191 3259 5251 ϐ’.
3295 5199 3462 5254 ΙΙΑιιι..

2479 5260 2568 5336 (bl
2589 5263 2665 5316 Ad
2714 5263 3101 5331 Apollinarium
3143 5270 3427 5336 scripsisse
3480 5284 3537 5321 se
3582 5285 3688 5324 non
3720 5272 3985 5329 diﬂitetur

2408 5330 2663 5395 Basilius,
2697 5330 2865 5388 laicus
2897 5337 2962 5388 ad
3004 5335 3222 5391 Iaicum.
3258 5330 3393 5392 'Vide
3422 5339 3650 5392 iudicem
3685 5358 3879 5396 eorum
3921 5348 3982 5396 ad

2406 5416 2545 5470 quos
2595 5402 2823 5459 Basilius
2857 5405 3094 5469 scripsit,
3138 5408 3189 5459 in
3222 5406 3523 5464 Eustathio.
3554 5408 3718 5463 Fasa.
3752 5412 3809 5465 In
3852 5414 3987 5466 Ila.—

2408 5472 2556 5524 dttini
2592 5473 2813 5527 Colleet.
2844 5476 3150 5536 concilior..
3183 5486 3312 5531 tom.
3347 5477 3434 5541 IlI,
3466 5480 3604 5533 inter
3638 5490 3757 5535 acta
3796 5484 3983 5538 conci-

2409 5541 2464 5615 l_ii
2497 5542 3078 5615 Constantinopolitani
3107 5563 3195 5602 an.
3230 5548 3353 5609 5:33,
3393 5551 3444 5601 in
3485 5551 3775 5607 collatiOne
3805 5570 3857 5615 v,
3898 5563 3980 5605 es:

2408 5609 2591 5692 Basilii
2637 5615 2703 5692 ad
2751 5609 3142 5692 Patropbilum,
3193 5618 3482 5692 Egearum
3534 5620 3726 5692 epise.,
3778 5609 3979 5692 in'qna

2408 5681 2744 5749 Apollinario
2773 5681 3059 5755 scripsisse
3085 5702 3142 5741 se
3180 5681 3292 5744 ιιοιῖ
3324 5681 3597 5745 ditIitetur.
3632 5690 3802 5747 ΙΙιιιι..

814 5804 883 5872 (ς)
912 5797 1029 5872 Qui:
1049 5798 1426 5872 Latineltsntum
1452 5799 2229 5872 utaneedotaed'dltGﬂallelig‘s.
2261 5797 2608 5872 haecutotidem
2657 5802 2816 5851 verbis
2863 5806 3026 5855 Graece
3073 5810 3123 5854 et
3170 5804 3341 5857 Latine
3394 5810 3626 5870 leguntur
3664 5812 3707 5856 in
3745 5812 3885 5872 epist.
3928 5810 3988 5860 ΞΒ

751 5857 807 5906 8.
838 5858 1015 5920 Basilii,
1049 5861 1117 5911 De
1137 5861 1422 5924 perfectione
1448 5860 1555 5913 rilw
1576 5862 1862 5924 monastirw,
1891 5876 1935 5926 p.
1965 5863 2025 5910 98
2049 5864 2124 5910 ed.
2158 5861 2339 5909 Bened.
2372 5859 2501 5910 Enn.
