4212 6492
1456 447 1737 504 ΝΟΉΤΙΑ
1780 448 1867 502 EX
1909 448 2251 505 FABRICIO.

3264 468 3460 511 εειιῑι

221 561 470 618 stolarum
495 560 657 616 codd.
690 561 827 616 inter
855 577 970 627 ens,-
997 575 1132 630 quos
1162 576 1319 633 supra
1367 561 1598 631 laudavi,
1625 582 1775 635 repc-
1806 570 1854 625 Α
1883 565 2219 622 Theodoram
2288 572 2622 634 canonicam,
2680 579 2789 623 tum
2827 584 2880 622 n.
2933 567 3019 630 I6,
3050 568 3205 637 epist.
3238 570 3302 622 ad
3338 568 3458 624 Ain-

224 671 441 714 I’Illllllll'.

287 754 358 806 De
410 749 534 803 cod.
599 749 907 821 Angustatio
953 748 1136 815 Viud.,
1195 753 1247 803 in
1293 762 1402 818 quo
1452 758 1577 803 sunt
1622 752 1777 821 epist.

221 840 576 905 CCCXLVIII,
624 860 673 898 ν.
720 841 922 894 Beiscr.
972 840 1146 895 lndic.
1194 854 1320 893 mss.
1373 840 1495 894 bibl.
1532 840 1779 911 August,

219 950 268 1003 ρ.
319 932 593 989 16-20.-
621 935 747 987 Ibit.
786 946 906 1001 pag.
951 936 1038 989 89.
1088 933 1271 986 Basilil
1306 932 1376 985 Μ.
1434 932 1656 1000 epistola
1715 936 1781 989 ad

222 1028 500 1091 quemdam
546 1024 891 1091 Gregorium,
939 1027 1120 1078 addita
1158 1033 1305 1084 nota,
1351 1025 1419 1078 ab
1463 1026 1583 1080 aliis
1630 1026 1775 1080 illam

221 1118 403 1169 ascribi
452 1116 713 1181 Gregorio
741 1114 1102 1171 Nazianzeuu.
1128 1144 1197 1154 —
1222 1114 1546 1171 Vindoboua:
1575 1117 1625 1170 in
1656 1116 1780 1172 cod.

220 1208 345 1261 thus.
377 1204 569 1265 LXIV.
600 1222 650 1258 ιι.
677 1207 764 1272 21,
791 1217 915 1263 sunt
938 1220 1059 1273 epp.
1088 1203 1325 1269 XXXIV,
1356 1222 1492 1275 quas
1515 1205 1784 1259 recensuit

220 1296 465 1351 Lambec.
506 1294 708 1350 Comm.
759 1298 843 1360 lll,
894 1310 1017 1363 pag.
1050 1294 1154 1349 300
1188 1310 1365 1364 seqq.,
1409 1304 1464 1348 et
1512 1293 1784 1347 Kollarius

220 1389 434 1439 adnotat
488 1388 770 1457 epistolam
852 1386 1137 1455 septimam
1191 1387 1242 1440 in
1300 1387 1403 1439 hoc
1460 1394 1512 1437 et
1556 1393 1787 1450 quatuor

222 1477 333 1528 aliis
370 1480 535 1534 codd.
592 1480 727 1535 Ges.
775 1478 997 1533 inscribi
1054 1480 1339 1550 Γρηγορίῳ
1390 1476 1782 1547 πρεσὸυτέρῳ·

224 1582 343 1626 non,
374 1580 429 1622 ut
482 1572 537 1623 in
582 1571 665 1623 ed.
713 1567 891 1623 Β.ιεὶὲῆ
935 1571 1070 1640 Opp.
1118 1569 1488 1632 Benedictiua,
1538 1578 1666 1621 tom.
1700 1568 1787 1633 III,

224 1672 335 1727 pag.
370 1661 495 1723 H9,
525 1676 611 1729 ep.
640 1659 727 1714 LV
757 1676 819 1716 et
847 1662 1002 1716 codd.
1031 1661 1236 1723 Hariei,
1268 1672 1322 1715 ct
1354 1660 1525 1715 tribus
1564 1660 1704 1722 aliis,
1730 1663 1785 1715 it.

222 1765 281 1801 cx
302 1751 458 1809 etlit..
482 1750 835 1821 Παρηγορὶῳ,
864 1752 957 1804 sed
991 1752 1165 1807 editor
1192 1752 1244 1806 in
1278 1762 1400 1803 uota
1443 1752 1712 1811 OIISEJ‘VM,
1736 1750 1788 1802 in

222 1854 311 1893 ses
339 1840 500 1893 codd.
528 1854 581 1893 et
631 1844 679 1891 in
716 1840 885 1891 tribus
919 1842 982 1890 ad
1016 1843 1306 1911 marginem
1354 1842 1452 1911 Ivgi
1489 1840 1789 1913 Γρηγορὶῳ.

222 1934 375 1997 (Add.
409 1932 662 1984 Lanibec.
686 1928 771 1995 IV,
794 1946 911 1999 pag.
928 1930 1022 1983 481
1044 1946 1123 1999 sq.
1148 1934 1211 1984 'de
1230 1936 1348 1987 rod.
1370 1932 1603 1994 LXXIX,
1623 1936 1792 2002 inquo
1828 1914 1865 1971 Β

225 2040 272 2074 u.
303 2024 368 2074 I2
394 2026 582 2075 eadem
619 2025 812 2092 legitur
834 2025 1100 2093 cpistola}.
1122 2055 1187 2064 —-
1207 2024 1258 2076 Ia
1283 2026 1469 2077 eodem
1488 2027 1605 2078 cod.
1632 2024 1788 2078 LXIV

222 2114 292 2181 (in
315 2132 418 2177 quo
441 2114 545 2167 alia
578 2116 736 2167 multa
766 2126 884 2170 sunt
912 2116 1345 2183 B:tsilii0pp.).n.
1369 2114 1684 2183 28tLamb.,
1706 2114 1787 2180 lll,
1856 2132 1864 2137 ·

222 2219 276 2273 p.
308 2202 456 2276 9.98),
484 2207 645 2275 epist.
685 2207 1025 2276 responsoria
1056 2205 1120 2258 ad
1156 2202 1426 2274 Optimum
1455 2204 1787 2271 episcopum.

222 2328 287 2337 —
322 2297 375 2350 In
414 2300 541 2352 cod.
594 2297 776 2363 LXIII,
821 2316 873 2352 n.
929 2301 982 2361 ὅ,
1034 2297 1271 2368 epistola
1312 2296 1427 2350 XXI
1482 2296 1661 2349 Basilii
1694 2295 1790 2359 M.,

225 2382 465 2457 Gregorii
513 2390 796 2453 Nazianz.,
849 2391 1114 2458 Antipatri
1172 2390 1432 2459 prazsidis,
1480 2399 1533 2443 et
1574 2387 1789 2443 Iuliani.

226 2481 433 2545 (Lamb.
478 2482 633 2543 ibid.,
670 2497 723 2550 p.
751 2480 856 2534 290
878 2480 1045 2550 sqq.).
1072 2512 1139 2523 --
1173 2480 1226 2532 In
1262 2482 1380 2533 cod.
1415 2480 1619 2543 LXVII,
1652 2496 1789 2548 pra:-

227 2582 305 2623 ter
332 2571 526 2625 multas
557 2573 803 2625 humilia:
838 2580 1001 2641 atque
1040 2587 1163 2642 epp.
1197 2573 1400 2632 Basilii,
1426 2589 1476 2623 n.
1508 2569 1649 2636 XXI,
1685 2572 1792 2623 En-

225 2663 445 2715 comium
478 2663 531 2716 in
569 2662 855 2727 Meletium,
898 2664 998 2715 sub
1028 2662 1241 2717 nomine
1280 2660 1502 2723 Basilii;
1542 2661 1631 2714 sed
1675 2660 1793 2713 vide

227 2754 355 2808 inira
394 2758 462 2808 ad
498 2772 551 2809 u.
588 2754 735 2810 XXX
768 2765 816 2808 et
861 2754 1113 2810 Lambec.
1148 2753 1234 2820 III,
1276 2770 1327 2823 p.
1355 2753 1476 2807 551.
1500 2780 1569 2793 -
1594 2750 1659 2806 Ν.
1694 2767 1791 2806 su-

228 2852 324 2895 tem
351 2844 465 2907 XL,
504 2845 682 2897 Basilii
720 2847 879 2919 epist.
914 2846 978 2896 ad
1014 2844 1343 2911 Simpliciam
1374 2846 1442 2898 de
1479 2844 1647 2913 ipsius
1695 2856 1790 2896 eu-

227 2936 434 2998 nucbis,
466 2944 521 2987 et
554 2934 805 2988 Lambcc.
846 2952 896 3001 p.
924 2936 1026 2988 556
1053 2951 1172 3003 sqq.
1213 2937 1483 3003 excerpsit
1510 2950 1793 3005 argumen-

227 3032 332 3076 tum
386 3025 552 3094 Iinjus
588 3026 827 3091 epistolae
876 3026 1212 3091 praemissum
1265 3027 1508 3093 scituquc
1550 3027 1790 3095 dignum,

224 3114 312 3167 sed
349 3117 614 3169 omissum
652 3130 865 3185 quoque
899 3115 950 3168 in
988 3114 1075 3166 ed.
1130 3113 1483 3180 Benedictin.,
1519 3124 1677 3180 atque
1717 3115 1793 3167 lo-

1882 658 2207 726 pbilocbimn
2238 658 2325 729 (ad
2356 676 2511 728 quem
2548 664 2726 732 plures
2759 669 2883 715 sunt
2917 660 3173 729 epistolae
3206 660 3261 713 in
3294 663 3459 715 variis

1883 752 2037 803 codd.
2066 752 2360 807 Vindicem
2384 755 2449 804 ad
2486 754 2627 806 illum
2660 757 2780 810 Cat.
2825 769 2940 809 voc.
2981 753 3263 822 Basilius).
3296 752 3453 808 Coni.

1885 842 2112 897 Bandin.
2144 845 2261 899 Cat.
2305 845 2459 898 codd.
2496 844 2589 898 Gr.
2622 846 2785 899 Laur.
2820 850 2867 911 I,
2895 862 3018 918 pag.
3049 845 3304 900 Iit—In
3334 847 3455 900 cod.

1887 931 2020 997 VIII,
2056 933 2187 1003 plut.
2212 936 2270 997 4,
2295 934 2386 989 XL
2432 935 2665 989 bomiliae
2707 946 2761 990 et
2787 939 2853 992 IV
2885 955 3004 1007 epp.
3047 968 3115 981 --
3144 938 3201 990 In
3235 937 3358 991 cod.
3384 935 3453 989 IX

1885 1027 2287 1081 exstantXLVll
2317 1028 2571 1091 bomilim,
2600 1022 2647 1081 X
2665 1042 2785 1097 epp.
2804 1038 2857 1080 et
2884 1030 3014 1084 liber
3041 1030 3113 1084 De
3136 1028 3453 1097 virginitate.

1884 1148 1954 1157 -—
1990 1119 2044 1171 In
2081 1120 2198 1171 cod.
2227 1119 2338 1183 XII,
2361 1136 2413 1173 n.
2446 1119 2535 1183 I8,
2557 1119 2696 1172 XXV
2724 1120 3148 1191 epiStoI:e.~—ln
3178 1116 3457 1185 cod.XIV,

1888 1228 1939 1263 η.
1972 1210 2363 1273 acccxuv.
2404 1211 2465 1265 γ.
2500 1211 2725 1266 Bandin.
2760 1210 2799 1275 ι,
2847 1227 2969 1282 pag.
3005 1210 3129 1275 525,
3181 1209 3457 1276 528,555.

1886 1300 2007 1354 559.
2036 1301 2091 1354 In
2120 1310 2247 1353 tom.
2290 1302 2354 1365 Il,
2404 1303 2455 1355 in
2506 1301 2627 1356 cad.
2664 1300 2771 1363 VII,
2807 1320 2860 1357 υ.
2900 1301 2991 1369 29,
3022 1302 3154 1370 plut.
3183 1301 3269 1366 57,
3307 1302 3461 1355 initio

1887 1399 2043 1442 erant
2072 1390 2229 1457 epist.
2256 1390 2574 1454 CCLXXI",
2612 1391 2703 1445 sed
2745 1394 2988 1460 quasdam
3012 1392 3350 1455 exciderunt,
3374 1408 3463 1446 no«

1892 1491 2035 1533 tante
2086 1482 2333 1545 Bandin.,
2368 1501 2418 1552 p.
2453 1484 2576 1537 547.
2604 1514 2667 1523 -
2713 1486 2767 1538 1η
2800 1488 2920 1539 cod.
2978 1482 3215 1546 XXXIV,
3260 1500 3318 1537 ιι.
3370 1484 3457 1549 i9,

1888 1574 2042 1640 epist.
2090 1573 2266 1628 Basilii
2295 1578 2358 1628 ad
2394 1575 2669 1629 Libanium
2714 1588 2768 1631 et
2794 1579 2949 1646 liuius
2980 1577 3278 1647 responsio.
3302 1605 3371 1616 —
3403 1575 3464 1629 In

1890 1670 2007 1720 rod.
2040 1664 2172 1731 XVI,
2194 1686 2247 1719 u.
2282 1668 2335 1731 5,
2375 1670 2539 1736 epist.
2560 1668 2747 1732 XXIV,
2777 1681 2830 1724 et
2868 1671 2918 1722 iu
2951 1669 3070 1725 cod.
3113 1669 3283 1731 XXX.
3319 1684 3374 1721 n.
3402 1666 3461 1732 7,

1890 1758 2022 1823 plut.
2062 1756 2151 1820 59,
2192 1771 2277 1826 ep.
2314 1757 2529 1812 XXXIII
2591 1768 2790 1814 mutuae
2823 1758 3001 1813 Basilii
3027 1774 3090 1813 ac
3127 1760 3359 1813 Libanii.
3389 1756 3463 1813 γ.

1893 1862 2008 1912 ρης.
2040 1848 2141 1902 iss
2171 1858 2222 1900 cl
2251 1847 2371 1902 εει.

1964 1940 2097 1992 Adii.
2132 1939 2289 1995 codd.
2339 1939 2562 1994 Tuuriu.
2611 1942 2746 2004 XCI,
2795 1973 2862 1982 —
2897 1941 3005 2006 CV,
3053 1968 3102 1981 ο
3134 1939 3363 1998 CLXVI.
3400 1970 3463 1981 ~—

1893 2025 2172 2091 CLXXIX,
2203 2032 2253 2083 iu
2284 2028 2405 2085 Cat.
2440 2031 2591 2083 codd.
2618 2030 2711 2086 Cr.
2755 2048 2805 2100 p.
2853 2033 2974 2094 183.
3004 2033 3123 2097 I96,
3164 2033 3288 2093 252,
3334 2032 3458 2090 9.66.

1960 2119 2192 2183 Epistula
2225 2121 2288 2174 ad
2345 2120 2572 2191 Gregor.
2622 2134 2888 2192 praecepta
2937 2125 3057 2177 vita:
3102 2126 3361 2192 religiosa:
3403 2133 3460 2178 et

1892 2209 2161 2275 perfectae.
2199 2225 2228 2263 e
2264 2211 2452 2266 Grnsco
2493 2215 2544 2267 in
2577 2214 2816 2268 Italicum
2846 2228 3149 2267 sermonem
3182 2214 3460 2279 translata,

1890 2309 1944 2353 et
1975 2301 2115 2351 edita
2143 2298 2337 2355 Brixia:
2374 2303 2534 2366 1755,
2562 2305 2646 2357 I2.
2688 2304 2749 2359 V.
2782 2304 2989 2359 Paitoni
3023 2302 3297 2369 Bibliotli.,
3323 2314 3464 2369 etc.,

1890 2390 1932 2456 Ι,
1965 2408 2014 2461 p.
2050 2392 2166 2446 I48.

1966 2481 2060 2549 Ep.
2088 2484 2151 2535 ad
2176 2481 2401 2550 Gregor.
2432 2481 2688 2537 Nazianz.
2727 2485 2947 2553 Anglice
2989 2502 3125 2542 vers.
3159 2502 3255 2553 per
3293 2486 3453 2541 Bion.

1893 2575 2155 2628 Scbcrrie.
2192 2575 2355 2628 Lund.
2407 2575 2524 2630 sine
2550 2591 2602 2631 a.
2635 2584 2782 2639 nota,
2815 2574 2865 2629 8.
2918 2574 3048 2630 Vide
3094 2576 3466 2646 Bruggeinauu

1909 2663 2064 2728 View,
2100 2676 2203 2718 etc.
2235 2708 2248 2729 ,
2302 2684 2351 2735 p.
2395 2667 2531 2729 ΗΞ,
2585 2668 2671 2734 qui
2722 2666 2848 2721 ibid.
2903 2668 3173 2722 versiones
3216 2668 3465 2737 Anglicas

1894 2754 2119 2810 aliorum
2139 2756 2319 2809 Basilii
2345 2756 2721 2825 opusculorum
2753 2759 2935 2811 refert.
2976 2788 3043 2798 —
3071 2758 3300 2812 Garnier
3321 2760 3464 2812 inter

1893 2848 2103 2917 spurius
2148 2862 2265 2917 epp.
2324 2850 2526 2917 recepit
2579 2864 2791 2919 quoque
2845 2863 2964 2918 pag.
3007 2848 3112 2901 462
3164 2863 3285 2917 sqq.
3349 2863 3466 2901 mu-

1896 2950 2015 2994 tuas
2043 2939 2247 2995 Libanii
2273 2951 2325 2995 et
2366 2940 2549 2996 Basilii
2578 2942 2855 3013 epistolas,
2883 2953 2937 2998 et
2967 2959 3019 3011 p.
3050 2942 3156 2997 462
3184 2958 3247 2996 ex
3280 2940 3461 2995 Basilii

1894 3034 2121 3102 epistola
2148 3034 2214 3088 ad
2237 3033 2509 3089 Iulianum
2533 3036 2867 3106 Apostatam,
2891 3039 2950 3087 de
2975 3034 3031 3088 S.
3059 3033 3335 3100 Trinitate,
3354 3041 3459 3087 etc.

1897 3132 2009 3176 tum
2044 3134 2257 3179 mutuas
2296 3126 2615 3194 Apollinarii
2649 3125 2939 3193 Basiliique
2969 3139 3113 3193 epp.,
3137 3125 3367 3191 denique
3395 3124 3463 3177 ad

225 3223 340 3261 cum
372 3208 780 3262 memorabilem
817 3216 1000 3263 contra
1040 3206 1427 3261 eunuchus.—
1455 3205 1789 3261 Cod.LXXV
1820 3253 1862 3311 Ο
1896 3213 2277 3281 Theodosium,
2307 3218 2372 3271 de
2397 3218 2590 3285 quibus
2622 3218 2758 3270 intra
2790 3218 2854 3270 ad
2881 3234 2931 3270 η,
2964 3216 3083 3269 Xlx
3116 3232 3353 3285 agemus.

225 3302 463 3354 continet
496 3299 735 3353 CCLVIII
771 3301 1022 3368 epistulas
1050 3314 1171 3353 cum
1201 3297 1291 3353 XII
1319 3314 1440 3367 epp.
1480 3297 1689 3352 L‘bauii
1728 3299 1790 3352 ad

223 3388 511 3457 Basilinm;
551 3392 618 3444 de
639 3392 833 3459 quibus
864 3393 1059 3442 multus
1091 3398 1174 3443 est
1204 3390 1454 3444 Lambec.
1481 3389 1561 3449 Ill.
1591 3390 1789 3458 p.358-

220 3480 343 3547 572,
373 3492 430 3535 et
479 3481 659 3533 varios
709 3496 920 3535 erroi-es
962 3481 1093 3536 edit.
1124 3482 1217 3535 Gr.
1260 3480 1377 3535 Lat.
1417 3479 1591 3535 Paris.
1625 3483 1793 3535 corri-

221 3574 314 3642 git.
336 3604 404 3615 —
434 3570 491 3625 In
523 3573 642 3629 cod.
677 3571 898 3635 CCXCI,
928 3589 981 3627 n.
1009 3572 1034 3625 I
1061 3572 1308 3642 epistola,
1340 3588 1445 3626 non
1480 3573 1544 3626 ad
1591 3572 1793 3642 Grego-

223 3667 355 3718 rium
378 3662 543 3728 Naz.,
582 3674 637 3718 ut
666 3666 716 3718 in
744 3666 864 3719 cod.
897 3665 1161 3735 proditur,
1200 3665 1292 3719 sed
1327 3664 1582 3719 adversus
1617 3663 1793 3719 Euno-

223 3756 410 3820 mium,
437 3770 499 3811 ac
531 3772 584 3811 n.
615 3756 669 3821 ὅ,
709 3754 906 3812 Juliaui
958 3772 1044 3826 ep.
1091 3756 1157 3810 ad
1199 3756 1479 3819 Basilium,
1529 3754 1793 3822 huiusque

223 3846 431 3918 integra
465 3850 780 3917 responsio;
819 3850 884 3903 de
910 3849 1102 3917 quibus
1122 3864 1173 3900 γ.
1215 3847 1467 3899 Lambec.
1503 3855 1660 3913 atque
1678 3843 1795 3896 Καὶ·

222 3937 317 3993 lar.
358 3940 426 4004 V,
471 3958 524 4009 p.
561 3942 663 3997 518
691 3957 809 4011 sqq.

296 4030 541 4084 Venetiis
564 4034 615 4084 in
650 4033 778 4086 bibl.
807 4032 967 4084 Marc.
1003 4033 1121 4083 rod.
1155 4029 1288 4092 LXI,
1314 4045 1439 4097 epp.
1469 4027 1787 4083 CCLXXIV.

226 4141 245 4173 ι
274 4124 501 4185 Omnes,
544 4128 620 4178 ait
645 4124 854 4178 Zanetti
889 4142 938 4194 p.
982 4126 1051 4179 Η
1079 4126 1195 4178 Cat.
1229 4126 1381 4177 codd.
1416 4123 1508 4180 Gr.
1541 4125 1708 4177 Marc.
1738 4125 1790 4177 in

223 4216 349 4267 edit.
385 4214 686 4268 novissima
722 4218 1105 4269 monachorum
1134 4215 1189 4270 S.
1220 4215 1419 4267 Bened.
1440 4224 1632 4283 przeter
1649 4232 1789 4277 cam,

220 4322 333 4370 qum
356 4308 529 4373 posita
547 4316 627 4360 est
645 4306 743 4360 sub
762 4306 1312 4368 numeroCCLXXIV,
1331 4308 1429 4361 hoc
1456 4306 1633 4359 titulo:
1652 4305 1793 4375 Πρὸς

220 4396 553 4451 ἀσθενοῦντα
602 4396 1047 4469 παραμυθητική,
1106 4397 1471 4452 Consolatoria
1529 4398 1596 4448 ad
1642 4395 1794 4461 inﬁr-

218 4506 397 4553 mum;
460 4489 648 4554 incipit
697 4506 709 4541 :
774 4489 829 4541 Ὀ
874 4490 983 4557 βίος
1034 4490 1141 4541 τῶν
1205 4487 1504 4560 ἀνθρώπων
1563 4486 1786 4557 βραχύς.

1970 3305 2230 3377 Epistolas
2260 3316 2557 3376 sequuntur
2603 3308 2654 3361 in
2700 3307 2991 3377 appendice
3052 3321 3102 3376 p.
3151 3306 3255 3360 468
3304 3322 3453 3374 sqq.,

1893 3401 2167 3469 praemisso
2211 3401 2431 3462 monito,
2484 3400 2690 3453 Ἠθικοὶ
2745 3400 2889 3467 λόγοι
2921 3400 3019 3462 κδ’,
3079 3411 3210 3463 etc.,
3246 3400 3334 3468 qui
3394 3399 3462 3452 ad

1892 3498 2025 3545 tom.
2050 3489 2090 3544 II
2112 3492 2162 3545 in
2186 3492 2315 3548 edit.
2343 3489 2592 3546 Gr.-Lat.
2624 3506 2675 3543 a.
2707 3490 2863 3554 I6I8,
2888 3490 2937 3541 in
2966 3490 3259 3558 appendice
3288 3489 3466 3558 primo

1894 3580 2008 3634 loco
2052 3590 2360 3647 ponuntur;
2397 3579 2463 3632 de
2504 3578 2700 3646 quibus
2741 3578 2956 3632 Fabric.
2992 3578 3042 3631 iu
3096 3586 3200 3633 vet.
3229 3578 3361 3632 edit.
3403 3593 3459 3632 η.

1892 3673 1981 3738 XI,
2022 3676 2155 3734 ba'c,
2190 3686 2308 3740 qua;
2326 3672 2861 3741 sequuntur,littcris
2891 3672 3247 3740 cousignavit.
3290 3670 3459 3725 Hanc.

1965 3760 2107 3833 [XI]
2132 3760 2406 3815 Sermones
2451 3761 2643 3815 XXIV
2686 3762 2908 3816 murales
2954 3760 3031 3833 [in
3069 3761 3298 3830 append.
3330 3771 3456 3815 tom.

1893 3851 1935 3905 II
1959 3853 2087 3905 edit.
2123 3850 2371 3905 (in-Lat.
2424 3850 2583 3923 1618]
2617 3867 2645 3904 a
2678 3850 2928 3906 Simeone
2972 3853 3232 3921 magistro
3282 3861 3335 3907 et
3375 3852 3458 3905 lo-

1892 3945 2130 4014 gotbeta,
2167 3943 2405 4011 escerpti
2455 3958 2485 3999 e
2538 3943 2713 3996 Basilii
2748 3944 2989 4012 scriptis,
3036 3952 3087 3998 et
3119 3944 3364 3998 centonis
3403 3943 3459 3997 in

1892 4057 2097 4095 morem
2136 4038 2424 4109 compositi
2460 4038 2606 4106 λόγοι
2657 4035 2755 4090 κδ’.
2801 4037 3177 4106 Ἐκλεχθέντες
3222 4036 3309 4089 διὰ
3359 4036 3459 4087 Συ-

1892 4132 2038 4203 μεὼν
2076 4131 2167 4183 τοῦ
2213 4131 2510 4200 μαγίστρου
2551 4128 2643 4181 καὶ
2680 4128 2960 4195 λογοθέτου
3012 4130 3075 4180 ἐκ
3120 4128 3305 4206 πασῷν
3350 4128 3460 4182 τῶν

1890 4221 2282 4291 πραγματειῶν
2312 4218 2406 4272 τοῦ
2445 4222 2501 4272 ὲν
2534 4220 2709 4287 ἁγίοις
2735 4220 2945 4290 Πατρὸς
2973 4219 3128 4290 ἡμῶν
3156 4220 3455 4282 Βασιλειου,

1891 4323 1994 4366 etc.
2044 4312 2262 4365 Sitneon
2302 4312 2388 4366 ille
2421 4312 2695 4379 magister,
2745 4311 2835 4379 qui
2874 4314 3035 4364 etiam
3073 4311 3457 4379 Metapbrastes

1892 4404 2048 4468 Vulgo
2080 4404 2245 4463 audit,
2296 4402 2474 4457 clarus
2500 4402 2599 4455 fuit
2630 4402 2730 4456 sub
2778 4402 2955 4456 steculi
2985 4402 3175 4455 decimi
3221 4402 3455 4455 iuitimu.

1891 4494 2031 4549 Loca
2069 4495 2247 4547 Basilii
2289 4508 2318 4547 e
2355 4495 2551 4563 quibus
2581 4509 2859 4548 sermones
2893 4494 2945 4546 bi
2981 4493 3220 4546 contexti
3250 4502 3374 4544 sunt
3404 4492 3454 4544 in

221 4578 458 4632 Halmtttr
492 4588 544 4633 et
576 4580 627 4631 in
659 4580 774 4631 cod.
814 4578 944 4633 LIV.
986 4599 1004 4629 ι
1026 4580 1239 4634 —C0d.
1276 4578 1494 4644 LXXV,
1525 4580 1678 4644 Cpist.
1721 4578 1786 4630 ad
1820 4593 1865 4649 ι)
1894 4588 2224 4653 marginibus
2259 4587 2607 4641 adnotantur.

221 4670 555 4735 Simplicium
604 4671 933 4723 Ιιειξτοιίρπηι.
971 4703 1039 4712 -
1080 4669 1209 4725 Cod.
1256 4670 1491 4732 LXXIX,
1548 4670 1790 4736 epistula!

216 4758 634 4824 (ICCXXXVIII,
687 4770 740 4814 ct
788 4759 983 4814 Iuliani
1032 4762 1293 4830 epistola;
1349 4764 1451 4815 inc.
1506 4761 1563 4814 τὸ
1615 4761 1791 4831 ἐμφυ-

215 4868 323 4913 τον,
387 4860 513 4905 cum
564 4850 741 4904 Basilii
787 4855 1155 4921 responsione.
1211 4884 1283 4894 --
1326 4853 1458 4908 Cod.
1523 4852 1788 4907 CXXXIX

216 4946 374 5008 epist.
411 4956 515 4995 una
550 4943 613 4993 ad
660 4940 953 5006 Iulianum,
1012 4956 1066 4999 et
1096 4961 1180 5013 ep.
1229 4948 1293 4998 ad
1332 4945 1687 5011 Simpliciam.
1719 4970 1789 4985 -—

218 5035 343 5086 liod.
396 5031 651 5086 DLXXV.
686 5033 867 5086 Basilii
892 5045 943 5088 et
965 5034 1220 5091 Naziauz.
1252 5037 1491 5101 epistulre
1522 5036 1783 5092 XXXVII.

219 5125 279 5178 V.
310 5126 489 5180 Calai.
519 5126 671 5178 codd.
704 5125 893 5187 Mora,
932 5142 982 5193 p.
1014 5128 1098 5191 52,
1133 5128 1220 5191 55’,
1250 5128 1318 5181 80
1340 5140 1386 5178 et
1418 5128 1541 5182 502.

284 5218 433 5271 lnlcr
459 5218 615 5273 codd.
642 5217 832 5271 Thom.
860 5217 988 5272 Gale
1024 5220 1075 5271 in
1115 5218 1231 5272 Cat.
1269 5220 1424 5273 codd.
1461 5221 1684 5287 Anglice,
1722 5218 1784 5279 II,

219 5324 337 5378 pag.
378 5308 503 5372 I88,
544 5324 597 5360 n.
644 5309 802 5376 5945,
858 5322 1184 5363 memoratur
1234 5311 1415 5363 Basilii
1456 5310 1523 5363 M.
1564 5309 1785 5377 epistola

224 5400 459 5452 nondum
509 5399 686 5462 edita;
720 5401 813 5453 sed
845 5416 947 5454 nec
1000 5400 1322 5469 principium
1368 5400 1508 5453 illius
1540 5415 1636 5453 nec
1682 5400 1785 5452 ulla

222 5493 322 5545 alia
362 5492 550 5544 notitia
601 5491 845 5555 additur;
902 5508 965 5544 au
1010 5492 1120 5555 illa,
1152 5509 1268 5560 qua:
1323 5492 1461 5545 inira
1510 5508 1561 5548 η.
1594 5490 1786 5545 XXXII

224 5581 595 5637 memoratur?

295 5674 588 5729 Florentia:
616 5674 667 5725 in
719 5672 850 5727 bibl.
878 5672 1363 5729 Medic.-Laurent.
1411 5676 1463 5729 in
1510 5674 1629 5730 cod.
1668 5674 1788 5739 XX,

222 5766 349 5833 plut.
382 5767 437 5829 9,
465 5775 591 5819 sunt
615 5765 762 5818 varia
791 5764 971 5818 Basilii
1010 5781 1203 5833 Opera;
1248 5766 1413 5820 iubis
1446 5783 1501 5819 n.
1534 5766 1620 5831 I5,
1664 5781 1785 5836 epp.

225 5861 282 5901 ut
333 5858 644 5918 Chilonem,
702 5855 765 5911 ad
825 5857 1143 5926 Gregor'um
1201 5856 1550 5929 Tbrolugum,
1611 5868 1664 5912 ct
1722 5859 1789 5912 ad

1966 4680 2015 4736 I.
2043 4680 2177 4751 Περὶ
2230 4678 2431 4750 ἀρετῆς
2480 4678 2573 4730 καὶ
2628 4675 2842 4738 κακίας,
2884 4673 2955 4726 De
2992 4677 3178 4726 virtute
3236 4682 3281 4726 et
3314 4684 3452 4726 citro.

1889 4769 2073 4838 Incipit
2109 4790 2120 4821 τ
2167 4770 2225 4823 Ὀ
2264 4770 2360 4839 μὲν
2383 4768 2583 4838 Κύριος
2607 4766 2763 4836 ἡμῶν
2798 4764 3001 4836 Ἰησοῦς
3030 4764 3278 4835 Χριστός.

1957 4860 2009 4914 2.
2036 4861 2170 4931 Περὶ
2192 4858 2415 4927 διδαχῆς
2454 4858 2548 4909 καὶ¹
2565 4854 2867 4916 νουθεσίας.
2901 4853 2972 4906 De
3004 4854 3239 4905 doctrina
3280 4861 3325 4905 et
3354 4868 3454 4903 aa-

1889 4955 2188 5006 monitioue.
2214 4952 2408 5017 Incipit
2452 4964 2464 5001 :
2498 4949 2558 5001 Εἰ
2588 4947 2679 5000 ἐπὶ
2710 4944 3012 5005 τοσαύταις.

1956 5064 2009 5119 ὅ.
2044 5066 2179 5133 Περὶ
2218 5063 2439 5133 ἀγάπης
2487 5062 2584 5131 τῆς
2627 5061 2761 5131 πρὸς
2798 5060 2885 5112 τὸν
2910 5058 3041 5112 Θεὸν
3078 5074 3171 5111 και
3204 5072 3291 5111 τον
3313 5072 3451 5125 πλη-

1890 5154 2025 5216 σίον,
2051 5153 2128 5207 De
2169 5170 2343 5205 amore
2388 5168 2511 5222 erga
2561 5150 2726 5205 Deum
2760 5161 2806 5203 et
2864 5150 3175 5219 proximum.
3217 5148 3451 5218 Incipit:

1888 5247 2025 5309 Τοὺς
2054 5245 2160 5297 τῶν
2187 5244 2470 5314 βιωτικῶν.

1957 5358 2011 5411 4.
2034 5358 2169 5428 Περὶ
2186 5356 2307 5426 ὲλεη
2318 5353 2571 5426 μοσύνης,
2597 5354 2666 5407 De
2684 5353 3033 5406 misericordia
3050 5362 3095 5407 et
3118 5353 3452 5422 benignitate.

1889 5448 2110 5515 Incipit:
2152 5447 2212 5499 Εἰ
2244 5442 2542 5514 θαυμάζεις
2562 5443 2629 5496 τὰ
2666 5446 2922 5515 χρήματα

2051 5553 2186 5624 Περὶ
2215 5552 2443 5605 πλούτου
2469 5552 2559 5605 καὶ
2589 5554 2797 5613 πενίας,
2840 5552 2911 5602 υς
2931 5550 3123 5602 divitiis
3160 5559 3209 5602 et
3231 5565 3453 5617 pauper—

1892 5658 2013 5701 tate.
2040 5646 2226 5713 Incipit
2257 5664 2270 5698 :
2306 5645 2386 5697 Τὰ
2413 5644 2621 5715 φρέατα
2656 5644 3065 5713 ἐξαντλούμενα.

1957 5759 2008 5813 6.
2054 5760 2185 5828 Περὶ
2221 5758 2545 5823 πλεονεξίας,
2576 5757 2646 5811 Dc
2671 5758 2912 5811 (It'ttIIlItt.
2943 5756 3161 5824 Incipit:
3190 5755 3357 5807 Ὅταν
3376 5756 3451 5814 ιτς

1890 5852 2061 5906 οἰκίαν
2088 5852 2293 5923 ἀνδρός.
