4212 6532
731 485 943 527 εειιιιι

2070 470 2596 528 PROLEGOMENA.

801 588 853 643 7.
884 587 1019 659 Περὶ
1039 586 1336 660 ἁμαρτίας,
1361 586 1438 644 De
1466 590 2299 662 peccatancipit:ﬂammara-
2326 596 2373 651 A
2401 592 2662 660 suspicor,
2714 603 2835 645 esse
2881 589 3132 646 homilias
3176 605 3364 647 novem
3411 592 3707 657 breviores,
3750 610 3889 664 quas
3932 616 3964 657 α

728 680 912 752 πητοί.

2400 680 2691 736 Francisco
2724 679 2954 747 Vergara
2991 696 3176 735 versas
3212 695 3330 735 csse
3357 681 3548 740 Latine
3577 696 3763 740 narrat
3794 684 3961 741 Nico-

800 772 853 827 8.
887 770 1021 842 Περὶ
1048 773 1355 840 μετανοίας,
1390 770 1466 825 De
1487 771 1809 841 pwnitentia.
1846 773 2077 831 Incioit:
2110 774 2296 838 Διττός
2400 774 2463 826 lat

2400 774 2514 826 laus
2540 775 2803 827 Antonius
2830 772 2879 825 in
2904 769 3042 825 Bibl.
3074 772 3330 842 Hispana.
3354 773 3519 834 FABB.
3546 778 3747 833 Suntin
3774 783 3960 834 decent

730 877 819 933 μοι
836 861 997 931 φόϐος
1027 862 1311 934 ἐνέσκηψε.

794 953 848 1008 9.
878 953 1010 1025 Περὶ
1040 954 1368 1026 προσευχῆς,
1430 954 1505 1009 De
1534 964 1851 1025 precatione.
1907 956 2096 1029 Incipit
2131 976 2144 1013 :
2174 959 2292 1031 Χρὴ

724 1044 823 1115 τὴν
853 1046 1179 1117 προσευχήν.
1210 1047 1307 1101 llic
1339 1062 1517 1100 sermo
1550 1065 1672 1105 cum
1712 1049 1912 1103 Νίσοιοί
1935 1050 2141 1106 Glaseri
2176 1065 2294 1103 vcr-

725 1136 894 1195 sione,
919 1135 1137 1203 junctus
1164 1138 1370 1191 duobus
1413 1138 1567 1195 libris
1602 1142 1972 1209 Chrysostomi
2021 1141 2096 1195 De
2140 1143 2290 1197 modo

727 1226 915 1276 orandi
940 1224 1123 1287 Deum,
1156 1228 1351 1295 prodiit
1400 1230 1451 1282 in
1501 1232 1740 1299 ejusdem
1776 1229 1985 1287 Glnseri
2017 1230 2290 1300 Cynosura

725 1313 933 1377 pietatis
962 1326 1008 1368 et
1063 1333 1264 1369 morum
1313 1317 1503 1374 Graeco
1540 1319 1751 1386 Latina,
1801 1323 1999 1379 Giessze
2032 1323 2189 1388 I609,
2233 1325 2286 1379 8.

798 1405 882 1461 10.
903 1408 1035 1478 Περὶ
1058 1410 1332 1480 νηστείας,
1363 1412 1434 1464 De
1464 1411 1696 1481 jejunio.
1728 1415 1953 1483 Incipit:
1986 1415 2289 1487 Στρατηγοὶ

727 1495 825 1566 μιν
852 1499 930 1562 είς
958 1500 1276 1571 παράταξιν.

796 1590 883 1645 11.
926 1594 1059 1662 Περὶ
1097 1592 1350 1660 Θανάτου,
1373 1594 1445 1650 De
1471 1610 1653 1652 morte.
1696 1597 1885 1665 Incipit
1914 1594 2020 1652 :'0
2038 1599 2131 1653 τοῦ
2161 1599 2288 1653 θαύ-

732 1700 919 1751 ματος,
946 1684 1238 1755 ἀγαπητοί.
1278 1685 1425 1742 lIauc
1459 1705 1521 1742 ex
1556 1705 1687 1743 mss.
1736 1690 2009 1746 Vaticanis
2043 1692 2205 1745 vertit
2231 1700 2287 1746 et

721 1770 912 1828 Latine
946 1776 1085 1830 inter
1113 1793 1271 1845 opera
1316 1778 1578 1846 Ephrtetni
1613 1778 1735 1852 Syri
1778 1782 1946 1837 edidit
1977 1781 2103 1837 Ger.
2150 1781 2284 1839 Vos.

723 1864 1026 1927 sins,tom.
1059 1865 1095 1929 I,
1129 1882 1180 1931 p.
1213 1866 1339 1919 9.00.

2396 866 2515 918 cod.
2542 865 2670 918 bibl.
2706 862 2851 932 publ.
2874 862 3045 917 Paris.

2471 956 2726 1010 Ultimum
2760 956 2935 1011 locum
2968 953 3019 1008 in
3048 953 3275 1008 tomoIII
3302 954 3387 1010 ed.
3425 955 3590 1013 Garn.
3617 967 3843 1031 occupat
3866 959 3963 1011 Πε-

2397 1046 2450 1117 ρὶ
2472 1046 2567 1115 τῆς
2599 1046 2655 1097 ὲν
2685 1046 2952 1116 παρθενίᾳ
2998 1043 3233 1116 ἀληθοῦς
3275 1045 3542 1118 ἀφθορίας
3566 1052 3702 1123 πρὸς
3732 1052 3963 1123 Λητοῐον

2392 1138 2687 1191 ἐπίσκοπον
2710 1136 3016 1207 Μελιτηνῆς
3052 1137 3148 1211 (α).
3177 1135 3332 1190 Liber
3368 1140 3432 1192 de
3476 1156 3595 1194 vera
3641 1144 3959 1215 virginitatis

2392 1228 2687 1298 integritate
2714 1229 2783 1280 ad
2816 1226 3075 1295 Letoium,
3109 1228 3490 1284 Melitinensem
3516 1233 3833 1302 episcopum.
3868 1234 3956 1290 In-

2391 1322 2518 1387 cipit
2555 1339 2569 1375 z
2611 1323 2672 1375 Οί
2707 1321 2806 1391 μὲν
2837 1319 3024 1373 πολλοὶ
3061 1322 3168 1375 τῶν
3209 1322 3301 1376 τὸν
3350 1322 3599 1392 νυμφίον,
3632 1338 3737 1383 etc.
3763 1330 3818 1383 In
3865 1329 3955 1385 ed.

2391 1409 2562 1466 Paris.
2592 1430 2642 1465 ιι.
2680 1410 2838 1472 1618,
2865 1421 2995 1465 tom.
3023 1409 3069 1477 I,
3096 1423 3146 1466 et
3194 1429 3221 1466 ο
3250 1411 3499 1467 Fabricio
3532 1414 3583 1467 in
3626 1427 3732 1473 vet.
3776 1421 3864 1475 ed.
3902 1420 3956 1473 in

2392 1505 2709 1559 recensione
2742 1504 2885 1557 illius
2916 1504 3044 1558 tomi
3085 1523 3138 1562 u.
3169 1506 3233 1569 V,
3268 1507 3411 1561 inter
3431 1506 3663 1576 genuina
3698 1512 3962 1581 recipitur

2389 1592 2569 1651 Basilii
2601 1608 2781 1663 Opera.
2812 1593 2989 1663 Atque
3032 1595 3314 1650 Fabricius
3358 1598 3471 1651 haec
3501 1612 3621 1666 qua:
3648 1612 3960 1667 sequuntur

2387 1686 2455 1741 de
2491 1686 2579 1740 illo
2602 1685 2739 1739 libro
2768 1685 3026 1740 notavit:
3068 1704 3086 1738 ι
3120 1684 3291 1739 Vertit
3316 1687 3632 1741 Ambrosius
3660 1688 3956 1745 Camaldu-

2391 1779 2576 1840 Iensis,
2609 1774 2797 1830 Venet.
2835 1775 2990 1841 1550,
3018 1777 3071 1832 8.
3099 1778 3248 1833 Licet
3275 1793 3401 1834 vero
3433 1778 3738 1833 Dorscheus
3769 1792 3961 1837 noster

2391 1870 2442 1922 in
2474 1867 2655 1921 Indice
2675 1868 2988 1938 iniquitatis,
3020 1884 3141 1939 pag.
3176 1870 3277 1924 I73
3302 1886 3411 1942 sq.,
3434 1881 3486 1925 et
3509 1886 3575 1925 ex
3608 1869 3737 1941 ipsis
3770 1871 3941 1924 etiam

795 1957 883 2013 12.
912 1958 1046 2028 Περὶ
1078 1949 1253 2029 λύπης
1304 1960 1399 2013 καὶ
1431 1958 1688 2031 ἀθυμίας,
1725 1962 1800 2017 De
1847 1980 2064 2019 maerore
2101 1977 2149 2020 et
2192 1969 2289 2021 tri-
2322 1937 2360 1991 Β
2391 1959 2458 2013 Ιῖο

2322 1937 2360 1991 Β
2391 1959 2547 2013 Ilom.
2587 1937 2847 2015 Ecclesiae
2890 1937 3119 2016 addictis
3165 1937 3368 2017 Natalis
3417 1937 3723 2019 Alexander
3755 1973 3811 2020 et
3860 1963 3956 2018 alii

721 2050 887 2103 stitia.
943 2049 1135 2119 Incipit
1178 2069 1193 2105 :
1254 2052 1421 2107 Ὅταν
1471 2054 1564 2110 ῐδω
1613 2056 1704 2109 καὶ
1747 2056 1808 2109 τὸ
1857 2057 2024 2111 κακὸν
2075 2060 2289 2115 £60606-

719 2156 903 2210 μενον.

791 2233 879 2289 15.
899 2234 1034 2306 Περὶ
1072 2233 1345 2307 ὑπομονῆς
1362 2238 1455 2292 καὶ
1498 2238 1897 2312 μακροθυμίας,
1934 2243 2011 2299 De
2034 2246 2288 2316 patientia

716 2336 766 2379 et
795 2327 1092 2379 tolerantia.
1118 2325 1310 2395 Incipit
1340 2347 1353 2383 :
1393 2330 1597 2403 Μηδεὶς
1634 2332 1693 2400 ἐξ
1718 2326 1794 2387 ὧν
1823 2336 2011 2392 ἔπαθε.

792 2418 879 2472 II.
917 2418 1050 2489 Περὶ
1086 2419 1385 2495 μελλούσης
1443 2426 1696 2496 κρίσεως,
1750 2427 1827 2481 De
1862 2430 2035 2497 futuro
2055 2430 2281 2497 judicio.

723 2508 912 2576 Incipit
952 2526 966 2563 :
1002 2510 1169 2565 ὀταν
1216 2512 1419 2587 μέλλῃς
1451 2517 1544 2569 ἐπί
1585 2536 1704 2571 τινα
1747 2518 1943 2590 όρμᾷν.
1981 2518 2131 2576 Hunc
2152 2537 2285 2589 quo-

714 2614 823 2669 que
863 2615 1168 2657 sermonem
1214 2603 1405 2659 Latine
1448 2622 1475 2658 a
1524 2622 1583 2663 se
1628 2623 1846 2663 versum
1881 2609 2099 2665 exhibet
2149 2609 2279 2668 Ger.

719 2690 943 2749 Vossius
970 2702 1102 2749 tom.
1136 2693 1155 2749 I
1193 2694 1427 2764 Operum
1460 2698 1729 2767 Ephraetni
1754 2700 1901 2773 Syri,
1946 2702 2141 2773 p.2II.

786 2783 876 2839 15.
900 2784 1034 2856 Περὶ
1057 2787 1228 2858 ἀρχῆς
1258 2789 1352 2843 καὶ
1381 2791 1647 2857 ἐξουσίας,
1683 2792 1757 2846 De
1792 2795 2089 2860 principatu
2118 2805 2166 2849 et
2194 2812 2284 2863 po-

715 2883 917 2929 testate.
954 2874 1144 2947 Incipit
1169 2896 1183 2932 :
1208 2880 1384 2933 Καλὸν
1417 2883 1523 2946 ἀεὶ,
1554 2884 1614 2936 τὺ
1639 2886 1821 2954 χεῖρον
1846 2883 1951 2936 ὑπὸ
1986 2884 2080 2937 τοῦ
2109 2885 2285 2955 κρείτ-

711 2983 864 3031 τονος
888 2968 1135 3037 ἄγεσθαι.

785 3057 871 3114 16.
911 3059 1045 3132 Περὶ
1076 3061 1516 3134 γαστριμαργίας
1539 3064 1634 3119 καὶ
1653 3065 1843 3137 μέθης,
1880 3064 1955 3118 De
1982 3065 2206 3136 ingluvie
2233 3078 2281 3125 et

711 3150 980 3206 ebrietate.
1030 3149 1224 3223 Incipit
1251 3168 1264 3205 :
1290 3152 1636 3228 Μονότροπος
1665 3160 1694 3211 ὁ
1726 3156 1821 3211 τοῦ
1855 3158 2281 3230 Χριστιανισμοῦ

714 3241 847 3306 θίος.

782 3331 868 3387 17.
900 3332 1033 3402 Περὶ
1081 3334 1247 3406 ὀργῆς
1294 3337 1386 3389 καὶ
1430 3336 1648 3407 ἔχθρας,
1706 3337 1779 3390 De
1824 3340 1905 3390 ira
1942 3350 1988 3392 et
2019 3342 2158 3394 odio.
2194 3341 2279 3396 In-

709 3418 879 3489 cipit:
912 3420 1179 3490 Μέγιστον
1217 3426 1579 3497 κατηγόρημα
1615 3427 1958 3497 Χριστιανοῠ.

783 3510 868 3567 18.
902 3513 1038 3586 Περὶ
1071 3514 1266 3584 φθόνου
1304 3518 1399 3571 καὶ
1443 3517 1768 3589 βασκανίας,
1803 3517 1881 3572 De
1918 3521 2079 3575 livore
2114 3531 2166 3577 et
2186 3522 2273 3576 in-

709 3602 869 3657 oidia.
903 3603 1085 3673 Incipit
1119 3624 1133 3660 :
1162 3606 1369 3678 Πολλὴν
1412 3610 1542 3680 ἡμῖν
1569 3612 1785 3680 ἐμποιεῖ
1802 3611 1901 3681 τὴν
1927 3612 2132 3666 ἄνοιαν.

783 3695 869 3751 19.
896 3696 1033 3771 Περὶ
1069 3701 1424 3773 σωφροσύνης
1474 3704 1569 3757 καὶ
1620 3702 1934 3769 ἀκολασίας,
1970 3704 2043 3760 De
2082 3718 2274 3772 tempe-

712 3790 884 3839 rantia
919 3797 966 3840 et
1002 3790 1396 3846 incontinentia.
1434 3794 1620 3864 Incipit
1656 3813 1669 3847 :
1719 3795 1780 3849 '0
1811 3796 1919 3849 τῶν
1952 3798 2273 3853 Μακεδόνων

722 3876 840 3929 Ἀλέ
848 3877 1066 3950 ξανδρος
1074 3920 1085 3932 .

778 3964 868 4021 20.
893 3966 1027 4039 Περὶ
1054 3969 1551 4041 ταπεινοφροσύνης
1584 3974 1676 4025 καὶ
1705 3974 2025 4041 κενοδοξίας,
2076 3977 2149 4030 De
2174 3979 2275 4033 Itu-

709 4057 932 4113 nsilitate
965 4068 1013 4113 et
1061 4076 1196 4115 sana
1225 4061 1415 4132 gloria.
1447 4062 1635 4133 Incipit
1664 4082 1679 4118 :
1726 4066 2029 4140 Ἀμήχανον
2058 4068 2149 4122 τὸν
2198 4072 2272 4143 μὴ

708 4150 1164 4222 καταδεξάμενον.

776 4243 868 4297 21.
899 4245 1033 4316 Περὶ
1063 4247 1321 4316 εὐτυχίας
1355 4249 1448 4302 καὶ
1488 4249 1776 4321 δυστυχίας
1810 4251 1903 4305 καὶ
1938 4255 2270 4323 φρονήσεως,

713 4333 791 4389 De
810 4334 1058 4405 felicitate
1090 4352 1152 4389 ac
1181 4339 1511 4403 infortunio;
1542 4350 1651 4393 tum
1682 4344 1844 4394 etiam
1877 4341 1950 4395 De
1968 4345 2267 4410 prudentia.

705 4423 899 4493 Incipit
927 4444 940 4481 :
972 4426 1110 4481 Οῦτε
1129 4429 1196 4481 τὰ
1226 4428 1391 4495 δεξιά.

774 4518 862 4572 22.
899 4518 1036 4590 Περὶ
1048 4521 1321 4591 προνοίας,
1348 4520 1423 4575 De
1446 4522 1786 4589 providentia.
1818 4521 2045 4592 Incipit:
2086 4522 2191 4575 Τοῦ
2212 4524 2269 4576 ἐν

704 4608 783 4683 τῷ
808 4612 1205 4683 προστάγματι.

2390 2050 2555 2105 Iibell.
2610 2050 2684 2106 De
2733 2052 3028 2119 virginitate
3056 2050 3237 2107 Basilii
3266 2068 3385 2109 esse
3415 2067 3629 2126 negent,
3668 2068 3844 2111 tamen
3878 2056 3956 2111 illi

2387 2141 2624 2195 vindicat
2648 2144 2749 2198 hoc
2776 2144 3057 2213 scriptum,
3100 2158 3128 2196 ει
3170 2142 3334 2197 Suida
3370 2146 3533 2199 etiam
3562 2158 3955 2211 memoratum,

2385 2232 2744 2289 Combetisius
2763 2235 3070 2290 testimonio
3099 2231 3446 2299 Nazianzeni,
3473 2238 3561 2306 qui
3587 2246 3731 2292 orat.
3762 2238 3855 2303 ΞΟ,
3879 2238 3960 2292 De

2384 2323 2607 2391 Basilio,
2639 2344 2759 2397 pag.
2808 2328 2932 2393 558,
2977 2328 3045 2383 τὰ
3069 2328 3323 2400 ἕγγραφα.
3359 2329 3528 2399 Ipsius
3556 2329 3623 2383 de
3656 2329 3958 2399 virginibus

2383 2416 2728 2488 διατάγματα
2776 2432 3184 2475 commemorat.
3218 2421 3440 2477 Lctoius
3490 2420 3578 2476 ille
3624 2418 3876 2474 laudatur
3921 2441 3952 2473 α

2385 2506 2715 2561 Theodorito
2743 2507 2885 2572 ΜΞ,
2904 2506 3045 2561 Hist.
3074 2529 3092 2561 ι
3118 2509 3387 2564 llactenus
3411 2509 3713 2565 Fabricius.
3739 2509 3957 2564 Atenim

2383 2595 2655 2665 Garuier.,
2683 2598 2770 2668 qui
2798 2599 2849 2653 in
2879 2601 3077 2669 presio
3104 2598 3304 2654 Monito
3332 2602 3477 2655 illum
3496 2602 3689 2657 lihrttm
3706 2602 3955 2672 spuriuns

2385 2704 2509 2745 esse
2546 2691 2883 2746 demonstrat
2910 2708 2975 2747 ex
3012 2693 3135 2764 styli
3169 2693 3680 2750 dissimilitudineet
3704 2694 3958 2763 imagini-

2389 2783 2489 2837 bus
2518 2783 2807 2848 indecoris,
2839 2795 2999 2854 atque
3028 2785 3281 2853 quoniam
3313 2784 3531 2839 Letoius
3565 2783 3672 2848 ille,
3699 2786 3789 2838 cui
3812 2800 3957 2838 nun-

2384 2884 2614 2942 cupatus
2646 2884 2730 2928 est
2762 2875 2916 2939 liber,
2954 2876 3195 2944 pluribus
3226 2886 3345 2945 post
3377 2874 3558 2928 Basilii
3586 2883 3815 2930 mortem
3850 2892 3952 2929 an-

2383 2964 2466 3017 nis
2513 2964 2580 3019 ad
2616 2964 2933 3034 dignitatem
2984 2966 3222 3035 episcOpi
3276 2965 3632 3021 Melitinensis
3679 2969 3952 3037 pervenit,

2382 3053 2613 3124 primum
2644 3053 2865 3110 Snidam
2898 3056 3031 3112 nihil
3068 3065 3347 3122 moratur;
3376 3059 3571 3113 deinde
3602 3055 3941 3113 Nazianzcni

2385 3149 2773 3214 testimonium,
2818 3150 2961 3219 quod
2987 3165 3150 3221 grave
3185 3150 3414 3215 videtur,
3442 3159 3498 3206 et
3533 3165 3639 3220 quo
3676 3150 3952 3205 Combeti-

2384 3241 2498 3296 sius
2522 3256 2585 3295 ac
2606 3241 2681 3294 Du
2715 3240 2812 3296 Pin
2844 3242 2908 3295 ad
2937 3242 3130 3295 librum
3161 3240 3362 3298 Basilio
3381 3243 3538 3297 unice
3569 3245 3947 3309 asserendum,

2386 3334 2654 3397 nituntur,
2693 3348 2796 3387 non
2838 3335 2903 3388 de
2933 3344 3115 3389 nostro
3150 3334 3400 3403 intelligit
3432 3332 3595 3389 libro.
3637 3356 3654 3385 ι
3695 3334 3822 3396 Sed,
3846 3334 3947 3395 ait.

2382 3437 2503 3476 cum
2526 3422 2821 3492 Gregorius
2847 3423 3031 3479 Basilii
3085 3424 3284 3493 scripta
3317 3422 3520 3487 laudat,
3555 3423 3751 3492 quibus
3780 3421 3949 3493 virgi-

2381 3512 2605 3565 nitatem
2646 3528 2773 3567 vere
2805 3514 2984 3567 colere
3018 3515 3264 3579 docebat,
3306 3512 3529 3584 Regulos
3573 3514 3794 3580 indicat,
3828 3527 3952 3580 qua

2382 3602 2514 3657 nihil
2555 3617 2777 3672 prorsus
2826 3606 3047 3668 habent,
3089 3607 3230 3673 quod
3271 3620 3377 3660 non
3409 3607 3472 3659 ad
3502 3606 3758 3674 optimam
3782 3620 3951 3660 exco-

2381 3694 2551 3749 lendae
2581 3694 2908 3764 virginitatis
2934 3697 3195 3750 rationem
3221 3697 3509 3764 pertineat.
3534 3697 3709 3765 Atque
3735 3697 3949 3751 etiarnsi

2377 3797 2651 3840 constaret
2724 3784 2977 3841 Basiliam
3028 3785 3283 3856 singulari
3331 3801 3492 3855 opera
3540 3786 3614 3841 De
3649 3788 3951 3858 virginitate

2381 3878 2694 3948 scripsisse:
2743 3892 2930 3933 verum
2975 3877 3101 3932 illud
3146 3893 3281 3947 Opus
3324 3880 3735 3935 desiderandum
3766 3892 3948 3949 esset;

2381 3970 2597 4023 minime
2645 3981 2766 4023 vers
2819 3968 2979 4033 illud,
3057 3970 3197 4038 quod
3256 3970 3308 4024 in
3376 3971 3624 4027 manibus
3683 3972 3951 4029 habemus

2385 4057 2573 4129 attingi
2625 4059 2673 4112 ei
2734 4059 2787 4113 in
2847 4068 2953 4114 tam
3006 4061 3291 4116 manifesta
3342 4062 3465 4133 styli
3508 4062 3952 4121 dissimilitudine

2378 4166 2441 4202 ac
2492 4158 2792 4219 temporum
2858 4151 3221 4221 discrepantia
3282 4152 3523 4209 deberet.
3578 4171 3598 4206 ι
3656 4151 3803 4224 Opus
3860 4166 3948 4210 ta-

2380 4254 2537 4303 men,
2604 4241 2672 4293 ab
2742 4242 3066 4311 antiquitate
3129 4246 3600 4309 commendatum,
3670 4249 3948 4315 concedit,

2378 4330 2640 4396 scriptum
2662 4346 2787 4386 esse
2816 4342 3010 4400 quarto
3033 4334 3250 4401 saeculo,
3279 4338 3561 4405 eidemque
3583 4336 3770 4392 Letoia
3806 4355 3949 4393 nun-

2376 4429 2629 4488 cupatum
2666 4420 3011 4485 Melitinensi,
3041 4425 3107 4477 ad
3150 4440 3309 4492 quem
3336 4428 3499 4479 etiam
3528 4427 3779 4497 Gregorii
3807 4429 3947 4498 Nys-

2376 4512 2492 4566 seni
2532 4522 2709 4567 exstat
2735 4514 2956 4581 cpistola
2990 4516 3270 4569 canonica.
3315 4515 3600 4571 Garuierio
3642 4520 3946 4573 assentitur

2304 4638 2344 4692 υ
2377 4602 2687 4659 Schroeckb
2728 4604 2764 4657 ι.
2800 4620 2873 4665 c.,
2908 4620 3029 4674 pag.
3052 4604 3178 4667 205,
3210 4606 3301 4659 sed
3327 4605 3494 4661 inulto
3517 4608 3790 4677 copiosius
3819 4625 3947 4678 per-

778 4702 870 4757 23.
898 4704 1034 4775 Περὶ
1058 4704 1255 4777 ψυχῆς,
1280 4703 1356 4760 De
1371 4704 1571 4759 animo.
1599 4704 1792 4775 Incipit
1823 4723 1835 4758 :
1871 4703 1945 4759 Τὸ
1965 4705 2065 4777 τὴν
2088 4708 2269 4760 πᾶσαν
2372 4710 2441 4748 εει

2372 4696 2618 4763 sequitur
2668 4696 2807 4750 idem
2850 4706 3228 4765 argumentum
3260 4696 3457 4752 Oudin.
3492 4697 3527 4752 I.
3557 4715 3629 4760 c.,
3680 4714 3808 4768 pag.
3834 4700 3945 4758 553

704 4796 962 4867 σπουδήν.

774 4888 861 4942 ΞΔ.
912 4886 1047 4949 Περὶ.
1076 4890 1239 4960 τιμῆς
1291 4890 1509 4960 γονέων,
1567 4888 1663 4947 καὶ
1693 4890 1900 4959 γήρως.
1954 4890 2047 4941 καὶ
2087 4889 2270 4960 νεότη-

703 4996 817 5047 τος,
851 4980 924 5035 lle
962 4980 1157 5034 honore
1176 4998 1279 5050 quo
1309 4982 1560 5052 (iniciendi
1589 4989 1705 5033 sunt
1738 4990 2000 5047 parentes,
2037 4979 2102 5031 de
2123 4995 2269 5033 sene-

702 5080 847 5126 ctute
873 5082 922 5126 et
950 5072 1245 5140 iuuentute.
1280 5070 1471 5141 Incipit
1503 5086 1516 5122 :
1543 5071 1636 5133 Τὸ,
1680 5068 2043 5141 Ἕξεγέρθητι.
2078 5066 2270 5139 Κύριε.

771 5160 1092 5215 Ριιοιίίετιιηι
1120 5160 1173 5213 hi
1223 5173 1501 5214 sermones
1542 5160 1774 5227 primum
1817 5157 2007 5212 Graece
2043 5172 2075 5212 e
2128 5158 2259 5215 bibl.

704 5252 844 5317 regis
866 5247 1341 5311 Christianissimi,
1392 5247 1564 5301 Paris.
1602 5247 1741 5316 apud
1783 5246 1927 5303 Guil.
1980 5247 2261 5303 Morellnm

710 5337 865 5403 £556,
893 5338 947 5393 8.
979 5334 1114 5392 Ilinc
1149 5352 1177 5389 a
1215 5334 1443 5392 Simone
1470 5334 1704 5400 Ilailleo,
1731 5337 2138 5408 archiepiscopo
2155 5336 2263 5391 Tu-

701 5428 943 5493 ronensi,
963 5426 1202 5482 translati
1227 5425 1281 5480 in
1314 5426 1558 5480 Latinum
1587 5440 1914 5493 sermonem,
1944 5428 2075 5482 ibid.
2101 5426 2259 5493 1558,

698 5520 756 5573 8.
782 5516 973 5572 Postea
1008 5528 1235 5585 utraque
1275 5516 1453 5586 lingua
1492 5531 1614 5570 cum
1643 5531 1777 5570 nova
1818 5515 2261 5582 interpretatione

701 5606 956 5661 Stanislai
1008 5607 1180 5671 llovii,
1215 5605 1465 5661 Francof.
1504 5605 1640 5662 I598
1669 5616 1723 5662 et
1762 5606 1921 5673 1611,
1944 5607 1999 5663 8.
2026 5608 2263 5662 Simonis

698 5708 732 5749 a
759 5693 930 5749 Iaille
966 5694 1337 5765 interpretatio
1371 5694 1560 5749 Latina
1600 5706 1812 5752 servata
1841 5705 1926 5751 est
1960 5697 2015 5751 in
2045 5696 2261 5752 Graeco-

701 5783 909 5841 Latinis
929 5800 1153 5856 operum
1189 5785 1371 5841 Basilii
1420 5787 1765 5845 editionibus.
1798 5788 1873 5842 Es
1914 5788 1999 5843 his
2039 5789 2256 5853 ethicis,

2372 4802 2522 4855 sqq.,
2558 4787 2648 4856 qui
2673 4788 2902 4855 primum
2934 4787 3176 4841 nominat
3204 4784 3610 4853 Bellarminum,
3636 4788 3939 4857 Labbeum,

2374 4877 2450 4930 Du
2480 4876 2601 4941 Pin,
2627 4876 2992 4945 Cavcumque,
3019 4878 3108 4945 qui
3142 4877 3194 4931 id
3221 4893 3359 4948 opus
3383 4889 3608 4934 censent
3637 4880 3938 4949 legitimum

2369 4984 2493 5023 esse
2520 4967 2699 5023 Basilii
2739 4967 2938 5034 letum;
2974 4968 3099 5023 dein
3134 4984 3263 5024 vero
3294 4970 3492 5024 multas
3520 4972 3786 5034 rationes,
3815 4974 3941 5042 qui-

2372 5062 2471 5117 bus
2503 5071 2680 5116 motus
2719 5059 2940 5115 Godel'r.
2996 5059 3341 5117 Hertnantius
3375 5062 3427 5115 in
3484 5060 3601 5115 Vita
3642 5060 3841 5116 Basilii
3888 5073 3939 5118 et

2369 5150 2606 5221 Gregorii
2648 5147 2915 5203 Nazianz.
2947 5148 3148 5205 Gallice
3175 5150 3397 5218 scripta,
3431 5149 3483 5203 id
3525 5150 3935 5219 abnegavitBao

2367 5243 2507 5306 silio,
2549 5240 2734 5304 refert,
2769 5242 3070 5311 probatque
3111 5250 3165 5295 et
3188 5249 3367 5294 ornat.
3402 5270 3473 5282 —
3504 5240 3695 5295 Exstat
3730 5243 3782 5295 in
3806 5244 3931 5297 συιΙ.

2365 5333 2607 5387 Naniano
2636 5333 2828 5389 Venet.
2852 5330 3082 5400 CXXIII,
3116 5348 3169 5387 n.
3198 5331 3286 5396 I5,
3310 5333 3376 5387 de
3411 5347 3517 5401 quo
3545 5346 3594 5385 ν.
3627 5330 3745 5387 Cat.
3774 5333 3930 5386 codd.

2367 5424 2462 5479 Gr.
2494 5424 2665 5491 Nam,
2699 5443 2752 5493 p.
2782 5425 2889 5480 256
2932 5441 3041 5493 sq.,
3085 5434 3139 5477 et
3169 5426 3221 5478 in
3253 5425 3410 5479 codd.
3456 5423 3647 5480 Bavar.
3673 5422 3927 5478 Monach.

2365 5515 2579 5578 XXXII,
2613 5516 2879 5571 LXXXIX
2911 5529 2965 5572 et
2996 5517 3171 5575 XCIII.
3200 5517 3259 5571 V.
3291 5517 3409 5572 Cat.
3444 5517 3598 5570 codd.
3639 5513 3729 5569 Cr.
3770 5513 3929 5580 Batt.,

2366 5621 2418 5674 p.
2449 5604 2503 5666 8,
2538 5605 2608 5659 54
2653 5616 2706 5660 et
2731 5606 2819 5659 35.
2846 5636 2914 5648 --
2950 5608 3166 5663 Dresda:
3198 5608 3248 5661 in
3294 5608 3423 5662 bibl.
3481 5606 3637 5660 elect.
3677 5614 3764 5660 est
3806 5607 3926 5660 cml.

2366 5695 2542 5749 Latin.
2570 5697 2661 5766 qui
2714 5698 2958 5754 continet
3011 5700 3291 5756 Athanasii
3321 5697 3572 5755 etBasilii
3602 5712 3730 5765 opp.
3757 5695 3813 5751 In
3844 5696 3928 5752 his

2362 5786 2542 5844 Basilii
2574 5787 2647 5843 De
2672 5789 2856 5844 militia
2891 5792 3187 5847 monacholi
3215 5792 3279 5848 ad
3302 5790 3583 5862 quemdam
3605 5788 3927 5861 discipulum

772 5905 846 5973 (η)
886 5903 1052 5975 Vulgo
1078 5904 1272 5974 legitur
1303 5904 1558 5976 Μελίτης
1594 5908 1685 5964 sed
1703 5906 1952 5963 Garnicr.
1986 5906 2087 5961 [ide
2110 5906 2259 5962 codd.
2286 5919 2435 5960 corrc

1210 5920 1272 5959 ur
1303 5904 1558 5976 Μελίτης
1594 5908 1685 5964 sed
1703 5906 1952 5963 Garnicr.
1986 5906 2087 5961 [ide
2110 5906 2259 5962 codd.
2286 5905 2511 5960 correxit
2549 5904 2873 5973 Μελιτηνῆς.
