4212 6502
1428 435 1703 494 NOTITIA
1745 433 1836 489 EX
1875 430 2211 489 FABIIICIO.

3210 440 3441 480 οειιιιιι

194 584 385 637 suum;
426 567 505 622 De
534 565 781 619 laudibus
821 562 939 615 vita
968 558 1265 616 solitariw:
1316 555 1382 611 ad
1423 553 1671 610 Letoium
1697 552 1773 607 De
1802 565 1848 619 Α
1882 546 2065 603 Basilii
2102 547 2170 600 ab
2200 545 2415 601 Arianis
2450 541 2533 600 vel
2579 537 2985 611 Apollinaristis
3007 536 3270 593 coullrtas
3298 551 3439 601 esse,

194 680 311 717 tera
341 660 643 730 integritate
672 654 983 723 virginitatis
1010 660 1064 706 et
1090 651 1349 718 quasdam
1392 660 1515 715 epp.
1542 649 1608 699 ad
1639 649 1767 699 Am-

195 755 545 821 philochium,
582 748 648 800 ad
672 745 981 801 Terentium
1014 754 1069 797 et
1095 741 1263 805 alias;
1298 741 1373 795 De
1389 738 1563 794 studio
1596 738 1765 806 genti-

193 852 319 901 lium
348 848 579 897 litterar.
608 841 702 896 lib.
736 851 789 896 et
824 837 1005 893 Rulini
1036 834 1092 890 in
1142 835 1335 891 librum
1367 832 1553 887 ltomil.
1584 830 1764 885 Basilii

194 938 570 995 Prmlationcm
616 949 734 988 cum
773 931 887 986 VIII
925 926 1182 982 Itomiliis.
1230 926 1291 980 ν.
1323 925 1513 979 Goetz.
1543 922 1762 975 .llemor.

193 1032 317 1085 bibl.
351 1029 569 1095 Dresd.,
613 1040 740 1083 tom.
769 1029 811 1091 I,
841 1025 964 1079 coll.
987 1022 1040 1089 4,
1074 1039 1126 1093 p.
1156 1022 1261 1077 ’565
1291 1034 1410 1088 sqq.

263 1124 387 1180 ιιως
412 1136 539 1179 sunt
578 1138 739 1194 opera
792 1128 847 1173 ct
890 1119 1120 1188 genuina
1154 1130 1210 1173 et
1246 1114 1404 1168 dnhia
1455 1112 1762 1181 spuriaque,

192 1234 311 1287 quas
348 1219 696 1273 continentur
763 1214 816 1267 iu
867 1213 997 1267 edit.
1047 1208 1760 1268 Garn.-Buuedietinortmi.

190 1317 395 1382 Agmen
426 1311 687 1366 claudunt
728 1307 971 1360 addenda
1005 1316 1166 1375 atque
1196 1302 1525 1357 etneutlniula
1570 1302 1634 1353 ad
1663 1302 1761 1353 tria

195 1405 502 1466 \olutnina;
555 1411 664 1454 tum
720 1399 934 1454 selecne
978 1396 1269 1453 Frontonis
1310 1395 1481 1448 Diiczt-i
1529 1404 1666 1446 notre
1710 1393 1761 1443 in

192 1500 380 1551 librum
418 1493 493 1547 De
516 1491 713 1560 Spiritu
738 1502 938 1555 sancto,
972 1491 1201 1556 denique
1221 1489 1443 1542 iudices.

256 1587 335 1642 Ne
366 1585 498 1655 quid
534 1596 711 1639 autem
734 1599 922 1638 eorum
950 1600 1069 1652 qua:
1098 1579 1311 1635 Fabric.
1354 1582 1531 1633 iuvet.
1560 1577 1645 1631 ed.
1674 1576 1765 1628 atl-

191 1679 294 1732 huc
318 1678 639 1748 scripserat,
684 1678 734 1732 iii
762 1678 862 1732 hac
907 1675 993 1729 ed.
1038 1673 1402 1735 desideretur,
1436 1670 1638 1737 reliqua
1679 1669 1764 1723 hic

188 1772 498 1840 subjiciam,
524 1770 742 1827 omissis
775 1770 865 1829 iis,
898 1780 1018 1834 quae
1053 1764 1165 1835 jam
1204 1764 1257 1819 in
1287 1761 1587 1833 Superioris
1627 1757 1765 1812 Gur-

192 1867 431 1921 neriana:
465 1865 600 1918 edit.
636 1861 951 1915 recensione
1000 1860 1357 1913 reddideram.
1385 1857 1437 1910 In
1470 1854 1764 1924 appendit‘e

191 1960 351 2028 igitur
380 1956 447 2009 ad
482 1965 613 2009 tom.
648 1952 688 2006 ll
714 1952 841 2006 edit.
873 1950 966 2007 Gr.
994 1950 1112 2006 Lat.
1143 1949 1370 2011 a.16l8,
1406 1962 1458 2003 et
1484 1946 1622 2017 apud
1650 1943 1756 1998 Fa-

191 2051 324 2101 l.rie.
356 2048 512 2109 olim,
544 2064 598 2099 ιι.
619 2045 710 2099 XII
736 2060 879 2113 sqq.,
920 2046 1095 2098 adhuc
1130 2044 1471 2109 reperiuntur
1514 2058 1526 2093 :

255 2140 370 2195 XII.
405 2140 540 2212 Περὶ
563 2138 955 2211 γραμματικῆς
978 2135 1303 2205 γυμνασίας,
1330 2133 1402 2185 De
1421 2134 1761 2201 grammatica

185 2233 581 2286 exercitatione.
629 2228 865 2296 Incipit:
924 2224 1093 2297 Κύριε
1134 2221 1307 2295 Ἰησοῦ
1362 2222 1680 2292 Χριςτέ.....
1708 2232 1762 2274 et

184 2325 345 2379 δεῖσε
370 2322 681 2393 γινώσκειν,
715 2314 762 2375 ὦ
791 2319 1019 2375 παιδίον.
1064 2318 1124 2377 Ρ.
1157 2318 1279 2373 171.
1300 2315 1466 2371 Vertit
1492 2312 1764 2369 Gilbcrtus

187 2419 485 2487 (.‘ognatus,
516 2416 851 2472 Nozorenus.
900 2416 974 2469 De
1026 2414 1183 2484 hujus
1216 2411 1379 2466 libelli
1436 2408 1764 2464 editiouihns

189 2508 299 2561 disi
358 2518 507 2562 tonio
559 2517 713 2562 sexto
759 2507 918 2575 hujus
960 2503 1323 2569 Bibliothecm,
1379 2517 1501 2572 pag.
1548 2500 1653 2555 319
1711 2506 1764 2553 et

189 2597 312 2661 3‘22,
366 2599 457 2651 ubi
492 2598 673 2651 monui
723 2598 908 2661 etiam,
961 2609 1145 2647 verum
1197 2606 1470 2648 auctorem
1514 2608 1617 2645 non
1647 2606 1765 2645 esse

190 2690 248 2743 S.
295 2687 579 2752 Basiliutn,
619 2689 714 2743 sed
763 2686 1066 2741 Manuelem
1121 2682 1551 2753 Moschopulum,
1611 2682 1766 2751 longe

190 2784 553 2837 recentiorem
598 2782 942 2851 scriptorem,
968 2778 1059 2849 qui
1097 2777 1240 2832 circa
1285 2776 1462 2830 saeculi
1493 2790 1578 2828 ιιιν
1603 2773 1765 2827 tinem

189 2878 409 2931 claruit.
449 2876 611 2931 ΕΔΜ.
642 2875 799 2930 Coul'.
828 2872 996 2928 Henr.
1022 2870 1201 2926 Vales.
1238 2868 1317 2923 De
1352 2870 1560 2931 critica,
1598 2865 1691 2920 lib.
1729 2882 1765 2929 i,

190 2984 307 3038 cap.
342 2968 436 3033 25,
469 2984 590 3037 pag.
623 2966 720 3020 I73
748 2981 828 3034 sq.
849 2992 917 3004 —
944 2961 1240 3017 InGilberti
1273 2960 1495 3030 Cognati
1524 2958 1765 3028 (Cousin)

190 3061 465 3117 Nozoreni
486 3059 760 3128 Operihus,
784 3054 948 3107 Basil.
978 3053 1138 3116 1542,
1170 3052 1288 3114 1⁵01..
1314 3061 1443 3104 tom.
1471 3050 1511 3115 l,
1543 3068 1598 3103 ιι.
1624 3049 1676 3103 1.
1703 3047 1763 3102 ν.

192 3154 575 3222 Baumgarleu.
635 3148 945 3203 Nachricht.
998 3161 1093 3199 oon
1139 3142 1446 3197 merkwitrd.
1509 3140 1765 3201 Bac/tem,

192 3261 319 3303 tom.
348 3246 416 3307 Χ,
450 3262 502 3316 ρ.
530 3242 599 3298 48
622 3258 740 3313 sqq.

260 3339 394 3407 Quae
421 3348 723 3405 sequuntur
747 3352 800 3389 ιι.
829 3332 962 3397 XIII,
997 3330 1070 3385 De
1106 3329 1466 3385 consolatione
1492 3329 1544 3381 in
1572 3327 1762 3380 adver-

190 3434 301 3495 sis;
338 3450 394 3487 ιι.
429 3428 571 3491 XIV,
604 3428 681 3481 De
714 3428 870 3480 laude
892 3427 1144 3479 solitaria:
1167 3436 1305 3486 vitm,
1339 3436 1393 3476 et
1422 3419 1537 3483 XV,
1570 3420 1764 3473 Admo-

193 3526 322 3577 nitio
350 3521 421 3574 ad
462 3520 631 3589 ﬁlium
661 3516 968 3587 spiritalem,
1006 3529 1058 3570 et
1099 3515 1346 3570 Gornier.
1375 3525 1503 3566 tmn.
1534 3511 1593 3575 II,
1631 3512 1769 3564 inter

192 3616 378 3684 spuria
416 3621 755 3681 reposuerat,
791 3610 914 3664 item
948 3626 1000 3662 ιι.
1028 3606 1167 3663 XVI.
1213 3604 1469 3659 Gennadii
1500 3604 1628 3658 diss.
1655 3604 1763 3671 epi-

192 3708 401 3771 stolica,
460 3714 625 3775 atque
677 3700 839 3766 XVII,
902 3699 1185 3753 Frontonis
1230 3697 1406 3750 Duca'i
1445 3707 1597 3761 nolle,
1653 3694 1765 3765 jam

194 3817 359 3869 supra
394 3799 509 3855 suis
535 3800 667 3851 locis
704 3796 955 3862 explicito
992 3802 1135 3845 sunt.
1175 3790 1343 3843 llsnL.

195 3888 301 3944 VII.
337 3887 549 3957 Scripta
583 3884 641 3939 8.
685 3883 895 3949 Basilii,
926 3882 999 3957 uel
1033 3895 1147 3957 qua:
1181 3879 1269 3957 sub
1306 3876 1419 3946 ejus
1441 3875 1655 3957 potuine
1691 3873 1741 3942 fe

265 3945 476 4023 runtur,
504 3958 594 4013 sed
630 3973 745 4028 qua?
770 3957 824 4009 in
864 3945 1182 4008 editionibus
1210 3945 1635 4003 amico-Latinis
1666 3960 1769 3997 non

266 4041 496 4084 exstant.

263 4120 453 4176 XVIII.
490 4119 724 4175 Humilia
762 4122 916 4174 tertia
953 4119 1017 4171 de
1034 4117 1266 4187 jejunio,
1298 4112 1464 4179 {edita
1505 4110 1768 4165 aGarne-

182 4218 278 4299 \rEo
315 4216 367 4269 in
400 4226 537 4268 tom.
564 4212 631 4279 Il,
662 4213 801 4267 inter
832 4211 1012 4281 spuria
1036 4208 1220 4262 Basdii
1248 4208 1471 4274 scripta,
1501 4214 1555 4259 et
1580 4218 1679 4272 ego
1703 4201 1769 4254 de

200 4312 284 4364 illa
318 4308 385 4362 atl
423 4324 478 4361 ιι.
508 4305 545 4360 2
582 4305 889 4375 spuriorutn
918 4302 1133 4356 illarum
1172 4300 1302 4353 dixi.
1332 4294 1529 4368 llsnt..]

268 4400 508 4455 llomilia
548 4400 600 4451 in
638 4396 1036 4451 Prorerbiorum
1076 4391 1161 4457 Vl,
1204 4391 1259 4455 4,
1295 4391 1436 4443 edita
1477 4387 1665 4444 Graece
1718 4394 1773 4441 et

197 4492 392 4548 Latine
426 4509 454 4543 a
485 4490 754 4544 Cotelerio
800 4490 851 4541 in
886 4497 1016 4541 tom.
1052 4486 1066 4540 Ι
1101 4485 1489 4538 Monumentor.
1527 4478 1773 4533 Ecclesia

1871 656 1977 695 non
2014 636 2274 694 diﬂitelur
2312 638 2422 706 ipse
2447 633 2770 696 Cotelerius,
2806 646 2988 702 quem,
3019 628 3064 684 si
3101 627 3299 698 placet,
3325 629 3445 682 vide

1869 748 1990 804 pag.
2020 732 2144 788 555.
2182 729 2263 783 Illi
2291 743 2420 782 vero
2446 730 2510 783 ad
2541 724 2904 784 Theodosium
2946 727 3083 779 hanc
3118 731 3297 778 notam
3344 722 3444 773 ad-

1868 827 2034 881 ditam
2070 827 2122 880 in
2155 839 2257 878 ms.
2289 822 2553 889 reperisse
2597 824 2735 877 idem
2765 836 2819 892 p.
2843 817 2949 873 559
2968 828 3149 872 monet
3179 837 3192 869 :
3237 815 3301 869 Ἦ
3333 816 3450 869 tnt-

1869 918 2029 991 στολὴ
2075 916 2215 987 αὕτη
2254 913 2376 967 οὔτε
2421 911 2527 966 ἀπὸ
2561 913 2669 965 τῶν
2695 913 2982 985 νοημάτων
3020 908 3144 961 οὕτε
3190 908 3299 962 ἀπὸ
3343 906 3447 979 τῆς

1867 1013 2119 1083 φράσεως
2149 1010 2323 1064 ἔοικεν
2354 1002 2493 1059 εἶναι
2522 1003 2617 1058 τοῦ
2668 1007 2900 1075 μεγάλου
2928 1001 3234 1059 Βασιλείαν.
3279 998 3444 1054 Fselt.

1867 1104 2036 1160 Garn.
2068 1104 2154 1168 III,
2204 1119 2254 1172 p.
2294 1099 2420 1156 465.
2468 1097 2531 1151 V.
2564 1114 2726 1166 supra
2777 1098 2863 1150 ubi
2898 1115 2949 1152 ιι,
2987 1097 3033 1152 Χ
3086 1099 3154 1150 de
3203 1092 3448 1162 epistolis

1868 1198 2152 1268 agebatur,
2206 1199 2271 1249 ad
2308 1194 2470 1248 linem
2507 1199 2716 1253 notata,
2756 1188 2843 1242 ubi
2887 1203 3101 1257 quoque
3136 1184 3321 1240 Ba-ilii
3357 1199 3444 1249 ep.

1866 1287 1933 1343 ad
1967 1285 2334 1355 Apollinarem
2368 1281 2738 1339 Laodicenum
2770 1277 3119 1347 supposititia
3149 1276 3311 1329 allata
3342 1284 3446 1327 est.

1864 1413 1936 1425 --
1969 1380 2205 1448 Epistola
2245 1378 2313 1431 ad
2345 1375 2710 1432 Theodosium
2763 1372 2917 1440 imp.,
2951 1384 3037 1439 ap.
3073 1366 3241 1423 Garn.
3268 1368 3355 1434 III,
3387 1383 3442 1435 p.

1866 1474 1970 1528 466
2008 1490 2116 1543 sq.,
2163 1475 2305 1525 inter
2340 1470 2559 1539 spurias
2607 1482 2671 1521 ex
2717 1463 2978 1520 Cotelerii
3016 1461 3252 1516 Monum.
3292 1460 3441 1514 Eccl.

1866 1563 2086 1625 Gra'car,
2133 1573 2262 1617 tom.
2302 1562 2366 1625 II,
2404 1576 2456 1631 p.
2486 1559 2575 1613 b7.
2626 1558 2800 1624 Atque
2831 1558 2883 1611 in
2936 1556 3178 1623 margine
3207 1564 3442 1614 notatur,

1864 1658 2001 1713 alias
2033 1657 2134 1727 legi
2191 1664 2398 1709 tantum
2434 1650 2511 1722 τῷ
2563 1648 2791 1720 βασιλεῖ.
2845 1646 3193 1703 Tillemontio
3225 1644 3443 1713 quidem

1864 1752 2078 1806 videtur
2113 1752 2224 1804 haec
2253 1746 2479 1817 epistola
2513 1742 2770 1812 juvenem
2813 1750 2867 1794 et
2919 1743 3187 1794 rhetorem
3219 1753 3326 1791 non
3350 1736 3446 1791 de-

1866 1843 2130 1903 decuisse,
2176 1838 2332 1906 isque
2360 1836 2753 1898 Theodosium,
2790 1831 2876 1887 cui
2930 1829 3192 1899 inscripta
3225 1838 3307 1883 est
3332 1827 3447 1895 epi-

1864 1933 2023 1995 stola,
2077 1946 2185 1985 non
2235 1941 2488 1997 magnum
2524 1928 2672 1980 illum
2734 1926 3118 1994 imperatorem
3165 1920 3440 1989 intelligit,

1866 2024 1960 2079 sed
1993 2022 2275 2092 praesidem
2303 2018 2536 2087 aliquem
2566 2016 2937 2084 Cappadociae.
2969 2015 3039 2068 At
3069 2014 3121 2067 in
3150 2020 3272 2066 nota
3313 2012 3437 2065 ani-

1866 2113 2154 2169 madvertit
2185 2113 2359 2165 editor
2386 2108 2659 2164 Benedict.
2704 2107 2754 2160 in
2794 2106 2880 2161 ed.
2920 2102 3087 2159 Corn.
3121 2116 3286 2159 totum
3324 2103 3442 2172 epi-

1864 2206 2057 2262 stolam
2101 2202 2282 2257 Basilii
2320 2203 2459 2273 ston
2514 2212 2675 2270 atque
2730 2198 2942 2269 ingenio
3018 2210 3337 2265 repugnare,
3390 2202 3451 2251 et

1866 2295 2001 2349 alias
2057 2292 2273 2348 adducit
2318 2292 2559 2345 rationes
2602 2303 2825 2359 graves,
2864 2287 3062 2357 quibus
3105 2285 3449 2356 impugnatur

1866 2387 2195 2443 Ttlletnontii
2242 2384 2529 2455 judicium,
2572 2392 2625 2438 et
2654 2382 2897 2438 litteram
2934 2393 3055 2435 esse
3082 2378 3447 2433 adulterinum

1868 2483 2291 2537 demonstratur.
2326 2477 2494 2533 "AM"

1936 2573 2055 2629 XX.
2102 2572 2347 2627 Rationes
2401 2568 2735 2640 syllogisticce
2769 2576 2951 2619 contra
3001 2565 3250 2627 Arianos,
3305 2562 3447 2632 quod

1868 2664 2038 2717 Filius
2088 2666 2150 2717 sit
2188 2663 2347 2721 Deus,
2396 2661 2645 2729 prodiere
2682 2668 2827 2711 tomo
2869 2654 2908 2708 V
2954 2654 3259 2708 Lectionum
3308 2653 3451 2709 anti-

1866 2768 2092 2825 quorum
2129 2750 2294 2808 Ilenr.
2320 2748 2546 2813 Cunisii,
2578 2764 2699 2819 pag.
2738 2744 2973 2801 166-171
3012 2744 3111 2815 (a),
3140 2751 3232 2798 seu
3257 2742 3452 2797 Latine

1871 2856 2104 2908 tantum,
2150 2845 2444 2913 interprete
2469 2839 2767 2896 Francisco
2808 2838 3069 2901 Turiano,
3108 2835 3167 2891 S.
3194 2835 3243 2891 Ι.
3268 2832 3445 2904 Ingol-

1868 2938 2011 2992 stad.
2053 2933 2211 2999 1604,
2250 2933 2304 2988 4.
2356 2930 2527 3001 Incip.
2565 2930 2622 2985 Si
2650 2928 2824 2984 Filius
2863 2938 2938 2984 est
2974 2940 3166 2983 natura
3197 2925 3359 2996 Deus,
3398 2930 3451 2981 οι

1870 3030 2032 3085 Pater
2052 3040 2125 3084 est
2166 3040 2357 3083 natura
2398 3025 2563 3090 Deus,
2606 3041 2707 3078 non
2748 3034 2823 3077 est
2872 3023 3013 3076 alius
3062 3020 3202 3075 Deus
3249 3016 3448 3072 Filius.

1868 3121 2033 3176 Fsen.
2062 3117 2117 3171 In
2144 3117 2314 3172 schol.
2351 3116 2418 3170 ad
2453 3114 2714 3184 Eutliym.
2742 3111 3070 3180 Zigabenum
3101 3109 3301 3163 citatur
3324 3107 3354 3161 ὀ
3376 3107 3452 3161 ls-

1797 3257 1839 3313 c
1876 3219 1966 3285 ρὸς
1998 3211 2093 3265 καὶ
2122 3210 2295 3281 μέγας
2328 3205 2607 3268 Βασίλειος
2636 3205 2692 3257 ὲν
2721 3206 2833 3266 τοῖς
2861 3200 3263 3272 Συλλογισμοῖς,
3290 3209 3454 3269 atque

1915 3307 1925 3313 .
1980 3305 2025 3313 -.
2118 3305 2129 3313 .
2204 3304 2214 3313 .
2387 3300 2409 3313 ..
2508 3296 2588 3313 ,η
2635 3298 2669 3313 ,.
2740 3294 2899 3313 ...λι
3277 3292 3329 3313 ,_
3369 3287 3446 3313 ,υ

1879 3307 1950 3361 cI.
1980 3304 2217 3359 Matthwi
2272 3300 2423 3371 pra'l'.
2454 3300 2519 3353 ad
2548 3296 2711 3351 Enth.
2740 3294 2926 3365 Zigah.
2952 3302 3247 3349 comment.
3276 3292 3331 3345 in
3360 3287 3446 3345 ιγ

1871 3394 2184 3465 Evangelia,
2217 3402 2347 3448 tom.
2376 3392 2412 3455 Ι,
2470 3405 2591 3459 pag.
2624 3387 2710 3452 19,
2749 3396 2861 3440 ιιοι.
2902 3385 2957 3449 9,
2999 3387 3325 3451 suspicatur,
3367 3380 3453 3434 in-

1868 3489 2031 3559 telljgi
2058 3488 2275 3547 librum,
2310 3482 2553 3537 Rationes
2577 3478 2838 3550 sgllogisl.
2869 3486 2978 3530 etc.
3026 3472 3198 3528 ΙΙΑιιι..

1940 3576 2076 3631 XXI.
2116 3573 2412 3627 Phi/acatia
2435 3586 2465 3626 e
2494 3570 2712 3639 scriptis
2747 3566 2996 3636 Origenis
3044 3564 3371 3620 concinnata
3411 3574 3441 3614 a

1865 3669 2064 3723 Basilio
2094 3675 2149 3721 et
2202 3662 2568 3727 Nazianzenn,
2615 3670 2671 3713 ut
2703 3660 2811 3713 dixi
2861 3658 2953 3711 lib.
2983 3672 3032 3716 ν.
3081 3670 3199 3723 cap.
3233 3652 3254 3707 1
3293 3650 3441 3725 [pag.

1865 3760 1963 3815 221
1998 3775 2084 3829 sq.
2117 3756 2204 3810 νυΙ
2232 3754 2363 3827 VII].
2385 3754 2559 3810 Fan.
2584 3752 2756 3806 Codd.
2791 3751 2842 3802 iti
2867 3749 2974 3801 vol.
3012 3746 3093 3801 VII
3124 3748 3217 3801 cit.
3246 3759 3453 3798 lllt‘lllo-

1873 3852 2008 3905 ratis
2042 3850 2168 3905 add.
2218 3850 2342 3903 cod.
2384 3849 2680 3918 Augustali.
2725 3841 2938 3898 Vindel.
2980 3841 3271 3893 secundum
3313 3835 3447 3889 ltel-

1869 3945 1975 4000 seri
2028 3944 2259 3997 indicem
2311 3956 2441 3996 mss.
2494 3936 2625 3994 bibl.
2658 3935 2909 4003 August.,
2964 3949 3017 3999 p.
3050 3931 3137 3985 38.
3188 3929 3359 3992 n.4ll,
3396 3936 3453 3981 et

1868 4037 2058 4092 Medic.
2093 4036 2346 4091 Laurent.
2379 4030 2494 4096 XV,
2525 4031 2655 4101 plut.
2685 4028 2740 4090 4,
2787 4028 2842 4079 in
2875 4040 2982 4093 quo
3025 4021 3357 4091 qitmtiortes
3396 4018 3452 4073 in

1869 4131 1973 4182 duo
2002 4129 2169 4181 Iihros
2195 4126 2407 4195 partita:
2429 4133 2589 4185 sunt;
2626 4117 2784 4189 primi
2813 4116 2932 4171 libri
2965 4116 3294 4185 quaestiones
3329 4110 3478 4165 sunt'

1870 4220 2014 4281 XXI,
2042 4217 2262 4293 secundi
2310 4225 2487 4269 autem
2528 4210 2663 4275 XII;
2716 4211 3043 4263 adnotantur
3082 4220 3297 4276 quoque
3340 4203 3455 4258 suis

1870 4310 2003 4365 locis
2039 4323 2185 4362 varia
2207 4306 2455 4374 (lrigcnis
2483 4318 2670 4373 opera,
2704 4316 2734 4356 e
2758 4301 2959 4371 quibus
2993 4298 3346 4351 auctoritates
3375 4293 3443 4347 ad

1874 4403 2154 4458 solvendus
2213 4401 2542 4470 qumtiones
2602 4406 2825 4464 sumpta:
2870 4401 3017 4447 sunt.
3067 4388 3133 4443 V.
3172 4389 3322 4457 plura
3382 4385 3435 4439 in

1876 4494 2103 4549 Bandini
2140 4492 2257 4547 Cat.
2314 4492 2466 4546 codd.
2506 4489 2601 4545 Gr.
2636 4488 2821 4552 Taun,
2858 4483 2899 4547 I,
2934 4499 3054 4553 pag.
3080 4480 3202 4536 5w.
3267 4479 3320 4534 In
3351 4478 3443 4532 ed.

199 4586 420 4647 Gra'ca',
451 4600 504 4653 p.
548 4582 735 4637 28-37.
780 4579 971 4650 Incipit
1004 4597 1018 4633 :
1049 4580 1123 4631 Οὐ
1164 4578 1324 4631 λυπεῖ
1366 4592 1433 4646 με
1472 4572 1766 4633 ἐλάττωσις

1881 4586 2064 4641 Tarini
2100 4586 2259 4640 unico
2293 4593 2495 4637 tantum
2527 4582 2687 4644 libro,
2721 4580 2773 4633 in
2803 4591 2926 4631 xm
2948 4590 3102 4645 capp.
3138 4572 3451 4633 distributo.

198 4676 304 4731 τῶν
334 4673 718 4730 συνελθόντων.
746 4671 897 4726 Hanc
922 4684 1135 4740 quoque
1162 4668 1242 4741 [ut
1271 4662 1627 4735 superiorem]
1652 4674 1766 4716 ante

1880 4679 2188 4732 continetur
2229 4674 2541 4729 Pliilocalia.
2577 4670 2760 4725 Turini
2792 4668 2902 4730 ed.,
2928 4682 3087 4735 quam
3127 4665 3177 4717 in
3206 4660 3455 4715 manibus

200 4768 529 4823 Cotclerium
559 4776 796 4820 verterat
832 4763 1133 4832 Latineque
1165 4760 1411 4814 ediderat
1447 4756 1778 4811 Frauciseus

202 4861 563 4917 Combelisius
589 4861 641 4912 in
674 4858 993 4912 Ecclesiaste
1017 4855 1225 4919 Graeco,
1256 4853 1344 4923 qui
1375 4851 1488 4905 loca
1530 4850 1775 4919 quaedam

202 4952 346 5008 illius
379 4951 613 5004 illustrat
647 4960 777 5002 tom.
812 4946 829 5001 l
856 4946 1048 5000 Basilii
1089 4943 1346 5005 recensiti,
1376 4957 1429 5011 p.
1460 4941 1549 4997 ει.

272 5041 415 5100 XIX.
453 5042 530 5096 Ad
566 5040 956 5110 Apollinarium
1004 5036 1240 5107 epistolte
1272 5036 1410 5098 duas,
1454 5047 1665 5102 unaque
1710 5031 1774 5084 ad

205 5137 486 5193 Libanium
517 5154 531 5189 :
573 5136 638 5188 ad
678 5133 1038 5189 Theodosium
1074 5131 1205 5199 imp.
1236 5143 1364 5191 uua,
1402 5138 1457 5181 et
1484 5128 1602 5180 duae
1638 5140 1776 5178 com-

207 5228 537 5285 mendatitiw
567 5227 633 5280 ad
666 5227 953 5287 incertum,
994 5225 1179 5279 erce
1218 5232 1271 5275 et
1304 5220 1496 5275 Latine
1524 5218 1680 5273 edita:
1711 5219 1776 5270 ab

205 5327 393 5377 eodem
424 5319 695 5375 Cotelerio
741 5328 869 5371 tom.
900 5317 939 5371 ll
975 5315 1363 5370 Monumentor.
1409 5327 1528 5381 pag.
1558 5309 1627 5364 84
1658 5324 1772 5376 seq.

208 5429 308 5467 una
345 5428 471 5466 cum
521 5408 841 5477 Apollinarii
887 5408 1049 5464 binis.
1079 5406 1413 5472 totidemque
1464 5402 1675 5457 Libanii
1708 5402 1775 5453 atl

211 5502 468 5558 Basiliutn
503 5499 743 5570 epistolis
775 5507 826 5551 et
860 5513 963 5552 una
1000 5499 1065 5551 ad
1096 5497 1344 5550 eumdem
1382 5494 1770 5563 Anipltilorhii.

210 5591 403 5659 Paris.,
438 5590 599 5655 1681,
649 5589 702 5643 4.
754 5588 1021 5657 Episwlas
1080 5597 1295 5641 mutuas
1353 5584 1668 5656 Apollinarii
1724 5594 1779 5638 et

276 5755 351 5825 la)
383 5754 508 5809 Sec.
541 5761 650 5825 vet.
678 5751 763 5805 ed.
816 5748 1109 5820 Ingolstad.
1149 5764 1199 5802 ι.
1230 5745 1556 5825 1601ο16ῼ4.
1594 5746 1685 5825 sed
1725 5748 1777 5799 in

208 5817 451 5895 Basnagii
482 5822 708 5892 repetita
747 5817 1058 5886 mutataque
1086 5829 1139 5873 et
1161 5830 1321 5895 aucta
1354 5818 1441 5871 ed.
1478 5817 1774 5895 inscripta:

211 5886 509 5951 I‘hesairus
546 5886 1008 5946 monumentorum
1066 5889 1350 5942 ecclesiast.
1402 5897 1451 5941 et
1499 5886 1776 5959 historico-

1883 4770 2076 4833 habeo,
2107 4768 2361 4836 inscripta
2395 4776 2478 4819 est
2522 4781 2535 4817 :
2582 4760 2819 4831 Origeuis
2858 4754 3162 4810 Adamantii
3193 4751 3472 4804 ΡΙιὶΙοεα-,

1879 4860 1974 4925 lia,
2008 4865 2070 4914 de
2111 4858 2345 4913 obscuris
2395 4855 2451 4909 S.
2488 4852 2773 4921 Scriptura:
2813 4851 2960 4907 locis,
3005 4864 3035 4898 a
3070 4842 3127 4898 S.
3175 4842 3236 4897 8.
3284 4839 3348 4894 Ρ.
3384 4838 3452 4894 l’.

1878 4951 2078 5006 Basilio
2109 4950 2183 5004 Μ.
2228 4961 2282 5003 et
2306 4946 2555 5016 Gregorio
2599 4943 2880 5010 Theologo,
2929 4955 2993 4993 ea:
3020 4938 3173 4991 variis
3206 4933 3453 5003 Origenis
3540 4980 3547 4987 .

1882 5040 2273 5096 commentariis
2300 5048 2559 5104 excerpta.
2583 5064 2653 5077 --
2682 5031 2875 5087 Omnia
2912 5045 3046 5084 nunc
3072 5027 3292 5097 primum
3312 5022 3457 5079 Cra:-

1883 5148 1940 5186 ce
1961 5131 2100 5185 edita
2129 5146 2193 5185 ex
2226 5130 2351 5184 bibl.
2397 5126 2578 5198 Regia,
2628 5141 2785 5195 opera
2812 5134 2858 5177 et
2907 5122 3079 5175 studio
3128 5118 3217 5172 Jo.
3247 5115 3453 5179 Turini,

1883 5224 2167 5293 Andegavi,
2198 5223 2286 5293 qui
2308 5233 2351 5275 et
2380 5220 2572 5274 Latina
2602 5218 2723 5287 fecit
2760 5227 2805 5271 et
2846 5214 2981 5268 notis
3016 5209 3319 5264 illustravit.
3343 5204 3419 5260 Ln
3439 5235 3452 5245 -

1885 5325 1978 5370 tet.
2020 5313 2192 5369 Paris.
2242 5332 2329 5384 ap.
2376 5314 2587 5368 Sebasl.
2620 5309 2918 5379 Cramoisy.
2961 5302 3119 5363 1624.
3150 5304 3204 5357 ι.
3271 5299 3455 5359 Αιιάἰιί

1882 5411 2009 5459 sunt
2066 5405 2183 5458 libri
2221 5404 2497 5458 Zacharias
2548 5400 2866 5455 Scholastici
2904 5397 2978 5450 De
3013 5394 3196 5447 mundi
3246 5390 3461 5459 api/icio

1883 5508 2075 5553 contra
2107 5498 2455 5567 philosophos
2491 5498 2731 5564 disput.;
2782 5488 3081 5549 Anastasii,
3124 5481 3452 5555 presbyteri.

1886 5591 1960 5644 De
1989 5590 2215 5644 hominis
2242 5592 2309 5642 ad
2350 5589 2623 5661 imaginem
2651 5586 2746 5641 Dei
2776 5582 3038 5637 creatione
3059 5578 3195 5632 liber
3224 5584 3279 5630 et
3306 5574 3455 5629 cele-

1884 5767 2021 5877 ztﬂn.
2044 5751 2333 5877 ἧλοὲἰινοι.
2364 5752 2405 5817 1,
2433 5748 2662 5806 Amstel.
2701 5744 2862 5809 1725,
2883 5742 2998 5810 I'ol.,
3025 5757 3081 5797 ιι.
3108 5738 3161 5807 6,
3189 5752 3310 5810 ρη-
3337 5734 3438 5801 169
