4212 6490
782 433 1007 475 CCLXle

2130 414 2669 471 I‘IIOLEGOMENA.

786 534 908 589 bres
929 534 1206 603 opiniones
1225 534 1288 588 de
1320 534 1591 589 anima.—
1613 534 1750 589 Edit.
1776 534 1956 591 Tarini
1978 536 2149 593 Paris.
2182 539 2340 604 1618,
2373 542 2413 599 Α
2440 535 2491 590 .l.
2527 537 2802 605 Cltristplt.
2837 534 3082 599 Wolﬁus,
3115 551 3236 589 cum
3270 535 3322 591 in
3352 538 3539 609 Anglia
3574 546 3905 601 versaretur,
3932 553 3997 592 es

778 622 833 690 4,
869 632 1046 678 exstat
1076 624 1126 678 in
1160 622 1277 677 Cat.
1308 623 1433 677 bibl.
1470 624 1759 688 Leidensis,
1788 640 1910 697 pag.
1942 627 2031 681 δὲ.
2062 625 2234 682 iisan.

846 713 1010 768 XXII.
1056 715 1227 783 Λόγος
1266 717 1346 780 εἰς
1373 715 1470 787 τὴν
1505 717 1852 771 ὑποτύπωσιν
1897 721 1996 790 τῆς
2032 719 2334 791 ἀσκήσεως.

778 805 1022 861 InGnrn.
1055 810 1162 871 ed.,
1196 809 1257 874 ll,
1288 824 1410 878 pag.
1444 808 1568 863 623.
1601 809 1661 863 V.
1695 827 1853 880 supra
1887 830 1939 866 n.
1964 812 2017 866 9.
2048 811 2217 869 Hm"

852 897 1038 953 XXIII.
1065 899 1245 953 Basilii
1274 909 1328 953 et
1359 898 1683 955 Nazianzeni
1719 901 1990 972 Expositio
2012 903 2160 971 ﬁdei,
2192 909 2332 961 edita

774 988 965 1044 Latine
1000 1006 1029 1043 a
1077 991 1290 1045 Canisio
1354 1002 1482 1047 tmn.
1516 993 1556 1047 V
1587 996 1864 1066 Antiquar.
1902 997 2067 1061 Lect.,
2117 1016 2168 1069 p.
2212 1001 2337 1054 I77-

778 1081 880 1136 180
906 1082 1003 1152 (tt).
1032 1080 1218 1148 Incipit
1255 1100 1268 1135 :
1297 1080 1463 1136 Credo
1495 1086 1548 1137 in
1589 1084 1797 1141 Patrem
1834 1097 1881 1141 et
1913 1085 2114 1143 Filium
2145 1100 2194 1146 et
2221 1091 2338 1162 Spi-

780 1175 933 1226 ritum
961 1172 1043 1237 S.,
1081 1173 1385 1227 Trinitatem
1417 1176 1748 1231 Itomousion.

847 1267 1035 1322 XXIV.
1071 1267 1327 1332 Ἔκθεσις
1366 1270 1598 1334 πίστεως
1649 1272 1705 1324 ὲν
1744 1271 2014 1344 συντόμῳ,
2068 1274 2338 1341 Expositio

786 1358 975 1411 ‘ideiin
998 1361 1320 1427 compendio.
1365 1360 1749 1429 quaestionibus
1789 1370 1837 1415 et
1885 1364 2335 1431 responsionibas,

768 1447 1127 1503 edita'Gfazce
1157 1459 1209 1504 et
1240 1448 1429 1502 Latine
1449 1465 1476 1501 a
1501 1447 1763 1516 Stephano
1787 1449 1834 1502 le
1868 1450 2055 1522 Moyne
2081 1454 2131 1507 in
2164 1451 2339 1506 Variis

777 1540 949 1593 sacris
991 1550 1121 1595 tam.
1166 1541 1206 1604 I,
1266 1558 1316 1609 p.
1355 1540 1609 1594 H7449.
1660 1540 1847 1612 Incipit
1892 1545 2115 1607 εηόσας
2149 1543 2338 1612 φύσεις

765 1628 1055 1698 ὁμολογεῖς
1091 1632 1182 1684 ἐπὶ
1218 1631 1317 1701 τῆς
1350 1631 1507 1699 ἁγίας
1544 1633 1638 1686 καὶ
1671 1634 1923 1704 ὁμουσίου
1966 1635 2056 1687 καὶ
2082 1635 2335 1687 animo

783 1720 1013 1791 Τριάδος
1033 1738 1047 1786 ς

846 1809 1010 1866 XXV.
1044 1811 1173 1867 Θιια
1206 1814 1443 1884 λειτουρ]
1462 1814 1535 1865 ια.

848 1900 1035 1955 XXVI.
1078 1903 1326 1956 Basiliam
1367 1930 1438 1943 υ-
1474 1904 1531 1954 ὲν
1566 1903 1631 1973 τῇ
1668 1903 1933 1976 ἑρμηνείᾳ
1975 1906 2072 1974 τῆς
2098 1904 2338 1975 λειτουρ-
2368 1893 2409 1949 Β

771 1995 923 2064 γιας.
964 1991 1115 2057 Αριιὰ
1142 1990 1313 2046 Garn.
1346 1990 1407 2059 II,
1444 2009 1496 2063 p.
1524 1993 1629 2047 672
1654 2010 1771 2065 sqq.
1808 2004 1859 2048 et
1887 2010 2005 2062 qua:
2030 1994 2248 2053 Fabric.
2272 1997 2340 2052 de

778 2085 983 2137 tlttobtts
1020 2083 1168 2137 hisce
1205 2099 1327 2151 opp.
1367 2084 1679 2151 scripserat,
1722 2084 1833 2149 jam
1882 2100 2040 2151 supra
2091 2086 2156 2138 ad
2199 2102 2251 2139 η.
2282 2088 2336 2151 2,

774 2183 910 2242 tom,
943 2172 1007 2238 II,
1036 2173 1202 2228 Garn.
1240 2174 1378 2227 inter
1406 2173 1584 2241 spuria
1620 2174 1819 2242 recepi.
1852 2173 2021 2228 Haec.

847 2262 1056 2318 XXVII.
1106 2261 1316 2318 Scholia
1359 2264 1413 2317 in
1463 2262 1701 2318 Psalmos
1753 2273 1959 2318 centum
1996 2277 2047 2319 et
2080 2282 2340 2335 quinqua-

776 2354 941 2423 ginta.
981 2354 1165 2408 Graece
1210 2354 1441 2407 nondum
1474 2355 1805 2423 prodierant,
1834 2358 1973 2424 quod
2021 2359 2210 2419 sciam,
2247 2356 2337 2409 sed

779 2443 831 2495 ia
874 2440 1080 2496 Latinis
1141 2443 1466 2497 editionibas
1522 2449 1668 2512 (nam
1722 2445 1774 2497 in
1809 2443 2229 2499 Graeco-Latinis
2259 2443 2339 2518 [et

778 2531 1060 2605 Gsrner.],
1090 2544 1213 2589 sunt
1233 2532 1455 2605 omissa)
1487 2543 1703 2589 exstant
1731 2549 1761 2588 e
1784 2535 2032 2589 versione
2060 2534 2339 2606 Wollgan-

781 2628 830 2692 gi
892 2624 1139 2680 Mascuii.
1196 2624 1311 2681 Non
1347 2624 1601 2680 Basiliam
1666 2626 1866 2680 habere
1898 2639 2193 2692 auctorem,
2247 2630 2339 2683 sed

776 2739 842 2776 cx
882 2721 1105 2786 Basilio,
1150 2722 1545 2794 Chrysostomo
1589 2738 1650 2776 ac
1695 2721 2034 2777 Tbeodoreto
2066 2739 2187 2779 esse
2226 2725 2340 2778 aol-

758 2816 934 2875 ~Iecta.
954 2814 1069 2881 iam
1088 2816 1235 2867 multi
1260 2824 1385 2884 pou
1418 2812 1761 2867 Possevinum
1786 2814 2167 2866 observarunt.
2193 2814 2341 2867 Com-

778 2918 1002 2959 mentum
1036 2904 1370 2965 Lucumonis,
1416 2903 1502 2972 qui
1538 2901 1632 2955 sub
1667 2904 1873 2955 nomine
1912 2900 2100 2955 Basilii
2144 2906 2336 2958 mundo

776 2998 966 3061 illusit,
992 3008 1153 3050 vocat
1188 2997 1339 3050 Rich.
1383 2994 1741 3048 Montacutius
1780 3009 1901 3065 pag.
1942 2993 2013 3049 85
2039 2995 2336 3064 Apparatus

777 3091 847 3143 ad
877 3091 1104 3159 origines
1134 3088 1527 3143 ecclesiasticas.

846 3180 1081 3236 XXVIII.
1118 3180 1305 3235 Basilii
1340 3176 1419 3234 Π.
1465 3177 1864 3245 supplicationes
1896 3195 1950 3231 in
1983 3177 2040 3232 S.
2088 3177 2339 3233 Penteco-

775 3278 909 3335 sten,
944 3282 1203 3325 memorat
1242 3269 1457 3323 Gabriel
1490 3268 1995 3337 Philadelphiensis.
2037 3274 2171 3338 apud
2202 3272 2339 3323 Alla-

777 3364 930 3423 tiam,
959 3375 1076 3426 cap.
1121 3359 1181 3410 I3
1210 3357 1283 3409 De
1322 3357 1648 3424 purgatorio,
1679 3370 1797 3423 pag.
1847 3356 1938 3411 93.
1975 3356 2335 3411 Precationem

775 3454 935 3507 aliam
986 3450 1167 3505 Basilii
1194 3449 1382 3503 Graece
1422 3460 1525 3500 ms.
1560 3461 1590 3496 ε
1629 3446 1811 3500 codice
1841 3445 1949 3499 VIII
2004 3445 2336 3500 Barocciano

778 3542 903 3597 bibl.
934 3540 1131 3594 Bodlei.
1163 3538 1329 3592 edidit
1370 3537 1631 3591 “carious
1676 3535 2039 3589 Ilammondas
2082 3537 2130 3588 itt
2168 3537 2326 3589 Cate-

775 3633 973 3686 cltisino
1024 3633 1274 3698 practice,
1318 3627 1499 3681 addita
1556 3625 1773 3693 Anglica
1835 3626 2104 3680 versione.
2160 3624 2331 3678 Oxon.

778 3723 935 3785 1662,
962 3722 995 3776 8
1020 3722 1168 3793 (qam
1196 3720 1424 3789 septima
1452 3727 1535 3773 est
1561 3718 1769 3786 editio),
1820 3732 1872 3785 p.
1898 3716 2025 3780 279,
2056 3727 2110 3769 et
2140 3727 2284 3769 tomo
2310 3715 2333 3770 ι

770 3813 907 3883 Opp.
941 3814 1109 3866 Lnnd.
1136 3812 1293 3875 I684,
1341 3810 1431 3864 l'ol.
1465 3808 1529 3864 Et
1578 3810 1629 3861 in
1655 3807 1974 3863 Germanica
2011 3807 2330 3861 catecbistni

774 3904 919 3960 illius
947 3905 1199 3959 versione
1225 3901 1473 3956 Francoi.
1510 3899 1666 3965 I696,
1692 3903 1745 3954 8.
1779 3898 1907 3952 Eam
1933 3900 2187 3968 quoniam
2214 3900 2335 3952 bre-

774 3996 857 4051 vis
879 4006 959 4051 est
984 4007 1145 4066 atque
1165 3994 1475 4049 Christiano
1494 3996 1710 4046 doctore
1730 3990 1914 4059 digna,
1944 3992 2044 4044 Itoc
2073 3991 2188 4044 loco
2214 4008 2334 4044 cum

771 4088 1149 4141 versionetnes
1165 4083 1352 4137 Latina
1371 4076 1834 4150 ascribatn.(i’ide
1872 4070 2007 4124 inter
2049 4071 2185 4143 Opp.
2230 4070 2333 4127 Ba-

764 4178 891 4238 silii,
958 4183 997 4225 t.
1027 4170 1143 4224 Ill.
1177 4168 1358 4238 Εωτ.)

839 4268 883 4319 Α
911 4263 1098 4319 Joacit.
1121 4260 1440 4317 Camerario
1478 4259 1620 4313 edita
1654 4264 1737 4311 est
1772 4272 1786 4309 :
1818 4255 2115 4323 Disputatio
2148 4254 2211 4308 de
2234 4257 2333 4323 piis

770 4355 1037 4408 catholicis
1091 4362 1244 4421 atque
1284 4350 1582 4404 ortltodoxis
1628 4346 1864 4416 precibus
1914 4356 1962 4398 et
2001 4346 2325 4398 invocatione

770 4447 995 4498 numinis
1034 4447 1194 4498 dit-ini
1227 4458 1246 4496 .‘
1280 4454 1325 4497 et
1358 4441 1603 4509 expositae
1634 4439 1875 4508 formula
1897 4439 2105 4499 Irarum,
2137 4445 2242 4488 tam
2268 4437 2333 4489 de

2440 629 2595 681 codd.
2640 630 2768 685 bibl.
2796 626 3117 683 Bodleiana.
3150 626 3288 683 Sunt
3310 636 3489 683 autem

2512 721 2567 773 I'
2619 720 2798 774 Basilii
2860 722 3096 788 precatio
3132 723 3269 774 dicta
3307 730 3433 774 ante
3478 724 3535 776 ὃ.
3570 720 4001 778 communionem

2439 812 2681 877 corporis
2722 808 3003 873 Dominici,
3050 825 3112 864 ex
3172 810 3369 865 Niceno
3410 810 3687 868 Chor-iatn:
3732 811 4003 866 Thesauro

2439 901 2743 955 orthodoxa
2771 902 2891 970 ﬁdei
2913 915 2932 954 :
2950 902 3070 955 cod.
3097 902 3298 957 Bodlei.
3327 901 3513 955 MLXX
3527 902 3612 956 XI.

2508 989 2769 1045 2'Basilii
2813 990 3048 1059 precatio
3104 1002 3157 1044 et
3201 996 3535 1046 exorcismus
3568 1005 3731 1057 super
3787 989 4005 1047 homine

2441 1091 2639 1136 vexato
2675 1084 2742 1136 ab
2781 1084 3005 1153 impuris
3044 1080 3344 1151 spiritibus,
3368 1096 3434 1137 es
3460 1082 3580 1135 cotl.
3621 1080 3844 1137 Barocc.
3885 1077 3997 1135 VIII

2442 1173 2493 1227 ia
2518 1188 2629 1243 quo
2668 1181 2723 1226 et
2748 1173 3033 1242 Epipbsnii
3069 1181 3123 1226 et
3147 1174 3372 1227 aliorum
3409 1170 3508 1226 SS.
3542 1172 3760 1225 Patrum
3786 1176 4006 1241 adjutu-

2443 1266 2616 1319 tiones
2667 1263 2928 1332 ciuemodi
2977 1265 3251 1333 leguntur.
3320 1264 3693 1319 Precationem
3748 1267 4002 1335 sequitur

2440 1357 2723 1411 exorcisnti
2774 1357 3022 1410 formula.
3056 1356 3187 1410 Alia:
3224 1358 3509 1412 exorcismi
3560 1355 3807 1412 formulae
3849 1375 4005 1427 repe-

2441 1450 2652 1503 riuntur
2684 1449 2735 1501 in
2769 1447 2930 1502 Goari
2966 1446 3307 1517 Eucltologio,
3354 1465 3406 1516 p.
3437 1448 3538 1503 355
3572 1462 3657 1516 sq.
3689 1477 3757 1487 -—
3794 1449 3849 1502 In
3880 1452 4003 1503 cod.

2442 1543 2586 1611 regio
2621 1541 2818 1594 Matt-it.
2858 1537 2966 1599 CV,
3003 1558 3056 1593 tt.
3088 1538 3177 1604 66,
3214 1549 3393 1593 exstat
3428 1537 3767 1612 ἀφορκισμὸς
3811 1540 3906 1592 τοῦ
3934 1567 4007 1581 ~—

2438 1632 2711 1685 Βασιλέων
2747 1631 2884 1685 κατὰ
2907 1634 3227 1702 πνευμάτων
3256 1629 3598 1700 ἀκαθάρτων,
3636 1627 3817 1682 Basilii
3845 1646 3973 1681 (τιον
3994 1661 4005 1669 -

2437 1724 2630 1777 cismus
2654 1724 2897 1777 adversus
2928 1722 3141 1789 spiritus
3169 1720 3480 1776 immundos.
3506 1718 3613 1773 Inc.
3650 1721 3708 1771 Ὀ
3727 1718 3859 1779 Θεὸς
3892 1720 4006 1771 τῶν

2440 1813 2597 1882 θεῶν,
2630 1826 2734 1870 etc.
2764 1814 2939 1882 Atque
2972 1813 3163 1869 Iriarte
3197 1815 3246 1867 in
3286 1813 3402 1868 Cat.
3459 1813 3611 1869 codd.
3646 1810 3738 1869 (ir.
3772 1810 4003 1876 Hatrit.,

2438 1922 2493 1976 p.
2523 1907 2620 1962 ηε
2653 1923 2759 1972 sq.,
2785 1906 3022 1966 adnotat,
3050 1906 3190 1960 Itunc
3215 1906 3395 1960 Basilii
3431 1906 3788 1960 exorcismntn
3806 1914 3859 1957 et
3891 1902 4000 1957 Fa-

2442 2000 2664 2055 bricium
2694 1996 2824 2063 VIII,
2868 2013 2988 2066 pag.
3017 1999 3085 2055 95
3120 2007 3225 2052 vet.
3258 1998 3346 2051 ed.
3390 2009 3443 2052 et
3471 1999 3706 2053 Gnarum
3734 1996 4007 2052 Eucltolo-

2438 2096 2509 2162 gii
2560 2109 2680 2162 pag.
2738 2091 2858 2155 729.
2919 2092 3014 2148 Gr.
3058 2107 3119 2145 ac
3174 2090 3291 2144 Lat.
3337 2089 3659 2159 publicasse,
3707 2101 3762 2145 at
3806 2101 4005 2146 instant

2438 2184 2638 2239 Matrit.
2673 2184 2739 2239 ab
2768 2196 2996 2255 utroque
3023 2198 3222 2238 excuso
3253 2182 3389 2236 bene
3413 2181 3594 2234 tnultis
3626 2182 3791 2235 variis
3819 2181 4005 2234 lectio—

2441 2276 2597 2329 nibus
2619 2276 2940 2339 dissentire;
2976 2290 3054 2337 se,
3088 2284 3308 2343 rogante
3337 2272 3526 2327 Franc.
3556 2274 3620 2327 de
3653 2271 3836 2339 Bejar,
3874 2287 4007 2326 con-

2440 2367 2632 2421 fecisse
2662 2368 2959 2420 versionem
2988 2364 3109 2419 Lat.
3141 2374 3193 2417 et
3218 2365 3358 2419 hanc
3387 2364 3684 2433 subjectam
3714 2379 3835 2419 esse
3858 2364 4007 2419 edito

2438 2453 2693 2521 opusculo
2733 2471 2745 2504 :
2777 2451 2836 2508 S.
2872 2451 3061 2505 Basilii
3087 2451 3325 2519 Regula.
3356 2452 3408 2501 In
3432 2452 3555 2505 eod.
3582 2452 3767 2505 codice
3807 2467 4005 2507 occur-

2443 2551 2566 2597 runt
2592 2558 2803 2613 quoque
2845 2543 3024 2613 plures
3056 2544 3252 2613 partim
3289 2558 3319 2596 a
3367 2542 3546 2598 Goaro
3574 2545 3693 2597 libr.
3720 2545 3817 2600 cit.
3844 2548 4004 2615 editi,

2442 2636 2634 2706 partim
2689 2636 2925 2690 nantium
2970 2636 3204 2705 evalgati
3252 2635 3454 2691 similes
3498 2638 3788 2691 exorcisnti
3841 2649 4006 2707 atque

2442 2730 2776 2797 precatiOnes
2830 2729 3225 2802 Cbrysostnmi,
3285 2728 3535 2798 Gregorii
3584 2728 3998 2799 Tbanmaturgi,

2442 2820 2747 2888 Epiphanii,
2780 2818 3025 2889 Gregorii
3053 2817 3333 2881 Nasians.,
3362 2817 3661 2873 Salomonis
3686 2830 3738 2874 et
3767 2821 3997 2873 aliorum

2438 2924 2849 2978 anonymorum,
2879 2912 2944 2961 de
2974 2910 3168 2976 quibus
3209 2908 3415 2960 multas
3450 2918 3531 2962 est
3558 2909 3733 2962 Iriart.
3761 2938 3829 2951 —-
3870 2909 4005 2963 Pre-

2438 3002 2574 3055 catio
2595 2999 2787 3053 Basilii
2824 3000 3066 3069 quaedam
3099 3008 3181 3052 est
3212 2995 3515 3052 Vindobon.
3560 3001 3610 3051 in
3644 2999 3762 3053 cod.
3794 2999 4001 3057 Caesar.

2440 3093 2582 3149 XIX.
2618 3090 2681 3146 γ.
2709 3091 2989 3156 Lambec.,
3019 3088 3103 3154 III,
3138 3105 3190 3157 p.
3220 3088 3310 3143 95.

2507 3185 2564 3238 3'
2594 3182 2918 3249 Qua'stiones
2950 3179 3196 3231 Eunomii
3218 3187 3267 3231 et
3299 3180 3617 3245 Apollinaris
3640 3195 3757 3232 cum
3796 3196 4011 3235 ration.

2439 3277 2667 3331 sionibus
2710 3272 2775 3328 S.
2821 3270 3011 3326 Basilii
3060 3286 3122 3324 ex
3174 3272 3295 3325 cod.
3322 3269 3629 3324 Cromwell.
3671 3268 3831 3337 (ZXII,
3885 3289 4004 3343 pag.

2439 3367 2563 3422 579.
2596 3366 2701 3420 Sed
2727 3365 2977 3434 quoniam
3024 3377 3079 3416 η.
3118 3360 3155 3415 2
3181 3377 3264 3431 sq.
3302 3362 3620 3415 exorcismus
3665 3361 3789 3413 alibi
3822 3377 4009 3417 υοετιη.

2440 3460 2531 3522 rit,
2556 3475 2677 3513 eam
2706 3459 2793 3512 Itic
2820 3458 3001 3520 omisi,
3027 3471 3080 3509 n.
3112 3464 3286 3509 autem
3318 3457 3343 3509 ι
3372 3464 3430 3509 et
3458 3455 3492 3510 3
3521 3454 3573 3507 in
3610 3453 4005 3523 supplementa,

2436 3554 2480 3601 si
2515 3550 2766 3616 placebit,
2802 3548 3106 3615 conjiciunt.
3138 3545 3311 3600 “ARL.

2504 3638 2691 3694 XXIX.
2738 3637 3096 3691 Paenitentiale
3139 3640 3251 3692 sive
3298 3636 3601 3705 Ἐπιτίμιον
3630 3639 3710 3701 εἰς
3748 3636 3877 3700 τοὺς
3908 3654 4009 3689 παν

2436 3732 2809 3802 ραπίπτοντας
2852 3729 2945 3781 καὶ
2996 3727 3427 3798 ἁμαρτάνοντας.
3481 3727 3669 3796 Incipit
3706 3746 3721 3783 :
3771 3727 3836 3782 Ἦ
3882 3746 4007 3801 προ.

2433 3821 2563 3888 ϐολὴ
2587 3820 2681 3877 τοῦ
2724 3821 2984 3890 λογισμοῦ
3014 3818 3420 3891 ἀναμάρτητος.
3464 3817 3561 3873 Ms.
3592 3820 3644 3873 in
3677 3818 3800 3873 bibl.
3834 3819 4005 3873 Casa-

2435 3931 2545 3969 ren.
2596 3914 2724 3969 Vide
2752 3913 3122 3979 Lambeciam,
3158 3912 3242 3976 Ill,
3287 3926 3409 3981 pag.
3445 3910 3566 3966 I00.
3602 3911 3764 3965 Fsun.
3797 3911 3852 3964 In
3879 3915 4001 3966 cod.

2435 4004 2568 4070 LIX,
2598 4021 2651 4058 n.
2683 4003 2770 4069 ts,
2823 4019 2875 4073 p.
2899 4002 3005 4058 265
3028 4003 3115 4057 ed.
3143 4000 3351 4055 Kollar.
3373 4040 3388 4063 ,
3427 4000 3517 4069 qui
3566 4000 3617 4054 in
3650 4012 3773 4054 nota
3810 4000 4004 4053 obsor-

2436 4108 2544 4161 vat,
2595 4099 2867 4151 diversum
2914 4110 3036 4151 esse
3062 4096 3163 4149 hoc
3203 4093 3478 4161 epitimion
3513 4092 3580 4145 ab
3631 4091 3758 4154 illis,
3796 4106 3919 4161 qua
3948 4092 4003 4143 in

2433 4187 2677 4244 Garnieri
2701 4189 2832 4242 edit.
2864 4187 3006 4241 edita
3041 4194 3164 4240 sant
3191 4194 3326 4239 tom.
3356 4181 3419 4245 II,
3455 4198 3487 4252 p
3531 4180 3654 4237 526.
3687 4179 3742 4235 Ia
3774 4182 3878 4237 hoc
3904 4198 4005 4235 aus

2437 4291 2540 4334 tem
2574 4278 2769 4332 Ktillar.
2809 4293 2875 4332 ne
2901 4277 3144 4331 ambrum
3174 4276 3389 4345 quidem
3411 4274 3592 4331 Basilii
3622 4273 3788 4328 videt.
3832 4272 4003 4327 “\IL.

2504 4372 2668 4425 XXX.
2732 4371 3032 4441 Ἐγκώμιον
3082 4372 3160 4432 εἰς
3222 4369 3481 4423 Μελιτιον
3519 4366 3869 4429 Ἐπίσκοπον,
3908 4365 4008 4416 En-

2432 4466 2655 4517 comium
2697 4463 2912 4529 funebre
2956 4459 3154 4512 Meletii
3213 4461 3438 4525 episcopi
3476 4457 3808 4518 Antiochem',
3852 4456 3912 4505 Α.
3939 4452 4005 4510 ε.

766 4538 954 4600 sacris,
997 4552 1153 4601 quam
1188 4535 1417 4586 aliorum
1459 4531 1819 4598 usurpatione,
1846 4528 2119 4594 descripta
2152 4524 2329 4580 (Ii-(rce
2363 4566 2403 4618 υ

2363 4552 2527 4618 9381
2567 4524 2827 4605 defuncti.
2881 4548 3114 4617 Incipit:
3149 4524 3394 4617 Ηῦξησεν
3445 4548 3575 4617 ἡμῖν
3632 4544 3722 4597 τὸν
3771 4543 4003 4614 ἀριθμὸν

763 4638 813 4683 et
844 4625 962 4681 Lat.
986 4626 1326 4678 Accesserant
1358 4624 1686 4688 deﬁnitiones
1728 4621 2107 4687 prwcipuarum
2135 4634 2327 4684 rerum,

765 4737 989 4794 quorum
1044 4720 1234 4773 mentio
1271 4718 1326 4770 in
1370 4719 1467 4771 hac
1530 4717 1884 4781 disputatione
1931 4718 2010 4780 ﬁt.
2044 4715 2327 4781 Argeator.

767 4813 924 4879 I560,
980 4814 1031 4866 8.
1073 4812 1128 4866 In
1175 4813 1276 4864 hoc
1319 4824 1406 4878 op.
1448 4808 1812 4878 reperiantur,
1861 4822 1914 4877 p.
1971 4806 2163 4871 7l-92,
2208 4824 2330 4877 pro-

762 4921 855 4961 ces
892 4908 992 4961 SS.
1035 4902 1427 4976 Cbrysostomi,
1481 4900 1684 4963 Basilii,
1753 4899 1999 4970 Gregorii
2048 4899 2325 4961 Naztanz.,

758 5000 843 5055 Jo.
872 4998 1183 5051 Damascetti
1223 5008 1279 5048 ct
1320 4996 1572 5056 aliorum,
1600 4990 1785 5047 Graece
1820 4994 2106 5062 descripta:
2154 5008 2218 5046 ex
2255 4995 2319 5047 li-

761 5092 901 5147 bello
927 5089 1293 5143 Precationum
1338 5102 1445 5155 quo
1477 5085 1680 5140 Graecae
1715 5083 1967 5139 Ecclesiae
1999 5095 2243 5148 utuntur,
2273 5095 2328 5139 et

762 5183 1104 5238 Camerarius
1125 5180 1356 5251 appeIIat
1385 5178 1688 5250 Μηνάριον.

835 5274 1113 5331 Fabricius
1158 5276 1210 5326 in
1261 5282 1366 5326 vel.
1395 5272 1482 5325 ed.
1518 5271 1621 5322 alia
1674 5268 1918 5337 quintium
1978 5268 2329 5336 sabjuuxerat

765 5371 858 5427 Gr.
901 5384 1021 5424 cum
1048 5369 1295 5423 versione
1333 5364 1548 5427 Latina,
1584 5377 1701 5431 qna:
1733 5360 1922 5415 Graece
1968 5360 2328 5427 descripserat

831 5524 907 5594 (α)
930 5523 969 5577 E
992 5523 1069 5577 lit.
1096 5522 1263 5594 Ingol.
1281 5520 1397 5594 _Sed
1425 5522 1479 5594 in
1501 5519 1749 5594 Busnagtt
1780 5515 2050 5594 Tltesauro
2093 5530 2324 5594 manuni,

756 5584 908 5656 noli,
942 5604 1072 5645 tam.
1102 5584 1237 5653 I,'n.
1269 5592 1321 5654 8,
1369 5608 1418 5657 ιι.
1463 5591 1583 5642 I88.
1628 5584 1703 5641 Inv
1730 5588 1905 5639 indice
1945 5586 2066 5657 cntl.
2108 5584 2325 5657 Antonii

760 5664 1009 5732 Epat-t-bi,
1060 5678 1113 5717 n.
1144 5662 1277 5723 LXI,
1332 5656 1507 5714 Basilii
1560 5660 1738 5711 brevis
1778 5656 2050 5732 e_sp_nsi_tio
2079 5656 2246 5732 "ﬁdet
2276 5663 2329 5705 et

764 5722 1005 5802 quaedam
1046 5745 1229 5802 contra
1266 5722 1509 5802 lentiae.»
1538 5733 1673 5782 Adit.
1700 5746 1765 5802 _t_t.
1798 5722 2034 5778 XXXIII.
2077 5724 2133 5776 ν.
2165 5724 2327 5785 infra,

765 5796 876 5857 vol.
915 5802 986 5863 Χ.
1016 5816 1067 5872 p.
1100 5800 1285 5872 t81_et
1313 5800 1419 5872 7484
1446 5802 1535 5872 ed.
1562 5809 1665 5851 vet.
1700 5796 1870 5872 linus.

831 5872 909 5943 (ι)
961 5859 1032 5925 ιιι·
1052 5874 1172 5929 cod.
1203 5869 1387 5927 van
1436 5869 1511 5940 (in
1542 5885 1647 5939 quo
1680 5868 1832 5921 multi
1874 5870 2001 5920 sunt
2046 5860 2226 5915 Basilii
2274 5859 2333 5913 n-

2432 4644 2541 4698 τῶν
2572 4642 2906 4697 ἀποστόλων.
2956 4639 3012 4693 In
3057 4641 3335 4693 codicibus
3387 4636 3704 4707 quibusdam
3737 4650 3869 4690 mss.
3910 4634 4005 4688 Ba-

2434 4738 2554 4791 silio
2579 4737 2855 4800 tribuitur,
2884 4744 2943 4787 ut
2973 4733 3082 4797 illo,
3112 4732 3201 4800 qui
3231 4740 3315 4783 est
3347 4730 3399 4783 in
3426 4729 3552 4782 bibl.
3577 4728 3826 4781 Caesarea
3862 4729 4001 4795 apud

2434 4828 2781 4883 Lambecium
2816 4826 2916 4895 (li),
2954 4825 3039 4890 III,
3078 4839 3132 4893 p.
3166 4821 3303 4885 I29,
3338 4823 3430 4875 sed
3461 4820 3549 4888 qui
3577 4816 3839 4885 Gregorio
3866 4816 4002 4887 Nys-

2435 4935 2568 4975 seno
2615 4919 2745 4973 illud
2788 4916 3109 4971 testimoniis
3145 4912 3385 4967 Socratis
3417 4926 3466 4973 v,
3504 4910 3559 4973 9,
3590 4909 3877 4963 Sozonteai
3909 4924 3999 4972 va,

2435 5013 2519 5076 I0,
2553 5010 2833 5078 Nicephori
2869 5022 2945 5068 st,
2978 5006 3069 5070 29,
3096 5016 3149 5060 et
3183 5002 3541 5073 Martyrologii
3570 4998 3817 5054 Rom.”
3838 4999 3997 5054 Febr.

2430 5113 2574 5157 recte
2607 5101 2860 5155 vindicat.
2911 5097 3130 5166 Legitur
3174 5098 3335 5150 etiam
3389 5095 3527 5147 inter
3555 5092 3779 5162 Nysseni
3802 5090 4002 5161 Opera,

2437 5208 2564 5250 tom.
2593 5192 2668 5259 II,
2708 5208 2759 5260 p.
2792 5191 2933 5252 II9,
2968 5190 3091 5243 licet
3140 5187 3406 5242 Meletiam
3454 5183 3682 5237 Basilius
3730 5183 3897 5235 etiam
3948 5183 4000 5233 in

2436 5285 2676 5355 epistolis
2741 5298 2846 5336 non
2902 5297 3008 5334 uno
3056 5282 3173 5334 loco
3213 5278 3393 5333 laudet
3428 5284 3483 5327 et
3520 5284 3708 5329 contra
3754 5271 4003 5325 inimicos

2438 5393 2649 5434 causam
2676 5376 2790 5443 ejus
2824 5384 3033 5429 tueatur

2426 5511 2565 5581 bri),
2598 5526 2652 5562 η.
2680 5510 2742 5563 2i
2769 5550 2783 5574 ,
2812 5524 2862 5577 p.
2897 5503 3117 5581 35_I__ed.
3150 5501 3353 5581 Ko_ll_ar.
3373 5544 3388 5567 ,
3424 5514 3574 5581 cuius
3600 5496 3999 5581 {totomncoul'e-

2427 5564 2526 5634 Eés’
2554 5564 2667 5632 'Sml
2705 5564 2910 5631 ἱηίἶοαι.
2940 5574 3052 5629 (Νι
3080 5615 3095 5635 ,
3131 5590 3183 5627 n.
3221 5573 3315 5631 I3.
3362 5564 3447 5638 ap.
3476 5564 3845 5638 [Μικίψα-ᾖν,
3877 5582 3999 5633 pag.

2426 5633 2519 5709 53,
2568 5651 2820 5703 tribuitur
2846 5648 2929 5697 illa
2960 5633 3133 5695 oratio
3166 5633 3407 5695 funt-bris
3438 5637 3703 5709 Gregorio
3730 5633 3997 5709 Nysseau.

2427 5703 2575 5776 Adde
2611 5738 2731 5790 cap.
2759 5721 2823 5773 de
2846 5717 3007 5784 Grcg.
3038 5713 3190 5785 ἅμα.
3227 5714 3290 5765 ad
3320 5728 3371 5765 II.
3413 5710 3480 5763 60
3503 5707 3737 5776 Operam
3780 5703 3915 5759 tota.
3936 5703 3993 5760 Iz.

2432 5791 2597 5845 IIsItL.
