4212 6490
766 490 976 535 CCLXX!
2132 470 2661 524 PROLEGUMENA.

772 591 862 647 hic
890 587 1225 659 appellantur
1258 587 1543 660 ὲπιτίμιας
1574 602 1701 660 nam
1724 593 1890 660 multo
1918 587 2539 660 plnresinveniebantnr
2579 587 2865 660 descriptte
2899 587 3089 660 inuno
3130 588 3317 642 codice
3346 604 3504 658 quam
3543 588 3595 641 in
3644 587 3870 658 reliquis
3906 587 4004 643 tri-

773 661 896 723 hns,
921 656 1315 729 apparebatque
1360 656 1421 712 iit
1445 660 1619 729 pinnis
1654 657 1753 712 illis
1787 659 2079 711 diversitas
2114 658 2359 726 loquendi
2398 673 2426 729 a
2454 657 2651 729 primis
2671 656 3130 729 ettnonnullarnm
3170 656 3465 713 dictionum
3502 660 3730 718 novitas,
3766 656 4004 713 inecnon

774 727 1031 783 vocabula
1069 732 1307 798 quaedam
1342 727 1625 799 peregrina
1656 739 1710 782 et
1754 729 1988 799 vulgaria
2024 729 2091 780 ab
2125 743 2188 781 eo
2244 729 2358 799 loco
2415 728 2609 799 legere
2644 727 3050 796 incipiebamus,
3108 730 3195 782 tibi
3253 729 3479 783 aliorum
3532 730 3777 799 codicum
3832 743 4007 797 parite

778 796 1116 864 desinebant,
1148 799 1265 854 hinc
1296 796 1496 862 tamen,
1534 801 1673 853 sicut
1702 799 1751 854 in
1780 796 1869 851 illo
1899 798 2081 851 codice
2135 798 2457 860 invenimus,
2499 798 2549 849 in
2586 796 2687 849 line
2733 799 2901 864 posita
2933 810 3077 862 sunt,
3104 815 3169 853 ne
3201 800 3327 865 quid
3360 801 3569 853 deesset
3615 798 3698 851 his
3722 799 3810 867 qni
3838 796 4005 853 etiam

778 870 977 923 talibus
1006 881 1151 923 recte
1179 872 1254 922 nti
1291 879 1576 923 noverunt.
1613 867 2017 922 Observahatur
2053 869 2268 935 insuper
2306 868 2560 920 nnunulla
2593 868 2885 919 diversitas
2917 883 3057 924 nunc
3086 871 3396 928 verbm-um,
3431 884 3572 922 nunc
3608 868 4002 922 sententiarum

777 942 919 994 inter
955 941 1065 1010 ipsa
1099 941 1583 1010 exciuplaria,qna
1614 940 1665 993 in
1697 953 1752 991 re
1787 939 2037 1010 quamvis
2072 938 2248 1010 tutius
2276 939 2547 1010 videretur
2577 940 3233 1010 propositumutrumque
3265 942 3539 1002 servandi,
3581 949 3635 993 et
3657 938 4005 1010 inmargine

774 1006 1141 1071 describendi,
1173 1022 1228 1061 ut
1257 1006 1420 1063 libera
1451 1009 1678 1063 facultas
1712 1006 1931 1061 daretur
1959 1008 2151 1078 lectori
2184 1007 2412 1075 eligendi
2447 1012 2590 1078 quod
2621 1008 2812 1073 vellet;
2845 1006 2971 1075 quia
3008 1019 3184 1062 tamen
3214 1011 3393 1064 hocin
3435 1010 3627 1078 primis
3656 1008 3814 1075 hujus
3849 1009 4003 1061 volu-

775 1080 937 1134 minis
964 1080 1169 1149 paginis
1212 1083 1371 1134 nimis
1427 1080 1586 1133 anxie
1626 1089 1898 1132 servatum
1946 1077 2113 1130 fuisse
2159 1078 2477 1149 quibusdam
2522 1077 2825 1149 videbatur,
2880 1092 2993 1130 rem
3031 1082 3101 1130 ita
3134 1078 3406 1149 _deinceps
3438 1077 3899 1149 temperavimus,
3945 1087 4004 1131 ut

774 1146 1013 1203 adhibita
1036 1146 1579 1217 majori-diligentia,
1637 1149 1813 1202 minus
1846 1163 1987 1214 saepe
2028 1150 2079 1200 in
2120 1148 2341 1215 reliquis
2377 1147 2477 1199 hoc
2531 1147 2711 1201 facere
2749 1163 3093 1217 cogeremur.
3133 1146 3513 1203 Verumtamen
3568 1146 3745 1216 neque
3803 1148 3857 1201 in
3917 1149 4003 1203 his

770 1234 947 1287 neque
990 1220 1042 1272 in
1092 1220 1212 1273 aliis
1269 1234 1503 1288 unquam
1563 1218 1984 1286 suppletionibns
2043 1217 2244 1270 nostris
2274 1225 2366 1269 aut
2407 1218 2872 1273 emendationibus
2915 1219 3077 1271 etiam
3113 1218 3439 1288 syllabarum
3468 1219 3553 1273 vel
3601 1218 3999 1273 elementorum

774 1289 1050 1360 proprium
1077 1305 1293 1343 sensum
1334 1289 1504 1343 secuti
1529 1304 1737 1353 sumus,
1775 1290 1867 1342 sed
1898 1289 2588 1360 exemplarioruin_lantum
2616 1288 2770 1360 fidem
2806 1298 2969 1358 atque
2995 1287 3341 1360 consensum.
3375 1291 3479 1344 Sed
3504 1301 3556 1343 et
3576 1289 3642 1360 in
3674 1287 4000 1360 quibusdam

769 1356 982 1424 eorum,
1010 1359 1053 1413 si
1094 1375 1197 1428 qua
1233 1360 1519 1428 aliquando
1543 1359 1694 1413 nobis
1727 1368 1913 1411 exorta
1958 1358 2267 1421 dillicnltas,
2291 1356 2375 1408 vel
2406 1370 2538 1428 quae
2562 1371 2665 1428 non
2697 1356 2983 1412 admodum
3038 1359 3171 1414 levis
3202 1359 3472 1413 videretur
3500 1358 3765 1413 dubitatio
3803 1372 4003 1412 occur-

768 1431 950 1494 risset,
983 1426 1124 1482 idem
1154 1426 1488 1484 servavimus
1523 1445 1535 1480 :
1570 1444 1689 1482 nam
1715 1428 1996 1482 confestim
2028 1432 2441 1497 recurrebamus
2464 1426 2541 1497 ad
2569 1426 2688 1497 viva
2713 1429 3065 1497 exemplaria,
3100 1430 3200 1482 hoc
3232 1439 3313 1482 est
3350 1430 3415 1482 ad
3450 1429 3598 1483 viros
3622 1429 3867 1483 eruditos
3894 1442 4002 1481 non

768 1499 944 1554 solum
989 1500 1183 1553 litteris
1223 1514 1287 1553 ac
1317 1500 1614 1567 linguarum
1651 1499 2077 1567 peritia,verum
2109 1499 2271 1551 etiam
2313 1496 2413 1568 sub
2456 1496 2584 1564 jugo
2616 1495 2816 1568 Christi
2857 1495 2909 1552 et
2961 1500 3011 1552 in
3045 1499 3299 1568 religione
3345 1499 3559 1553 assidua
3605 1497 4004 1553 exercitatione

771 1579 1012 1624 versatos
1045 1588 1058 1622 :
1094 1583 1227 1636 quos
1253 1572 1454 1639 optime
1501 1570 1650 1621 novit
1678 1569 1953 1636 diligitqne
1987 1569 2151 1639 etiam
2186 1567 2481 1639 paternitas
2514 1575 2623 1618 tua.
2686 1567 2808 1639 llazc
2836 1579 3012 1639 tamen
3049 1567 3305 1623 noni-ideo
3339 1569 3565 1623 dicimus
3593 1575 3716 1639 quia
3765 1570 4004 1623 arbitre-

770 1655 893 1694 mur
927 1655 1025 1694 nos
1056 1640 1147 1691 tali
1177 1636 1451 1706 diligentia
1475 1639 1654 1691 omnia
1683 1648 1975 1700 assccutos,
2005 1637 2088 1688 vel
2113 1638 2255 1703 quod
2289 1636 2601 1706 ignoremus
2629 1638 2808 1706 adhuc
2840 1638 3129 1705 plurimum
3168 1638 3268 1691 loci
3311 1636 3691 1703 remanere,'in
3730 1654 3840 1706 quo
3872 1651 3999 1693 sese

768 1709 997 1763 aliorum
1028 1704 1298 1762 industria
1320 1716 1441 1775 post
1472 1718 1697 1779 conatus
1727 1718 1940 1760 nostros
1955 1704 2416 1779 exercerepossit
2454 1720 2552 1779 pro
2607 1705 2805 1779 Christi
2842 1704 3015 1779 gloria
3050 1718 3102 1779 et
3132 1708 3361 1775 proximi
3397 1709 3626 1762 utilitate
3656 1724 3670 1760 :
3704 1704 3893 1779 verum
3927 1709 4000 1761 ita

765 1793 1273 1841 commemoramus,
1307 1774 1363 1830 ut
1396 1792 1492 1847 per
1519 1792 1579 1830 ea
1613 1777 1822 1843 aliquos
1848 1777 2145 1830 excitemus
2168 1774 2620 1847 adraamulandum
2645 1790 2744 1829 nos
2769 1774 2903 1847 bona
2922 1774 3287 1842 aemulatiOne,
3315 1792 3774 1847 provocemusque
3798 1777 4001 1833 fratres

765 1859 981 1904 nostros
1006 1851 1072 1901 ad
1100 1850 1153 1901 id
1185 1862 1308 1901 cum
1345 1845 1605 1902 cliaritate
1653 1847 2002 1916 supplendum
2034 1856 2086 1898 et
2120 1845 2492 1910 corrigendum
2542 1846 2592 1898 in
2640 1860 2748 1913 quo
2795 1846 2928 1916 lapsi
2957 1864 3161 1903 sumus.
3195 1848 3363 1917 Igitur
3396 1849 3507 1900 hac
3537 1849 3607 1899 ita
3645 1845 3705 1901 se
3750 1849 3995 1912 habent;

766 1933 909 1972 nunc
937 1928 1130 1972 czetera
1172 1917 1520 1981 explicemus.
1559 1917 1705 1986 Opus
1732 1920 1903 1986 ipsum
1930 1917 2194 1970 dividitur
2222 1916 2271 1969 in
2306 1924 2488 1982 partes
2512 1916 2713 1985 plures,
2748 1918 2839 1969 sed
2882 1919 3069 1972 melius
3101 1926 3185 1972 est
3227 1916 3289 1971 ut
3335 1916 3482 1986 prius
3523 1928 3692 1969 tetutn
3742 1918 3994 1973 volumen

764 1989 1083 2043 dividamus.
1135 1987 1186 2040 In
1244 1992 1344 2041 hoc
1378 1988 1649 2041 volumine
1696 1987 1794 2039 tria
1828 2000 1987 2054 opera
2024 1987 2386 2048 continentur,
2419 1988 2558 2038 inter
2599 2000 2655 2040 se
2682 1987 2895 2053 quidem
2941 1989 3176 2052 diversa,
3212 1988 3451 2055 ejusdem
3499 1996 3673 2039 tamen
3734 1990 3996 2046 auctoris.

762 2058 1009 2112 videlicet
1034 2058 1383 2126 primumcth
1405 2056 1737 2127 ἀσκητικῶν,
1770 2060 2062 2110 secundum
2103 2055 2175 2107 De
2211 2056 2533 2127 virginitate,
2565 2059 2781 2110 tertium
2806 2069 2987 2110 contra
3018 2058 3354 2111 Eunomium.
3386 2055 3566 2127 l’rimo
3581 2056 3734 2125 operi
3754 2071 4003 2112 annexus

766 2138 849 2183 est
879 2124 1143 2181 tractatus
1179 2127 1487 2181 Ethicorum
1511 2124 1763 2180 collectus
1800 2128 2137 2196 potissimum
2161 2140 2227 2196 ex
2260 2124 2549 2196 Evangelio
2576 2137 2630 2180 et
2651 2127 2930 2194 Apostolo.
2959 2129 3209 2183 Secundo
3242 2128 3316 2180 De
3344 2124 3642 2195 virginitate
3683 2127 4000 2196 adiungitur

765 2213 945 2251 sermo
984 2197 1060 2250 De
1081 2199 1347 2265 paradiso.
1374 2198 1555 2251 'l‘ertio
1581 2193 1988 2268 additur—etiam
2026 2193 2228 2260 aliquid
2275 2194 2333 2268 in
2368 2193 2473 2248 fine
2498 2207 2681 2268 contra
2704 2193 3071 2268 ’Sabcllianos,
3104 2214 3223 2268 qua:
3254 2193 3438 2268 omnia
3471 2199 3550 2268 ab_
3589 2198 3688 2250 hoc
3722 2193 3998 2268 _po_ntilic_e

768 2268 936 2321 fuisse
966 2264 1263 2338 composita
1294 2282 1450 2321 neruo
1482 2268 1708 2322 dubitat.
1751 2266 1825 2338 De
1858 2269 2029 2338 primo
2072 2273 2132 2338 _e_t
2162 2264 2323 2338 tertio
2350 2267 2593 2338 meminit
2634 2267 2824 2322 beatus
2850 2264 3207 2338 Hieronymus
3238 2268 3290 2320 in
3342 2265 3475 2320 libro
3518 2266 3596 2320 De
3625 2265 3996 2319 ecclesiasticis

764 2332 1125 2406 scriptoribus.
1169 2337 1239 2390 De
1265 2339 1501 2391 secundo
1532 2338 1720 2391 beatus
1747 2332 2042 2403 Gregorius
2067 2332 2444 2406 Nazianzenus
2474 2336 2528 2406 in
2577 2335 2823 2391 laudibus
2868 2332 3068 2392 Basilii
3105 2339 3208 2400 sui,
3243 2352 3552 2406 quanquam
3600 2352 3698 2391 uec
3755 2342 3996 2405 primum

761 2408 835 2461 ibi
858 2403 1242 2480 tacetomuino
1266 2423 1365 2462 nec
1398 2409 1615 2480 tertium
1645 2424 1656 2458 :
1691 2408 1815 2461 dum
1849 2406 2075 2480 alterum
2101 2403 2424 2480 πρακτικρύς

2339 2403 2458 2480 ιρύς,
2483 2404 2708 2458 alterum
2724 2406 3143 2480 ἀπιρῤητικοὺς
3170 2403 3362 2476 λόγόυς
3388 2403 3616 2480 appellat
3644 2406 3739 2480 xui.
3759 2403 3769 2405 “
3786 2406 4002 2477 6060p:-

759 2478 913 2561 ctxbv
944 2475 1075 2548 πῦρ.
1112 2477 1297 2561 ltaqqe
1326 2488 1383 2531 ut
1410 2478 1474 2561 ad
1498 2478 1733 2561 primum
1757 2477 2071 2561 redeamus,
2100 2487 2218 2545 post
2239 2476 2422 2561 prolog

2342 2476 2519 2545 logum
2554 2475 2916 2561 et-nonn'ull'os
2942 2475 3225 2534 sermones
3247 2475 3582 2561 ἀφιητικοὺς
3606 2478 3702 2530 καὶ
3733 2475 4000 2561 παρα-ιπ-

760 2548 948 2611 τικούς
973 2545 1215 2616 sequitur
1247 2548 1548 2614 bomologia
1596 2545 1869 2601 catholicae
1900 2546 2055 2614 fidei;
2108 2555 2227 2614 post
2279 2546 2418 2599 hanc
2445 2553 2706 2599 tractatus
2751 2545 3055 2601 Ethicurum
3084 2563 3243 2615 quem
3284 2545 3538 2614 diximus,
3570 2553 3653 2601 cui
3700 2545 4000 2604 succedunt

761 2622 922 2673 etiam
954 2618 1041 2671 alii
1072 2632 1345 2671 sermones
1374 2616 1843 2688 ἀσκητικοίκὶῃαυ
1874 2625 2063 2672 auctor
2093 2629 2423 2688 persequens

2336 2629 2423 2688 ens
2476 2616 2891 2688 tractatumsij;
2925 2618 3233 2688 ἀσκήσεως,
3267 2634 3362 2687 per
3412 2618 3889 2687 interrogationem
3944 2627 3999 2671 ct

764 2688 1171 2756 responsionem
1204 2701 1324 2739 eum
1373 2683 1619 2740 bifariam
1654 2686 1877 2751 dividit;
1910 2700 2033 2737 nam
2064 2683 2237 2756 primo
2280 2686 2387 2753 agit
2427 2699 2541 2756 rem
2590 2683 2865 2756 copiosius
2915 2701 3009 2754 per
3055 2683 3437 2752 responsiones
3501 2702 3595 2739 seu
3622 2683 4000 2742 'delinitiones

765 2751 1026 2826 quasdam
1064 2756 1305 2820 latiores,
1336 2772 1495 2825 quam
1529 2764 1729 2823 partem
1761 2755 1875 2821 ipse
1919 2751 2148 2822 appellat
2180 2751 2339 2825 ὄρουᾷ
2373 2754 2515 2806 κατὰ
2548 2751 2771 2826 πλάτος,
2815 2751 3051 2809 secundo
3083 2751 3429 2826 contractius
3469 2771 3565 2823 per
3613 2758 3999 2823 responsiones

762 2824 1060 2888 breviores,
1088 2827 1229 2879 hanc
1265 2824 1414 2880 vocat
1442 2828 1559 2879 κατ’
1586 2826 1848 2896 ἐπιτομήν
1880 2842 1893 2878 :
1941 2828 2094 2881 tertio
2125 2824 2241 2879 loco
2281 2840 2418 2894 ponu

2329 2836 2550 2877 )nuntur
2583 2824 2853 2889 διατάξεις
2886 2840 3019 2892 quas
3061 2824 3511 2896 dicerersolemns
3550 2828 3992 2896 constitutiones,

764 2900 920 2951 valde
965 2896 1181 2963 quidem
1236 2898 1392 2951 utiles
1446 2909 1501 2952 et
1552 2892 1871 2950 necessaria:
1907 2908 2018 2950 tum
2072 2892 2349 2959 solitariis,
2386 2905 2497 2948 tum
2541 2897 2703 2949 etiam
2757 2896 3059 2949 caenobitis.
3112 2894 3368 2962 Sequitur
3401 2892 3595 2946 deinde
3651 2895 3882 2962 epistola
3928 2898 3995 2948 ad

765 2968 1043 3020 Cliil0nem
1080 2967 1317 3033 ejusdem
1352 2983 1515 3037 prope
1546 2967 1867 3036 argumenti,
1899 2982 2019 3020 cum
2054 2968 2156 3019 alia
2189 2966 2254 3018 ad
2295 2966 2630 3037 monachum
2667 2965 2923 3037 lapsum:
2956 2976 3228 3035 postremo
3278 2974 3554 3037 ponuntur
3578 2975 3861 3037 set-itiones
3890 2964 3998 3037 duo

763 3037 841 3091 De
865 3032 1151 3104 baptismo;
1188 3052 1311 3090 nam
1341 3032 1396 3089 ἐι
1426 3032 1520 3092 hos
1549 3032 1847 3090 invenimus
1870 3038 1922 3089 in
1948 3037 2125 3090 multis
2152 3035 2572 3103 exemplaribus.
2602 3032 2787 3090 Partes
2832 3032 2994 3104 igitur
3036 3037 3213 3104 operis
3242 3034 3351 3087 τῶν
3385 3032 3703 3103 ἀσκητικῶν
3749 3042 3804 3086 et
3837 3034 3995 3102 quasi

765 3110 1009 3161 membra
1038 3108 1206 3172 ipsius
1231 3108 1340 3158 fere
1375 3106 1489 3159 haec
1515 3117 1659 3159 sunt.
1687 3106 1908 3170 Quantae
1936 3118 2114 3159 autem
2147 3104 2395 3159 utilitatis
2444 3114 2497 3156 et
2544 3103 2875 3157 excellentiae
2915 3108 2986 3158 sit
3018 3103 3117 3159 hoc
3150 3120 3283 3172 opus
3317 3106 3471 3158 facile
3516 3103 3897 3173 mteliigenms,
3948 3105 3995 3156 si

767 3175 978 3231 titulum
1007 3176 1171 3240 ipsius
1197 3177 1585 3228 attenderinms
1618 3177 2079 3241 intentionemque
2112 3174 2431 3240 scriptoris;
2468 3176 2698 3224 sumitur
2720 3175 2861 3225 enim
2896 3178 2963 3225 ab
2997 3190 3058 3226 ea
3088 3190 3145 3228 re
3186 3177 3241 3226 in
3282 3190 3385 3240 qua
3428 3184 3703 3236 versatur,
3742 3172 3999 3228 videlicet

764 3251 833 3299 ab
869 3260 967 3297 usu
1007 3252 1168 3310 atque
1203 3245 1593 3298 exercitatione
1618 3245 1865 3307 virtutis;
1908 3247 1952 3298 si
1987 3246 2201 3313 quidem
2232 3243 2408 3295 omnis
2435 3252 2662 3313 conatus
2690 3246 2924 3313 auctoris
2952 3244 3055 3313 huc
3086 3244 3419 3309 potissimum
3452 3244 3691 3313 respicit,
3725 3256 3784 3297 ut
3806 3244 3999 3298 doceat

765 3331 864 3372 nos
902 3330 1005 3369 non
1040 3309 1214 3385 modo
1243 3315 1367 3368 vitia
1402 3317 1584 3385 fugere
1628 3330 1690 3367 ac
1742 3309 2255 3382 virtutem-eligere,
2310 3313 2453 3381 quod
2505 3311 2619 3364 fere
2657 3325 2858 3385 omnes
2887 3309 3091 3364 faciunt
3124 3330 3136 3365 :
3170 3327 3354 3385 verum
3398 3309 3574 3385 ipsam
3618 3327 3900 3378 exercere,
3940 3324 4000 3367 ut

766 3386 974 3442 scilicet
1005 3384 1174 3439 electa
1207 3385 1373 3440 semel
1401 3380 1600 3439 virtute
1629 3395 1943 3439 constanter
1972 3388 2024 3439 in
2059 3380 2129 3439 ea
2151 3380 2583 3453 perseveremus,
2618 3380 2849 3453 vivendo
2892 3390 2947 3435 et
2973 3382 3251 3453 operando
3282 3389 3339 3453 ut
3382 3380 3580 3453 decet;
3627 3398 3803 3452 neque
3849 3386 3999 3438 enim

766 3456 1065 3513 suillciebat
1090 3457 1213 3509 huic
1241 3457 1354 3509 viro
1384 3458 1553 3509 malos
1590 3464 1794 3509 tantum
1827 3458 2099 3525 corrigere
2132 3450 2293 3521 atque
2325 3454 2526 3506 hortari
2563 3452 2631 3506 ad
2652 3452 2895 3525 “bonum,
2936 3452 3038 3506 nisi
3063 3452 3228 3525 etiam
3264 3452 3481 3525 doceret
3505 3450 3617 3525 jam
3648 3450 3842 3516 bonos,
3886 3467 3999 3525 quo

764 3537 933 3597 pacto
958 3540 1015 3578 se
1041 3534 1376 3597 exercerent,
1403 3534 1463 3578 ut
1486 3520 1998 3597 tierentmeliores:
2017 3520 2375 3591 Quamobrem
2409 3536 2545 3597 cuin
2588 3520 3076 3597 reliquiauctores,
3124 3522 3375 3588 idemque
3416 3522 3518 3597 iste
3552 3521 3634 3597 vir
3665 3520 3917 3597 summus
3943 3523 3997 3575 in

766 3590 890 3649 aliis
923 3590 1167 3648 homiliis
1197 3603 1251 3648 et
1283 3595 1602 3648 tractatibus
1637 3595 1749 3647 suis
1800 3590 2203 3663 interpretando
2232 3599 2286 3646 et
2308 3590 2584 3647 suadendo
2614 3591 2830 3663 virtutis
2856 3593 2996 3645 viam
3031 3601 3237 3647 tantum
3268 3592 3519 3646 ostendat
3548 3609 3561 3646 :
3598 3591 3651 3663 in
3690 3592 3791 3645 hoc
3816 3604 4005 3663 _opere

769 3674 926 3735 urget
953 3679 1070 3730 nos,
1093 3665 1368 3733 trahitque
1386 3666 1732 3719 vehementer
1762 3665 1828 3735 ad
1853 3660 1999 3718 recte
2024 3665 2331 3722 vivendum,
2356 3677 2420 3735 ac
2450 3664 2744 3735 secundum
2774 3661 2826 3715 id
2855 3663 2995 3735 quod
3038 3663 3374 3735 ostenderat,
3409 3660 3763 3735 operandurn,
3795 3660 4004 3717 docens

767 3731 969 3805 quanto
1016 3746 1233 3800 conatu,
1271 3731 1377 3803 (luo
1405 3746 1683 3805 tempore,_
1704 3732 1899 3802 quibus
1933 3735 2123 3805 modis,
2147 3746 2320 3805 quave
2370 3732 2668 3805 intentione
2695 3731 2903 3805 singula
2936 3747 3033 3805 nos
3060 3731 3696 3805 rfaceretatque'evitare
3720 3738 4003 3802 oporteat,

770 3800 828 3859 tit
854 3805 992 3874 apud
1028 3806 1191 3874 Deum
1220 3800 1365 3859 recte
1391 3800 1571 3860 vivere
1596 3800 1921 3873 iudicemur,
1953 3812 2009 3855 et
2040 3804 2089 3854 in
2124 3802 2275 3874 nobis
2307 3800 2436 3874 ipsis
2464 3814 2565 3852 non
2596 3800 2896 3874 tanrv‘iileri
2947 3803 3091 3866 boni,
3121 3802 3205 3855 vel
3224 3800 3365 3874 ‘dici',
3388 3816 3549 3874 quam
3585 3800 3854 3874 exsistere
3900 3815 4003 3854 va-

770 3868 1002 3929 leamus.
1026 3873 1172 3928 Multi
1211 3877 1354 3928 enim
1385 3868 1641 3946 appetunt
1669 3884 1874 3928 rectum
1908 3888 2015 3928 non
2042 3879 2216 3946 recte,
2246 3868 2555 3946 faciuntque
2583 3871 2724 3938 quod
2753 3871 2954 3946 bonum
2983 3884 3188 3927 estnon
3223 3870 3381 3946 bene,
3408 3868 3608 3939 quibus
3636 3884 3732 3939 per
3758 3870 4003 3946 Moysen

769 3946 1031 4000 Dominus
1054 3946 1183 3998 dicit
1218 3963 1231 3998 :
1258 3936 1568 4014 Jusle'q'uod
1584 3945 1789 4014 justum
1821 3954 1895 3998 est
1922 3941 2242 4012 persequeris
2268 3940 2307 3991 ⁸.
2339 3936 2521 4014 Primo
2545 3936 2723 4005 itaque
2756 3939 2869 4014 loco
2897 3943 2948 4014 in
2987 3950 3220 4014 tractatu
3257 3936 3565 4014 Etlticoruin
3609 3936 4006 4014 statuitpieni-

776 4018 1000 4069 tentiam
1029 4014 1185 4083 juxta
1224 4007 1654 4090 praedicationem
1690 4007 2008 4090 Salvatoris,
2070 4007 2323 4090 asserens
2368 4008 2530 4090 abnea
2575 4010 3297 4090 necessario.incipiendum__
3327 4007 4006 4090 Christiano,__tlecla_rans

770 4090 932 4139 etiam
962 4076 1193 4153 tempus,
1224 4076 1434 4149 "locum,
1470 4085 1796 4151 modumque
1850 4076 2018 4153 ipsius
2066 4093 2120 4136 et
2163 4082 2391 4153 fructus,
2422 4076 2938 4153 Deindedistinctis
2986 4076 3503 4153 diversisntldeﬁum
3548 4078 3807 4153 gradibus
3838 4076 4007 4134 docet

767 4156 985 4209 ordines
1016 4148 1154 4208 intra
1183 4148 1484 4209 Ecclesiam
1509 4148 1833 4208 constitutos
1858 4148 2187 4223 persequens
2210 4150 2473 4220 singulos,
2496 4148 2868 4223 plurimisque
2892 4150 3178 4204 sententiis
3206 4148 3337 4223 Novi
3370 4148 3705 4223 Testamenti
3744 4150 3804 4223 in
3832 4164 4004 4223 unqu

770 4226 1010 4281 collectis
1044 4238 1207 4292 atque
1236 4225 1533 4294 dispositis,
1557 4223 1703 4280 elicit
1724 4238 1791 4278 ex
1815 4218 1882 4278 iis
1911 4218 2059 4277 varia
2094 4218 2407 4294 argumenta
2443 4218 2510 4294 ad
2540 4218 2851 4294 formandos
2873 4232 3053 4294 mores
3077 4225 3152 4294 et_
3172 4222 3238 4273 ad
3268 4219 3630 4294 cognitionem
3666 4218 4002 4286 pertinentia

770 4287 1209 4352 lucidissima'ac
1237 4287 1573 4350 solidissima:
1598 4294 1843 4350 veritatis
1868 4295 1918 4349 in
1950 4287 2313 4349 obedientiam
2340 4292 2719 4362 mandatorum
2750 4288 2864 4362 Dei,
2895 4288 3094 4358 ubique
3121 4288 3325 4362 docens
3347 4287 3680 4362 auctoritate
3705 4300 3833 4362 Anon
3878 4301 4004 4351 sus,

772 4367 868 4421 sed
896 4366 1320 4431 Scripturarum,
1344 4380 1449 4434 qua
1479 4366 1531 4419 in
1563 4380 1618 4420 re
1644 4365 1791 4419 locus
1824 4364 1914 4420 ille
1944 4364 2177 4418 maxime
2195 4359 2469 4434 excellere
2499 4354 2736 4434 videtur,
2762 4360 2854 4413 ubi
2892 4354 3238 4434 enumeratis
3260 4357 3375 4434 fere
3408 4357 3660 4412 omnibus
3681 4354 4007 4434 _Scripturc

774 4437 908 4489 locis
933 4424 1128 4503 quibus
1170 4424 1424 4489 Dominiis
1460 4438 1725 4489 monendo
1755 4436 1836 4489 vel
1884 4432 2264 4503 praecipiendo,
2310 4438 2369 4503 ut
2398 4428 2600 4503 aliquid
2644 4428 2760 4503 fiat,
2789 4431 3061 4503 promittit
3089 4429 3468 4503 obedientibus
3509 4424 4005 4503 przmium__vitam

774 4494 1030 4560 interiit-nn
1064 4521 1078 4559 :
1113 4521 1234 4559 mox
1285 4520 1316 4560 e
1370 4508 1583 4573 regione
1633 4506 1767 4557 alios
1798 4494 2006 4568 statuit,
2048 4494 2381 4573 recensendg
2410 4494 2603 4565 quibus
2628 4494 2832 4573 ‘verbis
2860 4500 3122 4573 quibusve
3167 4501 3345 4554 causis
3400 4494 3635 4573 minetur
3667 4494 4002 4573 supplicium

777 4577 1293 4646 transgressoribus,
1334 4566 1669 4644 prohibendo
1700 4576 1802 4628 huc
1831 4584 1923 4626 aut
1946 4566 2087 4646 aliud
2110 4573 2315 4646 ne‘liat.
2350 4568 2453 4646 Per
2478 4583 2597 4636 qua:
2628 4567 2740 4621 haec
2766 4566 2948 4621 omnia
2993 4566 4007 4646 unumqneinquelldeliumdeducens

776 4650 829 4701 in
856 4635 1313 4715 tine'mproprium
1335 4635 1689 4713 professionis
1708 4660 1840 4709 suae,
1860 4645 2095 4715 ostendit
2119 4642 2296 4710 primo
2322 4635 2509 4715 quales
2533 4652 2657 4715 esse
2670 4647 2917 4715 oporteat
2938 4653 3029 4715 eos
3057 4635 3254 4714 quibus
3281 4635 3593 4715 prindicatio
3611 4635 3759 4715 verbi
3794 4636 4004 4692 Christi

778 4708 1063 4771 commissa
1087 4708 1170 4769 est
1200 4717 1254 4769 in
1278 4708 1517 4785 Ecclesia
1546 4724 1601 4769 et
1630 4731 1758 4770 cura
1793 4708 1970 4785 gregis
2000 4708 2189 4782 ipsius,
2214 4720 2273 4785 ut
2293 4709 2707 4785 veri'pt‘atpositl
2743 4708 2872 4785 sint,
2905 4710 3128 4785 verique
3176 4708 3411 4785 episcopi
3441 4725 3458 4785 ⁸ε
3490 4708 3705 4785 deinde
3734 4720 4006 4785 expressa

778 4788 1007 4857 imagine
1034 4786 1340 4857 veratlidei,
1374 4801 1438 4839 ac
1470 4784 1640 4857 forma
1671 4775 1955 4853 cujuslib'et
1977 4775 2308 4857 renascentis
2328 4780 2380 4833 in
2404 4775 2641 4841 Christo,
2678 4778 2914 4832 declarat
2935 4775 3059 4857 quid
3096 4775 3524 4857 Itt‘ulirlmtildﬂi,
3557 4775 3685 4856 quid
3716 4775 4004 4857 pro‘priutn

776 4846 1092 4910 Christiani.
1150 4855 1282 4910 Htuc
1319 4846 1647 4925 interpositis
1673 4846 1991 4922 quihusdam
2021 4851 2356 4925 sermonibus
2398 4862 2723 4925 persequens
2774 4846 3053 4925 materiam
3082 4849 3177 4919 τῆς
3212 4849 3517 4925 ᾁσκήσεως,
3564 4846 4005 4925 priusutonuulla

779 4928 939 4980 latins
976 4926 1211 4989 disserit,
1250 4928 1440 4979 deinde
1459 4916 1705 4993 pressius
1734 4925 1960 4992 reliqua,
1993 4923 2354 4978 sicutdictum
2391 4916 2494 4974 est.
2532 4918 2792 4986 Incipiens
2839 4920 3023 4987 itaque
3058 4934 3089 4971 a
3119 4916 3653 4987 duobus'przeceptis
3685 4916 3999 4993 charitatis,

779 4997 832 5049 in
858 4995 1050 5065 quibus
1077 4985 1251 5051 omnis
1277 4985 1533 5065 perfectio
1562 4994 1833 5063 religionis
1852 4985 2132 5058 consistit,
2164 4993 2321 5065 docet
2350 5004 2411 5043 ea
2464 5004 2559 5065 per
2594 5004 2713 5065 qua;
2754 4985 2951 5065 corpus
2991 4993 3354 5065 animumque_
3372 4985 3658 5065 exercere
3687 4985 4003 5065 quisdebet

778 5067 846 5119 ad
875 5054 1768 5134 acquirendam'exercendamQue
1800 5054 2128 5117 charitatent
2164 5063 2253 5115 Dei
2299 5069 2353 5134 et
2400 5054 2650 5129 proximi,
2681 5054 3062 5134 deducensque
3087 5074 3154 5114 ex
3186 5054 3420 5134 ea_‘velut
3448 5058 3699 5134 ex_fonte
3732 5054 4003 5134 quidnam

780 5123 1075 5189 facere'vel
1099 5152 1200 5189 non
1225 5138 1403 5190 facere
1428 5123 1925 5203 oporteat'militem
1974 5134 2175 5188 Christi
2216 5123 2516 5203 cupientem
2547 5139 2666 5197 post
2698 5129 2799 5203 hac
2845 5130 2899 5183 in
2943 5123 3185 5203 novitate
3215 5130 3339 5181 vitae
3359 5126 3664 5203 ambulare,
3692 5133 3748 5177 et
3790 5123 4003 5203 sublata

780 5220 943 5259 cruce
970 5206 1120 5273 sequi
1154 5206 1433 5260 Dominum
1463 5196 1619 5261 suum
1645 5206 1910 5259 dicentem
1941 5222 1954 5257 :
1987 5204 2090 5267 Qui
2128 5205 2235 5255 vult
2280 5196 2452 5273 uenire
2485 5196 2597 5273 post
2633 5215 2712 5252 me
2741 5202 2952 5268 abneget
2977 5202 3306 5273 semetipsum
3406 5207 3460 5252 et
3489 5196 3697 5263 reliqna
3724 5196 4003 5273 :ostendit

780 5276 1013 5343 primum
1042 5264 1347 5330 necessario
1399 5275 1814 5330 renuntiandum
1849 5264 2101 5328 omnibus
2147 5285 2266 5340 qua:
2301 5271 2354 5322 in
2403 5264 2503 5343 hac
2526 5271 2633 5323 vita
2670 5264 3040 5343 possidentur,
3089 5264 3577 5343 declinandumque
3627 5279 3678 5343 s_
3721 5264 4000 5343 turba,_ut

779 5332 937 5399 Jews
965 5348 1191 5400 inveniri
1236 5356 1294 5400 et
1340 5348 1560 5400 retineri
1595 5346 1811 5413 possit:
1859 5332 2205 5411 relinquenda
2248 5348 2332 5413 est
2350 5340 2509 5413 enim
2552 5332 2746 5407 patria,
2797 5332 3065 5413 cognatio,
3121 5339 3322 5413 amici;
3366 5332 3713 5413 relinqneuda
3761 5336 3999 5413 negotia,

784 5416 1002 5476 divitiae,
1034 5418 1436 5486 occupationes,
1468 5404 1886 5477 familiaritates,
1922 5404 2083 5479 atque
2124 5415 2175 5467 in
2205 5410 2402 5486 primis
2424 5404 2677 5486 voluntas
2724 5410 2966 5479 propria,
3015 5404 3210 5486 strpius
3263 5404 3627 5486 revocansad
3668 5404 3997 5486 memoriam

784 5474 1001 5537 verbuni
1028 5474 1233 5540 Domini
1256 5474 1483 5549 dicentis
1515 5501 1528 5538 :
1559 5486 1807 5541 Ducendi
1843 5474 1905 5539 de
1934 5474 2057 5538 ratio
2078 5500 2179 5536 non
2207 5474 2264 5534 iit
2300 5481 2493 5553 [eciam
2528 5474 3028 5553 voluntatenimeum
3063 5474 3111 5546 ’ξ
3145 5492 3309 5548 quam
3332 5475 3550 5553 certesi
3576 5474 3797 5553 fecisset
3818 5486 4002 5553 errare

783 5570 889 5608 non
921 5564 1149 5623 poterat.
1175 5556 1294 5611 Mox
1328 5545 1571 5625 plurimis
1596 5556 1896 5609 rationibus
1931 5545 2308 5625 commendato
2338 5550 2897 5625 instituto_religiouis
2925 5561 2979 5625 et
3004 5545 3284 5625 proposito
3318 5545 3527 5625 vivendi
3554 5545 3628 5625 in
3671 5545 4003 5625 monasterio

785 5626 838 5678 iu
871 5611 1130 5697 societate
1164 5611 1448 5682 multo'rum
1472 5628 1569 5682 sub
1586 5628 1713 5697 jugo
1740 5626 1939 5680 Christi
1975 5641 1989 5680 :
2032 5623 2272 5697 ostendit
2284 5625 2564 5697 quomodo
2588 5611 2784 5697 fratrias
2800 5611 3137 5697 instituendi
3172 5625 3317 5684 sunt,
3342 5618 3433 5686 qui
3457 5611 4004 5697 se‘pominooﬂerre

784 5710 879 5763 per
901 5696 1041 5749 hanc
1074 5698 1214 5749 viam
1256 5680 1319 5752 et
1335 5680 2055 5758 consecra'revdecreverunt,
2099 5680 2335 5761 quandiu
2384 5691 2668 5763 probandi,
2722 5690 2917 5764 quibus
2948 5690 3225 5764 laboribus
3272 5680 3584 5764 exercendi,
3613 5685 3831 5764 quando
3860 5680 4004 5764 [ςαξ-

783 5750 985 5833 piendi,
1012 5783 1116 5835 quo
1144 5750 1322 5822 studio
1353 5750 1573 5838 regendi
1619 5779 1673 5821 et
1702 5750 2054 5838 perficiendi;
2090 5750 2309 5817 ti'adens
2362 5750 2528 5817 e'tiam
2572 5750 2824 5817 nonnulla
2862 5763 2927 5817 de
2969 5761 3230 5816 solitarius
3278 5769 3334 5815 et
3378 5760 3444 5813 de
3491 5750 4000 5811 sanctimonialibus

857 5906 878 5939 ‘
906 5908 1060 5964 Deut.
1090 5923 1196 5974 xvi,
1228 5906 1313 5961 ρο.
1390 5910 1409 5939 ³
1434 5906 1620 5961 Matth.
1656 5921 1763 5972 im,
1800 5903 1888 5959 iu.
1971 5904 1988 5934 ³
2019 5900 2170 5958 loan.
2208 5916 2279 5966 vt,
2312 5898 2401 5954 58.
