4212 6514
1398 426 1898 482 PllEFATlONES
1937 424 2289 491 ANTlQL'rE.

1817 426 1898 479 ES
1937 424 2289 491 ANTlQL'rE.
3229 433 3457 479 ccuxzt

232 545 444 604 feminis
468 564 606 615 quas
642 548 729 600 hic
767 548 1242 619 vocatcanouicas
1271 564 1284 601 :
1313 552 1507 617 quibus
1531 549 1582 602 in
1615 550 1790 605 libello
1841 551 1914 604 De
1965 552 2259 617 virginitate
2288 550 2562 618 suppletur
2603 550 2861 619 quidquid
2914 553 2964 605 in
3012 556 3113 603 hoc
3160 548 3457 619 desiderati

232 630 427 687 posset.
465 620 541 673 Illi
585 632 801 685 quoque
836 618 947 686 (ubi
994 619 1159 672 semel
1201 623 1396 689 recepti
1426 621 1643 687 fuerint)
1672 625 1882 673 discunt
1906 636 2065 687 quam
2122 621 2346 673 lidelitcr
2370 623 2420 674 iu
2452 623 2613 675 domo
2658 618 2763 674 Dei
2782 621 3090 675 conversari
3120 618 3369 677 debeant.
3403 638 3460 671 υτ

232 706 422 755 corpus
449 690 801 751 animumque
830 698 1132 758 exerceam
1166 688 1229 739 ad
1276 700 1643 758 paupertatem
1678 692 2029 751 retinendam.
2063 693 2471 758 castitatemqne
2515 708 2617 745 non
2656 691 2818 744 modo
2858 693 3056 752 carnis,
3102 689 3192 746 sed
3237 691 3459 756 spiritui;

232 772 281 813 et
310 758 704 827 cogitationum
733 776 747 811 :
778 773 982 813 necnon
1010 760 1073 811 ad
1106 757 1468 815 dimicandum
1498 762 1709 813 fortiter
1740 770 1925 815 contra
1962 762 2167 827 seipsns
2206 776 2299 829 per
2325 757 2703 822 obedientiam,
2739 769 2797 813 ut
2827 761 3064 828 apposita
3096 760 3260 816 semel
3298 776 3460 820 manu

231 832 568 902 atlara_trtttu
598 839 746 902 retro
774 831 1007 898 amplius
1040 843 1311 902 nunquam
1335 831 1645 902 respiciant.
1678 832 1817 886 llinc
1855 831 1922 884 de
1951 832 2323 900 religiosorum
2358 833 2549 902 studiis
2578 842 2737 902 atque
2758 831 3234 902 exercitationibus
3266 832 3461 893 siugtilo

232 899 378 951 latim
409 897 664 971 loquens,
692 900 846 954 docet
871 897 1257 971 ’qnmnodoiret
1298 900 1538 971 quandiu
1582 906 1871 963 orandum,
1916 916 2023 968 quo
2052 897 2239 957 ordine
2278 901 2630 970 psallendum,
2655 897 2771 956 'cur
2804 910 2857 953 et
2887 901 3157 971 quomodo
3206 904 3460 959 manibus

233 969 593 1041 operandum,
626 969 753 1024 item
800 978 1003 1041 quanto
1051 970 1226 1023 studio
1276 969 1633 1039 cogitationes
1667 987 1879 1041 regere.
1914 973 2048 1025 iram
2104 969 2339 1033 frenare,
2374 988 2400 1023 a
2439 972 2545 1025 risu
2577 984 2629 1024 et
2677 972 2892 1039 crapula
2948 969 3241 1032 abstinere,
3293 989 3453 1037 quam

232 1036 513 1111 humiliter
545 1039 800 1095 fratribus
818 1036 1053 1111 servire,
1088 1036 1388 1111 senioribus
1426 1041 1665 1111 obedire,
1699 1036 1905 1111 seipsos
1940 1042 2230 1111 abnegare,
2266 1042 2510 1095 ultimum
2557 1041 2728 1095 locum
2762 1036 2959 1110 eligere
3003 1049 3249 1105 oporteat
3291 1044 3453 1095 disci-

232 1107 384 1181 pulos
405 1118 462 1164 et
500 1107 1030 1181 imitatorestriSli
1056 1123 1073 1172 ;
1110 1108 1312 1166 addens
1342 1110 1613 1178 quomodo
1640 1107 1963 1167 infirmiores
1990 1107 2269 1177 tolerandi,
2293 1122 2605 1181 peccatores
2634 1107 2961 1178 corrigendi,
2990 1112 3175 1177 :egroti
3207 1115 3452 1179 curandi,

232 1175 478 1247 hospites
514 1178 864 1246 suscipiendi,
899 1188 1236 1247 quantopere
1266 1175 1547 1235 mulierum
1576 1185 1846 1238 consortia
1886 1182 2159 1243 evitanda,
2194 1175 2638 1247 saic'ttlariumque
2664 1192 2717 1234 et
2747 1175 3265 1246 consanguineorum
3296 1175 3453 1233 fami!-

231 1244 505 1304 liaritates
557 1244 839 1321 fugienda},
956 1244 1150 1321 quibus
1182 1254 1516 1321 potissimum
1550 1251 1799 1306 abscondi
1838 1253 2241 1306 soleullnsidim
2266 1260 2317 1304 et
2354 1254 2522 1320 laquei
2555 1244 2779 1306 inimici.
2825 1244 2983 1305 Multa
3014 1265 3227 1321 quoque
3256 1253 3319 1305 de
3351 1253 3454 1306 cibi

234 1329 285 1372 et
316 1332 477 1392 polus
521 1319 869 1392 abstinentia,
903 1319 965 1392 de
990 1318 1228 1389 jejuniis,
1261 1324 1327 1376 de
1362 1320 1595 1381 silentio,
1635 1324 1700 1377 de
1726 1324 1925 1392 vigiliis
1967 1321 2192 1389 aliisque
2216 1318 2693 1377 exercitationibus
2719 1322 2943 1392 sanctis,
2985 1318 3043 1375 et
3073 1318 3200 1390 quid
3234 1321 3406 1373 dicam
3436 1362 3453 1384 ,

230 1391 454 1511 quando
502 1404 677 1457 neque
708 1390 773 1442 de
806 1390 1147 1453 vestimento,
1207 1406 1380 1459 neque
1443 1392 1507 1442 de
1554 1390 1955 1456 calceamentis,
1989 1406 2163 1460 neque
2210 1392 2277 1446 de
2327 1406 2460 1445 zona
2509 1393 2798 1447 admonere
2846 1390 3055 1444 desistit
3105 1391 3454 1461 phil050phos

260 1457 475 1511 .hristi?
505 1457 699 1511 Verum
728 1468 787 1511 ut
820 1459 885 1511 ad
915 1475 1007 1511 eas
1035 1463 1263 1511 virtutes
1290 1475 1407 1511 quae
1439 1471 1562 1511 sunt
1595 1464 1823 1511 nronrire
1847 1462 2139 1511 Christiani
2166 1464 2466 1511 veniamus.
2495 1477 2652 1511 quam
2687 1462 2850 1511 multa
2884 1468 2940 1511 et
2972 1461 3122 1511 utilia
3153 1464 3242 1511 hic
3284 1477 3454 1511 omne

260 1457 475 1512 Zbristi?
505 1457 699 1531 \ferum
728 1468 787 1512 ut
814 1459 885 1531 ad
915 1475 1007 1514 eas
1035 1463 1263 1515 virtutes
1290 1457 1407 1529 quae
1439 1471 1562 1531 sunt
1595 1464 1823 1531 propria:
1847 1457 2139 1519 Christiani
2166 1464 2466 1524 veniamus,
2495 1477 2652 1526 quam
2687 1462 2850 1515 multa
2884 1468 2940 1515 et
2962 1457 3122 1531 utilia
3153 1464 3242 1517 hic
3284 1457 3454 1531 prope

232 1542 480 1597 semper,
530 1529 639 1583 imo
664 1529 873 1584 nonnisi
908 1545 1117 1598 semper
1143 1540 1305 1597 atque
1340 1530 1518 1584 omnia
1562 1529 1723 1584 tradit
1749 1535 1812 1586 ad
1838 1533 2204 1587 redilicaudam
2240 1533 2291 1585 iu
2329 1533 2479 1584 nobis
2518 1532 2693 1594 tidem,
2724 1546 2893 1597 spem,
2923 1529 3444 1593 charitatem,_asse-

234 1611 361 1651 rens
390 1609 517 1672 ante
542 1600 722 1654 omnia
748 1601 1102 1655 exercendam
1135 1602 1288 1667 quasi
1325 1601 1728 1656 fundamentum
1783 1604 1904 1656 vitre
1934 1603 2227 1672 spiritualis
2254 1603 2588 1669 patientiam,
2647 1602 3029 1665 humilitatem,
3084 1604 3449 1672 mansuetudi-

234 1682 383 1733 nem,
423 1671 618 1726 deinde
649 1681 874 1725 ca-teras
910 1672 1156 1740 virtutes,
1187 1683 1243 1724 ut
1272 1674 1324 1726 in
1358 1672 1605 1727 omnibus
1630 1687 1841 1740 semper
1871 1669 2257 1727 honorificetur
2288 1672 2445 1733 Deus,
2482 1681 2537 1726 et
2584 1672 2876 1724 aediﬁcetur
2929 1672 3224 1738 proximus.
3292 1669 3451 1723 Multa

235 1747 495 1812 praeterea
523 1742 589 1812 de
614 1742 875 1812 oppositis
909 1740 1049 1812 vitiis
1078 1739 1414 1812 disseruntur
1436 1757 1730 1812 eorumque
1759 1744 2011 1810 periculis
2042 1759 2105 1797 ac
2137 1742 2383 1812 remediis
2417 1757 2533 1809 quae
2568 1742 2723 1795 facile
2755 1741 3052 1812 legentibus
3074 1750 3284 1812 patent.
3317 1740 3453 1795 Illud

235 1817 421 1880 autem
454 1809 507 1863 in
532 1810 635 1865 hoc
652 1806 779 1862 'v’iro
808 1806 1052 1880 mirabile
1085 1811 1253 1865 videri
1283 1820 1461 1880 potest
1488 1815 1555 1865 ob
1587 1806 1710 1866 viiaz
1745 1806 2108 1878 sanctitatem,
2140 1806 2601 1878 excellentemque
2652 1809 3235 1880 doctrinatnipsiuset
3271 1812 3454 1865 multi-

232 1877 430 2000 rlicem
468 1894 647 1933 rerum
675 1878 1084 1946 experientiam,
1107 1877 1541 1948 quod,’quamvis
1568 1882 1633 1934 de
1664 1896 1983 1951 quacunque
2010 1898 2066 1939 re
2096 1877 2143 1938 ei
2192 1879 2460 1935 disserere
2486 1883 2788 1949 placuisset,
2815 1879 3028 1934 munisi
3059 1879 3454 1946 sapientissime

252 1949 381 2000 oaui
418 1957 639 2000 nosset:
668 1948 1017 2000 nihilominus
1050 1950 1233 2000 videas
1266 1966 1385 2000 eum
1416 1952 1558 2000 omni
1591 1962 1783 2000 conatu
1821 1952 2002 2000 fugere
2028 1963 2079 2000 et
2108 1953 2259 2000 mtasi
2292 1950 2600 2000 formidare.
2628 1969 2693 2000 ne
2726 1952 2852 2000 nuid
2902 1954 3015 2000 inse
3055 1964 3151 2000 ner
3178 1964 3235 2000 se
3268 1950 3319 2000 in
3353 1952 3453 2000 hoc

252 1949 381 2017 oqui
418 1957 639 2022 posset:
668 1948 1017 2022 nihilominus
1050 1950 1233 2004 videas
1266 1966 1385 2002 eum
1416 1952 1558 2022 omni
1591 1948 1783 2005 conatu
1821 1948 2002 2020 fugere
2028 1963 2079 2005 et
2108 1953 2259 2022 quasi
2291 1948 2600 2022 formidare,
2628 1969 2693 2005 ne
2726 1952 2853 2019 quid
2902 1954 3015 2018 ipse
3055 1964 3151 2018 per
3178 1964 3235 2003 se
3268 1950 3319 2003 in
3353 1952 3453 2005 hoc

232 2032 401 2089 opere
432 2017 649 2071 tradere
676 2021 756 2072 vel
785 2019 1107 2073 servandum
1138 2034 1233 2073 sua
1269 2019 1592 2074 auctoritate
1624 2017 1919 2089 prmeipere
1949 2017 2177 2087 cuipiam
2222 2024 2490 2082 videatur,
2522 2020 2657 2074 adeo
2696 2017 2755 2073 iu
2778 2022 3027 2076 omnibus
3055 2029 3109 2074 et
3140 2034 3236 2087 per
3268 2023 3451 2074 omnia

233 2088 409 2159 golum
445 2089 701 2157 praedicat
729 2088 1024 2144 Christum.
1054 2090 1323 2159 Prteponit
1344 2091 1486 2142 enim
1514 2089 1625 2145 fere
1655 2092 1708 2145 in
1741 2088 1986 2159 singulis,
2013 2092 2079 2144 de
2111 2093 2303 2159 quibus
2333 2091 2607 2146 locuturus
2636 2099 2739 2152 est,
2770 2090 3072 2155 exemplum
3104 2090 3184 2143 vel
3228 2090 3449 2146 verbum

233 2155 537 2229 Domini—ex
562 2160 850 2227 Evangelio
883 2161 962 2215 vel
990 2155 1264 2229 Apostolo,
1302 2159 1436 2213 adeo
1460 2165 1621 2229 quod,
1652 2163 1775 2214 dum
1807 2155 1950 2215 aliud
1985 2155 2145 2229 agere
2175 2160 2404 2223 videtur,
2436 2163 2486 2213 in
2512 2161 2611 2215 hoc
2640 2162 2801 2214 etiam
2832 2162 3063 2227 prodest.
3094 2160 3238 2227 quod
3285 2177 3449 2228 supra

236 2226 509 2301 ducentos
541 2226 833 2298 Scriptura:
866 2231 1013 2285 locos
1041 2226 1347 2301 legentibus
1378 2226 1777 2301 interpretatur,
1818 2244 1922 2285 tam
1955 2226 2259 2291 commode,
2297 2240 2403 2283 tam
2434 2226 2895 2301 Opporlttue.tum
2931 2243 3075 2287 vere,
3116 2226 3191 2301 ut
3238 2226 3452 2301 sensum

230 2299 451 2366 quidem
482 2299 778 2369 Scriptura:
806 2301 896 2368 qui
931 2314 1024 2366 per
1050 2299 1118 2355 se'
1152 2301 1349 2353 latebat
1375 2300 1428 2352 in
1469 2300 1645 2353 littera
1686 2304 2031 2355 observatqu
2070 2301 2405 2355 solummodo
2442 2300 2697 2363 revelare,
2729 2300 2955 2366 aliisque
3004 2299 3291 2354 ostendere
3321 2300 3455 2353 velle

238 2370 517 2432 videatur,
554 2368 657 2422 nOn
688 2380 865 2438 autem
904 2369 1015 2435 ipse
1057 2369 1299 2423 invenire
1330 2368 1682 2437 excogitando
1704 2379 1757 2423 et
1787 2371 2100 2425 disserendo
2129 2381 2185 2425 ut
2224 2370 2281 2423 lit
2312 2388 2326 2423 :
2372 2370 2505 2423 nihil
2536 2371 2754 2422 omnino
2790 2384 2959 2436 neque
2989 2384 3015 2422 a
3050 2370 3248 2437 seipse,
3283 2384 3455 2438 neque

233 2439 301 2509 ab
335 2438 461 2490 aliis
494 2438 595 2490 sibi
629 2436 907 2509 postulans
937 2438 1080 2491 credi
1123 2454 1138 2491 :
1173 2453 1279 2505 quo
1321 2440 1399 2501 lit,
1430 2436 1487 2491 ut
1533 2455 1640 2505 quo
1684 2440 1853 2507 magis
1903 2442 2101 2507 aliquid
2130 2454 2375 2494 asserere
2402 2440 2485 2494 vel
2521 2439 2710 2508 jubere
2736 2438 3011 2500 formidat,
3050 2449 3200 2494 tanto
3233 2436 3454 2509 persua-

232 2506 357 2579 deat
397 2509 602 2579 verius,
634 2508 927 2575 jubeatque
980 2509 1372 2579 vehementius,
1431 2511 1708 2577 magisque
1749 2506 2038 2578 legentium
2098 2510 2313 2579 animos
2350 2506 2533 2564 trahat
2583 2522 2743 2579 atque
2782 2512 3043 2563 accendat
3100 2509 3153 2579 in
3212 2506 3451 2563 amorem

233 2576 537 2645 sapientia},
570 2592 690 2631 cum
722 2591 910 2631 omnes
938 2578 1003 2630 ad
1038 2594 1155 2630 eam
1186 2581 1255 2631 ita
1290 2576 1558 2638 hortetur,
1590 2589 1647 2630 ιιι
1678 2579 1785 2632 sola
1806 2576 1997 2645 'jubeat
2025 2579 2262 2631 charitas
2293 2578 2515 2641 Christi,
2548 2576 2670 2645 qme
2717 2582 2767 2632 in
2794 2594 2887 2632 ore
2926 2579 3093 2646 ipsius
3144 2577 3377 2645 loquitur
3402 2590 3456 2630 et

232 2649 407 2715 spirat
434 2648 488 2702 in
517 2658 753 2717 pectore.
787 2646 997 2701 llabent
1032 2648 1193 2715 igitur
1224 2648 1347 2701 hinc
1382 2649 1629 2702 monachi
1667 2664 1962 2717 omnesque
1992 2648 2223 2715 religiosi
2251 2648 2348 2699 viri
2376 2658 2424 2702 et
2481 2651 2735 2702 mulieres
2763 2662 2855 2715 per
2879 2664 2939 2700 ea
2969 2663 3086 2715 quze
3113 2647 3316 2716 legunt,
3349 2663 3455 2715 quo

231 2728 393 2787 pacto
423 2720 490 2772 ad
523 2718 687 2773 Deum
732 2718 975 2773 conversi
1029 2718 1080 2771 in
1117 2718 1203 2771 via
1233 2718 1349 2785 ejus
1375 2718 1639 2772 tutissime
1692 2720 1935 2787 progredi
1981 2727 2034 2771 et
2088 2718 2347 2785 prolicere
2376 2719 2616 2785 possint.
2645 2719 2689 2770 si
2732 2719 3031 2772 doctrinam
3057 2717 3296 2770 docentis
3350 2734 3453 2770 non

236 2798 521 2854 spernant,
570 2790 866 2855 presserunt
896 2788 985 2843 ubi
1017 2804 1110 2843 eos
1158 2798 1338 2843 :nonet
1368 2788 1498 2842 nihil
1530 2792 1804 2857 proprium
1846 2788 2139 2857 possidere,
2171 2791 2600 2855 consanguineos
2632 2804 2757 2842 suos
2792 2789 3080 2857 negligere,
3116 2788 3451 2840 smeularium

237 2858 507 2929 amicitias
546 2856 749 2926 fugere,
776 2858 1073 2929 claustrum
1101 2859 1483 2926 silentiumque
1518 2856 1762 2929 diligere,
1790 2856 2060 2929 publicum
2115 2858 2341 2919 evitare,
2378 2858 2523 2912 nullo
2556 2860 2713 2912 modo
2761 2877 2789 2912 a
2840 2856 3258 2926 cotigrcgatioae
3284 2857 3454 2909 dist-e-

237 2925 386 2998 dere,
421 2942 639 2998 crucem
696 2928 1257 2998 tollerettantumque
1305 2925 1552 2997 amplecti
1607 2925 1918 2998 quam—sibi
1964 2929 2241 2996 elegerunt
2279 2930 2329 2981 iu
2387 2938 2616 2997 partem,
2648 2944 2875 2996 eamque
2905 2925 3067 2979 corde
3118 2936 3171 2979 et
3227 2940 3455 2998 corpore

236 2996 455 3050 assidue
473 2997 867 3067 Acircumferre.
907 2997 1118 3051 Habent
1148 2996 1353 3066 praelati
1400 2996 1458 3051 et
1504 2996 1739 3067 episcopi
1774 3000 1897 3051 hinc
1948 3001 2111 3051 multa
2143 3013 2261 3065 qua:
2310 3000 2585 3061 hauriant,
2619 2999 2812 3066 quibus
2848 3011 3036 3067 greges
3081 3011 3207 3050 suos
3254 2997 3456 3067 optime

236 3074 429 3134 regant
463 3064 803 3136 formentque
838 3067 890 3119 in
922 3064 1215 3121 Christum.
1271 3067 1477 3121 Habent
1508 3064 1559 3120 et
1600 3064 1779 3135 plebes
1827 3069 2058 3121 fidelium
2090 3064 2327 3135 (quando
2362 3068 2535 3120 nullus
2568 3064 2786 3136 gradus,
2830 3066 2909 3119 vel
2953 3064 3144 3136 sexus,
3199 3065 3341 3136 nulla
3373 3076 3455 3118 est

236 3145 369 3207 tetas
402 3137 544 3189 intra
576 3135 893 3207 Ecclesiatn,
920 3152 1080 3207 quam
1115 3139 1215 3192 iste
1249 3153 1355 3192 non
1388 3134 1753 3207 doceatj’quid
1793 3136 1993 3207 faciant
2033 3134 2195 3189 etiam
2245 3138 2393 3203 ipsae,
2426 3134 2878 3207 quidveolferant
2923 3135 3225 3203 praepositis
3258 3135 3369 3187 suis
3402 3135 3455 3188 in

236 3205 557 3274 obsequium
585 3204 813 3271 Christi,
844 3204 957 3263 sive
984 3224 1087 3273 vn,
1126 3212 1239 3263 sive
1269 3207 1480 3271 mulier,
1510 3204 1625 3262 sive
1646 3204 1809 3270 liber,
1841 3206 1955 3260 sive
1983 3220 2191 3267 servus,
2226 3208 2341 3259 sive
2368 3222 2555 3269 senex,
2600 3206 2712 3258 sive
2747 3206 3089 3271 adolescens,
3125 3207 3238 3259 sive
3279 3214 3454 3272 pater,

236 3275 348 3347 sive
381 3277 546 3347 illius,
580 3278 829 3331 omnibus
852 3279 993 3335 enim
1028 3278 1267 3346 loquitur
1301 3279 1390 3347 qui
1424 3278 1473 3331 in
1528 3278 1744 3333 Christo
1772 3276 1944 3331 renati
1977 3275 2250 3347 Christum
2281 3276 2571 3330 induerunt
2600 3276 2640 3342 δ,
2674 3276 2934 3347 hortando
2963 3289 3054 3329 eos
3098 3283 3216 3347 po_st
3258 3282 3456 3347 rectam

238 3343 398 3417 fidem
428 3346 858 3417 adipatientiam,
887 3350 951 3400 ad
982 3343 1343 3417 root'emptum
1387 3347 1543 3413 hujus
1573 3350 1779 3409 mundi,
1835 3349 1901 3417 ad
1954 3345 2355 3413 castigationem
2400 3348 2600 3410 carnis,
2637 3346 2703 3417 ad
2756 3347 3111 3399 imitationem
3155 3344 3361 3417 Domini
3404 3352 3457 3395 et

242 3414 549 3485 Salvatoris
598 3417 767 3469 nostri
799 3414 924 3469 Jesu
969 3414 1419 3475 Christi,'docens
1447 3419 1610 3470 etiam
1642 3417 1731 3485 qui
1782 3416 2014 3479 habitus,
2047 3417 2135 3480 Qui
2173 3419 2318 3470 vocis
2370 3418 2576 3480 modus,
2608 3416 2727 3483 quis
2777 3424 2965 3485 gestus
3007 3414 3248 3481 corporis
3296 3422 3458 3481 atque

236 3484 631 3548 membrorum,
657 3498 776 3552 qua:
806 3485 992 3551 verba,
1030 3486 1118 3554 qui
1144 3501 1319 3543 mores
1341 3489 1569 3540 deceant
1596 3486 1982 3541 Christianum.
2013 3486 2203 3539 Clerici
2243 3487 2461 3553 insuper
2511 3485 2678 3539 nostri
2715 3486 2911 3554 habent
2956 3484 3061 3554 ipsi
3088 3498 3301 3552 quoque
3350 3499 3457 3554 non

237 3569 411 3622 pauca
442 3570 563 3624 qua:
597 3555 832 3617 discant,
862 3556 999 3610 inter
1024 3552 1142 3622 qua:
1169 3557 1329 3610 etiam
1356 3556 1503 3621 illud,
1533 3568 1589 3611 ut
1624 3572 1728 3611 non
1761 3566 1867 3610 tam
1916 3556 2073 3611 facile
2103 3557 2152 3607 in
2182 3552 2516 3623 privatorum
2547 3554 2628 3607 vel
2660 3553 3000 3624 stecularium
3033 3552 3284 3608 domibus
3318 3553 3460 3624 cele.

237 3625 399 3696 l_ireut
448 3622 627 3696 divina
692 3627 966 3696 mysteria.
1018 3624 1154 3693 Quin
1204 3628 1366 3680 etiam
1405 3626 1599 3681 fratres
1644 3627 1915 3696 quondam
1961 3627 2156 3696 nostri,
2185 3622 2275 3691 qui
2317 3626 2532 3696 Satanae
2579 3623 3120 3696 calliditatedecepti
3164 3638 3338 3691 nuper
3389 3622 3458 3696 aia

236 3693 481 3751 Ecclesia
517 3692 779 3750 catholica
833 3692 1219 3759 discesserunt,
1252 3706 1306 3750 et
1338 3696 1439 3764 ipsi
1473 3692 1715 3765 profecto
1762 3696 2037 3748 invenient
2082 3694 2184 3765 hic
2226 3695 2388 3765 multa
2423 3694 2617 3762 quibus
2673 3696 2738 3746 ad
2794 3694 3296 3765 resipiscendutu__a
3344 3692 3458 3765 suis

236 3766 535 3828 erroribus,
567 3780 631 3819 ac
654 3765 720 3818 ad
755 3767 996 3820 eamdem
1027 3776 1269 3820 sanctam
1304 3760 1527 3819 matre-tu
1559 3765 1855 3819 Ecclesium
1906 3763 2279 3816 revertendum
2332 3760 2617 3831 plurimum
2652 3760 2990 3831 adjuventur,
3022 3774 3183 3830 atque
3228 3760 3354 3814 illud
3404 3763 3454 3815 iu

238 3835 453 3955 rrimis,
489 3835 694 3888 scilicet
721 3850 825 3887 non
860 3850 978 3889 esse
1006 3836 1356 3889 deserendam
1393 3834 1692 3889 Ecclesiam
1726 3834 1925 3888 Christi
1971 3843 2252 3901 propterea
2290 3830 2430 3901 quod
2461 3835 2601 3885 intra
2628 3830 2771 3887 illam
2816 3843 2870 3886 et
2921 3832 3089 3885 utalos
3141 3830 3456 3900 plerumque

257 3903 487 3955 nomines
517 3917 636 3955 esse
671 3905 947 3955 contineat
982 3946 992 3955 .
1028 3915 1136 3955 tum
1168 3905 1374 3955 discent
1413 3906 1541 3955 ouid
1584 3918 1676 3955 eos
1709 3918 1925 3955 sapere.
1955 3906 2149 3955 ouidve
2191 3906 2395 3955 sentire
2432 3912 2678 3955 ouorteat
2720 3904 2786 3954 de
2838 3910 3099 3955 potestate
3152 3909 3205 3955 et
3253 3903 3456 3953 unitate

257 3903 487 3973 iomines
517 3917 636 3957 esse
671 3905 947 3973 contingat
982 3946 992 3957 .
1028 3915 1136 3958 tum
1168 3905 1374 3958 discent
1413 3906 1541 3973 quid
1584 3918 1676 3958 eos
1709 3918 1925 3969 sapere,
1955 3906 2149 3970 quidve
2191 3906 2395 3956 sentire
2432 3912 2678 3970 oporteat
2720 3904 2786 3954 de
2838 3910 3099 3973 potestate
3152 3909 3205 3956 et
3253 3903 3460 3973 unitate

238 3972 536 4038 Ecclesia;
571 3974 635 4027 de
662 3970 1048 4027 ecclesiasticis
1075 3970 1450 4037 sacramentis,
1483 3975 1548 4027 de
1583 3974 1687 4029 fide
1730 3983 1783 4027 et
1831 3974 2103 4041 operibus,
2156 3974 2219 4026 de
2248 3974 2418 4026 libero
2448 3974 2741 4025 voluntatis
2772 3971 3021 4034 arbitrio,
3078 3974 3141 4026 de
3192 3970 3459 4037 religiosis

234 4045 399 4110 votis,
432 4044 499 4096 de
521 4041 759 4113 jejunio,_
778 4042 952 4111 deque
980 4044 1101 4097 aliis
1138 4043 1341 4109 multis,
1377 4044 1535 4097 modo
1584 4055 1733 4099 recte
1766 4058 1829 4097 ac
1879 4044 2163 4111 diligenter
2212 4042 2500 4095 attendant
2546 4056 2665 4107 qua:
2711 4042 3014 4113 Ιειςιιιιιεει
3062 4056 3277 4113 errores
3333 4054 3460 4113 suos

235 4114 403 4182 velint
434 4111 601 4182 magis
624 4111 894 4181 corrigere
921 4127 1077 4180 quam
1112 4113 1271 4174 tueri,
1308 4129 1336 4166 a
1362 4115 1555 4181 quibus
1578 4115 1703 4166 olim
1726 4128 1816 4167 eos
1847 4127 2103 4167 revocare
2128 4150 2143 4174 ,
2176 4120 2228 4164 tu
2266 4125 2475 4178 quoque
2504 4112 2787 4182 scribendo
2809 4119 2860 4163 et
2892 4111 3221 4173 disserendo,
3257 4111 3457 4182 optime

234 4181 419 4246 Pater,
456 4180 560 4237 non
591 4180 838 4238 destitisti
878 4197 1186 4250 priusquam
1212 4184 1291 4236 vel
1325 4180 1425 4252 ipsi
1456 4194 1505 4237 te
1528 4184 1732 4249 audire,
1767 4184 1846 4237 vel
1890 4194 1943 4235 tu
1974 4198 2066 4235 eos
2098 4183 2222 4233 talia
2257 4184 2448 4252 docere
2482 4180 2550 4232 ob
2575 4182 2795 4249 gradum
2827 4182 3133 4248 apostolica:
3172 4180 3454 4251 dignitatis

236 4262 522 4320 tantopere
553 4253 831 4307 tenereris.
864 4252 1031 4306 Fuisti
1064 4254 1324 4306 hactenus
1348 4251 1650 4307 membrum
1698 4254 1958 4321 corporis,
1979 4254 2085 4319 jam
2125 4264 2251 4302 vero
2282 4251 2576 4305 membrum
2611 4265 2667 4304 es
2697 4252 2907 4318 capitis,
2943 4252 3067 4304 hinc
3092 4252 3272 4318 itaque
3316 4258 3460 4301 recte

235 4322 495 4390 intelligis
525 4338 663 4376 nunc
698 4337 791 4376 eos
818 4324 1055 4391 quandiu
1095 4325 1273 4393 curari
1323 4335 1549 4393 possunt
1586 4324 1650 4376 ad
1682 4334 1732 4376 te
1772 4323 1936 4374 multo
1986 4322 2155 4387 magis
2182 4335 2340 4387 quam
2388 4321 2535 4393 prius
2581 4331 2739 4393 atque
2793 4324 2952 4373 aliter
2983 4322 3298 4393 pertinere;
3336 4335 3456 4393 nam

234 4407 372 4461 quos
400 4389 633 4445 antehac
660 4393 725 4445 ad
772 4389 1028 4446 unitatem
1061 4392 1305 4461 corporis
1324 4389 1513 4447 'redire
1545 4393 1832 4447 scribendo
1882 4392 2127 4443 hortatus
2154 4405 2232 4454 es,
2283 4390 2505 4455 posthac
2529 4390 2788 4457 exemplis
2817 4402 2977 4457 atque
3000 4389 3337 4461 orationibus
3362 4389 3457 4441 tibi

235 4457 612 4531 expugnandi,
651 4464 920 4523 monendi,
960 4457 1293 4529 saltandique
1340 4474 1486 4525 sunt,
1530 4477 1592 4515 ac
1638 4462 2020 4531 benignissime
2077 4460 2441 4528 pertrahendi,
2498 4463 2575 4514 sic
2620 4470 2794 4531 tamen
2823 4470 2879 4511 nt
2909 4460 3158 4531 eosdem,
3191 4457 3281 4531 ubi
3326 4472 3459 4527 opus

235 4528 426 4597 fuerit,
460 4532 623 4586 etiam
658 4531 933 4599 arguendo
991 4540 1043 4582 et
1091 4528 1408 4585 disserendo
1437 4528 1787 4585 nihilominus
1812 4545 1990 4591 cures,
2035 4542 2193 4599 atque
2243 4530 2447 4599 intrare
2482 4530 2791 4597 compellas,
2827 4538 2883 4581 ut
2930 4530 2973 4581 si
3018 4528 3153 4582 forte
3182 4530 3251 4582 ob
3280 4543 3458 4599 mores

235 4596 455 4657 nostras
484 4615 541 4656 se
572 4596 819 4670 ipsos"ita
853 4601 1235 4667 praeciderunt,
1268 4603 1509 4654 moribus
1540 4604 1663 4655 item
1696 4602 1915 4662 nostris,
1960 4600 2041 4651 vel
2074 4597 2262 4670 saltem
2296 4598 2524 4670 alicujus
2552 4596 2861 4670 nostrorum
2915 4608 3255 4660 revocentur,
3288 4596 3456 4670 subji-A

234 4672 559 4741 cianturque
584 4667 743 4738 capiti
798 4684 896 4724 suo
931 4671 997 4723 ad
1045 4672 1399 4741 obediendum
1430 4672 1550 4724 fidei
1612 4673 1661 4722 in
1707 4670 2022 4737 obsequium
2053 4668 2274 4721 Christi.
2308 4669 2662 4734 Quamobrem
2718 4668 2963 4741 volumen
3003 4669 3103 4741 hoc
3130 4667 3459 4741 sanctissimi

236 4741 339 4795 viri
373 4737 593 4809 dignum
622 4737 837 4808 quidem
870 4753 1083 4809 semper
1119 4740 1333 4808 ingenio
1368 4753 1421 4793 et
1455 4742 1647 4794 studiis
1687 4744 1813 4801 tuis,
1842 4743 2065 4792 istorum
2103 4753 2260 4791 causa
2300 4744 2388 4797 sit,
2423 4750 2479 4790 nt
2509 4738 2841 4809 temporibus
2879 4739 3080 4791 nostris
3112 4737 3203 4791 tibi
3232 4737 3455 4809 potissi-

237 4824 383 4863 mum
419 4808 697 4874 debeatur,
730 4821 891 4879 tuque
928 4808 1261 4864 iu'doctrtua
1313 4810 1480 4878 ipsius
1532 4814 1595 4862 ad
1635 4808 2027 4878 praedicandum
2057 4809 2174 4860 aliis
2203 4818 2482 4861 veritatem
2516 4808 2765 4879 sectanda
2803 4818 2855 4879 et
2902 4810 3193 4879 astiruenda
3230 4808 3456 4860 invicem

237 4880 437 4951 debeas
468 4880 765 4951 plurimum
792 4877 886 4933 otii
941 4881 1201 4933 adhibere
1230 4888 1283 4933 et
1319 4877 1644 4948 diligentiae,
1683 4894 1786 4951 non
1831 4878 2311 4951 pro_r_ep_aratipue
2338 4893 2523 4929 eorum
2572 4878 2730 4930 modo
2760 4877 2851 4943 qui
2880 4878 3215 4951 ceciderunt,
3270 4890 3455 4929 verum

236 4950 400 5004 etiam
436 4946 535 5020 pro
568 4950 819 5004 Ecclesia:
853 4950 1133 5003 catholicae
1162 4946 1541 5015 aedificatione,
1566 4946 1910 5018 omniumque
1934 4947 2165 5000 lldelium
2194 4946 2396 5020 fructu,
2456 4961 2659 5020 necnon
2685 4957 2883 5020 saneea
2930 4946 3075 5020 sedis
3100 4946 3255 5020 istius
3296 4960 3457 5020 orna-

240 5028 419 5074 mento
436 5015 499 5074 et
530 5021 866 5087 adiumento,
894 5034 1014 5086 quae
1036 5028 1087 5072 te
1112 5034 1279 5089 nuper
1307 5020 1434 5073 nihil
1461 5021 1564 5073 tale
1594 5015 1919 5089 cupientem,
1972 5032 2144 5089 neque
2179 5017 2342 5089 etiam
2392 5018 2738 5086 cogitantem,
2776 5017 3065 5089 splendore
3082 5015 3457 5089 _hujusdigui-

241 5090 361 5144 tatis
399 5100 506 5143 tam
540 5085 803 5159 legitime,
836 5085 939 5141 tam
984 5089 1103 5159 rite,
1134 5085 1239 5141 tain
1270 5100 1454 5143 sancte
1500 5091 1563 5141 ad
1596 5086 2143 5159 seipsamﬂinvitavit,
2176 5093 2233 5137 ut
2270 5086 2321 5138 in
2351 5095 2511 5139 tantis
2536 5086 3039 5159 perturbatiorribus
3072 5086 3216 5150 ﬁdei,
3246 5085 3457 5159 dissen-

235 5154 694 5227 sionibusque'ac
742 5159 1013 5213 scaudalis
1064 5158 1485 5228 inobedieutium
1527 5154 1755 5212 filiorum
1783 5158 1999 5228 adjuta,‘
2032 5156 2170 5228 sicut
2197 5170 2293 5228 par
2318 5166 2419 5216 est,
2453 5154 2646 5228 studiis
2664 5170 2735 5228 _ac
2767 5154 3005 5228 moribus
3036 5158 3157 5222 tuis,
3191 5154 3457 5228 solidetur

241 5230 293 5310 in
320 5223 559 5310 _Domiuo
585 5230 933 5310 etudirigatur
970 5230 1022 5281 iu
1062 5227 1269 5310 laudem
1299 5239 1353 5282 et
1383 5229 1607 5307 gloriam
1639 5223 1862 5310 Domini
1886 5237 1941 5280 et
1970 5225 2275 5310 Salvat‘oris‘
2297 5227 2470 5280 nostri
2498 5223 2619 5282 Jesu
2652 5226 2851 5281 Christi
2886 5245 2899 5280 :
2932 5227 3020 5296 qui
3058 5242 3177 5281 cum
3213 5225 3373 5280 Patre
3412 5233 3465 5279 et

244 5300 448 5371 Spiritu
477 5311 670 5355 sancto
697 5295 828 5354 vivit
857 5307 911 5353 et
944 5298 1294 5369 reguatDeus
1324 5295 1417 5367 per
1450 5299 1629 5354 omnia
1658 5299 1976 5354 Steculorum
2002 5295 2216 5350 saecula.
2246 5296 2438 5350 Amen.

304 5480 325 5512 ⁸
345 5481 519 5539 Galat.
554 5498 637 5548 tu,
665 5480 753 5535 27.
