  <div class='ocr_page' id='page_1' title='image "/cluster/home/n/w/nwhite01/storage/ocr_20150623/29/uva.x004321530/309.png"; bbox 0 0 4212 6498; ppageno 0'>
   <div class='ocr_carea' id='block_1_1' title="bbox 753 462 1015 505">
    <p class='ocr_par' dir='ltr' id='par_1_1' title="bbox 753 462 1015 505">
     <span class='ocr_line' id='line_1_1' title="bbox 753 462 1015 505; baseline -0.015 0"><span class='ocrx_word' id='word_1_1' title='bbox 753 462 1015 505; x_wconf 72' lang='grc' dir='ltr'><strong>θειιιινι</strong></span> 
     </span>
    </p>
   </div>
   <div class='ocr_carea' id='block_1_2' title="bbox 2097 457 2617 513">
    <p class='ocr_par' dir='ltr' id='par_1_2' title="bbox 2097 457 2617 513">
     <span class='ocr_line' id='line_1_2' title="bbox 2097 457 2617 513; baseline 0.002 -2"><span class='ocrx_word' id='word_1_2' title='bbox 2097 457 2617 513; x_wconf 70' lang='lat' dir='ltr'><strong>PBOLEGOMENA.</strong></span> 
     </span>
    </p>
   </div>
   <div class='ocr_carea' id='block_1_3' title="bbox 765 563 3983 652">
    <p class='ocr_par' dir='ltr' id='par_1_3' title="bbox 765 563 3983 652">
     <span class='ocr_line' id='line_1_3' title="bbox 765 563 3983 652; baseline 0.006 -36"><span class='ocrx_word' id='word_1_3' title='bbox 765 573 936 618; x_wconf 89' lang='lat' dir='ltr'><strong>totum</strong></span> <span class='ocrx_word' id='word_1_4' title='bbox 964 576 1231 631; x_wconf 86' lang='lat' dir='ltr'><strong>occupare</strong></span> <span class='ocrx_word' id='word_1_5' title='bbox 1253 564 1538 619; x_wconf 89' lang='lat' dir='ltr'><strong>recolendo</strong></span> <span class='ocrx_word' id='word_1_6' title='bbox 1571 563 1861 622; x_wconf 59' lang='lat' dir='ltr'><strong>Dominicm</strong></span> <span class='ocrx_word' id='word_1_7' title='bbox 1891 569 2325 629; x_wconf 71' lang='lat' dir='ltr'><strong>Circumcistoiiis</strong></span> <span class='ocrx_word' id='word_1_8' title='bbox 2354 581 2400 638; x_wconf 77' lang='grc' dir='ltr'>Α</span> <span class='ocrx_word' id='word_1_9' title='bbox 2426 576 2753 646; x_wconf 88' lang='lat' dir='ltr'><strong>perdurarit.</strong></span> <span class='ocrx_word' id='word_1_10' title='bbox 2796 594 2812 627; x_wconf 71' lang='grc' dir='ltr'>ι</span> <span class='ocrx_word' id='word_1_11' title='bbox 2847 574 2971 631; x_wconf 66' lang='lat' dir='ltr'><strong>Haec</strong></span> <span class='ocrx_word' id='word_1_12' title='bbox 2993 584 3051 630; x_wconf 91' lang='lat' dir='ltr'><strong>ut</strong></span> <span class='ocrx_word' id='word_1_13' title='bbox 3073 578 3244 645; x_wconf 88' lang='lat' dir='ltr'><strong>quoad</strong></span> <span class='ocrx_word' id='word_1_14' title='bbox 3276 590 3385 633; x_wconf 90' lang='lat' dir='ltr'><strong>rem</strong></span> <span class='ocrx_word' id='word_1_15' title='bbox 3410 576 3659 649; x_wconf 78' lang='lat' dir='ltr'><strong>pleraque</strong></span> <span class='ocrx_word' id='word_1_16' title='bbox 3686 593 3812 634; x_wconf 79' lang='lat' dir='ltr'><strong>vera</strong></span> <span class='ocrx_word' id='word_1_17' title='bbox 3837 591 3983 652; x_wconf 89' lang='lat' dir='ltr'><strong>sunt-,</strong></span> 
     </span>
    </p>
   </div>
   <div class='ocr_carea' id='block_1_4' title="bbox 762 650 2323 727">
    <p class='ocr_par' dir='ltr' id='par_1_4' title="bbox 762 650 2323 727">
     <span class='ocr_line' id='line_1_4' title="bbox 762 650 2323 727; baseline 0.008 -19"><span class='ocrx_word' id='word_1_18' title='bbox 762 654 1042 725; x_wconf 82' lang='lat' dir='ltr'><strong>mysterio.</strong></span> <span class='ocrx_word' id='word_1_19' title='bbox 1081 650 1179 707; x_wconf 84' lang='lat' dir='ltr'><strong>His</strong></span> <span class='ocrx_word' id='word_1_20' title='bbox 1204 656 1473 709; x_wconf 92' lang='lat' dir='ltr'><strong>recentior</strong></span> <span class='ocrx_word' id='word_1_21' title='bbox 1492 654 1805 711; x_wconf 74' lang='lat' dir='ltr'><strong>Grazcorum</strong></span> <span class='ocrx_word' id='word_1_22' title='bbox 1836 659 2239 727; x_wconf 80' lang='lat' dir='ltr'><strong>pietas,s:eculo</strong></span> <span class='ocrx_word' id='word_1_23' title='bbox 2271 683 2323 720; x_wconf 86' lang='lat' dir='ltr'><strong>xt</strong></span> 
     </span>
    </p>
   </div>
   <div class='ocr_carea' id='block_1_5' title="bbox 757 750 2323 827">
    <p class='ocr_par' dir='ltr' id='par_1_5' title="bbox 757 750 2323 827">
     <span class='ocr_line' id='line_1_5' title="bbox 757 750 2323 827; baseline 0.005 -22"><span class='ocrx_word' id='word_1_24' title='bbox 757 750 966 807; x_wconf 84' lang='lat' dir='ltr'><strong>addidit</strong></span> <span class='ocrx_word' id='word_1_25' title='bbox 998 751 1216 806; x_wconf 88' lang='lat' dir='ltr'><strong>tertium</strong></span> <span class='ocrx_word' id='word_1_26' title='bbox 1246 752 1343 821; x_wconf 87' lang='lat' dir='ltr'><strong>ipsi</strong></span> <span class='ocrx_word' id='word_1_27' title='bbox 1371 752 1739 822; x_wconf 83' lang='lat' dir='ltr'><strong>Gregorioque</strong></span> <span class='ocrx_word' id='word_1_28' title='bbox 1759 755 2030 827; x_wconf 84' lang='lat' dir='ltr'><strong>Theologo</strong></span> <span class='ocrx_word' id='word_1_29' title='bbox 2054 771 2105 814; x_wconf 91' lang='lat' dir='ltr'><strong>et</strong></span> <span class='ocrx_word' id='word_1_30' title='bbox 2131 760 2323 815; x_wconf 91' lang='lat' dir='ltr'><strong>Joanui</strong></span> 
     </span>
    </p>
   </div>
   <div class='ocr_carea' id='block_1_6' title="bbox 758 843 2328 914">
    <p class='ocr_par' dir='ltr' id='par_1_6' title="bbox 758 843 2328 914">
     <span class='ocr_line' id='line_1_6' title="bbox 758 843 2328 914; baseline 0.006 -16"><span class='ocrx_word' id='word_1_31' title='bbox 758 843 1148 914; x_wconf 81' lang='lat' dir='ltr'><strong>Chrysostomo</strong></span> <span class='ocrx_word' id='word_1_32' title='bbox 1177 846 1535 899; x_wconf 77' lang='lat' dir='ltr'><strong>communiter</strong></span> <span class='ocrx_word' id='word_1_33' title='bbox 1564 846 1967 905; x_wconf 88' lang='lat' dir='ltr'><strong>celebramlum.</strong></span> <span class='ocrx_word' id='word_1_34' title='bbox 2002 851 2076 906; x_wconf 87' lang='lat' dir='ltr'><strong>De</strong></span> <span class='ocrx_word' id='word_1_35' title='bbox 2108 853 2205 907; x_wconf 90' lang='lat' dir='ltr'><strong>hoc</strong></span> <span class='ocrx_word' id='word_1_36' title='bbox 2228 852 2328 907; x_wconf 90' lang='lat' dir='ltr'><strong>dif-</strong></span> 
     </span>
    </p>
   </div>
   <div class='ocr_carea' id='block_1_7' title="bbox 759 933 2328 1014">
    <p class='ocr_par' dir='ltr' id='par_1_7' title="bbox 759 933 2328 1014">
     <span class='ocr_line' id='line_1_7' title="bbox 759 933 2328 1014; baseline 0.008 -27"><span class='ocrx_word' id='word_1_37' title='bbox 759 933 987 989; x_wconf 86' lang='lat' dir='ltr'><strong>ferimus</strong></span> <span class='ocrx_word' id='word_1_38' title='bbox 1042 951 1203 1007; x_wconf 84' lang='lat' dir='ltr'><strong>agere</strong></span> <span class='ocrx_word' id='word_1_39' title='bbox 1262 951 1431 1007; x_wconf 91' lang='lat' dir='ltr'><strong>usque</strong></span> <span class='ocrx_word' id='word_1_40' title='bbox 1478 948 1599 1007; x_wconf 92' lang='lat' dir='ltr'><strong>post</strong></span> <span class='ocrx_word' id='word_1_41' title='bbox 1631 942 1761 994; x_wconf 69' lang='lat' dir='ltr'><strong>A-tta</strong></span> <span class='ocrx_word' id='word_1_42' title='bbox 1798 942 1921 997; x_wconf 68' lang='lat' dir='ltr'><strong>vitae</strong></span> <span class='ocrx_word' id='word_1_43' title='bbox 1959 942 2132 1000; x_wconf 79' lang='lat' dir='ltr'><strong>fusius</strong></span> <span class='ocrx_word' id='word_1_44' title='bbox 2165 947 2328 1014; x_wconf 83' lang='lat' dir='ltr'><strong>expli-</strong></span> 
     </span>
    </p>
   </div>
   <div class='ocr_carea' id='block_1_8' title="bbox 765 1028 2326 1108">
    <p class='ocr_par' dir='ltr' id='par_1_8' title="bbox 765 1028 2326 1108">
     <span class='ocr_line' id='line_1_8' title="bbox 765 1028 2326 1108; baseline 0.008 -28"><span class='ocrx_word' id='word_1_45' title='bbox 765 1028 936 1081; x_wconf 75' lang='lat' dir='ltr'><strong>canda</strong></span> <span class='ocrx_word' id='word_1_46' title='bbox 964 1047 976 1083; x_wconf 94' lang='lat'><strong>:</strong></span> <span class='ocrx_word' id='word_1_47' title='bbox 1007 1028 1073 1083; x_wconf 90' lang='lat' dir='ltr'><strong>de</strong></span> <span class='ocrx_word' id='word_1_48' title='bbox 1119 1030 1387 1108; x_wconf 72' lang='lat' dir='ltr'><strong>prioribus</strong></span> <span class='ocrx_word' id='word_1_49' title='bbox 1420 1030 1627 1087; x_wconf 90' lang='lat' dir='ltr'><strong>duobus</strong></span> <span class='ocrx_word' id='word_1_50' title='bbox 1660 1034 1872 1102; x_wconf 68' lang='lat' dir='ltr'><strong>praefari</strong></span> <span class='ocrx_word' id='word_1_51' title='bbox 1896 1036 2089 1104; x_wconf 88' lang='lat' dir='ltr'><strong>placet.</strong></span> <span class='ocrx_word' id='word_1_52' title='bbox 2122 1037 2326 1093; x_wconf 90' lang='lat' dir='ltr'><strong>Latinis</strong></span> 
     </span>
    </p>
   </div>
   <div class='ocr_carea' id='block_1_9' title="bbox 761 1118 2327 1195">
    <p class='ocr_par' dir='ltr' id='par_1_9' title="bbox 761 1118 2327 1195">
     <span class='ocr_line' id='line_1_9' title="bbox 761 1118 2327 1195; baseline 0.009 -25"><span class='ocrx_word' id='word_1_53' title='bbox 761 1134 889 1189; x_wconf 82' lang='lat' dir='ltr'><strong>ergo</strong></span> <span class='ocrx_word' id='word_1_54' title='bbox 928 1118 1328 1190; x_wconf 83' lang='lat' dir='ltr'><strong>Martyrologiis</strong></span> <span class='ocrx_word' id='word_1_55' title='bbox 1364 1121 1469 1175; x_wconf 87' lang='lat' dir='ltr'><strong>hoc</strong></span> <span class='ocrx_word' id='word_1_56' title='bbox 1494 1136 1584 1177; x_wconf 88' lang='lat' dir='ltr'><strong>xtv</strong></span> <span class='ocrx_word' id='word_1_57' title='bbox 1608 1121 1749 1177; x_wconf 83' lang='lat' dir='ltr'><strong>Junii</strong></span> <span class='ocrx_word' id='word_1_58' title='bbox 1805 1126 2074 1195; x_wconf 82' lang='lat' dir='ltr'><strong>ascriptus</strong></span> <span class='ocrx_word' id='word_1_59' title='bbox 2109 1139 2327 1184; x_wconf 78' lang='lat' dir='ltr'><strong>sanctus</strong></span> 
     </span>
    </p>
   </div>
   <div class='ocr_carea' id='block_1_10' title="bbox 762 1212 2325 1286">
    <p class='ocr_par' dir='ltr' id='par_1_10' title="bbox 762 1212 2325 1286">
     <span class='ocr_line' id='line_1_10' title="bbox 762 1212 2325 1286; baseline 0.005 -21"><span class='ocrx_word' id='word_1_60' title='bbox 762 1212 993 1267; x_wconf 82' lang='lat' dir='ltr'><strong>Basilius</strong></span> <span class='ocrx_word' id='word_1_61' title='bbox 1049 1221 1177 1267; x_wconf 89' lang='lat' dir='ltr'><strong>est:</strong></span> <span class='ocrx_word' id='word_1_62' title='bbox 1218 1229 1321 1267; x_wconf 88' lang='lat' dir='ltr'><strong>non</strong></span> <span class='ocrx_word' id='word_1_63' title='bbox 1377 1224 1503 1267; x_wconf 91' lang='lat' dir='ltr'><strong>sunt</strong></span> <span class='ocrx_word' id='word_1_64' title='bbox 1540 1224 1713 1269; x_wconf 91' lang='lat' dir='ltr'><strong>tamen</strong></span> <span class='ocrx_word' id='word_1_65' title='bbox 1766 1217 2137 1286; x_wconf 85' lang='lat' dir='ltr'><strong>antiquissima</strong></span> <span class='ocrx_word' id='word_1_66' title='bbox 2196 1220 2325 1273; x_wconf 86' lang='lat' dir='ltr'><strong>illa:</strong></span> 
     </span>
    </p>
   </div>
   <div class='ocr_carea' id='block_1_11' title="bbox 762 1303 2327 1381">
    <p class='ocr_par' dir='ltr' id='par_1_11' title="bbox 762 1303 2327 1381">
     <span class='ocr_line' id='line_1_11' title="bbox 762 1303 2327 1381; baseline 0.007 -27"><span class='ocrx_word' id='word_1_67' title='bbox 762 1310 943 1363; x_wconf 83' lang='lat' dir='ltr'><strong>tacent</strong></span> <span class='ocrx_word' id='word_1_68' title='bbox 980 1303 1122 1358; x_wconf 92' lang='lat' dir='ltr'><strong>enim</strong></span> <span class='ocrx_word' id='word_1_69' title='bbox 1171 1304 1235 1358; x_wconf 87' lang='lat' dir='ltr'><strong>de</strong></span> <span class='ocrx_word' id='word_1_70' title='bbox 1284 1303 1486 1358; x_wconf 86' lang='lat' dir='ltr'><strong>Basilio</strong></span> <span class='ocrx_word' id='word_1_71' title='bbox 1524 1304 1929 1377; x_wconf 81' lang='lat' dir='ltr'><strong>Hieronymiani</strong></span> <span class='ocrx_word' id='word_1_72' title='bbox 1966 1309 2327 1381; x_wconf 79' lang='lat' dir='ltr'><strong>Martyrologii</strong></span> 
     </span>
    </p>
   </div>
   <div class='ocr_carea' id='block_1_12' title="bbox 760 1396 2329 1467">
    <p class='ocr_par' dir='ltr' id='par_1_12' title="bbox 760 1396 2329 1467">
     <span class='ocr_line' id='line_1_12' title="bbox 760 1396 2329 1467; baseline 0.004 -18"><span class='ocrx_word' id='word_1_73' title='bbox 760 1396 1029 1466; x_wconf 85' lang='lat' dir='ltr'><strong>eegrapha</strong></span> <span class='ocrx_word' id='word_1_74' title='bbox 1059 1397 1280 1461; x_wconf 88' lang='lat' dir='ltr'><strong>omnia;</strong></span> <span class='ocrx_word' id='word_1_75' title='bbox 1341 1410 1551 1451; x_wconf 86' lang='lat' dir='ltr'><strong>necnon</strong></span> <span class='ocrx_word' id='word_1_76' title='bbox 1593 1400 1860 1467; x_wconf 88' lang='lat' dir='ltr'><strong>genuinus</strong></span> <span class='ocrx_word' id='word_1_77' title='bbox 1907 1400 2080 1467; x_wconf 60' lang='lat' dir='ltr'><strong>Beda,</strong></span> <span class='ocrx_word' id='word_1_78' title='bbox 2116 1404 2329 1456; x_wconf 85' lang='lat' dir='ltr'><strong>omnia-</strong></span> 
     </span>
    </p>
   </div>
   <div class='ocr_carea' id='block_1_13' title="bbox 762 1486 2333 1560">
    <p class='ocr_par' dir='ltr' id='par_1_13' title="bbox 762 1486 2333 1560">
     <span class='ocr_line' id='line_1_13' title="bbox 762 1486 2333 1560; baseline 0.006 -20"><span class='ocrx_word' id='word_1_79' title='bbox 762 1502 867 1558; x_wconf 89' lang='lat' dir='ltr'><strong>que</strong></span> <span class='ocrx_word' id='word_1_80' title='bbox 919 1488 1075 1543; x_wconf 72' lang='lat' dir='ltr'><strong>Beda:</strong></span> <span class='ocrx_word' id='word_1_81' title='bbox 1135 1497 1344 1544; x_wconf 88' lang='lat' dir='ltr'><strong>vetusta</strong></span> <span class='ocrx_word' id='word_1_82' title='bbox 1401 1486 1828 1560; x_wconf 76' lang='lat' dir='ltr'><strong>Supplementa,</strong></span> <span class='ocrx_word' id='word_1_83' title='bbox 1868 1507 1971 1545; x_wconf 91' lang='lat' dir='ltr'><strong>una</strong></span> <span class='ocrx_word' id='word_1_84' title='bbox 2021 1509 2139 1546; x_wconf 88' lang='lat' dir='ltr'><strong>eum</strong></span> <span class='ocrx_word' id='word_1_85' title='bbox 2172 1493 2333 1549; x_wconf 85' lang='lat' dir='ltr'><strong>Floro</strong></span> 
     </span>
    </p>
   </div>
   <div class='ocr_carea' id='block_1_14' title="bbox 762 1575 2330 1651">
    <p class='ocr_par' dir='ltr' id='par_1_14' title="bbox 762 1575 2330 1651">
     <span class='ocr_line' id='line_1_14' title="bbox 762 1575 2330 1651; baseline 0.005 -20"><span class='ocrx_word' id='word_1_86' title='bbox 762 1575 1130 1645; x_wconf 87' lang='lat' dir='ltr'><strong>Lugdunensi,</strong></span> <span class='ocrx_word' id='word_1_87' title='bbox 1159 1594 1222 1634; x_wconf 90' lang='lat' dir='ltr'><strong>ac</strong></span> <span class='ocrx_word' id='word_1_88' title='bbox 1254 1581 1487 1651; x_wconf 87' lang='lat' dir='ltr'><strong>denique</strong></span> <span class='ocrx_word' id='word_1_89' title='bbox 1509 1580 1929 1637; x_wconf 85' lang='lat' dir='ltr'><strong>Wandelbertus</strong></span> <span class='ocrx_word' id='word_1_90' title='bbox 1978 1581 2330 1639; x_wconf 90' lang='lat' dir='ltr'><strong>Prumiensis.</strong></span> 
     </span>
    </p>
   </div>
   <div class='ocr_carea' id='block_1_15' title="bbox 763 1666 2334 1737">
    <p class='ocr_par' dir='ltr' id='par_1_15' title="bbox 763 1666 2334 1737">
     <span class='ocr_line' id='line_1_15' title="bbox 763 1666 2334 1737; baseline 0.004 -15"><span class='ocrx_word' id='word_1_91' title='bbox 763 1666 929 1723; x_wconf 86' lang='lat' dir='ltr'><strong>Primi</strong></span> <span class='ocrx_word' id='word_1_92' title='bbox 966 1669 1017 1723; x_wconf 92' lang='lat' dir='ltr'><strong>in</strong></span> <span class='ocrx_word' id='word_1_93' title='bbox 1043 1670 1129 1724; x_wconf 90' lang='lat' dir='ltr'><strong>illo</strong></span> <span class='ocrx_word' id='word_1_94' title='bbox 1161 1672 1509 1737; x_wconf 88' lang='lat' dir='ltr'><strong>nominando,</strong></span> <span class='ocrx_word' id='word_1_95' title='bbox 1549 1689 1615 1728; x_wconf 87' lang='lat' dir='ltr'><strong>ex</strong></span> <span class='ocrx_word' id='word_1_96' title='bbox 1645 1674 1913 1728; x_wconf 88' lang='lat' dir='ltr'><strong>communi</strong></span> <span class='ocrx_word' id='word_1_97' title='bbox 1939 1684 2117 1728; x_wconf 89' lang='lat' dir='ltr'><strong>tamen</strong></span> <span class='ocrx_word' id='word_1_98' title='bbox 2150 1677 2334 1729; x_wconf 84' lang='lat' dir='ltr'><strong>nescio</strong></span> 
     </span>
    </p>
   </div>
   <div class='ocr_carea' id='block_1_16' title="bbox 764 1758 2335 1835">
    <p class='ocr_par' dir='ltr' id='par_1_16' title="bbox 764 1758 2335 1835">
     <span class='ocr_line' id='line_1_16' title="bbox 764 1758 2335 1835; baseline 0.006 -25"><span class='ocrx_word' id='word_1_99' title='bbox 764 1773 872 1828; x_wconf 91' lang='lat' dir='ltr'><strong>quo</strong></span> <span class='ocrx_word' id='word_1_100' title='bbox 907 1758 1074 1825; x_wconf 84' lang='lat' dir='ltr'><strong>fonte,</strong></span> <span class='ocrx_word' id='word_1_101' title='bbox 1113 1760 1332 1816; x_wconf 89' lang='lat' dir='ltr'><strong>fuerunt</strong></span> <span class='ocrx_word' id='word_1_102' title='bbox 1368 1762 1646 1819; x_wconf 90' lang='lat' dir='ltr'><strong>Usuardus</strong></span> <span class='ocrx_word' id='word_1_103' title='bbox 1674 1774 1726 1818; x_wconf 92' lang='lat' dir='ltr'><strong>et</strong></span> <span class='ocrx_word' id='word_1_104' title='bbox 1758 1765 1872 1819; x_wconf 88' lang='lat' dir='ltr'><strong>Ado</strong></span> <span class='ocrx_word' id='word_1_105' title='bbox 1901 1784 1915 1819; x_wconf 86' lang='lat'><strong>:</strong></span> <span class='ocrx_word' id='word_1_106' title='bbox 1949 1780 2176 1835; x_wconf 89' lang='lat' dir='ltr'><strong>quorum</strong></span> <span class='ocrx_word' id='word_1_107' title='bbox 2226 1767 2335 1835; x_wconf 90' lang='lat' dir='ltr'><strong>pri-</strong></span> 
     </span>
    </p>
   </div>
   <div class='ocr_carea' id='block_1_17' title="bbox 766 1852 2334 1920">
    <p class='ocr_par' dir='ltr' id='par_1_17' title="bbox 766 1852 2334 1920">
     <span class='ocr_line' id='line_1_17' title="bbox 766 1852 2334 1920; baseline 0.006 -16"><span class='ocrx_word' id='word_1_108' title='bbox 766 1864 908 1916; x_wconf 88' lang='lat' dir='ltr'><strong>mus,</strong></span> <span class='ocrx_word' id='word_1_109' title='bbox 952 1866 1103 1905; x_wconf 88' lang='lat' dir='ltr'><strong>more</strong></span> <span class='ocrx_word' id='word_1_110' title='bbox 1129 1867 1229 1907; x_wconf 92' lang='lat' dir='ltr'><strong>suo</strong></span> <span class='ocrx_word' id='word_1_111' title='bbox 1255 1852 1493 1920; x_wconf 87' lang='lat' dir='ltr'><strong>brevior,</strong></span> <span class='ocrx_word' id='word_1_112' title='bbox 1518 1856 1585 1910; x_wconf 90' lang='lat' dir='ltr'><strong>ad</strong></span> <span class='ocrx_word' id='word_1_113' title='bbox 1621 1872 1752 1910; x_wconf 83' lang='lat' dir='ltr'><strong>xvttt</strong></span> <span class='ocrx_word' id='word_1_114' title='bbox 1780 1857 2050 1913; x_wconf 76' lang='lat' dir='ltr'><strong>Kalendas</strong></span> <span class='ocrx_word' id='word_1_115' title='bbox 2095 1857 2219 1913; x_wconf 74' lang='lat' dir='ltr'><strong>Julii</strong></span> <span class='ocrx_word' id='word_1_116' title='bbox 2256 1860 2334 1913; x_wconf 91' lang='lat' dir='ltr'><strong>sic</strong></span> 
     </span>
    </p>
   </div>
   <div class='ocr_carea' id='block_1_18' title="bbox 2426 665 3979 741">
    <p class='ocr_par' dir='ltr' id='par_1_18' title="bbox 2426 665 3979 741">
     <span class='ocr_line' id='line_1_18' title="bbox 2426 665 3979 741; baseline 0.006 -23"><span class='ocrx_word' id='word_1_117' title='bbox 2426 665 2494 718; x_wconf 91' lang='lat' dir='ltr'><strong>ita</strong></span> <span class='ocrx_word' id='word_1_118' title='bbox 2524 666 2574 719; x_wconf 93' lang='lat' dir='ltr'><strong>in</strong></span> <span class='ocrx_word' id='word_1_119' title='bbox 2625 665 3052 721; x_wconf 89' lang='lat' dir='ltr'><strong>circumstantiis</strong></span> <span class='ocrx_word' id='word_1_120' title='bbox 3078 668 3145 721; x_wconf 90' lang='lat' dir='ltr'><strong>ab</strong></span> <span class='ocrx_word' id='word_1_121' title='bbox 3168 668 3393 723; x_wconf 78' lang='lat' dir='ltr'><strong>historia</strong></span> <span class='ocrx_word' id='word_1_122' title='bbox 3429 668 3651 725; x_wconf 88' lang='lat' dir='ltr'><strong>multum</strong></span> <span class='ocrx_word' id='word_1_123' title='bbox 3686 674 3979 741; x_wconf 85' lang='lat' dir='ltr'><strong>aberrant;</strong></span> 
     </span>
    </p>
   </div>
   <div class='ocr_carea' id='block_1_19' title="bbox 2428 756 3983 826">
    <p class='ocr_par' dir='ltr' id='par_1_19' title="bbox 2428 756 3983 826">
     <span class='ocr_line' id='line_1_19' title="bbox 2428 756 3983 826; baseline 0.01 -20"><span class='ocrx_word' id='word_1_124' title='bbox 2428 757 2567 824; x_wconf 90' lang='lat' dir='ltr'><strong>quod</strong></span> <span class='ocrx_word' id='word_1_125' title='bbox 2606 756 2809 826; x_wconf 88' lang='lat' dir='ltr'><strong>patebit</strong></span> <span class='ocrx_word' id='word_1_126' title='bbox 2844 758 3209 814; x_wconf 88' lang='lat' dir='ltr'><strong>consideranti</strong></span> <span class='ocrx_word' id='word_1_127' title='bbox 3243 760 3373 814; x_wconf 78' lang='lat' dir='ltr'><strong>Acta</strong></span> <span class='ocrx_word' id='word_1_128' title='bbox 3416 760 3641 815; x_wconf 89' lang='lat' dir='ltr'><strong>inferius</strong></span> <span class='ocrx_word' id='word_1_129' title='bbox 3672 764 3866 819; x_wconf 88' lang='lat' dir='ltr'><strong>danda.</strong></span> <span class='ocrx_word' id='word_1_130' title='bbox 3908 766 3983 822; x_wconf 81' lang='lat' dir='ltr'><strong>Ex</strong></span> 
     </span>
    </p>
   </div>
   <div class='ocr_carea' id='block_1_20' title="bbox 2425 848 3989 917">
    <p class='ocr_par' dir='ltr' id='par_1_20' title="bbox 2425 848 3989 917">
     <span class='ocr_line' id='line_1_20' title="bbox 2425 848 3989 917; baseline 0.008 -15"><span class='ocrx_word' id='word_1_131' title='bbox 2425 848 2609 902; x_wconf 81' lang='lat' dir='ltr'><strong>Adone</strong></span> <span class='ocrx_word' id='word_1_132' title='bbox 2662 859 2841 903; x_wconf 87' lang='lat' dir='ltr'><strong>tamen</strong></span> <span class='ocrx_word' id='word_1_133' title='bbox 2894 851 3217 915; x_wconf 74' lang='lat' dir='ltr'><strong>ostenditur,</strong></span> <span class='ocrx_word' id='word_1_134' title='bbox 3241 860 3484 905; x_wconf 90' lang='lat' dir='ltr'><strong>sanctum</strong></span> <span class='ocrx_word' id='word_1_135' title='bbox 3516 850 3793 917; x_wconf 87' lang='lat' dir='ltr'><strong>Bas&#39;rlium,</strong></span> <span class='ocrx_word' id='word_1_136' title='bbox 3830 858 3989 914; x_wconf 86' lang='lat' dir='ltr'><strong>annis</strong></span> 
     </span>
    </p>
   </div>
   <div class='ocr_carea' id='block_1_21' title="bbox 2427 936 3986 1015">
    <p class='ocr_par' dir='ltr' id='par_1_21' title="bbox 2427 936 3986 1015">
     <span class='ocr_line' id='line_1_21' title="bbox 2427 936 3986 1015; baseline 0.007 -26"><span class='ocrx_word' id='word_1_137' title='bbox 2427 936 2623 991; x_wconf 84' lang='lat' dir='ltr'><strong>abhinc</strong></span> <span class='ocrx_word' id='word_1_138' title='bbox 2653 938 2975 1006; x_wconf 80' lang='lat' dir='ltr'><strong>octingentis</strong></span> <span class='ocrx_word' id='word_1_139' title='bbox 3012 938 3113 993; x_wconf 89' lang='lat' dir='ltr'><strong>coli</strong></span> <span class='ocrx_word' id='word_1_140' title='bbox 3163 938 3337 993; x_wconf 90' lang='lat' dir='ltr'><strong>solere</strong></span> <span class='ocrx_word' id='word_1_141' title='bbox 3386 941 3486 995; x_wconf 89' lang='lat' dir='ltr'><strong>hac</strong></span> <span class='ocrx_word' id='word_1_142' title='bbox 3537 943 3744 997; x_wconf 86' lang='lat' dir='ltr'><strong>decima</strong></span> <span class='ocrx_word' id='word_1_143' title='bbox 3794 959 3986 1015; x_wconf 84' lang='lat' dir='ltr'><strong>quarta</strong></span> 
     </span>
    </p>
   </div>
   <div class='ocr_carea' id='block_1_22' title="bbox 2426 1026 3985 1099">
    <p class='ocr_par' dir='ltr' id='par_1_22' title="bbox 2426 1026 3985 1099">
     <span class='ocr_line' id='line_1_22' title="bbox 2426 1026 3985 1099; baseline 0.006 -18"><span class='ocrx_word' id='word_1_144' title='bbox 2426 1026 2569 1082; x_wconf 83' lang='lat' dir='ltr'><strong>Junii</strong></span> <span class='ocrx_word' id='word_1_145' title='bbox 2610 1046 2624 1095; x_wconf 89' lang='lat'><strong>;</strong></span> <span class='ocrx_word' id='word_1_146' title='bbox 2671 1028 2898 1099; x_wconf 85' lang='lat' dir='ltr'><strong>indeque</strong></span> <span class='ocrx_word' id='word_1_147' title='bbox 2948 1030 3203 1085; x_wconf 87' lang='lat' dir='ltr'><strong>suadetur</strong></span> <span class='ocrx_word' id='word_1_148' title='bbox 3244 1030 3430 1085; x_wconf 89' lang='lat' dir='ltr'><strong>eadem</strong></span> <span class='ocrx_word' id='word_1_149' title='bbox 3484 1031 3571 1087; x_wconf 90' lang='lat' dir='ltr'><strong>die</strong></span> <span class='ocrx_word' id='word_1_150' title='bbox 3611 1047 3985 1091; x_wconf 84' lang='lat' dir='ltr'><strong>coasecratum</strong></span> 
     </span>
    </p>
   </div>
   <div class='ocr_carea' id='block_1_23' title="bbox 2427 1120 3976 1191">
    <p class='ocr_par' dir='ltr' id='par_1_23' title="bbox 2427 1120 3976 1191">
     <span class='ocr_line' id='line_1_23' title="bbox 2427 1120 3976 1191; baseline 0.006 -16"><span class='ocrx_word' id='word_1_151' title='bbox 2427 1120 2788 1189; x_wconf 78' lang='lat' dir='ltr'><strong>epise0pnm;</strong></span> <span class='ocrx_word' id='word_1_152' title='bbox 2838 1122 3080 1190; x_wconf 82' lang='lat' dir='ltr'><strong>quamvis</strong></span> <span class='ocrx_word' id='word_1_153' title='bbox 3146 1122 3421 1191; x_wconf 79' lang='lat' dir='ltr'><strong>ignoretur</strong></span> <span class='ocrx_word' id='word_1_154' title='bbox 3464 1125 3600 1180; x_wconf 92' lang='lat' dir='ltr'><strong>unde</strong></span> <span class='ocrx_word' id='word_1_155' title='bbox 3652 1126 3751 1182; x_wconf 93' lang='lat' dir='ltr'><strong>hoc</strong></span> <span class='ocrx_word' id='word_1_156' title='bbox 3799 1127 3976 1186; x_wconf 80' lang='lat' dir='ltr'><strong>Latini</strong></span> 
     </span>
    </p>
   </div>
   <div class='ocr_carea' id='block_1_24' title="bbox 2431 1213 3328 1281">
    <p class='ocr_par' dir='ltr' id='par_1_24' title="bbox 2431 1213 3328 1281">
     <span class='ocr_line' id='line_1_24' title="bbox 2431 1213 3328 1281; baseline 0.004 -16"><span class='ocrx_word' id='word_1_157' title='bbox 2431 1213 2758 1281; x_wconf 88' lang='lat' dir='ltr'><strong>acceperint,</strong></span> <span class='ocrx_word' id='word_1_158' title='bbox 2786 1214 3090 1269; x_wconf 86' lang='lat' dir='ltr'><strong>tacentibus</strong></span> <span class='ocrx_word' id='word_1_159' title='bbox 3125 1213 3328 1270; x_wconf 84' lang='lat' dir='ltr'><strong>Graecis</strong></span> 
     </span>
    </p>
   </div>
   <div class='ocr_carea' id='block_1_25' title="bbox 2500 1300 3991 1367">
    <p class='ocr_par' dir='ltr' id='par_1_25' title="bbox 2500 1300 3991 1367">
     <span class='ocr_line' id='line_1_25' title="bbox 2500 1300 3991 1367; baseline 0.007 -11"><span class='ocrx_word' id='word_1_160' title='bbox 2500 1303 2555 1356; x_wconf 73' lang='grc' dir='ltr'><strong>ὅ.</strong></span> <span class='ocrx_word' id='word_1_161' title='bbox 2598 1300 2825 1357; x_wconf 89' lang='lat' dir='ltr'><strong>Usuardi</strong></span> <span class='ocrx_word' id='word_1_162' title='bbox 2858 1301 3086 1360; x_wconf 74' lang='lat' dir='ltr'><strong>Lubecze</strong></span> <span class='ocrx_word' id='word_1_163' title='bbox 3121 1306 3303 1361; x_wconf 78' lang='lat' dir='ltr'><strong>excusi</strong></span> <span class='ocrx_word' id='word_1_164' title='bbox 3338 1317 3391 1361; x_wconf 92' lang='lat' dir='ltr'><strong>et</strong></span> <span class='ocrx_word' id='word_1_165' title='bbox 3414 1305 3639 1362; x_wconf 85' lang='lat' dir='ltr'><strong>Florarii</strong></span> <span class='ocrx_word' id='word_1_166' title='bbox 3670 1308 3991 1367; x_wconf 91' lang='lat' dir='ltr'><strong>Sanctorum</strong></span> 
     </span>
    </p>
   </div>
   <div class='ocr_carea' id='block_1_26' title="bbox 2430 1395 3993 1468">
    <p class='ocr_par' dir='ltr' id='par_1_26' title="bbox 2430 1395 3993 1468">
     <span class='ocr_line' id='line_1_26' title="bbox 2430 1395 3993 1468; baseline 0.008 -21"><span class='ocrx_word' id='word_1_167' title='bbox 2430 1404 2701 1459; x_wconf 82' lang='lat' dir='ltr'><strong>auctores,</strong></span> <span class='ocrx_word' id='word_1_168' title='bbox 2724 1410 2846 1451; x_wconf 90' lang='lat' dir='ltr'><strong>cum</strong></span> <span class='ocrx_word' id='word_1_169' title='bbox 2876 1395 3058 1451; x_wconf 82' lang='lat' dir='ltr'><strong>forsan</strong></span> <span class='ocrx_word' id='word_1_170' title='bbox 3087 1399 3398 1467; x_wconf 80' lang='lat' dir='ltr'><strong>ignorarent</strong></span> <span class='ocrx_word' id='word_1_171' title='bbox 3445 1416 3547 1468; x_wconf 90' lang='lat' dir='ltr'><strong>qua</strong></span> <span class='ocrx_word' id='word_1_172' title='bbox 3578 1401 3644 1457; x_wconf 92' lang='lat' dir='ltr'><strong>de</strong></span> <span class='ocrx_word' id='word_1_173' title='bbox 3665 1416 3828 1458; x_wconf 87' lang='lat' dir='ltr'><strong>causa</strong></span> <span class='ocrx_word' id='word_1_174' title='bbox 3876 1406 3993 1460; x_wconf 85' lang='lat' dir='ltr'><strong>dies</strong></span> 
     </span>
    </p>
   </div>
   <div class='ocr_carea' id='block_1_27' title="bbox 2435 1483 3994 1563">
    <p class='ocr_par' dir='ltr' id='par_1_27' title="bbox 2435 1483 3994 1563">
     <span class='ocr_line' id='line_1_27' title="bbox 2435 1483 3994 1563; baseline 0.007 -24"><span class='ocrx_word' id='word_1_175' title='bbox 2435 1484 2525 1539; x_wconf 88' lang='lat' dir='ltr'><strong>hic</strong></span> <span class='ocrx_word' id='word_1_176' title='bbox 2589 1483 2789 1540; x_wconf 87' lang='lat' dir='ltr'><strong>Basilio</strong></span> <span class='ocrx_word' id='word_1_177' title='bbox 2845 1500 3001 1540; x_wconf 89' lang='lat' dir='ltr'><strong>sacer</strong></span> <span class='ocrx_word' id='word_1_178' title='bbox 3050 1485 3364 1556; x_wconf 86' lang='lat' dir='ltr'><strong>haberetur,</strong></span> <span class='ocrx_word' id='word_1_179' title='bbox 3416 1492 3822 1545; x_wconf 86' lang='lat' dir='ltr'><strong>translationem</strong></span> <span class='ocrx_word' id='word_1_180' title='bbox 3878 1495 3994 1563; x_wconf 82' lang='lat' dir='ltr'><strong>ejus</strong></span> 
     </span>
    </p>
   </div>
   <div class='ocr_carea' id='block_1_28' title="bbox 2434 1575 3994 1653">
    <p class='ocr_par' dir='ltr' id='par_1_28' title="bbox 2434 1575 3994 1653">
     <span class='ocr_line' id='line_1_28' title="bbox 2434 1575 3994 1653; baseline 0.009 -26"><span class='ocrx_word' id='word_1_181' title='bbox 2434 1575 2721 1644; x_wconf 81' lang='lat' dir='ltr'><strong>quamdam</strong></span> <span class='ocrx_word' id='word_1_182' title='bbox 2746 1616 2762 1641; x_wconf 93' lang='lat'><strong>,</strong></span> <span class='ocrx_word' id='word_1_183' title='bbox 2790 1577 2882 1631; x_wconf 85' lang='lat' dir='ltr'><strong>sed</strong></span> <span class='ocrx_word' id='word_1_184' title='bbox 2913 1576 3163 1632; x_wconf 90' lang='lat' dir='ltr'><strong>omnibus</strong></span> <span class='ocrx_word' id='word_1_185' title='bbox 3190 1577 3308 1633; x_wconf 87' lang='lat' dir='ltr'><strong>aliis</strong></span> <span class='ocrx_word' id='word_1_186' title='bbox 3340 1581 3571 1650; x_wconf 78' lang='lat' dir='ltr'><strong>ignotam</strong></span> <span class='ocrx_word' id='word_1_187' title='bbox 3604 1582 3994 1653; x_wconf 85' lang='lat' dir='ltr'><strong>excogitarunt.</strong></span> 
     </span>
    </p>
   </div>
   <div class='ocr_carea' id='block_1_29' title="bbox 2437 1663 3992 1747">
    <p class='ocr_par' dir='ltr' id='par_1_29' title="bbox 2437 1663 3992 1747">
     <span class='ocr_line' id='line_1_29' title="bbox 2437 1663 3992 1747; baseline 0.008 -29"><span class='ocrx_word' id='word_1_188' title='bbox 2437 1663 2652 1721; x_wconf 86' lang='lat' dir='ltr'><strong>Primus</strong></span> <span class='ocrx_word' id='word_1_189' title='bbox 2689 1685 2703 1721; x_wconf 89' lang='lat'><strong>:</strong></span> <span class='ocrx_word' id='word_1_190' title='bbox 2739 1687 2757 1719; x_wconf 72' lang='grc' dir='ltr'>ι</span> <span class='ocrx_word' id='word_1_191' title='bbox 2807 1667 2961 1739; x_wconf 87' lang='lat' dir='ltr'><strong>Apud</strong></span> <span class='ocrx_word' id='word_1_192' title='bbox 3017 1667 3319 1723; x_wconf 65' lang='lat' dir='ltr'><strong>Cmsaream</strong></span> <span class='ocrx_word' id='word_1_193' title='bbox 3363 1671 3707 1742; x_wconf 75' lang='lat' dir='ltr'><strong>Cappadocia:</strong></span> <span class='ocrx_word' id='word_1_194' title='bbox 3738 1716 3752 1739; x_wconf 93' lang='lat'><strong>,</strong></span> <span class='ocrx_word' id='word_1_195' title='bbox 3788 1676 3992 1747; x_wconf 81' lang='lat' dir='ltr'><strong>inquit,</strong></span> 
     </span>
    </p>
   </div>
   <div class='ocr_carea' id='block_1_30' title="bbox 2439 1757 4001 1832">
    <p class='ocr_par' dir='ltr' id='par_1_30' title="bbox 2439 1757 4001 1832">
     <span class='ocr_line' id='line_1_30' title="bbox 2439 1757 4001 1832; baseline 0.005 -22"><span class='ocrx_word' id='word_1_196' title='bbox 2439 1758 2724 1812; x_wconf 88' lang='lat' dir='ltr'><strong>translatio</strong></span> <span class='ocrx_word' id='word_1_197' title='bbox 2752 1757 2810 1816; x_wconf 92' lang='lat' dir='ltr'><strong>S.</strong></span> <span class='ocrx_word' id='word_1_198' title='bbox 2845 1760 3051 1827; x_wconf 82' lang='lat' dir='ltr'><strong>Basilii,</strong></span> <span class='ocrx_word' id='word_1_199' title='bbox 3086 1760 3321 1832; x_wconf 86' lang='lat' dir='ltr'><strong>episcopi</strong></span> <span class='ocrx_word' id='word_1_200' title='bbox 3350 1773 3404 1816; x_wconf 89' lang='lat' dir='ltr'><strong>et</strong></span> <span class='ocrx_word' id='word_1_201' title='bbox 3438 1764 3782 1823; x_wconf 83' lang='lat' dir='ltr'><strong>confessoris.</strong></span> <span class='ocrx_word' id='word_1_202' title='bbox 3828 1787 3847 1820; x_wconf 75' lang='grc' dir='ltr'><strong><em>ι</em></strong></span> <span class='ocrx_word' id='word_1_203' title='bbox 3878 1768 4001 1825; x_wconf 77' lang='lat' dir='ltr'><strong>Fin.</strong></span> 
     </span>
    </p>
   </div>
   <div class='ocr_carea' id='block_1_31' title="bbox 2438 1849 3999 1932">
    <p class='ocr_par' dir='ltr' id='par_1_31' title="bbox 2438 1849 3999 1932">
     <span class='ocr_line' id='line_1_31' title="bbox 2438 1849 3999 1932; baseline 0.01 -31"><span class='ocrx_word' id='word_1_204' title='bbox 2438 1849 2640 1902; x_wconf 91' lang='lat' dir='ltr'><strong>rarium</strong></span> <span class='ocrx_word' id='word_1_205' title='bbox 2667 1850 2853 1904; x_wconf 84' lang='lat' dir='ltr'><strong>iisdem</strong></span> <span class='ocrx_word' id='word_1_206' title='bbox 2880 1850 3047 1916; x_wconf 88' lang='lat' dir='ltr'><strong>addit,</strong></span> <span class='ocrx_word' id='word_1_207' title='bbox 3095 1869 3114 1903; x_wconf 74' lang='grc' dir='ltr'>ι</span> <span class='ocrx_word' id='word_1_208' title='bbox 3147 1851 3328 1907; x_wconf 82' lang='lat' dir='ltr'><strong>fratris</strong></span> <span class='ocrx_word' id='word_1_209' title='bbox 3356 1852 3599 1926; x_wconf 78' lang='lat' dir='ltr'><strong>Gregorii</strong></span> <span class='ocrx_word' id='word_1_210' title='bbox 3626 1869 3679 1913; x_wconf 88' lang='lat' dir='ltr'><strong>et</strong></span> <span class='ocrx_word' id='word_1_211' title='bbox 3704 1858 3877 1926; x_wconf 85' lang='lat' dir='ltr'><strong>Petri,</strong></span> <span class='ocrx_word' id='word_1_212' title='bbox 3909 1865 3999 1932; x_wconf 92' lang='lat' dir='ltr'><strong>qui</strong></span> 
     </span>
    </p>
   </div>
   <div class='ocr_carea' id='block_1_32' title="bbox 767 1940 3999 2018">
    <p class='ocr_par' dir='ltr' id='par_1_32' title="bbox 767 1940 3999 2018">
     <span class='ocr_line' id='line_1_32' title="bbox 767 1940 3999 2018; baseline 0.006 -31"><span class='ocrx_word' id='word_1_213' title='bbox 767 1941 959 1995; x_wconf 76' lang='lat' dir='ltr'><strong>scribit</strong></span> <span class='ocrx_word' id='word_1_214' title='bbox 982 1941 1033 1994; x_wconf 86' lang='lat' dir='ltr'><strong>in</strong></span> <span class='ocrx_word' id='word_1_215' title='bbox 1078 1942 1327 1998; x_wconf 78' lang='lat' dir='ltr'><strong>omnibus</strong></span> <span class='ocrx_word' id='word_1_216' title='bbox 1354 1944 1469 2000; x_wconf 72' lang='lat' dir='ltr'><strong>fere</strong></span> <span class='ocrx_word' id='word_1_217' title='bbox 1496 1947 1934 2017; x_wconf 66' lang='lat' dir='ltr'><strong>exemplaribus;</strong></span> <span class='ocrx_word' id='word_1_218' title='bbox 1981 1968 1999 1999; x_wconf 71' lang='grc' dir='ltr'>ι</span> <span class='ocrx_word' id='word_1_219' title='bbox 2036 1950 2186 2015; x_wconf 73' lang='lat' dir='ltr'><strong>Apud</strong></span> <span class='ocrx_word' id='word_1_220' title='bbox 2215 1950 2330 2005; x_wconf 64' lang='grc' dir='ltr'><strong>(ςτε-</strong></span> <span class='ocrx_word' id='word_1_221' title='bbox 2364 1950 2407 2004; x_wconf 81' lang='lat' dir='ltr'><strong>B</strong></span> <span class='ocrx_word' id='word_1_222' title='bbox 2439 1951 2681 2008; x_wconf 86' lang='lat' dir='ltr'><strong>tempore</strong></span> <span class='ocrx_word' id='word_1_223' title='bbox 2720 1940 2958 1996; x_wconf 82' lang='lat' dir='ltr'><strong>Valentis</strong></span> <span class='ocrx_word' id='word_1_224' title='bbox 2988 1942 3347 2013; x_wconf 87' lang='lat' dir='ltr'><strong>imperatoris,</strong></span> <span class='ocrx_word' id='word_1_225' title='bbox 3386 1944 3628 1999; x_wconf 88' lang='lat' dir='ltr'><strong>doctrina</strong></span> <span class='ocrx_word' id='word_1_226' title='bbox 3657 1957 3712 2002; x_wconf 90' lang='lat' dir='ltr'><strong>et</strong></span> <span class='ocrx_word' id='word_1_227' title='bbox 3736 1953 3999 2018; x_wconf 80' lang='lat' dir='ltr'><strong>sapientia</strong></span> 
     </span>
    </p>
   </div>
   <div class='ocr_carea' id='block_1_33' title="bbox 766 2030 2335 2111">
    <p class='ocr_par' dir='ltr' id='par_1_33' title="bbox 766 2030 2335 2111">
     <span class='ocr_line' id='line_1_33' title="bbox 766 2030 2335 2111; baseline 0.01 -30"><span class='ocrx_word' id='word_1_228' title='bbox 766 2043 975 2084; x_wconf 88' lang='lat' dir='ltr'><strong>saream</strong></span> <span class='ocrx_word' id='word_1_229' title='bbox 1009 2030 1365 2103; x_wconf 76' lang='lat' dir='ltr'><strong>Cappadociae</strong></span> <span class='ocrx_word' id='word_1_230' title='bbox 1392 2035 1601 2091; x_wconf 85' lang='lat' dir='ltr'><strong>Natalis</strong></span> <span class='ocrx_word' id='word_1_231' title='bbox 1631 2037 1688 2091; x_wconf 90' lang='lat' dir='ltr'><strong>S.</strong></span> <span class='ocrx_word' id='word_1_232' title='bbox 1724 2038 1905 2094; x_wconf 88' lang='lat' dir='ltr'><strong>Basilii</strong></span> <span class='ocrx_word' id='word_1_233' title='bbox 1949 2043 2211 2111; x_wconf 86' lang='lat' dir='ltr'><strong>episcopi,</strong></span> <span class='ocrx_word' id='word_1_234' title='bbox 2243 2042 2335 2111; x_wconf 92' lang='lat' dir='ltr'><strong>qui</strong></span> 
     </span>
    </p>
   </div>
   <div class='ocr_carea' id='block_1_34' title="bbox 770 2125 2337 2202">
    <p class='ocr_par' dir='ltr' id='par_1_34' title="bbox 770 2125 2337 2202">
     <span class='ocr_line' id='line_1_34' title="bbox 770 2125 2337 2202; baseline 0.008 -28"><span class='ocrx_word' id='word_1_235' title='bbox 770 2127 1011 2189; x_wconf 84' lang='lat' dir='ltr'><strong>tempore</strong></span> <span class='ocrx_word' id='word_1_236' title='bbox 1064 2125 1306 2180; x_wconf 77' lang='lat' dir='ltr'><strong>Valentis</strong></span> <span class='ocrx_word' id='word_1_237' title='bbox 1355 2128 1605 2183; x_wconf 87' lang='lat' dir='ltr'><strong>doctrina</strong></span> <span class='ocrx_word' id='word_1_238' title='bbox 1654 2138 1710 2183; x_wconf 91' lang='lat' dir='ltr'><strong>et</strong></span> <span class='ocrx_word' id='word_1_239' title='bbox 1765 2132 2025 2202; x_wconf 87' lang='lat' dir='ltr'><strong>sapientia</strong></span> <span class='ocrx_word' id='word_1_240' title='bbox 2084 2133 2337 2201; x_wconf 75' lang='lat' dir='ltr'><strong>insignis,</strong></span> 
     </span>
    </p>
   </div>
   <div class='ocr_carea' id='block_1_35' title="bbox 766 2211 2337 2293">
    <p class='ocr_par' dir='ltr' id='par_1_35' title="bbox 766 2211 2337 2293">
     <span class='ocr_line' id='line_1_35' title="bbox 766 2211 2337 2293; baseline 0.008 -28"><span class='ocrx_word' id='word_1_241' title='bbox 766 2211 1127 2281; x_wconf 88' lang='lat' dir='ltr'><strong>omnibusque</strong></span> <span class='ocrx_word' id='word_1_242' title='bbox 1178 2214 1470 2271; x_wconf 79' lang='lat' dir='ltr'><strong>virtutibus</strong></span> <span class='ocrx_word' id='word_1_243' title='bbox 1505 2216 1781 2287; x_wconf 86' lang='lat' dir='ltr'><strong>fundatus,</strong></span> <span class='ocrx_word' id='word_1_244' title='bbox 1834 2221 2157 2293; x_wconf 82' lang='lat' dir='ltr'><strong>mirabiliter</strong></span> <span class='ocrx_word' id='word_1_245' title='bbox 2185 2221 2337 2277; x_wconf 66' lang='lat' dir='ltr'><strong>effulo</strong></span> 
     </span>
    </p>
   </div>
   <div class='ocr_carea' id='block_1_36' title="bbox 769 2300 2334 2381">
    <p class='ocr_par' dir='ltr' id='par_1_36' title="bbox 769 2300 2334 2381">
     <span class='ocr_line' id='line_1_36' title="bbox 769 2300 2334 2381; baseline 0.009 -27"><span class='ocrx_word' id='word_1_246' title='bbox 769 2300 860 2355; x_wconf 85' lang='lat' dir='ltr'><strong>sit.</strong></span> <span class='ocrx_word' id='word_1_247' title='bbox 903 2318 925 2353; x_wconf 74' lang='grc' dir='ltr'><strong><em>ι</em></strong></span> <span class='ocrx_word' id='word_1_248' title='bbox 955 2302 1057 2358; x_wconf 90' lang='lat' dir='ltr'><strong>Per</strong></span> <span class='ocrx_word' id='word_1_249' title='bbox 1089 2304 1321 2360; x_wconf 89' lang='lat' dir='ltr'><strong>natalem</strong></span> <span class='ocrx_word' id='word_1_250' title='bbox 1356 2306 1517 2373; x_wconf 92' lang='lat' dir='ltr'><strong>diem,</strong></span> <span class='ocrx_word' id='word_1_251' title='bbox 1549 2309 1713 2363; x_wconf 89' lang='lat' dir='ltr'><strong>alium</strong></span> <span class='ocrx_word' id='word_1_252' title='bbox 1758 2310 1847 2364; x_wconf 90' lang='lat' dir='ltr'><strong>hic</strong></span> <span class='ocrx_word' id='word_1_253' title='bbox 1879 2310 2176 2381; x_wconf 79' lang='lat' dir='ltr'><strong>intelligere</strong></span> <span class='ocrx_word' id='word_1_254' title='bbox 2230 2328 2334 2368; x_wconf 92' lang='lat' dir='ltr'><strong>non</strong></span> 
     </span>
    </p>
   </div>
   <div class='ocr_carea' id='block_1_37' title="bbox 770 2399 2336 2469">
    <p class='ocr_par' dir='ltr' id='par_1_37' title="bbox 770 2399 2336 2469">
     <span class='ocr_line' id='line_1_37' title="bbox 770 2399 2336 2469; baseline 0.008 -22"><span class='ocrx_word' id='word_1_255' title='bbox 770 2406 1080 2462; x_wconf 80' lang='lat' dir='ltr'><strong>possumus,</strong></span> <span class='ocrx_word' id='word_1_256' title='bbox 1125 2410 1285 2466; x_wconf 89' lang='lat' dir='ltr'><strong>quam</strong></span> <span class='ocrx_word' id='word_1_257' title='bbox 1318 2399 1752 2453; x_wconf 85' lang='lat' dir='ltr'><strong>anniversarium</strong></span> <span class='ocrx_word' id='word_1_258' title='bbox 1804 2402 2159 2458; x_wconf 90' lang='lat' dir='ltr'><strong>ordinationis</strong></span> <span class='ocrx_word' id='word_1_259' title='bbox 2186 2443 2204 2469; x_wconf 92' lang='lat'><strong>,</strong></span> <span class='ocrx_word' id='word_1_260' title='bbox 2259 2405 2336 2459; x_wconf 88' lang='lat' dir='ltr'><strong>uti</strong></span> 
     </span>
    </p>
   </div>
   <div class='ocr_carea' id='block_1_38' title="bbox 767 2488 2337 2557">
    <p class='ocr_par' dir='ltr' id='par_1_38' title="bbox 767 2488 2337 2557">
     <span class='ocr_line' id='line_1_38' title="bbox 767 2488 2337 2557; baseline 0.005 -14"><span class='ocrx_word' id='word_1_261' title='bbox 767 2498 990 2543; x_wconf 84' lang='lat' dir='ltr'><strong>sanctus</strong></span> <span class='ocrx_word' id='word_1_262' title='bbox 1020 2488 1127 2544; x_wconf 85' lang='lat' dir='ltr'><strong>Leo</strong></span> <span class='ocrx_word' id='word_1_263' title='bbox 1165 2490 1388 2557; x_wconf 80' lang='lat' dir='ltr'><strong>Magnus</strong></span> <span class='ocrx_word' id='word_1_264' title='bbox 1411 2531 1425 2555; x_wconf 95' lang='lat'><strong>,</strong></span> <span class='ocrx_word' id='word_1_265' title='bbox 1462 2506 1712 2546; x_wconf 88' lang='lat' dir='ltr'><strong>sermone</strong></span> <span class='ocrx_word' id='word_1_266' title='bbox 1750 2495 1909 2547; x_wconf 90' lang='lat' dir='ltr'><strong>tertio</strong></span> <span class='ocrx_word' id='word_1_267' title='bbox 1937 2496 1987 2548; x_wconf 91' lang='lat' dir='ltr'><strong>in</strong></span> <span class='ocrx_word' id='word_1_268' title='bbox 2027 2497 2337 2551; x_wconf 82' lang='lat' dir='ltr'><strong>anniversa-</strong></span> 
     </span>
    </p>
   </div>
   <div class='ocr_carea' id='block_1_39' title="bbox 770 2584 2337 2653">
    <p class='ocr_par' dir='ltr' id='par_1_39' title="bbox 770 2584 2337 2653">
     <span class='ocr_line' id='line_1_39' title="bbox 770 2584 2337 2653; baseline 0.005 -17"><span class='ocrx_word' id='word_1_269' title='bbox 770 2584 853 2637; x_wconf 92' lang='lat' dir='ltr'><strong>rio</strong></span> <span class='ocrx_word' id='word_1_270' title='bbox 875 2584 1260 2653; x_wconf 89' lang='lat' dir='ltr'><strong>assumptionis</strong></span> <span class='ocrx_word' id='word_1_271' title='bbox 1295 2601 1424 2649; x_wconf 66' lang='lat' dir='ltr'><strong>suae.</strong></span> <span class='ocrx_word' id='word_1_272' title='bbox 1445 2600 1566 2641; x_wconf 93' lang='lat' dir='ltr'><strong>eum</strong></span> <span class='ocrx_word' id='word_1_273' title='bbox 1592 2588 1867 2642; x_wconf 76' lang='lat' dir='ltr'><strong>servitutis</strong></span> <span class='ocrx_word' id='word_1_274' title='bbox 1898 2604 2009 2644; x_wconf 72' lang='lat' dir='ltr'><strong>suae</strong></span> <span class='ocrx_word' id='word_1_275' title='bbox 2035 2591 2337 2645; x_wconf 82' lang='lat' dir='ltr'><strong>natalitium</strong></span> 
     </span>
    </p>
   </div>
   <div class='ocr_carea' id='block_1_40' title="bbox 768 2672 2340 2751">
    <p class='ocr_par' dir='ltr' id='par_1_40' title="bbox 768 2672 2340 2751">
     <span class='ocr_line' id='line_1_40' title="bbox 768 2672 2340 2751; baseline 0.007 -28"><span class='ocrx_word' id='word_1_276' title='bbox 768 2672 911 2725; x_wconf 90' lang='lat' dir='ltr'><strong>diem</strong></span> <span class='ocrx_word' id='word_1_277' title='bbox 940 2672 1187 2740; x_wconf 86' lang='lat' dir='ltr'><strong>appellat.</strong></span> <span class='ocrx_word' id='word_1_278' title='bbox 1239 2672 1363 2728; x_wconf 89' lang='lat' dir='ltr'><strong>Ideo</strong></span> <span class='ocrx_word' id='word_1_279' title='bbox 1396 2675 1712 2729; x_wconf 87' lang='lat' dir='ltr'><strong>hodiernum</strong></span> <span class='ocrx_word' id='word_1_280' title='bbox 1745 2676 2046 2731; x_wconf 82' lang='lat' dir='ltr'><strong>Romanum</strong></span> <span class='ocrx_word' id='word_1_281' title='bbox 2078 2678 2340 2751; x_wconf 53' lang='grc' dir='ltr'><strong>Μαι-στος</strong></span> 
     </span>
    </p>
   </div>
   <div class='ocr_carea' id='block_1_41' title="bbox 771 2762 2338 2835">
    <p class='ocr_par' dir='ltr' id='par_1_41' title="bbox 771 2762 2338 2835">
     <span class='ocr_line' id='line_1_41' title="bbox 771 2762 2338 2835; baseline 0.006 -19"><span class='ocrx_word' id='word_1_282' title='bbox 771 2762 994 2830; x_wconf 60' lang='lat' dir='ltr'><strong>legium,</strong></span> <span class='ocrx_word' id='word_1_283' title='bbox 1024 2764 1252 2822; x_wconf 85' lang='lat' dir='ltr'><strong>servatis</strong></span> <span class='ocrx_word' id='word_1_284' title='bbox 1276 2766 1399 2822; x_wconf 91' lang='lat' dir='ltr'><strong>aliis</strong></span> <span class='ocrx_word' id='word_1_285' title='bbox 1439 2766 1673 2823; x_wconf 90' lang='lat' dir='ltr'><strong>Usuardi</strong></span> <span class='ocrx_word' id='word_1_286' title='bbox 1721 2768 1921 2834; x_wconf 82' lang='lat' dir='ltr'><strong>verbis,</strong></span> <span class='ocrx_word' id='word_1_287' title='bbox 1970 2769 2088 2824; x_wconf 92' lang='lat' dir='ltr'><strong>loco</strong></span> <span class='ocrx_word' id='word_1_288' title='bbox 2113 2768 2338 2835; x_wconf 77' lang='lat' dir='ltr'><strong>Natalis,</strong></span> 
     </span>
    </p>
   </div>
   <div class='ocr_carea' id='block_1_42' title="bbox 770 2855 2338 2933">
    <p class='ocr_par' dir='ltr' id='par_1_42' title="bbox 770 2855 2338 2933">
     <span class='ocr_line' id='line_1_42' title="bbox 770 2855 2338 2933; baseline 0.006 -24"><span class='ocrx_word' id='word_1_289' title='bbox 770 2855 1170 2912; x_wconf 89' lang='lat' dir='ltr'><strong>ordinationem</strong></span> <span class='ocrx_word' id='word_1_290' title='bbox 1219 2862 1429 2927; x_wconf 86' lang='lat' dir='ltr'><strong>posuit;</strong></span> <span class='ocrx_word' id='word_1_291' title='bbox 1485 2861 1793 2933; x_wconf 78' lang='lat' dir='ltr'><strong>addiditque</strong></span> <span class='ocrx_word' id='word_1_292' title='bbox 1847 2862 1989 2933; x_wconf 90' lang='lat' dir='ltr'><strong>quod</strong></span> <span class='ocrx_word' id='word_1_293' title='bbox 2042 2863 2338 2919; x_wconf 88' lang='lat' dir='ltr'><strong>Ecclesiam</strong></span> 
     </span>
    </p>
   </div>
   <div class='ocr_carea' id='block_1_43' title="bbox 772 2947 2342 3011">
    <p class='ocr_par' dir='ltr' id='par_1_43' title="bbox 772 2947 2342 3011">
     <span class='ocr_line' id='line_1_43' title="bbox 772 2947 2342 3011; baseline 0.007 -12"><span class='ocrx_word' id='word_1_294' title='bbox 772 2947 1037 3003; x_wconf 85' lang='lat' dir='ltr'><strong>adversus</strong></span> <span class='ocrx_word' id='word_1_295' title='bbox 1069 2950 1300 3006; x_wconf 76' lang='lat' dir='ltr'><strong>Arianos</strong></span> <span class='ocrx_word' id='word_1_296' title='bbox 1333 2964 1386 3007; x_wconf 91' lang='lat' dir='ltr'><strong>et</strong></span> <span class='ocrx_word' id='word_1_297' title='bbox 1419 2952 1833 3011; x_wconf 72' lang='lat' dir='ltr'><strong>Macedonianos</strong></span> <span class='ocrx_word' id='word_1_298' title='bbox 1876 2955 2011 3010; x_wconf 84' lang='lat' dir='ltr'><strong>mira</strong></span> <span class='ocrx_word' id='word_1_299' title='bbox 2041 2958 2342 3011; x_wconf 87' lang='lat' dir='ltr'><strong>constantia</strong></span> 
     </span>
    </p>
   </div>
   <div class='ocr_carea' id='block_1_44' title="bbox 770 3039 1032 3097">
    <p class='ocr_par' dir='ltr' id='par_1_44' title="bbox 770 3039 1032 3097">
     <span class='ocr_line' id='line_1_44' title="bbox 770 3039 1032 3097; baseline 0.008 -3"><span class='ocrx_word' id='word_1_300' title='bbox 770 3039 1032 3097; x_wconf 79' lang='lat' dir='ltr'><strong>defendit.</strong></span> 
     </span>
    </p>
   </div>
   <div class='ocr_carea' id='block_1_45' title="bbox 843 3221 2340 3298">
    <p class='ocr_par' dir='ltr' id='par_1_45' title="bbox 843 3221 2340 3298">
     <span class='ocr_line' id='line_1_45' title="bbox 843 3221 2340 3298; baseline 0.007 -23"><span class='ocrx_word' id='word_1_301' title='bbox 843 3223 897 3276; x_wconf 75' lang='lat'><strong>2.</strong></span> <span class='ocrx_word' id='word_1_302' title='bbox 935 3222 1071 3290; x_wconf 89' lang='lat' dir='ltr'><strong>Ado,</strong></span> <span class='ocrx_word' id='word_1_303' title='bbox 1107 3221 1259 3294; x_wconf 80' lang='lat' dir='ltr'><strong>cujus</strong></span> <span class='ocrx_word' id='word_1_304' title='bbox 1298 3225 1478 3295; x_wconf 90' lang='lat' dir='ltr'><strong>priora</strong></span> <span class='ocrx_word' id='word_1_305' title='bbox 1506 3225 1665 3280; x_wconf 86' lang='lat' dir='ltr'><strong>verba</strong></span> <span class='ocrx_word' id='word_1_306' title='bbox 1714 3228 2052 3298; x_wconf 90' lang='lat' dir='ltr'><strong>transcripsit</strong></span> <span class='ocrx_word' id='word_1_307' title='bbox 2080 3227 2192 3296; x_wconf 70' lang='lat' dir='ltr'><strong>eius</strong></span> <span class='ocrx_word' id='word_1_308' title='bbox 2242 3230 2340 3285; x_wconf 80' lang='lat' dir='ltr'><strong>ab—</strong></span> 
     </span>
    </p>
   </div>
   <div class='ocr_carea' id='block_1_46' title="bbox 773 3314 2345 3390">
    <p class='ocr_par' dir='ltr' id='par_1_46' title="bbox 773 3314 2345 3390">
     <span class='ocr_line' id='line_1_46' title="bbox 773 3314 2345 3390; baseline 0.005 -21"><span class='ocrx_word' id='word_1_309' title='bbox 773 3314 1043 3371; x_wconf 85' lang='lat' dir='ltr'><strong>breviator</strong></span> <span class='ocrx_word' id='word_1_310' title='bbox 1076 3334 1397 3389; x_wconf 83' lang='lat' dir='ltr'><strong>anonymus,</strong></span> <span class='ocrx_word' id='word_1_311' title='bbox 1429 3322 1517 3390; x_wconf 91' lang='lat' dir='ltr'><strong>qui</strong></span> <span class='ocrx_word' id='word_1_312' title='bbox 1545 3321 1643 3375; x_wconf 91' lang='lat' dir='ltr'><strong>sub</strong></span> <span class='ocrx_word' id='word_1_313' title='bbox 1676 3319 1833 3375; x_wconf 64' lang='lat' dir='ltr'><strong>Beda:</strong></span> <span class='ocrx_word' id='word_1_314' title='bbox 1872 3322 2088 3376; x_wconf 84' lang='lat' dir='ltr'><strong>nomine</strong></span> <span class='ocrx_word' id='word_1_315' title='bbox 2120 3324 2345 3377; x_wconf 78' lang='lat' dir='ltr'><strong>cireum-</strong></span> 
     </span>
    </p>
   </div>
   <div class='ocr_carea' id='block_1_47' title="bbox 774 3408 2341 3485">
    <p class='ocr_par' dir='ltr' id='par_1_47' title="bbox 774 3408 2341 3485">
     <span class='ocr_line' id='line_1_47' title="bbox 774 3408 2341 3485; baseline 0.008 -24"><span class='ocrx_word' id='word_1_316' title='bbox 774 3408 967 3475; x_wconf 85' lang='lat' dir='ltr'><strong>fertur,</strong></span> <span class='ocrx_word' id='word_1_317' title='bbox 1021 3423 1072 3463; x_wconf 89' lang='lat' dir='ltr'><strong>et</strong></span> <span class='ocrx_word' id='word_1_318' title='bbox 1117 3409 1401 3465; x_wconf 83' lang='lat' dir='ltr'><strong>Baronium</strong></span> <span class='ocrx_word' id='word_1_319' title='bbox 1452 3413 1689 3482; x_wconf 82' lang='lat' dir='ltr'><strong>aliosque</strong></span> <span class='ocrx_word' id='word_1_320' title='bbox 1768 3414 1948 3485; x_wconf 87' lang='lat' dir='ltr'><strong>plures</strong></span> <span class='ocrx_word' id='word_1_321' title='bbox 2020 3414 2207 3470; x_wconf 72' lang='lat' dir='ltr'><strong>fefellit</strong></span> <span class='ocrx_word' id='word_1_322' title='bbox 2278 3432 2341 3473; x_wconf 88' lang='lat' dir='ltr'><strong>ac</strong></span> 
     </span>
    </p>
   </div>
   <div class='ocr_carea' id='block_1_48' title="bbox 774 3500 2337 3574">
    <p class='ocr_par' dir='ltr' id='par_1_48' title="bbox 774 3500 2337 3574">
     <span class='ocr_line' id='line_1_48' title="bbox 774 3500 2337 3574; baseline 0.005 -17"><span class='ocrx_word' id='word_1_323' title='bbox 774 3501 947 3567; x_wconf 85' lang='lat' dir='ltr'><strong>fallit,</strong></span> <span class='ocrx_word' id='word_1_324' title='bbox 983 3500 1099 3557; x_wconf 88' lang='lat' dir='ltr'><strong>Ado</strong></span> <span class='ocrx_word' id='word_1_325' title='bbox 1133 3543 1148 3566; x_wconf 87' lang='lat'><strong>,</strong></span> <span class='ocrx_word' id='word_1_326' title='bbox 1204 3504 1461 3574; x_wconf 85' lang='lat' dir='ltr'><strong>inquam,</strong></span> <span class='ocrx_word' id='word_1_327' title='bbox 1517 3506 1583 3556; x_wconf 89' lang='lat' dir='ltr'><strong>ad</strong></span> <span class='ocrx_word' id='word_1_328' title='bbox 1631 3506 1860 3559; x_wconf 86' lang='lat' dir='ltr'><strong>similem</strong></span> <span class='ocrx_word' id='word_1_329' title='bbox 1920 3504 2034 3561; x_wconf 90' lang='lat' dir='ltr'><strong>fere</strong></span> <span class='ocrx_word' id='word_1_330' title='bbox 2094 3506 2337 3565; x_wconf 89' lang='lat' dir='ltr'><strong>Usuardo</strong></span> 
     </span>
    </p>
   </div>
   <div class='ocr_carea' id='block_1_49' title="bbox 774 3597 2343 3668">
    <p class='ocr_par' dir='ltr' id='par_1_49' title="bbox 774 3597 2343 3668">
     <span class='ocr_line' id='line_1_49' title="bbox 774 3597 2343 3668; baseline 0.005 -19"><span class='ocrx_word' id='word_1_331' title='bbox 774 3600 1369 3661; x_wconf 84' lang='lat' dir='ltr'><strong>commemorationem,</strong></span> <span class='ocrx_word' id='word_1_332' title='bbox 1427 3598 1509 3649; x_wconf 91' lang='lat' dir='ltr'><strong>his</strong></span> <span class='ocrx_word' id='word_1_333' title='bbox 1538 3597 1715 3650; x_wconf 79' lang='lat' dir='ltr'><strong>verbis</strong></span> <span class='ocrx_word' id='word_1_334' title='bbox 1740 3607 2049 3665; x_wconf 86' lang='lat' dir='ltr'><strong>conceptam</strong></span> <span class='ocrx_word' id='word_1_335' title='bbox 2090 3617 2103 3654; x_wconf 85' lang='lat'><strong>:</strong></span> <span class='ocrx_word' id='word_1_336' title='bbox 2137 3617 2155 3651; x_wconf 84' lang='grc'><strong>‹</strong></span> <span class='ocrx_word' id='word_1_337' title='bbox 2188 3600 2343 3668; x_wconf 84' lang='lat' dir='ltr'><strong>Apud</strong></span> 
     </span>
    </p>
   </div>
   <div class='ocr_carea' id='block_1_50' title="bbox 775 3685 2343 3755">
    <p class='ocr_par' dir='ltr' id='par_1_50' title="bbox 775 3685 2343 3755">
     <span class='ocr_line' id='line_1_50' title="bbox 775 3685 2343 3755; baseline 0.004 -17"><span class='ocrx_word' id='word_1_338' title='bbox 775 3685 1077 3739; x_wconf 70' lang='lat' dir='ltr'><strong>Czesaream</strong></span> <span class='ocrx_word' id='word_1_339' title='bbox 1119 3686 1471 3755; x_wconf 68' lang='lat' dir='ltr'><strong>Cappadocia:</strong></span> <span class='ocrx_word' id='word_1_340' title='bbox 1507 3687 1676 3741; x_wconf 88' lang='lat' dir='ltr'><strong>sancti</strong></span> <span class='ocrx_word' id='word_1_341' title='bbox 1716 3685 1897 3740; x_wconf 82' lang='lat' dir='ltr'><strong>Basilii</strong></span> <span class='ocrx_word' id='word_1_342' title='bbox 1942 3687 2201 3755; x_wconf 83' lang='lat' dir='ltr'><strong>episcopi,</strong></span> <span class='ocrx_word' id='word_1_343' title='bbox 2236 3690 2343 3743; x_wconf 86' lang='lat' dir='ltr'><strong>fra-</strong></span> 
     </span>
    </p>
   </div>
   <div class='ocr_carea' id='block_1_51' title="bbox 777 3777 2344 3848">
    <p class='ocr_par' dir='ltr' id='par_1_51' title="bbox 777 3777 2344 3848">
     <span class='ocr_line' id='line_1_51' title="bbox 777 3777 2344 3848; baseline 0.003 -18"><span class='ocrx_word' id='word_1_344' title='bbox 777 3777 878 3832; x_wconf 89' lang='lat' dir='ltr'><strong>tris</strong></span> <span class='ocrx_word' id='word_1_345' title='bbox 910 3777 1153 3847; x_wconf 83' lang='lat' dir='ltr'><strong>Gregorii</strong></span> <span class='ocrx_word' id='word_1_346' title='bbox 1192 3789 1245 3831; x_wconf 89' lang='lat' dir='ltr'><strong>et</strong></span> <span class='ocrx_word' id='word_1_347' title='bbox 1298 3779 1461 3845; x_wconf 90' lang='lat' dir='ltr'><strong>Petri,</strong></span> <span class='ocrx_word' id='word_1_348' title='bbox 1502 3798 1519 3831; x_wconf 78' lang='grc' dir='ltr'><strong><em>ι</em></strong></span> <span class='ocrx_word' id='word_1_349' title='bbox 1560 3779 1836 3848; x_wconf 74' lang='lat' dir='ltr'><strong>prolixiori</strong></span> <span class='ocrx_word' id='word_1_350' title='bbox 1882 3777 2056 3847; x_wconf 75' lang='lat' dir='ltr'><strong>elogio</strong></span> <span class='ocrx_word' id='word_1_351' title='bbox 2100 3780 2344 3833; x_wconf 90' lang='lat' dir='ltr'><strong>eumdem</strong></span> 
     </span>
    </p>
   </div>
   <div class='ocr_carea' id='block_1_52' title="bbox 776 3870 2348 3941">
    <p class='ocr_par' dir='ltr' id='par_1_52' title="bbox 776 3870 2348 3941">
     <span class='ocr_line' id='line_1_52' title="bbox 776 3870 2348 3941; baseline -0.001 -17"><span class='ocrx_word' id='word_1_352' title='bbox 776 3870 859 3926; x_wconf 85' lang='lat' dir='ltr'><strong>sic</strong></span> <span class='ocrx_word' id='word_1_353' title='bbox 886 3870 1231 3941; x_wconf 82' lang='lat' dir='ltr'><strong>prosequitur</strong></span> <span class='ocrx_word' id='word_1_354' title='bbox 1262 3888 1275 3923; x_wconf 89' lang='lat'><strong>:</strong></span> <span class='ocrx_word' id='word_1_355' title='bbox 1308 3890 1325 3922; x_wconf 76' lang='grc' dir='ltr'>ι</span> <span class='ocrx_word' id='word_1_356' title='bbox 1367 3872 1467 3938; x_wconf 87' lang='lat' dir='ltr'><strong>Qui</strong></span> <span class='ocrx_word' id='word_1_357' title='bbox 1516 3888 1636 3925; x_wconf 90' lang='lat' dir='ltr'><strong>cum</strong></span> <span class='ocrx_word' id='word_1_358' title='bbox 1677 3882 1818 3925; x_wconf 88' lang='lat' dir='ltr'><strong>esset</strong></span> <span class='ocrx_word' id='word_1_359' title='bbox 1853 3871 2106 3925; x_wconf 89' lang='lat' dir='ltr'><strong>omnibus</strong></span> <span class='ocrx_word' id='word_1_360' title='bbox 2134 3870 2348 3923; x_wconf 83' lang='lat' dir='ltr'><strong>virtuti-</strong></span> 
     </span>
    </p>
   </div>
   <div class='ocr_carea' id='block_1_53' title="bbox 770 3964 2349 4033">
    <p class='ocr_par' dir='ltr' id='par_1_53' title="bbox 770 3964 2349 4033">
     <span class='ocr_line' id='line_1_53' title="bbox 770 3964 2349 4033; baseline 0 -17"><span class='ocrx_word' id='word_1_361' title='bbox 770 3967 877 4016; x_wconf 72' lang='lat' dir='ltr'><strong>bus</strong></span> <span class='ocrx_word' id='word_1_362' title='bbox 909 3964 1185 4027; x_wconf 90' lang='lat' dir='ltr'><strong>fundatus,</strong></span> <span class='ocrx_word' id='word_1_363' title='bbox 1223 3975 1278 4019; x_wconf 90' lang='lat' dir='ltr'><strong>et</strong></span> <span class='ocrx_word' id='word_1_364' title='bbox 1302 3965 1531 4033; x_wconf 86' lang='lat' dir='ltr'><strong>quodam</strong></span> <span class='ocrx_word' id='word_1_365' title='bbox 1563 3975 1804 4023; x_wconf 77' lang='lat' dir='ltr'><strong>teuwore</strong></span> <span class='ocrx_word' id='word_1_366' title='bbox 1852 3980 1880 4017; x_wconf 90' lang='lat' dir='ltr'><strong>a</strong></span> <span class='ocrx_word' id='word_1_367' title='bbox 1924 3965 2146 4018; x_wconf 70' lang='lat' dir='ltr'><strong>Valente</strong></span> <span class='ocrx_word' id='word_1_368' title='bbox 2174 3964 2349 4033; x_wconf 82' lang='lat' dir='ltr'><strong>impe-</strong></span> 
     </span>
    </p>
   </div>
   <div class='ocr_carea' id='block_1_54' title="bbox 778 4051 2347 4121">
    <p class='ocr_par' dir='ltr' id='par_1_54' title="bbox 778 4051 2347 4121">
     <span class='ocr_line' id='line_1_54' title="bbox 778 4051 2347 4121; baseline -0.001 -14"><span class='ocrx_word' id='word_1_369' title='bbox 778 4063 962 4107; x_wconf 82' lang='lat' dir='ltr'><strong>ratore</strong></span> <span class='ocrx_word' id='word_1_370' title='bbox 994 4054 1045 4106; x_wconf 94' lang='lat' dir='ltr'><strong>in</strong></span> <span class='ocrx_word' id='word_1_371' title='bbox 1074 4054 1322 4106; x_wconf 80' lang='lat' dir='ltr'><strong>exsiliunt</strong></span> <span class='ocrx_word' id='word_1_372' title='bbox 1370 4068 1467 4121; x_wconf 91' lang='lat' dir='ltr'><strong>pro</strong></span> <span class='ocrx_word' id='word_1_373' title='bbox 1498 4054 1598 4105; x_wconf 78' lang='lat' dir='ltr'><strong>(ide</strong></span> <span class='ocrx_word' id='word_1_374' title='bbox 1628 4062 1933 4117; x_wconf 71' lang='lat' dir='ltr'><strong>cogeretur,</strong></span> <span class='ocrx_word' id='word_1_375' title='bbox 1961 4053 2232 4107; x_wconf 82' lang='lat' dir='ltr'><strong>exhibitas</strong></span> <span class='ocrx_word' id='word_1_376' title='bbox 2280 4051 2347 4105; x_wconf 87' lang='lat' dir='ltr'><strong>ad</strong></span> 
     </span>
    </p>
   </div>
   <div class='ocr_carea' id='block_1_55' title="bbox 781 4142 2351 4212">
    <p class='ocr_par' dir='ltr' id='par_1_55' title="bbox 781 4142 2351 4212">
     <span class='ocr_line' id='line_1_55' title="bbox 781 4142 2351 4212; baseline 0.002 -17"><span class='ocrx_word' id='word_1_377' title='bbox 781 4142 1019 4196; x_wconf 86' lang='lat' dir='ltr'><strong>tribunal</strong></span> <span class='ocrx_word' id='word_1_378' title='bbox 1069 4142 1332 4212; x_wconf 75' lang='lat' dir='ltr'><strong>praefecti,</strong></span> <span class='ocrx_word' id='word_1_379' title='bbox 1362 4143 1765 4211; x_wconf 88' lang='lat' dir='ltr'><strong>tcrroribusque</strong></span> <span class='ocrx_word' id='word_1_380' title='bbox 1796 4146 1878 4212; x_wconf 90' lang='lat' dir='ltr'><strong>(ut</strong></span> <span class='ocrx_word' id='word_1_381' title='bbox 1927 4145 2000 4198; x_wconf 92' lang='lat' dir='ltr'><strong>illi</strong></span> <span class='ocrx_word' id='word_1_382' title='bbox 2056 4146 2220 4199; x_wconf 91' lang='lat' dir='ltr'><strong>moris</strong></span> <span class='ocrx_word' id='word_1_383' title='bbox 2267 4155 2351 4199; x_wconf 88' lang='lat' dir='ltr'><strong>est</strong></span> 
     </span>
    </p>
   </div>
   <div class='ocr_carea' id='block_1_56' title="bbox 780 4234 2349 4307">
    <p class='ocr_par' dir='ltr' id='par_1_56' title="bbox 780 4234 2349 4307">
     <span class='ocr_line' id='line_1_56' title="bbox 780 4234 2349 4307; baseline 0.001 -19"><span class='ocrx_word' id='word_1_384' title='bbox 780 4236 1060 4305; x_wconf 83' lang='lat' dir='ltr'><strong>potestati)</strong></span> <span class='ocrx_word' id='word_1_385' title='bbox 1100 4246 1154 4290; x_wconf 90' lang='lat' dir='ltr'><strong>et</strong></span> <span class='ocrx_word' id='word_1_386' title='bbox 1185 4236 1345 4290; x_wconf 89' lang='lat' dir='ltr'><strong>minis</strong></span> <span class='ocrx_word' id='word_1_387' title='bbox 1381 4237 1632 4289; x_wconf 80' lang='lat' dir='ltr'><strong>maximis</strong></span> <span class='ocrx_word' id='word_1_388' title='bbox 1666 4234 1749 4303; x_wconf 88' lang='lat' dir='ltr'><strong>agi</strong></span> <span class='ocrx_word' id='word_1_389' title='bbox 1778 4236 1963 4302; x_wconf 71' lang='lat' dir='ltr'><strong>C(Bpit,</strong></span> <span class='ocrx_word' id='word_1_390' title='bbox 1998 4246 2055 4288; x_wconf 93' lang='lat' dir='ltr'><strong>ut</strong></span> <span class='ocrx_word' id='word_1_391' title='bbox 2082 4237 2180 4290; x_wconf 91' lang='lat' dir='ltr'><strong>nisi</strong></span> <span class='ocrx_word' id='word_1_392' title='bbox 2213 4251 2349 4307; x_wconf 71' lang='lat' dir='ltr'><strong>pra:-</strong></span> 
     </span>
    </p>
   </div>
   <div class='ocr_carea' id='block_1_57' title="bbox 779 4324 2349 4397">
    <p class='ocr_par' dir='ltr' id='par_1_57' title="bbox 779 4324 2349 4397">
     <span class='ocr_line' id='line_1_57' title="bbox 779 4324 2349 4397; baseline 0.001 -18"><span class='ocrx_word' id='word_1_393' title='bbox 779 4328 951 4394; x_wconf 87' lang='lat' dir='ltr'><strong>ceptis</strong></span> <span class='ocrx_word' id='word_1_394' title='bbox 983 4328 1241 4397; x_wconf 89' lang='lat' dir='ltr'><strong>principis</strong></span> <span class='ocrx_word' id='word_1_395' title='bbox 1266 4328 1528 4394; x_wconf 89' lang='lat' dir='ltr'><strong>obediret,</strong></span> <span class='ocrx_word' id='word_1_396' title='bbox 1550 4328 1825 4382; x_wconf 90' lang='lat' dir='ltr'><strong>interitum</strong></span> <span class='ocrx_word' id='word_1_397' title='bbox 1856 4327 1958 4381; x_wconf 87' lang='lat' dir='ltr'><strong>sibi</strong></span> <span class='ocrx_word' id='word_1_398' title='bbox 1992 4324 2102 4392; x_wconf 84' lang='lat' dir='ltr'><strong>jam</strong></span> <span class='ocrx_word' id='word_1_399' title='bbox 2127 4326 2349 4395; x_wconf 86' lang='lat' dir='ltr'><strong>jamque</strong></span> 
     </span>
    </p>
   </div>
   <div class='ocr_carea' id='block_1_58' title="bbox 778 4418 2350 4488">
    <p class='ocr_par' dir='ltr' id='par_1_58' title="bbox 778 4418 2350 4488">
     <span class='ocr_line' id='line_1_58' title="bbox 778 4418 2350 4488; baseline 0.001 -16"><span class='ocrx_word' id='word_1_400' title='bbox 778 4430 1024 4487; x_wconf 84' lang='lat' dir='ltr'><strong>speraret</strong></span> <span class='ocrx_word' id='word_1_401' title='bbox 1049 4420 1381 4488; x_wconf 85' lang='lat' dir='ltr'><strong>impendere.</strong></span> <span class='ocrx_word' id='word_1_402' title='bbox 1408 4419 1558 4473; x_wconf 87' lang='lat' dir='ltr'><strong>Tune</strong></span> <span class='ocrx_word' id='word_1_403' title='bbox 1585 4418 1695 4483; x_wconf 87' lang='lat' dir='ltr'><strong>ille,</strong></span> <span class='ocrx_word' id='word_1_404' title='bbox 1737 4418 2039 4485; x_wconf 85' lang='lat' dir='ltr'><strong>intrepidus</strong></span> <span class='ocrx_word' id='word_1_405' title='bbox 2069 4427 2123 4471; x_wconf 93' lang='lat' dir='ltr'><strong>et</strong></span> <span class='ocrx_word' id='word_1_406' title='bbox 2149 4418 2350 4487; x_wconf 88' lang='lat' dir='ltr'><strong>absque</strong></span> 
     </span>
    </p>
   </div>
   <div class='ocr_carea' id='block_1_59' title="bbox 781 4510 2351 4580">
    <p class='ocr_par' dir='ltr' id='par_1_59' title="bbox 781 4510 2351 4580">
     <span class='ocr_line' id='line_1_59' title="bbox 781 4510 2351 4580; baseline 0 -15"><span class='ocrx_word' id='word_1_407' title='bbox 781 4514 887 4565; x_wconf 89' lang='lat' dir='ltr'><strong>ulla</strong></span> <span class='ocrx_word' id='word_1_408' title='bbox 920 4512 1083 4565; x_wconf 87' lang='lat' dir='ltr'><strong>animi</strong></span> <span class='ocrx_word' id='word_1_409' title='bbox 1116 4513 1520 4580; x_wconf 83' lang='lat' dir='ltr'><strong>perturbatione</strong></span> <span class='ocrx_word' id='word_1_410' title='bbox 1545 4554 1559 4578; x_wconf 91' lang='lat'><strong>,</strong></span> <span class='ocrx_word' id='word_1_411' title='bbox 1598 4513 1713 4565; x_wconf 66' lang='lat' dir='ltr'><strong>haac</strong></span> <span class='ocrx_word' id='word_1_412' title='bbox 1759 4514 1858 4567; x_wconf 87' lang='lat' dir='ltr'><strong>sibi</strong></span> <span class='ocrx_word' id='word_1_413' title='bbox 1894 4510 2163 4565; x_wconf 82' lang='lat' dir='ltr'><strong>minitanti</strong></span> <span class='ocrx_word' id='word_1_414' title='bbox 2218 4527 2351 4579; x_wconf 73' lang='lat' dir='ltr'><strong>prze-</strong></span> 
     </span>
    </p>
   </div>
   <div class='ocr_carea' id='block_1_60' title="bbox 780 4603 1587 4672">
    <p class='ocr_par' dir='ltr' id='par_1_60' title="bbox 780 4603 1587 4672">
     <span class='ocr_line' id='line_1_60' title="bbox 780 4603 1587 4672; baseline -0.004 -14"><span class='ocrx_word' id='word_1_415' title='bbox 780 4603 926 4658; x_wconf 84' lang='lat' dir='ltr'><strong>feeto</strong></span> <span class='ocrx_word' id='word_1_416' title='bbox 979 4604 1317 4672; x_wconf 85' lang='lat' dir='ltr'><strong>respondisse</strong></span> <span class='ocrx_word' id='word_1_417' title='bbox 1369 4604 1587 4657; x_wconf 88' lang='lat' dir='ltr'><strong>fertur:</strong></span> 
     </span>
    </p>
   </div>
   <div class='ocr_carea' id='block_1_61' title="bbox 784 4694 2347 4765">
    <p class='ocr_par' dir='ltr' id='par_1_61' title="bbox 784 4694 2347 4765">
     <span class='ocr_line' id='line_1_61' title="bbox 784 4694 2347 4765; baseline 0.001 -17"><span class='ocrx_word' id='word_1_418' title='bbox 784 4696 917 4749; x_wconf 91' lang='lat' dir='ltr'><strong>mihi</strong></span> <span class='ocrx_word' id='word_1_419' title='bbox 952 4706 1097 4751; x_wconf 90' lang='lat' dir='ltr'><strong>esset</strong></span> <span class='ocrx_word' id='word_1_420' title='bbox 1145 4695 1288 4765; x_wconf 80' lang='lat' dir='ltr'><strong>digni</strong></span> <span class='ocrx_word' id='word_1_421' title='bbox 1322 4697 1580 4761; x_wconf 90' lang='lat' dir='ltr'><strong>muneris,</strong></span> <span class='ocrx_word' id='word_1_422' title='bbox 1613 4697 1753 4765; x_wconf 91' lang='lat' dir='ltr'><strong>quod</strong></span> <span class='ocrx_word' id='word_1_423' title='bbox 1783 4694 2208 4760; x_wconf 77' lang='lat' dir='ltr'><strong>olferremhuic,</strong></span> <span class='ocrx_word' id='word_1_424' title='bbox 2259 4699 2347 4762; x_wconf 88' lang='lat' dir='ltr'><strong>qui</strong></span> 
     </span>
    </p>
   </div>
   <div class='ocr_carea' id='block_1_62' title="bbox 783 4786 2352 4852">
    <p class='ocr_par' dir='ltr' id='par_1_62' title="bbox 783 4786 2352 4852">
     <span class='ocr_line' id='line_1_62' title="bbox 783 4786 2352 4852; baseline -0.002 -11"><span class='ocrx_word' id='word_1_425' title='bbox 783 4790 1049 4842; x_wconf 87' lang='lat' dir='ltr'><strong>maturius</strong></span> <span class='ocrx_word' id='word_1_426' title='bbox 1095 4788 1353 4843; x_wconf 85' lang='lat' dir='ltr'><strong>Basilium</strong></span> <span class='ocrx_word' id='word_1_427' title='bbox 1403 4789 1469 4841; x_wconf 89' lang='lat' dir='ltr'><strong>de</strong></span> <span class='ocrx_word' id='word_1_428' title='bbox 1504 4790 1647 4843; x_wconf 88' lang='lat' dir='ltr'><strong>nodo</strong></span> <span class='ocrx_word' id='word_1_429' title='bbox 1703 4787 1844 4842; x_wconf 89' lang='lat' dir='ltr'><strong>follis</strong></span> <span class='ocrx_word' id='word_1_430' title='bbox 1894 4787 2053 4852; x_wconf 74' lang='lat' dir='ltr'><strong>huius</strong></span> <span class='ocrx_word' id='word_1_431' title='bbox 2107 4786 2352 4840; x_wconf 86' lang='lat' dir='ltr'><strong>absolve-</strong></span> 
     </span>
    </p>
   </div>
   <div class='ocr_carea' id='block_1_63' title="bbox 783 4879 2351 4951">
    <p class='ocr_par' dir='ltr' id='par_1_63' title="bbox 783 4879 2351 4951">
     <span class='ocr_line' id='line_1_63' title="bbox 783 4879 2351 4951; baseline 0.001 -19"><span class='ocrx_word' id='word_1_432' title='bbox 783 4888 889 4933; x_wconf 86' lang='lat' dir='ltr'><strong>ret.</strong></span> <span class='ocrx_word' id='word_1_433' title='bbox 930 4898 948 4932; x_wconf 76' lang='grc' dir='ltr'><strong><em>ι</em></strong></span> <span class='ocrx_word' id='word_1_434' title='bbox 982 4879 1225 4948; x_wconf 88' lang='lat' dir='ltr'><strong>Cumque</strong></span> <span class='ocrx_word' id='word_1_435' title='bbox 1253 4881 1477 4933; x_wconf 91' lang='lat' dir='ltr'><strong>daretur</strong></span> <span class='ocrx_word' id='word_1_436' title='bbox 1517 4882 1565 4933; x_wconf 91' lang='lat' dir='ltr'><strong>ei</strong></span> <span class='ocrx_word' id='word_1_437' title='bbox 1601 4897 1704 4935; x_wconf 90' lang='lat' dir='ltr'><strong>nox</strong></span> <span class='ocrx_word' id='word_1_438' title='bbox 1739 4894 1857 4951; x_wconf 77' lang='lat' dir='ltr'><strong>qua:</strong></span> <span class='ocrx_word' id='word_1_439' title='bbox 1880 4890 1997 4933; x_wconf 87' lang='lat' dir='ltr'><strong>erat</strong></span> <span class='ocrx_word' id='word_1_440' title='bbox 2034 4879 2206 4934; x_wconf 91' lang='lat' dir='ltr'><strong>media</strong></span> <span class='ocrx_word' id='word_1_441' title='bbox 2236 4918 2251 4942; x_wconf 90' lang='lat'><strong>,</strong></span> <span class='ocrx_word' id='word_1_442' title='bbox 2283 4879 2351 4934; x_wconf 89' lang='lat' dir='ltr'><strong>ad</strong></span> 
     </span>
    </p>
   </div>
   <div class='ocr_carea' id='block_1_64' title="bbox 784 4972 2347 5043">
    <p class='ocr_par' dir='ltr' id='par_1_64' title="bbox 784 4972 2347 5043">
     <span class='ocr_line' id='line_1_64' title="bbox 784 4972 2347 5043; baseline 0.001 -19"><span class='ocrx_word' id='word_1_443' title='bbox 784 4972 1018 5039; x_wconf 87' lang='lat' dir='ltr'><strong>spatium</strong></span> <span class='ocrx_word' id='word_1_444' title='bbox 1050 4973 1410 5037; x_wconf 86' lang='lat' dir='ltr'><strong>deliberandi,</strong></span> <span class='ocrx_word' id='word_1_445' title='bbox 1450 4974 1796 5043; x_wconf 87' lang='lat' dir='ltr'><strong>respondisse</strong></span> <span class='ocrx_word' id='word_1_446' title='bbox 1813 4972 1990 5026; x_wconf 88' lang='lat' dir='ltr'><strong>denuo</strong></span> <span class='ocrx_word' id='word_1_447' title='bbox 2009 4972 2347 5039; x_wconf 87' lang='lat' dir='ltr'><strong>perhibetur:</strong></span> 
     </span>
    </p>
   </div>
   <div class='ocr_carea' id='block_1_65' title="bbox 791 5064 2350 5133">
    <p class='ocr_par' dir='ltr' id='par_1_65' title="bbox 791 5064 2350 5133">
     <span class='ocr_line' id='line_1_65' title="bbox 791 5064 2350 5133; baseline 0 -17"><span class='ocrx_word' id='word_1_448' title='bbox 791 5084 809 5111; x_wconf 77' lang='grc' dir='ltr'><strong>ε</strong></span> <span class='ocrx_word' id='word_1_449' title='bbox 853 5064 963 5131; x_wconf 71' lang='grc' dir='ltr'><strong>[Ξςο</strong></span> <span class='ocrx_word' id='word_1_450' title='bbox 997 5067 1239 5119; x_wconf 88' lang='lat' dir='ltr'><strong>crastino</strong></span> <span class='ocrx_word' id='word_1_451' title='bbox 1288 5065 1404 5132; x_wconf 89' lang='lat' dir='ltr'><strong>ipse</strong></span> <span class='ocrx_word' id='word_1_452' title='bbox 1439 5081 1534 5119; x_wconf 91' lang='lat' dir='ltr'><strong>ero</strong></span> <span class='ocrx_word' id='word_1_453' title='bbox 1572 5065 1664 5133; x_wconf 92' lang='lat' dir='ltr'><strong>qui</strong></span> <span class='ocrx_word' id='word_1_454' title='bbox 1709 5079 1849 5119; x_wconf 90' lang='lat' dir='ltr'><strong>nunc</strong></span> <span class='ocrx_word' id='word_1_455' title='bbox 1893 5082 1908 5119; x_wconf 85' lang='lat'><strong>:</strong></span> <span class='ocrx_word' id='word_1_456' title='bbox 1952 5073 2006 5117; x_wconf 89' lang='lat' dir='ltr'><strong>tu</strong></span> <span class='ocrx_word' id='word_1_457' title='bbox 2038 5073 2109 5131; x_wconf 92' lang='lat' dir='ltr'><strong>te,</strong></span> <span class='ocrx_word' id='word_1_458' title='bbox 2148 5065 2350 5120; x_wconf 90' lang='lat' dir='ltr'><strong>utinam</strong></span> 
     </span>
    </p>
   </div>
   <div class='ocr_carea' id='block_1_66' title="bbox 787 5156 2355 5226">
    <p class='ocr_par' dir='ltr' id='par_1_66' title="bbox 787 5156 2355 5226">
     <span class='ocr_line' id='line_1_66' title="bbox 787 5156 2355 5226; baseline 0.001 -18"><span class='ocrx_word' id='word_1_459' title='bbox 787 5174 893 5210; x_wconf 89' lang='lat' dir='ltr'><strong>non</strong></span> <span class='ocrx_word' id='word_1_460' title='bbox 928 5158 1209 5210; x_wconf 83' lang='lat' dir='ltr'><strong>mutares!</strong></span> <span class='ocrx_word' id='word_1_461' title='bbox 1250 5176 1269 5209; x_wconf 76' lang='grc' dir='ltr'><strong><em>ι</em></strong></span> <span class='ocrx_word' id='word_1_462' title='bbox 1300 5158 1366 5211; x_wconf 81' lang='lat' dir='ltr'><strong>Et</strong></span> <span class='ocrx_word' id='word_1_463' title='bbox 1402 5158 1490 5211; x_wconf 90' lang='lat' dir='ltr'><strong>illa</strong></span> <span class='ocrx_word' id='word_1_464' title='bbox 1514 5156 1728 5226; x_wconf 88' lang='lat' dir='ltr'><strong>quidem</strong></span> <span class='ocrx_word' id='word_1_465' title='bbox 1766 5166 1925 5210; x_wconf 89' lang='lat' dir='ltr'><strong>nocte</strong></span> <span class='ocrx_word' id='word_1_466' title='bbox 1963 5171 2101 5209; x_wconf 83' lang='lat' dir='ltr'><strong>uxor</strong></span> <span class='ocrx_word' id='word_1_467' title='bbox 2129 5157 2355 5224; x_wconf 86' lang='lat' dir='ltr'><strong>impera-</strong></span> 
     </span>
    </p>
   </div>
   <div class='ocr_carea' id='block_1_67' title="bbox 788 5246 2351 5312">
    <p class='ocr_par' dir='ltr' id='par_1_67' title="bbox 788 5246 2351 5312">
     <span class='ocr_line' id='line_1_67' title="bbox 788 5246 2351 5312; baseline -0.001 -13"><span class='ocrx_word' id='word_1_468' title='bbox 788 5249 947 5310; x_wconf 86' lang='lat' dir='ltr'><strong>toris,</strong></span> <span class='ocrx_word' id='word_1_469' title='bbox 980 5249 1123 5303; x_wconf 89' lang='lat' dir='ltr'><strong>velut</strong></span> <span class='ocrx_word' id='word_1_470' title='bbox 1151 5249 1440 5303; x_wconf 90' lang='lat' dir='ltr'><strong>tortoribus</strong></span> <span class='ocrx_word' id='word_1_471' title='bbox 1458 5246 1676 5309; x_wconf 88' lang='lat' dir='ltr'><strong>tradita,</strong></span> <span class='ocrx_word' id='word_1_472' title='bbox 1698 5248 2002 5310; x_wconf 87' lang='lat' dir='ltr'><strong>cruciatur;</strong></span> <span class='ocrx_word' id='word_1_473' title='bbox 2037 5247 2176 5301; x_wconf 77' lang='lat' dir='ltr'><strong>filius</strong></span> <span class='ocrx_word' id='word_1_474' title='bbox 2203 5262 2351 5312; x_wconf 88' lang='lat' dir='ltr'><strong>vero,</strong></span> 
     </span>
    </p>
   </div>
   <div class='ocr_carea' id='block_1_68' title="bbox 788 5337 2355 5408">
    <p class='ocr_par' dir='ltr' id='par_1_68' title="bbox 788 5337 2355 5408">
     <span class='ocr_line' id='line_1_68' title="bbox 788 5337 2355 5408; baseline 0 -18"><span class='ocrx_word' id='word_1_475' title='bbox 788 5340 879 5406; x_wconf 86' lang='lat' dir='ltr'><strong>qui</strong></span> <span class='ocrx_word' id='word_1_476' title='bbox 923 5339 1002 5393; x_wconf 89' lang='lat' dir='ltr'><strong>eis</strong></span> <span class='ocrx_word' id='word_1_477' title='bbox 1051 5350 1169 5392; x_wconf 91' lang='lat' dir='ltr'><strong>erat</strong></span> <span class='ocrx_word' id='word_1_478' title='bbox 1231 5339 1442 5401; x_wconf 83' lang='lat' dir='ltr'><strong>unicus,</strong></span> <span class='ocrx_word' id='word_1_479' title='bbox 1492 5338 1813 5402; x_wconf 81' lang='lat' dir='ltr'><strong>exstinctus,</strong></span> <span class='ocrx_word' id='word_1_480' title='bbox 1881 5345 2121 5408; x_wconf 76' lang='lat' dir='ltr'><strong>paterna:</strong></span> <span class='ocrx_word' id='word_1_481' title='bbox 2163 5337 2355 5408; x_wconf 79' lang='lat' dir='ltr'><strong>impie-</strong></span> 
     </span>
    </p>
   </div>
   <div class='ocr_carea' id='block_1_69' title="bbox 791 5429 2351 5499">
    <p class='ocr_par' dir='ltr' id='par_1_69' title="bbox 791 5429 2351 5499">
     <span class='ocr_line' id='line_1_69' title="bbox 791 5429 2351 5499; baseline -0.001 -18"><span class='ocrx_word' id='word_1_482' title='bbox 791 5429 915 5481; x_wconf 82' lang='lat' dir='ltr'><strong>tatis</strong></span> <span class='ocrx_word' id='word_1_483' title='bbox 937 5429 1097 5483; x_wconf 88' lang='lat' dir='ltr'><strong>solvit</strong></span> <span class='ocrx_word' id='word_1_484' title='bbox 1122 5429 1382 5499; x_wconf 84' lang='lat' dir='ltr'><strong>supplicia</strong></span> <span class='ocrx_word' id='word_1_485' title='bbox 1414 5446 1427 5480; x_wconf 89' lang='lat'><strong>:</strong></span> <span class='ocrx_word' id='word_1_486' title='bbox 1457 5430 1527 5482; x_wconf 85' lang='lat' dir='ltr'><strong>ita</strong></span> <span class='ocrx_word' id='word_1_487' title='bbox 1578 5438 1637 5482; x_wconf 92' lang='lat' dir='ltr'><strong>ut</strong></span> <span class='ocrx_word' id='word_1_488' title='bbox 1684 5438 1808 5482; x_wconf 88' lang='lat' dir='ltr'><strong>ante</strong></span> <span class='ocrx_word' id='word_1_489' title='bbox 1839 5430 2009 5483; x_wconf 83' lang='lat' dir='ltr'><strong>lucem</strong></span> <span class='ocrx_word' id='word_1_490' title='bbox 2042 5429 2190 5483; x_wconf 87' lang='lat' dir='ltr'><strong>missi</strong></span> <span class='ocrx_word' id='word_1_491' title='bbox 2224 5429 2351 5489; x_wconf 88' lang='lat' dir='ltr'><strong>sint,</strong></span> 
     </span>
    </p>
   </div>
   <div class='ocr_carea' id='block_1_70' title="bbox 792 5518 2355 5591">
    <p class='ocr_par' dir='ltr' id='par_1_70' title="bbox 792 5518 2355 5591">
     <span class='ocr_line' id='line_1_70' title="bbox 792 5518 2355 5591; baseline 0.003 -22"><span class='ocrx_word' id='word_1_492' title='bbox 792 5521 883 5587; x_wconf 88' lang='lat' dir='ltr'><strong>qui</strong></span> <span class='ocrx_word' id='word_1_493' title='bbox 924 5531 1179 5591; x_wconf 78' lang='lat' dir='ltr'><strong>rogarent</strong></span> <span class='ocrx_word' id='word_1_494' title='bbox 1234 5520 1491 5575; x_wconf 89' lang='lat' dir='ltr'><strong>Basilium</strong></span> <span class='ocrx_word' id='word_1_495' title='bbox 1554 5530 1607 5575; x_wconf 89' lang='lat' dir='ltr'><strong>ut</strong></span> <span class='ocrx_word' id='word_1_496' title='bbox 1641 5520 1889 5591; x_wconf 86' lang='lat' dir='ltr'><strong>precibus</strong></span> <span class='ocrx_word' id='word_1_497' title='bbox 1916 5520 2029 5575; x_wconf 87' lang='lat' dir='ltr'><strong>suis</strong></span> <span class='ocrx_word' id='word_1_498' title='bbox 2058 5518 2355 5574; x_wconf 87' lang='lat' dir='ltr'><strong>intercede-</strong></span> 
     </span>
    </p>
   </div>
   <div class='ocr_carea' id='block_1_71' title="bbox 793 5611 2356 5682">
    <p class='ocr_par' dir='ltr' id='par_1_71' title="bbox 793 5611 2356 5682">
     <span class='ocr_line' id='line_1_71' title="bbox 793 5611 2356 5682; baseline -0.002 -14"><span class='ocrx_word' id='word_1_499' title='bbox 793 5624 877 5668; x_wconf 91' lang='lat' dir='ltr'><strong>ret</strong></span> <span class='ocrx_word' id='word_1_500' title='bbox 908 5628 1005 5681; x_wconf 91' lang='lat' dir='ltr'><strong>pro</strong></span> <span class='ocrx_word' id='word_1_501' title='bbox 1037 5614 1136 5679; x_wconf 90' lang='lat' dir='ltr'><strong>eis,</strong></span> <span class='ocrx_word' id='word_1_502' title='bbox 1165 5629 1232 5669; x_wconf 90' lang='lat' dir='ltr'><strong>ue</strong></span> <span class='ocrx_word' id='word_1_503' title='bbox 1263 5616 1427 5673; x_wconf 89' lang='lat' dir='ltr'><strong>etiam</strong></span> <span class='ocrx_word' id='word_1_504' title='bbox 1459 5614 1582 5682; x_wconf 91' lang='lat' dir='ltr'><strong>ipsi,</strong></span> <span class='ocrx_word' id='word_1_505' title='bbox 1629 5622 1684 5667; x_wconf 88' lang='lat' dir='ltr'><strong>et</strong></span> <span class='ocrx_word' id='word_1_506' title='bbox 1722 5614 1936 5681; x_wconf 84' lang='lat' dir='ltr'><strong>quidem</strong></span> <span class='ocrx_word' id='word_1_507' title='bbox 1966 5611 2132 5667; x_wconf 90' lang='lat' dir='ltr'><strong>multo</strong></span> <span class='ocrx_word' id='word_1_508' title='bbox 2158 5613 2356 5679; x_wconf 87' lang='lat' dir='ltr'><strong>justius</strong></span> 
     </span>
    </p>
   </div>
   <div class='ocr_carea' id='block_1_72' title="bbox 792 5702 2356 5770">
    <p class='ocr_par' dir='ltr' id='par_1_72' title="bbox 792 5702 2356 5770">
     <span class='ocr_line' id='line_1_72' title="bbox 792 5702 2356 5770; baseline -0.001 -11"><span class='ocrx_word' id='word_1_509' title='bbox 792 5706 1104 5761; x_wconf 88' lang='lat' dir='ltr'><strong>interirent.</strong></span> <span class='ocrx_word' id='word_1_510' title='bbox 1139 5705 1229 5761; x_wconf 87' lang='lat' dir='ltr'><strong>Sic</strong></span> <span class='ocrx_word' id='word_1_511' title='bbox 1275 5706 1514 5770; x_wconf 85' lang='lat' dir='ltr'><strong>accidit,</strong></span> <span class='ocrx_word' id='word_1_512' title='bbox 1562 5714 1621 5759; x_wconf 90' lang='lat' dir='ltr'><strong>ut</strong></span> <span class='ocrx_word' id='word_1_513' title='bbox 1654 5719 1774 5760; x_wconf 89' lang='lat' dir='ltr'><strong>cum</strong></span> <span class='ocrx_word' id='word_1_514' title='bbox 1808 5718 1995 5759; x_wconf 87' lang='lat' dir='ltr'><strong>omnes</strong></span> <span class='ocrx_word' id='word_1_515' title='bbox 2048 5702 2356 5758; x_wconf 86' lang='lat' dir='ltr'><strong>Catholicos</strong></span> 
     </span>
    </p>
   </div>
   <div class='ocr_carea' id='block_1_73' title="bbox 792 5793 2350 5867">
    <p class='ocr_par' dir='ltr' id='par_1_73' title="bbox 792 5793 2350 5867">
     <span class='ocr_line' id='line_1_73' title="bbox 792 5793 2350 5867; baseline -0.008 -12"><span class='ocrx_word' id='word_1_516' title='bbox 792 5799 1064 5863; x_wconf 82' lang='lat' dir='ltr'><strong>expulerit</strong></span> <span class='ocrx_word' id='word_1_517' title='bbox 1113 5797 1341 5862; x_wconf 77' lang='lat' dir='ltr'><strong>Valens,</strong></span> <span class='ocrx_word' id='word_1_518' title='bbox 1378 5795 1609 5853; x_wconf 82' lang='lat' dir='ltr'><strong>Basilius</strong></span> <span class='ocrx_word' id='word_1_519' title='bbox 1652 5810 1821 5867; x_wconf 90' lang='lat' dir='ltr'><strong>usque</strong></span> <span class='ocrx_word' id='word_1_520' title='bbox 1865 5797 1929 5849; x_wconf 85' lang='lat' dir='ltr'><strong>ad</strong></span> <span class='ocrx_word' id='word_1_521' title='bbox 1962 5795 2085 5853; x_wconf 69' lang='lat' dir='ltr'><strong>vita:</strong></span> <span class='ocrx_word' id='word_1_522' title='bbox 2109 5793 2310 5847; x_wconf 90' lang='lat' dir='ltr'><strong>exitum</strong></span> <span class='ocrx_word' id='word_1_523' title='bbox 2334 5831 2350 5855; x_wconf 91' lang='lat'><strong>,</strong></span> 
     </span>
    </p>
   </div>
   <div class='ocr_carea' id='block_1_74' title="bbox 798 5884 2355 5953">
    <p class='ocr_par' dir='ltr' id='par_1_74' title="bbox 798 5884 2355 5953">
     <span class='ocr_line' id='line_1_74' title="bbox 798 5884 2355 5953; baseline -0.004 -7"><span class='ocrx_word' id='word_1_524' title='bbox 798 5892 1123 5948; x_wconf 84' lang='lat' dir='ltr'><strong>intemerato</strong></span> <span class='ocrx_word' id='word_1_525' title='bbox 1185 5905 1582 5949; x_wconf 57' lang='lat' dir='ltr'><strong>eemmumoms</strong></span> <span class='ocrx_word' id='word_1_526' title='bbox 1601 5893 1954 5945; x_wconf 62' lang='lat' dir='ltr'><strong>Qacramento</strong></span> <span class='ocrx_word' id='word_1_527' title='bbox 1977 5930 1990 5953; x_wconf 93' lang='lat'><strong>,</strong></span> <span class='ocrx_word' id='word_1_528' title='bbox 2031 5888 2081 5941; x_wconf 93' lang='lat' dir='ltr'><strong>in</strong></span> <span class='ocrx_word' id='word_1_529' title='bbox 2115 5884 2355 5941; x_wconf 82' lang='lat' dir='ltr'><strong>Ecclesia</strong></span> 
     </span>
    </p>
   </div>
   <div class='ocr_carea' id='block_1_75' title="bbox 1627 4602 2427 4679">
    <p class='ocr_par' dir='ltr' id='par_1_75' title="bbox 1627 4602 2427 4679">
     <span class='ocr_line' id='line_1_75' title="bbox 1627 4602 2427 4679; baseline 0.005 -26"><span class='ocrx_word' id='word_1_530' title='bbox 1627 4622 1643 4653; x_wconf 76' lang='grc' dir='ltr'>ι</span> <span class='ocrx_word' id='word_1_531' title='bbox 1686 4605 1859 4673; x_wconf 87' lang='lat' dir='ltr'><strong>Atque</strong></span> <span class='ocrx_word' id='word_1_532' title='bbox 1913 4604 2119 4657; x_wconf 84' lang='lat' dir='ltr'><strong>utinam</strong></span> <span class='ocrx_word' id='word_1_533' title='bbox 2151 4602 2348 4671; x_wconf 85' lang='lat' dir='ltr'><strong>aliquid</strong></span> <span class='ocrx_word' id='word_1_534' title='bbox 2384 4625 2427 4679; x_wconf 77' lang='grc' dir='ltr'><strong>ι)</strong></span> 
     </span>
    </p>
   </div>
   <div class='ocr_carea' id='block_1_76' title="bbox 2439 2029 3974 2103">
    <p class='ocr_par' dir='ltr' id='par_1_76' title="bbox 2439 2029 3974 2103">
     <span class='ocr_line' id='line_1_76' title="bbox 2439 2029 3974 2103; baseline 0.007 -21"><span class='ocrx_word' id='word_1_535' title='bbox 2439 2029 2696 2098; x_wconf 85' lang='lat' dir='ltr'><strong>insignis;</strong></span> <span class='ocrx_word' id='word_1_536' title='bbox 2725 2046 2849 2085; x_wconf 84' lang='lat' dir='ltr'><strong>cum</strong></span> <span class='ocrx_word' id='word_1_537' title='bbox 2879 2033 2994 2100; x_wconf 87' lang='lat' dir='ltr'><strong>ipse</strong></span> <span class='ocrx_word' id='word_1_538' title='bbox 3039 2032 3334 2103; x_wconf 85' lang='lat' dir='ltr'><strong>imperator</strong></span> <span class='ocrx_word' id='word_1_539' title='bbox 3382 2036 3449 2088; x_wconf 92' lang='lat' dir='ltr'><strong>de</strong></span> <span class='ocrx_word' id='word_1_540' title='bbox 3493 2034 3633 2089; x_wconf 87' lang='lat' dir='ltr'><strong>illius</strong></span> <span class='ocrx_word' id='word_1_541' title='bbox 3656 2038 3851 2091; x_wconf 86' lang='lat' dir='ltr'><strong>exsilio</strong></span> <span class='ocrx_word' id='word_1_542' title='bbox 3881 2055 3974 2093; x_wconf 90' lang='lat' dir='ltr'><strong>seu</strong></span> 
     </span>
    </p>
   </div>
   <div class='ocr_carea' id='block_1_77' title="bbox 2441 2120 4001 2194">
    <p class='ocr_par' dir='ltr' id='par_1_77' title="bbox 2441 2120 4001 2194">
     <span class='ocr_line' id='line_1_77' title="bbox 2441 2120 4001 2194; baseline 0.007 -21"><span class='ocrx_word' id='word_1_543' title='bbox 2441 2120 2663 2173; x_wconf 90' lang='lat' dir='ltr'><strong>tentiam</strong></span> <span class='ocrx_word' id='word_1_544' title='bbox 2691 2120 2850 2174; x_wconf 89' lang='lat' dir='ltr'><strong>vellet</strong></span> <span class='ocrx_word' id='word_1_545' title='bbox 2879 2123 3117 2179; x_wconf 90' lang='lat' dir='ltr'><strong>scribere</strong></span> <span class='ocrx_word' id='word_1_546' title='bbox 3143 2162 3158 2188; x_wconf 94' lang='lat'><strong>,</strong></span> <span class='ocrx_word' id='word_1_547' title='bbox 3214 2124 3444 2193; x_wconf 87' lang='lat' dir='ltr'><strong>primus,</strong></span> <span class='ocrx_word' id='word_1_548' title='bbox 3470 2127 3760 2194; x_wconf 83' lang='lat' dir='ltr'><strong>secundus,</strong></span> <span class='ocrx_word' id='word_1_549' title='bbox 3794 2139 3850 2183; x_wconf 90' lang='lat' dir='ltr'><strong>et</strong></span> <span class='ocrx_word' id='word_1_550' title='bbox 3891 2142 4001 2183; x_wconf 89' lang='lat' dir='ltr'><strong>ter-</strong></span> 
     </span>
    </p>
   </div>
   <div class='ocr_carea' id='block_1_78' title="bbox 2440 2209 4001 2287">
    <p class='ocr_par' dir='ltr' id='par_1_78' title="bbox 2440 2209 4001 2287">
     <span class='ocr_line' id='line_1_78' title="bbox 2440 2209 4001 2287; baseline 0.006 -22"><span class='ocrx_word' id='word_1_551' title='bbox 2440 2210 2547 2270; x_wconf 86' lang='lat' dir='ltr'><strong>tius</strong></span> <span class='ocrx_word' id='word_1_552' title='bbox 2570 2210 2814 2265; x_wconf 90' lang='lat' dir='ltr'><strong>calamus</strong></span> <span class='ocrx_word' id='word_1_553' title='bbox 2849 2209 3053 2269; x_wconf 82' lang='lat' dir='ltr'><strong>fractus</strong></span> <span class='ocrx_word' id='word_1_554' title='bbox 3089 2224 3200 2281; x_wconf 90' lang='lat' dir='ltr'><strong>est;</strong></span> <span class='ocrx_word' id='word_1_555' title='bbox 3248 2214 3387 2270; x_wconf 91' lang='lat' dir='ltr'><strong>unde</strong></span> <span class='ocrx_word' id='word_1_556' title='bbox 3420 2216 3727 2287; x_wconf 88' lang='lat' dir='ltr'><strong>indignatus</strong></span> <span class='ocrx_word' id='word_1_557' title='bbox 3755 2220 4001 2274; x_wconf 89' lang='lat' dir='ltr'><strong>chartam</strong></span> 
     </span>
    </p>
   </div>
   <div class='ocr_carea' id='block_1_79' title="bbox 2442 2298 4005 2380">
    <p class='ocr_par' dir='ltr' id='par_1_79' title="bbox 2442 2298 4005 2380">
     <span class='ocr_line' id='line_1_79' title="bbox 2442 2298 4005 2380; baseline 0.008 -27"><span class='ocrx_word' id='word_1_558' title='bbox 2442 2300 2625 2370; x_wconf 87' lang='lat' dir='ltr'><strong>fregit.</strong></span> <span class='ocrx_word' id='word_1_559' title='bbox 2664 2298 2873 2355; x_wconf 83' lang='lat' dir='ltr'><strong>Claruit</strong></span> <span class='ocrx_word' id='word_1_560' title='bbox 2920 2316 3061 2359; x_wconf 86' lang='lat' dir='ltr'><strong>anno</strong></span> <span class='ocrx_word' id='word_1_561' title='bbox 3118 2306 3309 2361; x_wconf 86' lang='lat' dir='ltr'><strong>salutis</strong></span> <span class='ocrx_word' id='word_1_562' title='bbox 3365 2307 3492 2365; x_wconf 77' lang='lat'><strong>369.</strong></span> <span class='ocrx_word' id='word_1_563' title='bbox 3525 2326 3545 2359; x_wconf 73' lang='grc' dir='ltr'><strong><em>ι</em></strong></span> <span class='ocrx_word' id='word_1_564' title='bbox 3584 2308 4005 2380; x_wconf 83' lang='lat' dir='ltr'><strong>Manuscriptum</strong></span> 
     </span>
    </p>
   </div>
   <div class='ocr_carea' id='block_1_80' title="bbox 2439 2390 4003 2471">
    <p class='ocr_par' dir='ltr' id='par_1_80' title="bbox 2439 2390 4003 2471">
     <span class='ocr_line' id='line_1_80' title="bbox 2439 2390 4003 2471; baseline 0.007 -24"><span class='ocrx_word' id='word_1_565' title='bbox 2439 2391 2499 2449; x_wconf 88' lang='lat' dir='ltr'><strong>S.</strong></span> <span class='ocrx_word' id='word_1_566' title='bbox 2518 2390 2758 2457; x_wconf 78' lang='lat' dir='ltr'><strong>Gudulze,</strong></span> <span class='ocrx_word' id='word_1_567' title='bbox 2783 2407 2897 2446; x_wconf 92' lang='lat' dir='ltr'><strong>non-</strong></span> <span class='ocrx_word' id='word_1_568' title='bbox 2916 2395 3249 2453; x_wconf 91' lang='lat' dir='ltr'><strong>translationi</strong></span> <span class='ocrx_word' id='word_1_569' title='bbox 3269 2400 3359 2454; x_wconf 91' lang='lat' dir='ltr'><strong>sed</strong></span> <span class='ocrx_word' id='word_1_570' title='bbox 3377 2401 3870 2471; x_wconf 22' lang='lat' dir='ltr'><strong>elevationi,,bujus</strong></span> <span class='ocrx_word' id='word_1_571' title='bbox 3896 2404 4003 2458; x_wconf 82' lang='lat' dir='ltr'><strong>diei</strong></span> 
     </span>
    </p>
   </div>
   <div class='ocr_carea' id='block_1_81' title="bbox 2442 2482 4006 2559">
    <p class='ocr_par' dir='ltr' id='par_1_81' title="bbox 2442 2482 4006 2559">
     <span class='ocr_line' id='line_1_81' title="bbox 2442 2482 4006 2559; baseline 0.01 -24"><span class='ocrx_word' id='word_1_572' title='bbox 2442 2484 2638 2538; x_wconf 85' lang='lat' dir='ltr'><strong>festum</strong></span> <span class='ocrx_word' id='word_1_573' title='bbox 2676 2482 2906 2539; x_wconf 87' lang='lat' dir='ltr'><strong>ascribit</strong></span> <span class='ocrx_word' id='word_1_574' title='bbox 2934 2500 2947 2536; x_wconf 90' lang='lat'><strong>:</strong></span> <span class='ocrx_word' id='word_1_575' title='bbox 2979 2491 3032 2538; x_wconf 92' lang='lat' dir='ltr'><strong>et</strong></span> <span class='ocrx_word' id='word_1_576' title='bbox 3060 2496 3238 2553; x_wconf 90' lang='lat' dir='ltr'><strong>recte,</strong></span> <span class='ocrx_word' id='word_1_577' title='bbox 3265 2491 3307 2542; x_wconf 90' lang='lat' dir='ltr'><strong>si</strong></span> <span class='ocrx_word' id='word_1_578' title='bbox 3339 2500 3531 2559; x_wconf 75' lang='lat' dir='ltr'><strong>praeter</strong></span> <span class='ocrx_word' id='word_1_579' title='bbox 3563 2494 3899 2550; x_wconf 90' lang='lat' dir='ltr'><strong>ordinarium</strong></span> <span class='ocrx_word' id='word_1_580' title='bbox 3924 2498 4006 2550; x_wconf 89' lang='lat' dir='ltr'><strong>lo-</strong></span> 
     </span>
    </p>
   </div>
   <div class='ocr_carea' id='block_1_82' title="bbox 2442 2574 4005 2656">
    <p class='ocr_par' dir='ltr' id='par_1_82' title="bbox 2442 2574 4005 2656">
     <span class='ocr_line' id='line_1_82' title="bbox 2442 2574 4005 2656; baseline 0.01 -30"><span class='ocrx_word' id='word_1_581' title='bbox 2442 2574 2639 2643; x_wconf 89' lang='lat' dir='ltr'><strong>quendi</strong></span> <span class='ocrx_word' id='word_1_582' title='bbox 2669 2575 2912 2641; x_wconf 88' lang='lat' dir='ltr'><strong>modum,</strong></span> <span class='ocrx_word' id='word_1_583' title='bbox 2948 2590 3045 2646; x_wconf 91' lang='lat' dir='ltr'><strong>per</strong></span> <span class='ocrx_word' id='word_1_584' title='bbox 3064 2575 3416 2635; x_wconf 85' lang='lat' dir='ltr'><strong>elevationem</strong></span> <span class='ocrx_word' id='word_1_585' title='bbox 3449 2585 3768 2656; x_wconf 83' lang='lat' dir='ltr'><strong>intelligeret</strong></span> <span class='ocrx_word' id='word_1_586' title='bbox 3795 2586 4005 2641; x_wconf 84' lang='lat' dir='ltr'><strong>exalta-</strong></span> 
     </span>
    </p>
   </div>
   <div class='ocr_carea' id='block_1_83' title="bbox 2447 2665 4006 2743">
    <p class='ocr_par' dir='ltr' id='par_1_83' title="bbox 2447 2665 4006 2743">
     <span class='ocr_line' id='line_1_83' title="bbox 2447 2665 4006 2743; baseline 0.01 -24"><span class='ocrx_word' id='word_1_587' title='bbox 2447 2665 2650 2721; x_wconf 89' lang='lat' dir='ltr'><strong>tionem</strong></span> <span class='ocrx_word' id='word_1_588' title='bbox 2683 2666 2799 2734; x_wconf 86' lang='lat' dir='ltr'><strong>ejus</strong></span> <span class='ocrx_word' id='word_1_589' title='bbox 2846 2667 2901 2721; x_wconf 88' lang='lat' dir='ltr'><strong>in</strong></span> <span class='ocrx_word' id='word_1_590' title='bbox 2929 2668 3241 2723; x_wconf 88' lang='lat' dir='ltr'><strong>cathedram</strong></span> <span class='ocrx_word' id='word_1_591' title='bbox 3276 2671 3651 2743; x_wconf 78' lang='lat' dir='ltr'><strong>episcopalem.</strong></span> <span class='ocrx_word' id='word_1_592' title='bbox 3684 2678 3918 2733; x_wconf 85' lang='lat' dir='ltr'><strong>Additur</strong></span> <span class='ocrx_word' id='word_1_593' title='bbox 3955 2682 4006 2734; x_wconf 91' lang='lat' dir='ltr'><strong>in</strong></span> 
     </span>
    </p>
   </div>
   <div class='ocr_carea' id='block_1_84' title="bbox 2442 2755 4010 2839">
    <p class='ocr_par' dir='ltr' id='par_1_84' title="bbox 2442 2755 4010 2839">
     <span class='ocr_line' id='line_1_84' title="bbox 2442 2755 4010 2839; baseline 0.009 -29"><span class='ocrx_word' id='word_1_594' title='bbox 2442 2755 2633 2832; x_wconf 81' lang='lat' dir='ltr'><strong>epdem</strong></span> <span class='ocrx_word' id='word_1_595' title='bbox 2663 2756 2904 2814; x_wconf 78' lang='lat' dir='ltr'><strong>Florario</strong></span> <span class='ocrx_word' id='word_1_596' title='bbox 2925 2758 3256 2829; x_wconf 88' lang='lat' dir='ltr'><strong>elogium,_ab</strong></span> <span class='ocrx_word' id='word_1_597' title='bbox 3281 2760 3399 2817; x_wconf 82' lang='lat' dir='ltr'><strong>aliis</strong></span> <span class='ocrx_word' id='word_1_598' title='bbox 3428 2762 3653 2819; x_wconf 88' lang='lat' dir='ltr'><strong>Usuardi</strong></span> <span class='ocrx_word' id='word_1_599' title='bbox 3684 2771 4010 2839; x_wconf 81' lang='lat' dir='ltr'><strong>apographis</strong></span> 
     </span>
    </p>
   </div>
   <div class='ocr_carea' id='block_1_85' title="bbox 2443 2849 4008 2924">
    <p class='ocr_par' dir='ltr' id='par_1_85' title="bbox 2443 2849 4008 2924">
     <span class='ocr_line' id='line_1_85' title="bbox 2443 2849 4008 2924; baseline 0.007 -19"><span class='ocrx_word' id='word_1_600' title='bbox 2443 2849 2717 2906; x_wconf 89' lang='lat' dir='ltr'><strong>diversum</strong></span> <span class='ocrx_word' id='word_1_601' title='bbox 2743 2890 2759 2917; x_wconf 96' lang='lat'><strong>,</strong></span> <span class='ocrx_word' id='word_1_602' title='bbox 2797 2865 2898 2907; x_wconf 90' lang='lat' dir='ltr'><strong>nec</strong></span> <span class='ocrx_word' id='word_1_603' title='bbox 2944 2852 3149 2909; x_wconf 90' lang='lat' dir='ltr'><strong>erroris</strong></span> <span class='ocrx_word' id='word_1_604' title='bbox 3180 2866 3395 2924; x_wconf 87' lang='lat' dir='ltr'><strong>expers.</strong></span> <span class='ocrx_word' id='word_1_605' title='bbox 3445 2872 3465 2906; x_wconf 76' lang='grc' dir='ltr'>ι</span> <span class='ocrx_word' id='word_1_606' title='bbox 3517 2854 3669 2921; x_wconf 85' lang='lat' dir='ltr'><strong>Apud</strong></span> <span class='ocrx_word' id='word_1_607' title='bbox 3702 2856 4008 2915; x_wconf 53' lang='lat' dir='ltr'><strong>Ctesaream</strong></span> 
     </span>
    </p>
   </div>
   <div class='ocr_carea' id='block_1_86' title="bbox 2442 2940 3974 3021">
    <p class='ocr_par' dir='ltr' id='par_1_86' title="bbox 2442 2940 3974 3021">
     <span class='ocr_line' id='line_1_86' title="bbox 2442 2940 3974 3021; baseline 0.006 -26"><span class='ocrx_word' id='word_1_608' title='bbox 2442 2940 2796 3013; x_wconf 60' lang='lat' dir='ltr'><strong>Cappadociae</strong></span> <span class='ocrx_word' id='word_1_609' title='bbox 2820 2983 2837 3008; x_wconf 84' lang='lat'><strong>,</strong></span> <span class='ocrx_word' id='word_1_610' title='bbox 2871 2945 3104 3001; x_wconf 89' lang='lat' dir='ltr'><strong>clevatio</strong></span> <span class='ocrx_word' id='word_1_611' title='bbox 3134 2945 3278 3001; x_wconf 87' lang='lat' dir='ltr'><strong>beati</strong></span> <span class='ocrx_word' id='word_1_612' title='bbox 3320 2955 3376 3001; x_wconf 89' lang='lat' dir='ltr'><strong>et</strong></span> <span class='ocrx_word' id='word_1_613' title='bbox 3410 2949 3587 3017; x_wconf 87' lang='lat' dir='ltr'><strong>magni</strong></span> <span class='ocrx_word' id='word_1_614' title='bbox 3634 2946 3818 3003; x_wconf 88' lang='lat' dir='ltr'><strong>Basilii</strong></span> <span class='ocrx_word' id='word_1_615' title='bbox 3846 2990 3861 3016; x_wconf 95' lang='lat'><strong>,</strong></span> <span class='ocrx_word' id='word_1_616' title='bbox 3892 2952 3974 3021; x_wconf 74' lang='lat' dir='ltr'><strong>epi</strong></span> 
     </span>
    </p>
   </div>
   <div class='ocr_carea' id='block_1_87' title="bbox 2445 3034 4013 3111">
    <p class='ocr_par' dir='ltr' id='par_1_87' title="bbox 2445 3034 4013 3111">
     <span class='ocr_line' id='line_1_87' title="bbox 2445 3034 4013 3111; baseline 0.004 -24"><span class='ocrx_word' id='word_1_617' title='bbox 2445 3034 2593 3102; x_wconf 89' lang='lat' dir='ltr'><strong>scopi</strong></span> <span class='ocrx_word' id='word_1_618' title='bbox 2629 3044 2684 3089; x_wconf 90' lang='lat' dir='ltr'><strong>et</strong></span> <span class='ocrx_word' id='word_1_619' title='bbox 2725 3038 3083 3103; x_wconf 88' lang='lat' dir='ltr'><strong>confessoris,</strong></span> <span class='ocrx_word' id='word_1_620' title='bbox 3134 3036 3320 3093; x_wconf 91' lang='lat' dir='ltr'><strong>fratris</strong></span> <span class='ocrx_word' id='word_1_621' title='bbox 3368 3039 3540 3095; x_wconf 88' lang='lat' dir='ltr'><strong>sancti</strong></span> <span class='ocrx_word' id='word_1_622' title='bbox 3594 3036 3839 3111; x_wconf 85' lang='lat' dir='ltr'><strong>Gregorii</strong></span> <span class='ocrx_word' id='word_1_623' title='bbox 3901 3042 4013 3096; x_wconf 85' lang='lat' dir='ltr'><strong>Na-</strong></span> 
     </span>
    </p>
   </div>
   <div class='ocr_carea' id='block_1_88' title="bbox 2448 3125 4015 3202">
    <p class='ocr_par' dir='ltr' id='par_1_88' title="bbox 2448 3125 4015 3202">
     <span class='ocr_line' id='line_1_88' title="bbox 2448 3125 4015 3202; baseline 0.008 -25"><span class='ocrx_word' id='word_1_624' title='bbox 2448 3125 2694 3183; x_wconf 64' lang='lat' dir='ltr'><strong>sianacui</strong></span> <span class='ocrx_word' id='word_1_625' title='bbox 2747 3136 2801 3181; x_wconf 94' lang='lat' dir='ltr'><strong>et</strong></span> <span class='ocrx_word' id='word_1_626' title='bbox 2840 3127 2983 3182; x_wconf 89' lang='lat' dir='ltr'><strong>Petri</strong></span> <span class='ocrx_word' id='word_1_627' title='bbox 3009 3147 3024 3183; x_wconf 90' lang='lat'><strong>:</strong></span> <span class='ocrx_word' id='word_1_628' title='bbox 3050 3130 3133 3183; x_wconf 92' lang='lat' dir='ltr'><strong>cui</strong></span> <span class='ocrx_word' id='word_1_629' title='bbox 3163 3130 3413 3185; x_wconf 86' lang='lat' dir='ltr'><strong>Christus</strong></span> <span class='ocrx_word' id='word_1_630' title='bbox 3443 3147 3564 3185; x_wconf 92' lang='lat' dir='ltr'><strong>cum</strong></span> <span class='ocrx_word' id='word_1_631' title='bbox 3599 3132 3711 3187; x_wconf 88' lang='lat' dir='ltr'><strong>suis</strong></span> <span class='ocrx_word' id='word_1_632' title='bbox 3750 3135 4015 3202; x_wconf 88' lang='lat' dir='ltr'><strong>apostolis</strong></span> 
     </span>
    </p>
   </div>
   <div class='ocr_carea' id='block_1_89' title="bbox 2450 3220 4016 3294">
    <p class='ocr_par' dir='ltr' id='par_1_89' title="bbox 2450 3220 4016 3294">
     <span class='ocr_line' id='line_1_89' title="bbox 2450 3220 4016 3294; baseline 0.007 -25"><span class='ocrx_word' id='word_1_633' title='bbox 2450 3231 2735 3285; x_wconf 88' lang='lat' dir='ltr'><strong>apparens,</strong></span> <span class='ocrx_word' id='word_1_634' title='bbox 2769 3220 3131 3276; x_wconf 88' lang='lat' dir='ltr'><strong>ministeriunt</strong></span> <span class='ocrx_word' id='word_1_635' title='bbox 3169 3220 3346 3278; x_wconf 73' lang='lat' dir='ltr'><strong>Missa:</strong></span> <span class='ocrx_word' id='word_1_636' title='bbox 3378 3224 3561 3279; x_wconf 88' lang='lat' dir='ltr'><strong>docuit</strong></span> <span class='ocrx_word' id='word_1_637' title='bbox 3592 3238 3608 3277; x_wconf 90' lang='lat'><strong>:</strong></span> <span class='ocrx_word' id='word_1_638' title='bbox 3638 3234 3690 3280; x_wconf 90' lang='lat' dir='ltr'><strong>et</strong></span> <span class='ocrx_word' id='word_1_639' title='bbox 3714 3224 3868 3293; x_wconf 88' lang='lat' dir='ltr'><strong>cujus</strong></span> <span class='ocrx_word' id='word_1_640' title='bbox 3890 3241 4016 3294; x_wconf 89' lang='lat' dir='ltr'><strong>pre-</strong></span> 
     </span>
    </p>
   </div>
   <div class='ocr_carea' id='block_1_90' title="bbox 2447 3308 4014 3388">
    <p class='ocr_par' dir='ltr' id='par_1_90' title="bbox 2447 3308 4014 3388">
     <span class='ocr_line' id='line_1_90' title="bbox 2447 3308 4014 3388; baseline 0.006 -23"><span class='ocrx_word' id='word_1_641' title='bbox 2447 3310 2601 3365; x_wconf 71' lang='lat' dir='ltr'><strong>sibus</strong></span> <span class='ocrx_word' id='word_1_642' title='bbox 2646 3308 2879 3381; x_wconf 87' lang='lat' dir='ltr'><strong>Ephrem</strong></span> <span class='ocrx_word' id='word_1_643' title='bbox 2926 3310 3093 3383; x_wconf 82' lang='lat' dir='ltr'><strong>Syrus</strong></span> <span class='ocrx_word' id='word_1_644' title='bbox 3146 3312 3332 3369; x_wconf 65' lang='lat' dir='ltr'><strong>Grazce</strong></span> <span class='ocrx_word' id='word_1_645' title='bbox 3398 3316 3607 3371; x_wconf 91' lang='lat' dir='ltr'><strong>locutus</strong></span> <span class='ocrx_word' id='word_1_646' title='bbox 3653 3327 3777 3373; x_wconf 88' lang='lat' dir='ltr'><strong>est:</strong></span> <span class='ocrx_word' id='word_1_647' title='bbox 3807 3321 4014 3388; x_wconf 86' lang='lat' dir='ltr'><strong>quique</strong></span> 
     </span>
    </p>
   </div>
   <div class='ocr_carea' id='block_1_91' title="bbox 2448 3400 4010 3480">
    <p class='ocr_par' dir='ltr' id='par_1_91' title="bbox 2448 3400 4010 3480">
     <span class='ocr_line' id='line_1_91' title="bbox 2448 3400 4010 3480; baseline 0.004 -22"><span class='ocrx_word' id='word_1_648' title='bbox 2448 3413 2677 3458; x_wconf 90' lang='lat' dir='ltr'><strong>mortem</strong></span> <span class='ocrx_word' id='word_1_649' title='bbox 2708 3400 2903 3456; x_wconf 87' lang='lat' dir='ltr'><strong>Juliani</strong></span> <span class='ocrx_word' id='word_1_650' title='bbox 2951 3406 3226 3470; x_wconf 63' lang='lat' dir='ltr'><strong>Apostataz</strong></span> <span class='ocrx_word' id='word_1_651' title='bbox 3260 3419 3356 3471; x_wconf 89' lang='lat' dir='ltr'><strong>per</strong></span> <span class='ocrx_word' id='word_1_652' title='bbox 3395 3407 3771 3463; x_wconf 70' lang='lat' dir='ltr'><strong>revdationem</strong></span> <span class='ocrx_word' id='word_1_653' title='bbox 3806 3424 4010 3480; x_wconf 84' lang='lat' dir='ltr'><strong>cogno-</strong></span> 
     </span>
    </p>
   </div>
   <div class='ocr_carea' id='block_1_92' title="bbox 2446 3494 4012 3568">
    <p class='ocr_par' dir='ltr' id='par_1_92' title="bbox 2446 3494 4012 3568">
     <span class='ocr_line' id='line_1_92' title="bbox 2446 3494 4012 3568; baseline 0.004 -17"><span class='ocrx_word' id='word_1_654' title='bbox 2446 3498 2547 3563; x_wconf 84' lang='lat' dir='ltr'><strong>vit,</strong></span> <span class='ocrx_word' id='word_1_655' title='bbox 2594 3499 2685 3568; x_wconf 85' lang='lat' dir='ltr'><strong>qui</strong></span> <span class='ocrx_word' id='word_1_656' title='bbox 2732 3498 2935 3553; x_wconf 89' lang='lat' dir='ltr'><strong>vadens</strong></span> <span class='ocrx_word' id='word_1_657' title='bbox 2962 3496 3029 3550; x_wconf 91' lang='lat' dir='ltr'><strong>ad</strong></span> <span class='ocrx_word' id='word_1_658' title='bbox 3064 3495 3263 3550; x_wconf 84' lang='lat' dir='ltr'><strong>bellum</strong></span> <span class='ocrx_word' id='word_1_659' title='bbox 3296 3494 3596 3565; x_wconf 86' lang='lat' dir='ltr'><strong>Persicum,</strong></span> <span class='ocrx_word' id='word_1_660' title='bbox 3620 3499 3720 3553; x_wconf 89' lang='lat' dir='ltr'><strong>sibi</strong></span> <span class='ocrx_word' id='word_1_661' title='bbox 3749 3501 3799 3553; x_wconf 92' lang='lat' dir='ltr'><strong>in</strong></span> <span class='ocrx_word' id='word_1_662' title='bbox 3834 3505 4012 3557; x_wconf 84' lang='lat' dir='ltr'><strong>reditu</strong></span> 
     </span>
    </p>
   </div>
   <div class='ocr_carea' id='block_1_93' title="bbox 2448 3584 4013 3645">
    <p class='ocr_par' dir='ltr' id='par_1_93' title="bbox 2448 3584 4013 3645">
     <span class='ocr_line' id='line_1_93' title="bbox 2448 3584 4013 3645; baseline 0.002 -3"><span class='ocrx_word' id='word_1_663' title='bbox 2448 3588 2867 3643; x_wconf 86' lang='lat' dir='ltr'><strong>destructionem</strong></span> <span class='ocrx_word' id='word_1_664' title='bbox 2917 3586 3177 3643; x_wconf 71' lang='lat' dir='ltr'><strong>Ctesat&#39;ea:</strong></span> <span class='ocrx_word' id='word_1_665' title='bbox 3219 3584 3398 3641; x_wconf 89' lang='lat' dir='ltr'><strong>fuerat</strong></span> <span class='ocrx_word' id='word_1_666' title='bbox 3439 3586 3819 3643; x_wconf 86' lang='lat' dir='ltr'><strong>comminatus.</strong></span> <span class='ocrx_word' id='word_1_667' title='bbox 3861 3608 3881 3641; x_wconf 72' lang='grc' dir='ltr'>ι</span> <span class='ocrx_word' id='word_1_668' title='bbox 3931 3592 4013 3645; x_wconf 88' lang='lat' dir='ltr'><strong>An</strong></span> 
     </span>
    </p>
   </div>
   <div class='ocr_carea' id='block_1_94' title="bbox 2449 3679 4013 3747">
    <p class='ocr_par' dir='ltr' id='par_1_94' title="bbox 2449 3679 4013 3747">
     <span class='ocr_line' id='line_1_94' title="bbox 2449 3679 4013 3747; baseline 0.002 -12"><span class='ocrx_word' id='word_1_669' title='bbox 2449 3679 2755 3736; x_wconf 84' lang='lat' dir='ltr'><strong>intellectus</strong></span> <span class='ocrx_word' id='word_1_670' title='bbox 2807 3694 2995 3736; x_wconf 90' lang='lat' dir='ltr'><strong>errore</strong></span> <span class='ocrx_word' id='word_1_671' title='bbox 3020 3720 3035 3745; x_wconf 88' lang='lat'><strong>,</strong></span> <span class='ocrx_word' id='word_1_672' title='bbox 3068 3696 3135 3735; x_wconf 93' lang='lat' dir='ltr'><strong>an</strong></span> <span class='ocrx_word' id='word_1_673' title='bbox 3186 3680 3377 3735; x_wconf 88' lang='lat' dir='ltr'><strong>calami</strong></span> <span class='ocrx_word' id='word_1_674' title='bbox 3409 3680 3633 3735; x_wconf 89' lang='lat' dir='ltr'><strong>nimium</strong></span> <span class='ocrx_word' id='word_1_675' title='bbox 3682 3681 4013 3747; x_wconf 84' lang='lat' dir='ltr'><strong>festinantis.</strong></span> 
     </span>
    </p>
   </div>
   <div class='ocr_carea' id='block_1_95' title="bbox 2450 3769 4017 3842">
    <p class='ocr_par' dir='ltr' id='par_1_95' title="bbox 2450 3769 4017 3842">
     <span class='ocr_line' id='line_1_95' title="bbox 2450 3769 4017 3842; baseline 0.004 -18"><span class='ocrx_word' id='word_1_676' title='bbox 2450 3770 2825 3826; x_wconf 86' lang='lat' dir='ltr'><strong>Nazianzenus</strong></span> <span class='ocrx_word' id='word_1_677' title='bbox 2869 3787 2965 3840; x_wconf 90' lang='lat' dir='ltr'><strong>pro</strong></span> <span class='ocrx_word' id='word_1_678' title='bbox 2998 3769 3241 3840; x_wconf 80' lang='lat' dir='ltr'><strong>Nyssenu</strong></span> <span class='ocrx_word' id='word_1_679' title='bbox 3274 3772 3361 3827; x_wconf 90' lang='lat' dir='ltr'><strong>hic</strong></span> <span class='ocrx_word' id='word_1_680' title='bbox 3413 3772 3653 3842; x_wconf 82' lang='lat' dir='ltr'><strong>legatur,</strong></span> <span class='ocrx_word' id='word_1_681' title='bbox 3704 3790 3810 3829; x_wconf 82' lang='lat' dir='ltr'><strong>non</strong></span> <span class='ocrx_word' id='word_1_682' title='bbox 3858 3774 4017 3830; x_wconf 81' lang='lat' dir='ltr'><strong>facile</strong></span> 
     </span>
    </p>
   </div>
   <div class='ocr_carea' id='block_1_96' title="bbox 2449 3861 4015 3923">
    <p class='ocr_par' dir='ltr' id='par_1_96' title="bbox 2449 3861 4015 3923">
     <span class='ocr_line' id='line_1_96' title="bbox 2449 3861 4015 3923; baseline 0.004 -10"><span class='ocrx_word' id='word_1_683' title='bbox 2449 3861 2671 3914; x_wconf 87' lang='lat' dir='ltr'><strong>dixeris.</strong></span> <span class='ocrx_word' id='word_1_684' title='bbox 2728 3862 2800 3915; x_wconf 92' lang='lat' dir='ltr'><strong>De</strong></span> <span class='ocrx_word' id='word_1_685' title='bbox 2847 3862 3072 3915; x_wconf 87' lang='lat' dir='ltr'><strong>aliorum</strong></span> <span class='ocrx_word' id='word_1_686' title='bbox 3110 3863 3196 3916; x_wconf 84' lang='lat' dir='ltr'><strong>hic</strong></span> <span class='ocrx_word' id='word_1_687' title='bbox 3250 3873 3593 3917; x_wconf 86' lang='lat' dir='ltr'><strong>narratorum</strong></span> <span class='ocrx_word' id='word_1_688' title='bbox 3629 3866 3858 3923; x_wconf 88' lang='lat' dir='ltr'><strong>veritate</strong></span> <span class='ocrx_word' id='word_1_689' title='bbox 3904 3878 4015 3921; x_wconf 85' lang='lat' dir='ltr'><strong>sta-</strong></span> 
     </span>
    </p>
   </div>
   <div class='ocr_carea' id='block_1_97' title="bbox 2454 3950 3689 4023">
    <p class='ocr_par' dir='ltr' id='par_1_97' title="bbox 2454 3950 3689 4023">
     <span class='ocr_line' id='line_1_97' title="bbox 2454 3950 3689 4023; baseline 0.006 -22"><span class='ocrx_word' id='word_1_690' title='bbox 2454 3956 2594 4012; x_wconf 87' lang='lat' dir='ltr'><strong>tues,</strong></span> <span class='ocrx_word' id='word_1_691' title='bbox 2618 3965 2740 4003; x_wconf 93' lang='lat' dir='ltr'><strong>cum</strong></span> <span class='ocrx_word' id='word_1_692' title='bbox 2770 3954 2900 4003; x_wconf 89' lang='lat' dir='ltr'><strong>Acta</strong></span> <span class='ocrx_word' id='word_1_693' title='bbox 2929 3950 3157 4004; x_wconf 86' lang='lat' dir='ltr'><strong>inferius</strong></span> <span class='ocrx_word' id='word_1_694' title='bbox 3180 3951 3351 4005; x_wconf 91' lang='lat' dir='ltr'><strong>danda</strong></span> <span class='ocrx_word' id='word_1_695' title='bbox 3379 3954 3689 4023; x_wconf 86' lang='lat' dir='ltr'><strong>perlegeris.</strong></span> 
     </span>
    </p>
   </div>
   <div class='ocr_carea' id='block_1_98' title="bbox 2522 4043 4016 4111">
    <p class='ocr_par' dir='ltr' id='par_1_98' title="bbox 2522 4043 4016 4111">
     <span class='ocr_line' id='line_1_98' title="bbox 2522 4043 4016 4111; baseline 0.005 -12"><span class='ocrx_word' id='word_1_696' title='bbox 2522 4045 2575 4099; x_wconf 80' lang='grc'><strong>4.</strong></span> <span class='ocrx_word' id='word_1_697' title='bbox 2609 4043 2665 4098; x_wconf 90' lang='lat' dir='ltr'><strong>lo</strong></span> <span class='ocrx_word' id='word_1_698' title='bbox 2700 4045 2980 4100; x_wconf 88' lang='lat' dir='ltr'><strong>ritualibus</strong></span> <span class='ocrx_word' id='word_1_699' title='bbox 3006 4045 3316 4101; x_wconf 75' lang='lat' dir='ltr'><strong>Grazeorum</strong></span> <span class='ocrx_word' id='word_1_700' title='bbox 3358 4047 3531 4111; x_wconf 87' lang='lat' dir='ltr'><strong>libris,</strong></span> <span class='ocrx_word' id='word_1_701' title='bbox 3566 4049 3668 4104; x_wconf 92' lang='lat' dir='ltr'><strong>hoc</strong></span> <span class='ocrx_word' id='word_1_702' title='bbox 3692 4051 3777 4103; x_wconf 90' lang='lat' dir='ltr'><strong>die</strong></span> <span class='ocrx_word' id='word_1_703' title='bbox 3808 4067 3901 4105; x_wconf 74' lang='lat' dir='ltr'><strong>xiv</strong></span> <span class='ocrx_word' id='word_1_704' title='bbox 3923 4049 4016 4106; x_wconf 83' lang='lat' dir='ltr'><strong>Ju-</strong></span> 
     </span>
    </p>
   </div>
   <div class='ocr_carea' id='block_1_99' title="bbox 2451 4136 4017 4208">
    <p class='ocr_par' dir='ltr' id='par_1_99' title="bbox 2451 4136 4017 4208">
     <span class='ocr_line' id='line_1_99' title="bbox 2451 4136 4017 4208; baseline 0.003 -16"><span class='ocrx_word' id='word_1_705' title='bbox 2451 4137 2529 4193; x_wconf 92' lang='lat' dir='ltr'><strong>nii</strong></span> <span class='ocrx_word' id='word_1_706' title='bbox 2571 4136 2840 4192; x_wconf 83' lang='lat' dir='ltr'><strong>nemiuem</strong></span> <span class='ocrx_word' id='word_1_707' title='bbox 2896 4137 3129 4208; x_wconf 87' lang='lat' dir='ltr'><strong>reperio,</strong></span> <span class='ocrx_word' id='word_1_708' title='bbox 3161 4139 3250 4207; x_wconf 89' lang='lat' dir='ltr'><strong>qui</strong></span> <span class='ocrx_word' id='word_1_709' title='bbox 3279 4140 3603 4195; x_wconf 87' lang='lat' dir='ltr'><strong>mentionem</strong></span> <span class='ocrx_word' id='word_1_710' title='bbox 3635 4141 3804 4194; x_wconf 91' lang='lat' dir='ltr'><strong>sancti</strong></span> <span class='ocrx_word' id='word_1_711' title='bbox 3832 4141 4017 4197; x_wconf 81' lang='lat' dir='ltr'><strong>Basilii</strong></span> 
     </span>
    </p>
   </div>
   <div class='ocr_carea' id='block_1_100' title="bbox 2455 4229 4013 4299">
    <p class='ocr_par' dir='ltr' id='par_1_100' title="bbox 2455 4229 4013 4299">
     <span class='ocr_line' id='line_1_100' title="bbox 2455 4229 4013 4299; baseline 0.001 -14"><span class='ocrx_word' id='word_1_712' title='bbox 2455 4229 2637 4296; x_wconf 86' lang='lat' dir='ltr'><strong>faciat,</strong></span> <span class='ocrx_word' id='word_1_713' title='bbox 2667 4240 2861 4299; x_wconf 72' lang='lat' dir='ltr'><strong>praeter</strong></span> <span class='ocrx_word' id='word_1_714' title='bbox 2894 4230 3239 4299; x_wconf 81' lang='lat' dir='ltr'><strong>Horologium</strong></span> <span class='ocrx_word' id='word_1_715' title='bbox 3273 4246 3365 4287; x_wconf 90' lang='lat' dir='ltr'><strong>seu</strong></span> <span class='ocrx_word' id='word_1_716' title='bbox 3398 4232 3681 4287; x_wconf 92' lang='lat' dir='ltr'><strong>llorarium</strong></span> <span class='ocrx_word' id='word_1_717' title='bbox 3714 4273 3730 4298; x_wconf 95' lang='lat'><strong>,</strong></span> <span class='ocrx_word' id='word_1_718' title='bbox 3759 4233 3826 4286; x_wconf 86' lang='lat' dir='ltr'><strong>ad</strong></span> <span class='ocrx_word' id='word_1_719' title='bbox 3859 4249 4013 4287; x_wconf 85' lang='lat' dir='ltr'><strong>usum</strong></span> 
     </span>
    </p>
   </div>
   <div class='ocr_carea' id='block_1_101' title="bbox 2454 4321 4012 4391">
    <p class='ocr_par' dir='ltr' id='par_1_101' title="bbox 2454 4321 4012 4391">
     <span class='ocr_line' id='line_1_101' title="bbox 2454 4321 4012 4391; baseline 0.002 -15"><span class='ocrx_word' id='word_1_720' title='bbox 2454 4324 2763 4376; x_wconf 87' lang='lat' dir='ltr'><strong>monasterii</strong></span> <span class='ocrx_word' id='word_1_721' title='bbox 2814 4322 3026 4391; x_wconf 84' lang='lat' dir='ltr'><strong>Cryptae</strong></span> <span class='ocrx_word' id='word_1_722' title='bbox 3055 4321 3268 4376; x_wconf 75' lang='lat' dir='ltr'><strong>ferrata:</strong></span> <span class='ocrx_word' id='word_1_723' title='bbox 3300 4333 3354 4377; x_wconf 92' lang='lat' dir='ltr'><strong>et</strong></span> <span class='ocrx_word' id='word_1_724' title='bbox 3390 4323 3615 4376; x_wconf 92' lang='lat' dir='ltr'><strong>aliorum</strong></span> <span class='ocrx_word' id='word_1_725' title='bbox 3647 4327 4012 4379; x_wconf 86' lang='lat' dir='ltr'><strong>monasterio-</strong></span> 
     </span>
    </p>
   </div>
   <div class='ocr_carea' id='block_1_102' title="bbox 2454 4411 4018 4474">
    <p class='ocr_par' dir='ltr' id='par_1_102' title="bbox 2454 4411 4018 4474">
     <span class='ocr_line' id='line_1_102' title="bbox 2454 4411 4018 4474; baseline -0.001 -8"><span class='ocrx_word' id='word_1_726' title='bbox 2454 4428 2572 4466; x_wconf 89' lang='lat' dir='ltr'><strong>rum</strong></span> <span class='ocrx_word' id='word_1_727' title='bbox 2616 4413 2821 4467; x_wconf 86' lang='lat' dir='ltr'><strong>ordinis</strong></span> <span class='ocrx_word' id='word_1_728' title='bbox 2848 4412 2906 4464; x_wconf 84' lang='lat' dir='ltr'><strong>S.</strong></span> <span class='ocrx_word' id='word_1_729' title='bbox 2946 4411 3165 4474; x_wconf 85' lang='lat' dir='ltr'><strong>Basilii,</strong></span> <span class='ocrx_word' id='word_1_730' title='bbox 3194 4420 3417 4465; x_wconf 89' lang='lat' dir='ltr'><strong>curante</strong></span> <span class='ocrx_word' id='word_1_731' title='bbox 3444 4413 3873 4467; x_wconf 88' lang='lat' dir='ltr'><strong>eminentissimo</strong></span> <span class='ocrx_word' id='word_1_732' title='bbox 3894 4430 4018 4468; x_wconf 67' lang='lat' dir='ltr'><strong>car-</strong></span> 
     </span>
    </p>
   </div>
   <div class='ocr_carea' id='block_1_103' title="bbox 2456 4501 4014 4574">
    <p class='ocr_par' dir='ltr' id='par_1_103' title="bbox 2456 4501 4014 4574">
     <span class='ocr_line' id='line_1_103' title="bbox 2456 4501 4014 4574; baseline 0.001 -17"><span class='ocrx_word' id='word_1_733' title='bbox 2456 4502 2632 4558; x_wconf 90' lang='lat' dir='ltr'><strong>dinale</strong></span> <span class='ocrx_word' id='word_1_734' title='bbox 2660 4502 2862 4562; x_wconf 65' lang='lat' dir='ltr'><strong>Net-lio.</strong></span> <span class='ocrx_word' id='word_1_735' title='bbox 2892 4501 3077 4556; x_wconf 66' lang='lat' dir='ltr'><strong>Romae</strong></span> <span class='ocrx_word' id='word_1_736' title='bbox 3113 4503 3455 4572; x_wconf 80' lang='lat' dir='ltr'><strong>impressum,</strong></span> <span class='ocrx_word' id='word_1_737' title='bbox 3488 4504 3577 4559; x_wconf 93' lang='lat' dir='ltr'><strong>ubi</strong></span> <span class='ocrx_word' id='word_1_738' title='bbox 3627 4503 3826 4574; x_wconf 85' lang='lat' dir='ltr'><strong>legitur</strong></span> <span class='ocrx_word' id='word_1_739' title='bbox 3851 4506 4014 4560; x_wconf 90' lang='lat' dir='ltr'><strong>divini</strong></span> 
     </span>
    </p>
   </div>
   <div class='ocr_carea' id='block_1_104' title="bbox 2456 4590 4018 4650">
    <p class='ocr_par' dir='ltr' id='par_1_104' title="bbox 2456 4590 4018 4650">
     <span class='ocr_line' id='line_1_104' title="bbox 2456 4590 4018 4650; baseline 0.001 -3"><span class='ocrx_word' id='word_1_740' title='bbox 2456 4591 2615 4647; x_wconf 81' lang='lat' dir='ltr'><strong>officii</strong></span> <span class='ocrx_word' id='word_1_741' title='bbox 2639 4594 2727 4647; x_wconf 88' lang='lat' dir='ltr'><strong>hic</strong></span> <span class='ocrx_word' id='word_1_742' title='bbox 2757 4590 2941 4647; x_wconf 88' lang='lat' dir='ltr'><strong>titulus</strong></span> <span class='ocrx_word' id='word_1_743' title='bbox 2975 4609 2988 4645; x_wconf 91' lang='lat'><strong>:</strong></span> <span class='ocrx_word' id='word_1_744' title='bbox 3020 4611 3038 4644; x_wconf 73' lang='grc' dir='ltr'><strong><em>ι</em></strong></span> <span class='ocrx_word' id='word_1_745' title='bbox 3071 4592 3253 4647; x_wconf 89' lang='lat' dir='ltr'><strong>Sancti</strong></span> <span class='ocrx_word' id='word_1_746' title='bbox 3284 4593 3459 4648; x_wconf 88' lang='lat' dir='ltr'><strong>Patris</strong></span> <span class='ocrx_word' id='word_1_747' title='bbox 3493 4594 3661 4650; x_wconf 91' lang='lat' dir='ltr'><strong>nostri</strong></span> <span class='ocrx_word' id='word_1_748' title='bbox 3687 4593 3873 4649; x_wconf 86' lang='lat' dir='ltr'><strong>Basilii</strong></span> <span class='ocrx_word' id='word_1_749' title='bbox 3907 4595 4018 4649; x_wconf 75' lang='lat' dir='ltr'><strong>Ma-</strong></span> 
     </span>
    </p>
   </div>
   <div class='ocr_carea' id='block_1_105' title="bbox 2455 4684 4020 4755">
    <p class='ocr_par' dir='ltr' id='par_1_105' title="bbox 2455 4684 4020 4755">
     <span class='ocr_line' id='line_1_105' title="bbox 2455 4684 4020 4755; baseline 0 -16"><span class='ocrx_word' id='word_1_750' title='bbox 2455 4685 2566 4755; x_wconf 87' lang='lat' dir='ltr'><strong>gni,</strong></span> <span class='ocrx_word' id='word_1_751' title='bbox 2600 4704 2619 4737; x_wconf 73' lang='grc' dir='ltr'><strong><em>ι</em></strong></span> <span class='ocrx_word' id='word_1_752' title='bbox 2655 4684 2847 4737; x_wconf 89' lang='lat' dir='ltr'><strong>deinde</strong></span> <span class='ocrx_word' id='word_1_753' title='bbox 2908 4686 3275 4753; x_wconf 65' lang='lat' dir='ltr'><strong>prmscribitur</strong></span> <span class='ocrx_word' id='word_1_754' title='bbox 3320 4688 3473 4748; x_wconf 91' lang='lat' dir='ltr'><strong>ordo,</strong></span> <span class='ocrx_word' id='word_1_755' title='bbox 3504 4685 3773 4755; x_wconf 90' lang='lat' dir='ltr'><strong>plerisque</strong></span> <span class='ocrx_word' id='word_1_756' title='bbox 3802 4686 4020 4741; x_wconf 88' lang='lat' dir='ltr'><strong>desum-</strong></span> 
     </span>
    </p>
   </div>
   <div class='ocr_carea' id='block_1_106' title="bbox 2454 4775 4021 4846">
    <p class='ocr_par' dir='ltr' id='par_1_106' title="bbox 2454 4775 4021 4846">
     <span class='ocr_line' id='line_1_106' title="bbox 2454 4775 4021 4846; baseline 0.001 -16"><span class='ocrx_word' id='word_1_757' title='bbox 2454 4778 2559 4846; x_wconf 90' lang='lat' dir='ltr'><strong>ptis</strong></span> <span class='ocrx_word' id='word_1_758' title='bbox 2587 4791 2650 4831; x_wconf 88' lang='lat' dir='ltr'><strong>ex</strong></span> <span class='ocrx_word' id='word_1_759' title='bbox 2695 4775 2862 4845; x_wconf 88' lang='lat' dir='ltr'><strong>prima</strong></span> <span class='ocrx_word' id='word_1_760' title='bbox 2891 4776 3129 4830; x_wconf 78' lang='lat' dir='ltr'><strong>Januarii</strong></span> <span class='ocrx_word' id='word_1_761' title='bbox 3162 4794 3174 4830; x_wconf 90' lang='lat'><strong>:</strong></span> <span class='ocrx_word' id='word_1_762' title='bbox 3210 4778 3310 4831; x_wconf 86' lang='lat' dir='ltr'><strong>hac</strong></span> <span class='ocrx_word' id='word_1_763' title='bbox 3338 4778 3481 4830; x_wconf 89' lang='lat' dir='ltr'><strong>enim</strong></span> <span class='ocrx_word' id='word_1_764' title='bbox 3515 4777 3566 4830; x_wconf 90' lang='lat' dir='ltr'><strong>in</strong></span> <span class='ocrx_word' id='word_1_765' title='bbox 3597 4777 3820 4845; x_wconf 67' lang='lat' dir='ltr'><strong>prmfato</strong></span> <span class='ocrx_word' id='word_1_766' title='bbox 3853 4777 4021 4832; x_wconf 85' lang='lat' dir='ltr'><strong>[lora-</strong></span> 
     </span>
    </p>
   </div>
   <div class='ocr_carea' id='block_1_107' title="bbox 2466 4867 4021 4937">
    <p class='ocr_par' dir='ltr' id='par_1_107' title="bbox 2466 4867 4021 4937">
     <span class='ocr_line' id='line_1_107' title="bbox 2466 4867 4021 4937; baseline 0 -13"><span class='ocrx_word' id='word_1_767' title='bbox 2466 4869 2547 4925; x_wconf 90' lang='lat' dir='ltr'><strong>rio</strong></span> <span class='ocrx_word' id='word_1_768' title='bbox 2581 4869 2751 4922; x_wconf 89' lang='lat' dir='ltr'><strong>sancti</strong></span> <span class='ocrx_word' id='word_1_769' title='bbox 2803 4868 2987 4923; x_wconf 89' lang='lat' dir='ltr'><strong>Basilii</strong></span> <span class='ocrx_word' id='word_1_770' title='bbox 3036 4867 3225 4923; x_wconf 73' lang='lat' dir='ltr'><strong>festum</strong></span> <span class='ocrx_word' id='word_1_771' title='bbox 3261 4870 3510 4931; x_wconf 88' lang='lat' dir='ltr'><strong>habetur,</strong></span> <span class='ocrx_word' id='word_1_772' title='bbox 3553 4870 3869 4922; x_wconf 85' lang='lat' dir='ltr'><strong>solemniter</strong></span> <span class='ocrx_word' id='word_1_773' title='bbox 3897 4886 4021 4937; x_wconf 89' lang='lat' dir='ltr'><strong>per-</strong></span> 
     </span>
    </p>
   </div>
   <div class='ocr_carea' id='block_1_108' title="bbox 2454 4959 4016 5031">
    <p class='ocr_par' dir='ltr' id='par_1_108' title="bbox 2454 4959 4016 5031">
     <span class='ocr_line' id='line_1_108' title="bbox 2454 4959 4016 5031; baseline 0 -17"><span class='ocrx_word' id='word_1_774' title='bbox 2454 4961 2740 5031; x_wconf 88' lang='lat' dir='ltr'><strong>agendum,</strong></span> <span class='ocrx_word' id='word_1_775' title='bbox 2772 4959 2930 5013; x_wconf 88' lang='lat' dir='ltr'><strong>simul</strong></span> <span class='ocrx_word' id='word_1_776' title='bbox 2950 4974 3069 5013; x_wconf 93' lang='lat' dir='ltr'><strong>cum</strong></span> <span class='ocrx_word' id='word_1_777' title='bbox 3095 4959 3232 5014; x_wconf 91' lang='lat' dir='ltr'><strong>festo</strong></span> <span class='ocrx_word' id='word_1_778' title='bbox 3260 4959 3711 5015; x_wconf 89' lang='lat' dir='ltr'><strong>Circumcisiouis.</strong></span> <span class='ocrx_word' id='word_1_779' title='bbox 3732 4959 3797 5013; x_wconf 85' lang='lat' dir='ltr'><strong>Et</strong></span> <span class='ocrx_word' id='word_1_780' title='bbox 3820 4960 3886 5014; x_wconf 92' lang='lat' dir='ltr'><strong>de</strong></span> <span class='ocrx_word' id='word_1_781' title='bbox 3915 4960 4016 5014; x_wconf 84' lang='lat' dir='ltr'><strong>Ba-</strong></span> 
     </span>
    </p>
   </div>
   <div class='ocr_carea' id='block_1_109' title="bbox 2464 5049 4015 5119">
    <p class='ocr_par' dir='ltr' id='par_1_109' title="bbox 2464 5049 4015 5119">
     <span class='ocr_line' id='line_1_109' title="bbox 2464 5049 4015 5119; baseline 0.002 -14"><span class='ocrx_word' id='word_1_782' title='bbox 2464 5050 2588 5105; x_wconf 89' lang='lat' dir='ltr'><strong>silio</strong></span> <span class='ocrx_word' id='word_1_783' title='bbox 2639 5051 2855 5119; x_wconf 89' lang='lat' dir='ltr'><strong>quidem</strong></span> <span class='ocrx_word' id='word_1_784' title='bbox 2905 5050 2972 5104; x_wconf 92' lang='lat' dir='ltr'><strong>ad</strong></span> <span class='ocrx_word' id='word_1_785' title='bbox 3017 5050 3236 5106; x_wconf 92' lang='lat' dir='ltr'><strong>missam</strong></span> <span class='ocrx_word' id='word_1_786' title='bbox 3275 5049 3377 5105; x_wconf 87' lang='lat' dir='ltr'><strong>hoc</strong></span> <span class='ocrx_word' id='word_1_787' title='bbox 3414 5051 3628 5105; x_wconf 88' lang='lat' dir='ltr'><strong>canitur</strong></span> <span class='ocrx_word' id='word_1_788' title='bbox 3675 5051 4015 5119; x_wconf 79' lang='lat' dir='ltr'><strong>troparium:</strong></span> 
     </span>
    </p>
   </div>
   <div class='ocr_carea' id='block_1_110' title="bbox 2461 5141 4018 5212">
    <p class='ocr_par' dir='ltr' id='par_1_110' title="bbox 2461 5141 4018 5212">
     <span class='ocr_line' id='line_1_110' title="bbox 2461 5141 4018 5212; baseline 0.003 -19"><span class='ocrx_word' id='word_1_789' title='bbox 2461 5160 2480 5193; x_wconf 81' lang='lat' dir='ltr'><strong>r</strong></span> <span class='ocrx_word' id='word_1_790' title='bbox 2518 5141 2572 5195; x_wconf 90' lang='lat' dir='ltr'><strong>In</strong></span> <span class='ocrx_word' id='word_1_791' title='bbox 2597 5156 2812 5197; x_wconf 91' lang='lat' dir='ltr'><strong>omnem</strong></span> <span class='ocrx_word' id='word_1_792' title='bbox 2834 5153 3035 5196; x_wconf 91' lang='lat' dir='ltr'><strong>terram</strong></span> <span class='ocrx_word' id='word_1_793' title='bbox 3064 5141 3230 5195; x_wconf 79' lang='lat' dir='ltr'><strong>exivit</strong></span> <span class='ocrx_word' id='word_1_794' title='bbox 3253 5156 3416 5195; x_wconf 90' lang='lat' dir='ltr'><strong>sonus</strong></span> <span class='ocrx_word' id='word_1_795' title='bbox 3450 5150 3597 5204; x_wconf 91' lang='lat' dir='ltr'><strong>tuus,</strong></span> <span class='ocrx_word' id='word_1_796' title='bbox 3638 5150 3693 5193; x_wconf 90' lang='lat' dir='ltr'><strong>ut</strong></span> <span class='ocrx_word' id='word_1_797' title='bbox 3715 5145 4018 5212; x_wconf 87' lang='lat' dir='ltr'><strong>susciperet</strong></span> 
     </span>
    </p>
   </div>
   <div class='ocr_carea' id='block_1_111' title="bbox 2458 5232 4018 5302">
    <p class='ocr_par' dir='ltr' id='par_1_111' title="bbox 2458 5232 4018 5302">
     <span class='ocr_line' id='line_1_111' title="bbox 2458 5232 4018 5302; baseline -0.001 -14"><span class='ocrx_word' id='word_1_798' title='bbox 2458 5249 2763 5289; x_wconf 89' lang='lat' dir='ltr'><strong>sermonem</strong></span> <span class='ocrx_word' id='word_1_799' title='bbox 2806 5242 2955 5287; x_wconf 91' lang='lat' dir='ltr'><strong>tuum</strong></span> <span class='ocrx_word' id='word_1_800' title='bbox 2982 5277 2995 5299; x_wconf 87' lang='lat'><strong>,</strong></span> <span class='ocrx_word' id='word_1_801' title='bbox 3032 5247 3138 5299; x_wconf 93' lang='lat' dir='ltr'><strong>quo</strong></span> <span class='ocrx_word' id='word_1_802' title='bbox 3172 5247 3271 5287; x_wconf 89' lang='lat' dir='ltr'><strong>nos</strong></span> <span class='ocrx_word' id='word_1_803' title='bbox 3318 5232 3497 5285; x_wconf 84' lang='lat' dir='ltr'><strong>divine</strong></span> <span class='ocrx_word' id='word_1_804' title='bbox 3550 5244 4018 5302; x_wconf 88' lang='lat' dir='ltr'><strong>congruenterque</strong></span> 
     </span>
    </p>
   </div>
   <div class='ocr_carea' id='block_1_112' title="bbox 2454 5325 4017 5395">
    <p class='ocr_par' dir='ltr' id='par_1_112' title="bbox 2454 5325 4017 5395">
     <span class='ocr_line' id='line_1_112' title="bbox 2454 5325 4017 5395; baseline -0.002 -16"><span class='ocrx_word' id='word_1_805' title='bbox 2454 5326 2731 5381; x_wconf 91' lang='lat' dir='ltr'><strong>erudivisti</strong></span> <span class='ocrx_word' id='word_1_806' title='bbox 2760 5365 2775 5389; x_wconf 93' lang='lat'><strong>,</strong></span> <span class='ocrx_word' id='word_1_807' title='bbox 2810 5325 3103 5395; x_wconf 78' lang='lat' dir='ltr'><strong>explanatis</strong></span> <span class='ocrx_word' id='word_1_808' title='bbox 3152 5333 3401 5377; x_wconf 89' lang='lat' dir='ltr'><strong>naturam</strong></span> <span class='ocrx_word' id='word_1_809' title='bbox 3461 5335 3685 5388; x_wconf 91' lang='lat' dir='ltr'><strong>rerum,</strong></span> <span class='ocrx_word' id='word_1_810' title='bbox 3739 5331 3790 5377; x_wconf 90' lang='lat' dir='ltr'><strong>et</strong></span> <span class='ocrx_word' id='word_1_811' title='bbox 3838 5338 4017 5377; x_wconf 86' lang='lat' dir='ltr'><strong>mores</strong></span> 
     </span>
    </p>
   </div>
   <div class='ocr_carea' id='block_1_113' title="bbox 2457 5413 4015 5482">
    <p class='ocr_par' dir='ltr' id='par_1_113' title="bbox 2457 5413 4015 5482">
     <span class='ocr_line' id='line_1_113' title="bbox 2457 5413 4015 5482; baseline -0.006 -9"><span class='ocrx_word' id='word_1_812' title='bbox 2457 5419 2734 5473; x_wconf 86' lang='lat' dir='ltr'><strong>hominum</strong></span> <span class='ocrx_word' id='word_1_813' title='bbox 2795 5430 3091 5471; x_wconf 78' lang='lat' dir='ltr'><strong>exornans.</strong></span> <span class='ocrx_word' id='word_1_814' title='bbox 3151 5413 3350 5482; x_wconf 80' lang='lat' dir='ltr'><strong>Regale</strong></span> <span class='ocrx_word' id='word_1_815' title='bbox 3404 5413 3810 5473; x_wconf 84' lang='lat' dir='ltr'><strong>sacerdotium.</strong></span> <span class='ocrx_word' id='word_1_816' title='bbox 3861 5414 4015 5469; x_wconf 67' lang='lat' dir='ltr'><strong>Pater</strong></span> 
     </span>
    </p>
   </div>
   <div class='ocr_carea' id='block_1_114' title="bbox 2456 5503 4013 5574">
    <p class='ocr_par' dir='ltr' id='par_1_114' title="bbox 2456 5503 4013 5574">
     <span class='ocr_line' id='line_1_114' title="bbox 2456 5503 4013 5574; baseline -0.006 -8"><span class='ocrx_word' id='word_1_817' title='bbox 2456 5521 2665 5574; x_wconf 87' lang='lat' dir='ltr'><strong>sancte,</strong></span> <span class='ocrx_word' id='word_1_818' title='bbox 2701 5508 2972 5563; x_wconf 89' lang='lat' dir='ltr'><strong>intercede</strong></span> <span class='ocrx_word' id='word_1_819' title='bbox 3005 5508 3140 5573; x_wconf 91' lang='lat' dir='ltr'><strong>apud</strong></span> <span class='ocrx_word' id='word_1_820' title='bbox 3163 5506 3435 5560; x_wconf 88' lang='lat' dir='ltr'><strong>Christum</strong></span> <span class='ocrx_word' id='word_1_821' title='bbox 3477 5503 3641 5559; x_wconf 86' lang='lat' dir='ltr'><strong>Deum</strong></span> <span class='ocrx_word' id='word_1_822' title='bbox 3667 5516 3934 5571; x_wconf 86' lang='lat' dir='ltr'><strong>nostrum,</strong></span> <span class='ocrx_word' id='word_1_823' title='bbox 3961 5516 4013 5557; x_wconf 67' lang='lat' dir='ltr'><strong>u‘:</strong></span> 
     </span>
    </p>
   </div>
   <div class='ocr_carea' id='block_1_115' title="bbox 2455 5598 4013 5668">
    <p class='ocr_par' dir='ltr' id='par_1_115' title="bbox 2455 5598 4013 5668">
     <span class='ocr_line' id='line_1_115' title="bbox 2455 5598 4013 5668; baseline -0.005 -10"><span class='ocrx_word' id='word_1_824' title='bbox 2455 5606 2730 5660; x_wconf 85' lang='lat' dir='ltr'><strong>salvcntur</strong></span> <span class='ocrx_word' id='word_1_825' title='bbox 2753 5604 2945 5655; x_wconf 68' lang='lat' dir='ltr'><strong>animae</strong></span> <span class='ocrx_word' id='word_1_826' title='bbox 2979 5609 3194 5652; x_wconf 77' lang='lat' dir='ltr'><strong>nostr-ae.</strong></span> <span class='ocrx_word' id='word_1_827' title='bbox 3226 5618 3244 5649; x_wconf 73' lang='grc' dir='ltr'>ι</span> <span class='ocrx_word' id='word_1_828' title='bbox 3288 5598 3421 5653; x_wconf 89' lang='lat' dir='ltr'><strong>lluic</strong></span> <span class='ocrx_word' id='word_1_829' title='bbox 3447 5598 3782 5668; x_wconf 73' lang='lat' dir='ltr'><strong>subiungitur</strong></span> <span class='ocrx_word' id='word_1_830' title='bbox 3811 5600 3878 5653; x_wconf 89' lang='lat' dir='ltr'><strong>de</strong></span> <span class='ocrx_word' id='word_1_831' title='bbox 3902 5602 4013 5653; x_wconf 81' lang='lat' dir='ltr'><strong>Cir-</strong></span> 
     </span>
    </p>
   </div>
   <div class='ocr_carea' id='block_1_116' title="bbox 2457 5689 4001 5760">
    <p class='ocr_par' dir='ltr' id='par_1_116' title="bbox 2457 5689 4001 5760">
     <span class='ocr_line' id='line_1_116' title="bbox 2457 5689 4001 5760; baseline -0.009 -7"><span class='ocrx_word' id='word_1_832' title='bbox 2457 5697 2786 5753; x_wconf 88' lang='lat' dir='ltr'><strong>cumcisione</strong></span> <span class='ocrx_word' id='word_1_833' title='bbox 2821 5692 2996 5748; x_wconf 90' lang='lat' dir='ltr'><strong>simile</strong></span> <span class='ocrx_word' id='word_1_834' title='bbox 3030 5690 3363 5760; x_wconf 89' lang='lat' dir='ltr'><strong>troparium:</strong></span> <span class='ocrx_word' id='word_1_835' title='bbox 3395 5708 3415 5741; x_wconf 80' lang='grc' dir='ltr'>ι</span> <span class='ocrx_word' id='word_1_836' title='bbox 3451 5689 3552 5757; x_wconf 82' lang='lat' dir='ltr'><strong>Qui</strong></span> <span class='ocrx_word' id='word_1_837' title='bbox 3577 5690 3733 5746; x_wconf 84' lang='lat' dir='ltr'><strong>sedes</strong></span> <span class='ocrx_word' id='word_1_838' title='bbox 3760 5690 3812 5743; x_wconf 91' lang='lat' dir='ltr'><strong>iu</strong></span> <span class='ocrx_word' id='word_1_839' title='bbox 3834 5692 4001 5743; x_wconf 28' lang='lat' dir='ltr'><strong>excel&#39;</strong></span> 
     </span>
    </p>
   </div>
   <div class='ocr_carea' id='block_1_117' title="bbox 2461 5781 4013 5859">
    <p class='ocr_par' dir='ltr' id='par_1_117' title="bbox 2461 5781 4013 5859">
     <span class='ocr_line' id='line_1_117' title="bbox 2461 5781 4013 5859; baseline -0.008 -14"><span class='ocrx_word' id='word_1_840' title='bbox 2461 5793 2536 5845; x_wconf 89' lang='lat' dir='ltr'><strong>sis</strong></span> <span class='ocrx_word' id='word_1_841' title='bbox 2596 5805 2757 5859; x_wconf 89' lang='lat' dir='ltr'><strong>super</strong></span> <span class='ocrx_word' id='word_1_842' title='bbox 2794 5788 3041 5840; x_wconf 90' lang='lat' dir='ltr'><strong>thronum</strong></span> <span class='ocrx_word' id='word_1_843' title='bbox 3099 5782 3270 5841; x_wconf 81' lang='lat' dir='ltr'><strong>instar</strong></span> <span class='ocrx_word' id='word_1_844' title='bbox 3308 5782 3445 5853; x_wconf 87' lang='lat' dir='ltr'><strong>ignis</strong></span> <span class='ocrx_word' id='word_1_845' title='bbox 3498 5781 3855 5853; x_wconf 86' lang='lat' dir='ltr'><strong>splendidum,</strong></span> <span class='ocrx_word' id='word_1_846' title='bbox 3897 5793 4013 5835; x_wconf 75' lang='grc' dir='ltr'><strong>ειηη</strong></span> 
     </span>
    </p>
   </div>
   <div class='ocr_carea' id='block_1_118' title="bbox 2462 5871 3988 5944">
    <p class='ocr_par' dir='ltr' id='par_1_118' title="bbox 2462 5871 3988 5944">
     <span class='ocr_line' id='line_1_118' title="bbox 2462 5871 3988 5944; baseline -0.009 -5"><span class='ocrx_word' id='word_1_847' title='bbox 2462 5882 2622 5939; x_wconf 80' lang='lat' dir='ltr'><strong>Patre</strong></span> <span class='ocrx_word' id='word_1_848' title='bbox 2652 5892 2851 5936; x_wconf 80' lang='lat' dir='ltr'><strong>:eterno</strong></span> <span class='ocrx_word' id='word_1_849' title='bbox 2877 5884 2927 5931; x_wconf 90' lang='lat' dir='ltr'><strong>ct</strong></span> <span class='ocrx_word' id='word_1_850' title='bbox 2969 5871 3149 5927; x_wconf 76' lang='lat' dir='ltr'><strong>divino</strong></span> <span class='ocrx_word' id='word_1_851' title='bbox 3176 5882 3263 5929; x_wconf 90' lang='lat' dir='ltr'><strong>tuo</strong></span> <span class='ocrx_word' id='word_1_852' title='bbox 3292 5872 3523 5944; x_wconf 86' lang='lat' dir='ltr'><strong>Spiritu,</strong></span> <span class='ocrx_word' id='word_1_853' title='bbox 3554 5874 3810 5944; x_wconf 84' lang='lat' dir='ltr'><strong>dignatus</strong></span> <span class='ocrx_word' id='word_1_854' title='bbox 3839 5888 3901 5927; x_wconf 88' lang='lat' dir='ltr'><strong>es</strong></span> <span class='ocrx_word' id='word_1_855' title='bbox 3923 5889 3988 5926; x_wconf 82' lang='lat' dir='ltr'><strong>ua</strong></span> 
     </span>
    </p>
   </div>
  </div>
