4212 6486
1007 440 1365 501 EXCEBPTA
1412 451 1497 506 EX
1542 454 1745 512 ACTIS
1784 458 1841 510 S.
1884 458 2121 517 BASlLll
2165 466 2680 523 BOLLANDMNIS.

234 549 314 603 sci
344 550 395 604 in
428 558 573 605 terra
608 568 673 606 cx
712 559 881 608 matre
929 564 1011 608 tua
1067 560 1263 612 intacta
1296 564 1511 631 Virgine
1541 607 1555 632 ,
1583 580 1636 621 et
1688 568 1795 625 cir-

226 643 449 697 cumcidi
486 658 619 709 puer
644 654 767 695 octo
807 646 1013 701 dierum
1040 669 1053 703 :
1091 651 1160 704 sit
1180 651 1343 719 gloria
1375 656 1577 721 optimo
1608 664 1785 716 consi-

224 731 298 787 lio
330 745 440 799 tuo,
474 734 646 801 gloria
684 736 1040 796 iucarnatloni
1075 744 1381 813 tnm,3loria
1415 764 1635 803 summa)
1658 768 1782 823 erga

222 839 323 879 nos
355 825 668 878 demissioni
701 836 821 895 tuae,
849 834 1004 886 unice
1032 833 1306 887 hominum
1336 849 1563 893 amatur.
1600 857 1619 893 ι
1654 840 1785 902 Hinc

221 931 410 975 rursus
440 917 506 969 ad
540 916 790 974 Basilium
819 940 832 974 :
876 942 893 974 ι
933 923 1013 978 Tu
1051 924 1194 980 basis
1227 928 1543 986 inconcussa
1591 932 1780 990 Eccle-

225 1009 344 1066 siaz.
382 1008 627 1074 prmbens
673 1015 880 1069 cunctis
916 1016 1230 1073 mortalibus
1271 1021 1579 1079 inviolatum
1636 1029 1777 1083 refu-

222 1100 393 1166 gium,
430 1111 627 1172 tuaque
658 1107 987 1160 confirmans
1011 1107 1297 1177 dogmata;
1327 1114 1446 1169 σιειί
1494 1116 1667 1169 instar
1704 1135 1785 1173 rc-

223 1190 531 1255 splcndcns,
570 1207 754 1249 sancte
786 1194 1021 1272 Basili.)
1062 1198 1321 1256 Similiter
1345 1216 1400 1259 ct
1430 1208 1659 1272 primum
1692 1224 1783 1263 ve-

223 1283 533 1351 tustiusque
563 1286 793 1340 cilicium
820 1326 835 1351 ,
893 1287 1221 1359 descriptum
1254 1296 1307 1349 in
1358 1296 1575 1352 Menaris
1600 1336 1613 1359 ,
1665 1298 1783 1357 festi

224 1382 392 1441 atque
427 1375 598 1425 sancti
630 1378 872 1430 eucomia
906 1380 1131 1447 miscet;
1165 1386 1544 1455 etinvespcris
1570 1389 1781 1457 quidem

222 1462 392 1517 habet
462 1471 570 1517 tres
620 1480 809 1521 versus
866 1470 1177 1538 similar-es,
1235 1486 1293 1529 ut
1356 1488 1593 1544 vocant;
1652 1494 1786 1548 quo-

222 1569 343 1607 rum
391 1556 598 1624 primus
643 1558 710 1613 de
749 1572 891 1617 sesm
941 1565 1231 1617 ascribitur
1266 1564 1527 1635 Byzanti;
1558 1568 1664 1621 duo
1690 1584 1786 1619 au-

223 1652 336 1699 tem
390 1648 455 1703 de
508 1662 696 1706 sancto
747 1654 1003 1708 dicuntur
1049 1669 1169 1708 esse
1220 1655 1401 1711 Basilii
1451 1670 1503 1713 et
1560 1658 1783 1714 Joannis

223 1740 613 1795 monachorum
637 1782 652 1806 ,
690 1758 914 1811 quormn
951 1746 1217 1813 posterior
1267 1749 1474 1803 videtur
1523 1768 1643 1807 esse
1677 1752 1783 1805 Da-

224 1842 533 1894 mascenus,
562 1832 698 1884 idem
745 1842 798 1885 et
827 1845 1015 1887 auctor
1038 1839 1259 1892 canonis
1288 1840 1479 1908 prolixi
1508 1842 1571 1895 de
1594 1843 1779 1899 eodem

3170 487 3451 527 εεικιινιι

1823 574 1869 631 Α
1906 575 1980 629 Ex
2018 578 2246 631 metrico
2284 582 2445 634 etiam
2477 581 2776 654 Synaxario
2830 596 2921 635 seu
2963 581 3285 639 Kalendario
3334 584 3452 641 dies

1893 668 2071 723 obitus
2104 670 2218 734 ejus
2247 670 2345 724 hoc
2369 686 2521 725 versu
2562 675 2909 727 annuutiatur
2938 692 2950 727 :

1967 760 2388 837 'larrovaploro
2420 763 2592 837 (ζάνες
2615 763 2896 837 Βασιλέῖε
2922 767 3138 837 πρώτῃ.

1972 831 2104 898 Ipsis
2136 835 2395 886 occumbis
2426 830 2575 895 lani,
2611 836 2823 898 Basilie,
2851 830 3123 891 Kaléudis.

1902 919 2051 974 Tunc
2073 905 2232 975 etiam
2256 922 2494 990 ejusdem
2527 922 2718 977 festum
2746 929 3013 997 prmcipuo
3035 928 3177 981 Cultu
3203 928 3442 984 celebra-

1897 1019 1981 1062 tur
2017 1010 2068 1064 in
2092 1014 2436 1069 sanctissima
2462 1030 2652 1083 magna
2681 1015 2914 1079 Ecclesia
2954 1020 3447 1088 Constantinopoli.

1890 1101 1964 1153 uti
2024 1101 2222 1170 legitur
2258 1105 2309 1157 in
2352 1103 2457 1156 line
2497 1103 2658 1172 Elogii
2700 1104 2941 1159 historici
2970 1148 2986 1171 ,
3028 1108 3171 1178 quod
3220 1108 3321 1163 hoc
3361 1111 3449 1162 die

1887 1192 2238 1253 recitandum.
2271 1193 2641 1261 prtnscribitur
2685 1195 2734 1248 in
2790 1194 3005 1249 Menaeis
3044 1196 3283 1254 excusis.
3321 1196 3449 1251 Elo-

1886 1298 2032 1352 g.um
2058 1282 2157 1337 hoc
2186 1298 2291 1337 non
2316 1297 2464 1339 caret
2491 1285 2719 1339 mendis.
2758 1286 2955 1350 Quare,
2980 1301 3045 1339 eo
3072 1290 3291 1354 omisso,
3314 1287 3448 1345 satis

1886 1378 2058 1432 habeo
2090 1376 2386 1447 producere
2446 1379 2587 1432 aliud
2649 1379 2866 1433 brevius
2892 1416 2907 1439 ,
2949 1375 3040 1431 sed
3072 1382 3336 1435 vetustius
3391 1386 3449 1433 et

1885 1471 2214 1530 accuratius.
2247 1484 2312 1523 cx
2346 1466 2646 1540 MenoIOgio
2684 1469 2871 1524 Basilii
2904 1470 3267 1539 imperatoris,
3301 1474 3446 1527 circa

1885 1574 2082 1613 annum
2108 1559 2213 1613 984
2242 1561 2549 1629 conscripto
2572 1561 2671 1615 hac
2700 1561 2984 1615 verborum
3013 1562 3184 1615 forma
3215 1580 3229 1615 :

1954 1650 2005 1703 6.
2048 1650 2107 1704 Ὀ
2146 1653 2202 1705 ὲν
2231 1652 2429 1721 Ἀγίοις
2461 1652 2649 1723 Πατὴρ
2672 1654 2831 1724 ἡμῶν
2860 1653 3134 1717 Βασίλειος
3151 1649 3220 1725 ἦν
3241 1652 3331 1705 ἐπὶ
3350 1651 3451 1723 τῆς

1884 1742 2159 1814 βασιλείας
2213 1743 2529 1806 Οὐάλεντος,
2594 1745 2772 1798 ὅντινα
2827 1746 3100 1799 υύάλεντα
3130 1746 3198 1801 τὰ
3237 1745 3447 1817 Ἀρείου

1881 1839 1973 1891 τοῦ
2025 1836 2297 1909 αἱρετικοῦ
2330 1836 2627 1906 φρονοῦντα
2665 1839 3183 1910 παρρησιασάμενος
3230 1835 3446 1906 ἠλεγξε,

222 1930 413 1973 sancto
435 1960 451 1984 ,
484 1920 568 1974 cui
612 1922 842 1992 elogium
874 1925 938 1979 de
974 1926 1078 1981 vita
1110 1930 1469 2001 interponitur
1494 1933 1593 1989 hoc
1622 1934 1781 1991 disti-
1812 1927 1852 1981 Β
1882 1931 1975 1981 καὶ
1999 1930 2182 1982 ἔπεισε
2214 1946 2265 1981 πί

1823 1927 1852 1981 Β
1882 1931 1975 1981 καὶ
1999 1930 2182 1982 ἔπεισε
2214 1929 2347 1995 παρ’
2392 1927 2569 1995 ὀλίγον
2616 1928 2713 1995 τὴν
2751 1931 2960 2001 αἵρεσιν
3012 1927 3369 1999 ἀρνήσασθαι,
3398 1927 3448 1980 el

228 2010 330 2064 cbo
359 2022 632 2080 prmeunte
655 2032 669 2067 :

294 2121 381 2199 ζ
417 2125 733 2199 Βασίλειος
762 2128 859 2182 καὶ
884 2131 1079 2183 θανὼν
1102 2131 1173 2183 ἐν
1204 2134 1413 2199 Kvplw.

292 2196 340 2245 Ζ
345 2192 379 2261 ᾗ
406 2194 507 2247 καὶ
537 2197 671 2264 παρ’
700 2199 841 2269 ἡμῖν
869 2200 947 2265 ὡς
969 2200 1174 2253 λαλῶν
1192 2199 1257 2252 ἐκ
1282 2192 1402 2255 ἰῶν
1429 2204 1685 2267 βίϐλων.

299 2283 559 2359 Basilius,
580 2291 735 2343 etiam
775 2303 1031 2353 mortuus,
1064 2289 1281 2342 Domino
1311 2295 1463 2359 vicit;

294 2354 562 2427 Nobisque
591 2363 734 2423 vivit,
772 2362 825 2412 in
855 2362 963 2412 suis
992 2362 1205 2430 loquens
1241 2360 1408 2417 libris.

227 2473 423 2529 Exstat
467 2476 604 2544 apud
649 2473 1029 2529 Combefisium
1084 2478 1258 2532 oratio
1291 2480 1458 2534 sancti
1506 2479 1781 2550 Amphilo-

222 2566 355 2626 cbii,
380 2564 676 2620 lcouiensis
706 2564 964 2635 episcopi,
987 2568 1038 2621 in
1058 2570 1266 2623 Domini
1290 2572 1777 2639 circumcisioncm.

222 2658 274 2705 in
302 2672 410 2722 quo
438 2657 525 2711 ille
548 2658 624 2712 sic
649 2660 713 2711 de
744 2668 931 2713 sancto
960 2660 1156 2716 Basilio
1190 2660 1430 2733 loquitur
1467 2680 1481 2716 :
1511 2683 1529 2714 ι
1568 2664 1661 2718 Hic
1683 2667 1781 2719 cir-

220 2750 577 2817 cumcisione,
610 2766 727 2822 qua:
756 2752 812 2805 fit
840 2752 892 2806 in
920 2753 1107 2822 spiritu
1133 2763 1186 2809 et
1214 2755 1395 2809 divino
1438 2756 1781 2825 baptismate,

220 2856 419 2913 magno
469 2843 653 2899 animo
697 2846 982 2912 pranlicata
1010 2885 1027 2910 ,
1073 2846 1354 2915 perspicue
1401 2847 1685 2902 admodum
1734 2850 1779 2904 si

219 2936 346 2999 quis
366 2935 503 2992 alius
535 2935 624 2991 Dei
654 2938 847 3003 cultor,
883 2939 1349 2994 circumcisionem
1383 2938 1437 2994 in
1469 2954 1631 2997 carne
1652 2941 1783 2996 sub-

222 3027 413 3079 movit.
445 3025 652 3082 Idcirco
686 3028 846 3081 etiam
892 3027 1004 3095 eius
1036 3029 1102 3082 ad
1146 3028 1310 3084 Deum
1341 3045 1371 3084 ο
1407 3040 1547 3086 terra
1579 3042 1629 3087 et
1659 3048 1783 3089 cor-

217 3128 355 3185 pore
407 3116 601 3171 solutio
632 3118 985 3187 migratioquc
1008 3158 1023 3183 ,
1058 3135 1165 3173 non
1194 3120 1290 3174 abs
1321 3136 1375 3174 re
1402 3161 1417 3185 ,
1476 3138 1649 3191 neque
1702 3124 1782 3193 (ut

218 3208 343 3276 quis
379 3218 574 3277 praeter
602 3210 865 3266 rationem
898 3212 1059 3266 fuerit
1088 3213 1411 3282 suspicatus)
1441 3229 1469 3267 a
1505 3230 1655 3280 casu,
1685 3216 1781 3272 ho-
1808 3249 1851 3308 ο

218 3303 408 3358 dierna
441 3304 527 3358 die
551 3304 980 3360 circumcisionis
1009 3304 1156 3374 Jesu,
1191 3308 1362 3362 media
1393 3308 1592 3362 divina:
1624 3306 1783 3362 Chri-

220 3395 289 3449 sti
336 3396 600 3448 nativitati
635 3396 1003 3465 baptismoque
1035 3401 1341 3465 concurrit;
1382 3402 1474 3455 sed
1513 3400 1657 3456 velut
1691 3400 1782 3465 qui

224 3484 577 3537 beatissimus
616 3484 718 3545 vir,
759 3485 810 3537 in
838 3485 1376 3542 Cbristinativitatis
1424 3490 1784 3559 baptismique

224 3575 635 3630 rcnuntiatione
668 3587 721 3628 et
750 3578 1101 3643 exaltatione,
1136 3579 1467 3649 spiritualem
1488 3581 1784 3642 {circumci-

222 3669 433 3722 sionem
492 3668 844 3731 exaltaverit,
879 3685 1028 3724 sacra
1064 3672 1335 3727 memoria:
1364 3671 1481 3739 ejus
1511 3674 1620 3741 die,
1676 3690 1779 3728 uua

224 3770 281 3813 et
317 3760 430 3827 ipse
472 3761 759 3815 resolutius
784 3801 800 3826 ,
830 3762 894 3814 ad
946 3762 1220 3817 Christum
1270 3765 1493 3818 exaltari
1528 3768 1723 3820 meruit
1763 3784 1777 3820 :

220 3853 609 3921 decretumque
635 3852 728 3905 fuit
755 3862 812 3907 ut
840 3867 935 3921 per
959 3852 1010 3907 id
1039 3863 1247 3922 tempus
1278 3869 1453 3906 annua
1508 3854 1621 3921 ejus
1669 3870 1778 3909 me-

223 3943 396 3995 moria
431 3942 822 4012 celebritasque
842 3941 1169 3996 recolcrctur
1196 3959 1209 3996 :
1240 3942 1440 3995 idcirco
1463 3942 1783 4006 universalis

222 4050 317 4107 per
338 4049 525 4089 omnes
548 4035 697 4089 orbis
728 4043 906 4103 partes
946 4046 1255 4089 sanctorum
1287 4035 1656 4089 universorum
1685 4036 1784 4091 Ec-

226 4126 415 4188 clesia,
456 4124 860 4179 sanctissimam
885 4124 999 4194 ejus
1029 4140 1349 4192 sacramque
1375 4127 1462 4180 die
1494 4128 1593 4181 hac
1620 4142 1783 4196 agens

229 4216 649 4285 gloriﬁcansque
676 4216 1011 4279 memoriam,
1034 4214 1357 4282 gratissimis
1383 4216 1488 4269 Deo
1512 4216 1781 4281 laudibus,

223 4324 328 4359 una
372 4306 644 4361 Christum
672 4346 687 4371 ,
717 4306 806 4375 qui
854 4306 1118 4374 gloriosus
1168 4316 1252 4361 est
1302 4307 1353 4360 in
1389 4309 1594 4363 sanctis
1620 4311 1731 4365 suis
1763 4352 1780 4378 ,

224 4398 447 4452 canticis
471 4397 705 4451 celebrat
735 4408 787 4451 et
812 4398 1093 4467 gloriﬁcat.
1129 4417 1147 4449 ι

294 4488 346 4544 5.
374 4486 573 4541 Menam
601 4504 815 4557 quoque
833 4486 1070 4543 Venetiis
1093 4504 1312 4554 excusa,
1328 4491 1497 4560 prima
1516 4488 1781 4556 Januarii,

1885 2019 1959 2088 μὴ
2000 2020 2383 2090 αἰσχυνόμενον
2422 2018 2582 2071 αὐτὸν
2618 2019 2839 2072 ἔϐλεπεν
2860 2037 2872 2051 ·
2901 2021 3049 2090 ὅμως
3094 2021 3142 2073 εί
3170 2018 3268 2091 τὴν
3297 2019 3447 2089 αἰρε-

1882 2126 1966 2163 σιν
2004 2108 2218 2172 τελείως
2248 2113 2347 2164 οὐκ
2400 2110 2690 2181 ἠρνήσατο,
2727 2111 2859 2173 τέως
2913 2112 3007 2163 καὶ
3039 2115 3106 2182 τῇ
3152 2108 3450 2182 Ἐκκλησία

1882 2202 2174 2273 προσῆλθε,
2213 2202 2645 2276 λειτουργοῦντος
2694 2203 2784 2257 τοῦ
2845 2203 3076 2274 μεγάλου
3130 2204 3444 2267 Βασιλείαν,

1882 2294 1974 2346 καὶ
2000 2293 2145 2365 δῶρα
2185 2294 2516 2365 προσέφερεν
2535 2316 2548 2327 υ
2579 2294 2647 2367 ἦν
2681 2297 2736 2350 δὲ
2761 2298 2788 2349 ὁ
2834 2296 3005 2368 μέγας
3040 2296 3312 2359 Βασίλειος
3333 2294 3447 2356 υίὸς

1884 2384 2161 2438 Βασιλείου
2207 2386 2300 2438 τοῦ
2337 2386 2443 2438 ἀπὸ
2476 2387 2571 2439 τοῦ
2621 2389 2841 2462 Πόντου,
2888 2388 2977 2443 καὶ
3022 2386 3316 2459 Ἑμμελίας
3350 2385 3447 2455 τῆς

1880 2477 1987 2531 ἀπὸ
2019 2478 2117 2548 τῆς
2145 2479 2558 2542 Καππαδοκίας,
2608 2480 2753 2543 ὅστις
2787 2484 2842 2533 ὲν
2893 2482 3051 2552 σοφίᾳ
3099 2481 3192 2534 καὶ
3250 2476 3447 2547 γνώσει

1882 2572 2089 2633 πάντας
2143 2569 2236 2621 καὶ
2268 2570 2392 2633 τοὺς
2432 2569 2694 2634 παλαιοὺς
2724 2570 2963 2640 ἐνίκησε,
2991 2568 3368 2640 κατεξαίρετον
3388 2567 3447 2620 δὲ

1879 2660 2128 2715 τοσοῦτον
2150 2660 2363 2728 ἐγένετο
2387 2659 2635 2731 εὐλαϐὴς,
2659 2662 2733 2728 ὡς
2763 2662 2855 2715 καὶ
2880 2661 3167 2732 ἀρχιερεὺς
3195 2661 3446 2728 γενέσθαι

1880 2752 1971 2806 τοῦ
2013 2753 2197 2824 Ορόνου
2245 2754 2602 2827 Καισαρείας,
2634 2753 2767 2806 ὅπου
2810 2755 2900 2807 καὶ
2954 2752 3181 2816 πολλοὺς
3234 2750 3450 2818 ἀγῶνας

1882 2845 2019 2916 ὑπὲρ
2050 2849 2147 2915 τῆς
2174 2847 2450 2918 ὁροοδόξου
2477 2848 2712 2913 πίστεως
2743 2846 3057 2918 ὑπομείνας,
3094 2847 3185 2900 καὶ
3211 2843 3446 2916 βασιλεῖς

1882 2939 1975 2991 καὶ
2016 2940 2288 3009 ὑπάρχους
2335 2940 2727 3006 καταπλείξας,
2764 2940 2858 2991 καὶ
2898 2939 3004 2991 τῶν
3049 2938 3338 3005 αἱρετικῶν
3376 2934 3446 2989 τὰ

1884 3031 2127 3101 στόματα
2179 3030 2387 3103 φράξας
2440 3033 2552 3095 τοῖς
2586 3032 2795 3099 λύγοις,
2844 3032 2932 3086 καὶ
2993 3028 3171 3099 βιϐλία
3223 3028 3447 3081 πλεῖστα

1884 3121 2353 3197 συγγραψάμενος,
2394 3120 2485 3175 καὶ
2540 3122 2709 3191 μυρία
2746 3120 2996 3191 Θαύματα
3052 3120 3444 3191 ἐργασάμενος,

1883 3211 1939 3263 ὲν
1978 3213 2162 3282 εἰρήνῃ
2185 3211 2320 3280 πρὸς
2341 3212 2542 3283 Κύριον
2570 3211 2919 3281 ὲξεδήμησεν.
2966 3228 2985 3260 ι
3024 3209 3257 3265 Sanctus
3288 3208 3447 3264 Pater

1888 3312 2072 3354 noster
2099 3300 2325 3353 Basilius
2353 3300 2531 3352 lloruit
2551 3300 2650 3356 sub
2689 3300 2925 3354 Valentis
2955 3299 3204 3368 imperio.
3246 3297 3442 3354 Valen-

1889 3402 1991 3445 tem
2021 3406 2167 3454 vcro,
2205 3391 2403 3445 Ariana
2437 3392 2625 3445 bmresi
2675 3390 2958 3457 infectum,
3008 3388 3231 3444 liberius
3256 3389 3444 3445 admo-

1888 3485 2063 3539 uendo
2091 3483 2387 3554 redarguit,
2419 3484 2806 3552 persuasitque
2841 3482 3225 3551 propemodum
3274 3481 3447 3537 bare-

1883 3575 1983 3628 sim
2019 3572 2287 3641 abjurare,
2320 3576 2366 3627 si
2405 3588 2509 3627 non
2545 3572 2643 3624 sibi
2687 3572 2737 3625 id
2784 3571 3038 3627 dedecori
3086 3572 3325 3627 futurum
3372 3572 3443 3625 ti-

1884 3665 2112 3719 muissct
2143 3682 2157 3718 :
2187 3663 2434 3731 quamvis
2462 3663 2605 3717 enim
2650 3663 2893 3717 haeresim
2944 3663 3099 3732 plene
3139 3678 3243 3718 non
3287 3660 3445 3732 abju-

1886 3757 2088 3810 raverit
2116 3795 2131 3819 ,
2187 3755 2476 3809 accedebat
2542 3765 2717 3807 tamen
2774 3755 2839 3807 ad
2886 3754 3170 3809 ecclesiam
3203 3794 3216 3817 ,
3254 3769 3447 3821 magno

1886 3846 2085 3901 Basilio
2116 3862 2227 3902 rem
2272 3847 2503 3901 divinam
2563 3846 2831 3910 faciente,
2872 3857 2925 3902 et
2978 3847 3115 3901 dona
3165 3846 3446 3902 ollerehat.

1886 3940 2012 3995 Erat
2047 3954 2174 3994 vero
2198 3954 2422 4009 magnus
2463 3937 2693 3992 Basilius
2730 3936 2873 3993 filius
2918 3938 3102 3993 Basilii
3132 3937 3366 4001 Pontici,
3392 3945 3445 3993 et

1885 4029 2161 4086 Emmelim
2200 4030 2555 4099 Cappadocis.
2597 4030 2689 4084 Vir
2732 4031 2835 4085 iste
2871 4030 3144 4099 egregius,
3182 4030 3444 4097 sapientia

1884 4132 1937 4176 et
1973 4121 2213 4175 doctrina
2262 4134 2471 4173 coaevos
2522 4134 2673 4188 mque
2726 4134 2789 4173 ac
2858 4120 3109 4189 antiquos
3148 4119 3443 4189 superavit.

1884 4212 2110 4267 Pietatis
2143 4226 2271 4265 vero
2300 4220 2418 4266 erat
2446 4221 2553 4264 tam
2580 4212 2795 4265 eximia:
2821 4253 2835 4278 ,
2867 4222 2927 4266 ut
2956 4213 3009 4266 in
3044 4212 3293 4267 thronum
3336 4212 3447 4280 epi-

1892 4304 2162 4374 scopalem
2201 4304 2458 4357 Ca'sareaz
2485 4312 2705 4357 erectus
2729 4303 2828 4369 sit,
2864 4303 2950 4358 ubi
2984 4314 3039 4358 et
3065 4305 3228 4357 multa
3266 4314 3439 4358 certa-

1887 4394 2028 4451 mina
2062 4409 2156 4462 pro
2185 4394 2483 4448 orthodoxa
2528 4394 2631 4448 fide
2661 4395 2947 4459 sustinuit;
2984 4406 3259 4465 stuporem
3285 4394 3441 4449 simul

1883 4496 1937 4542 et
1969 4499 2225 4542 terrorem
2279 4486 2688 4556 imperatoribus
2738 4498 2790 4542 et
2838 4487 3109 4557 praefectis
3152 4486 3440 4553 incutiens,

222 4589 281 4633 ut
302 4580 414 4650 jam
440 4580 622 4635 dicere
646 4580 783 4649 coepi
820 4619 835 4643 ,
862 4579 1092 4636 cilicium
1125 4583 1296 4635 sancti
1324 4581 1505 4639 Basilii
1528 4586 1781 4639 solemni-
1810 4592 1856 4649 ι)
1887 4574 2259 4629 Ιιωτειῖοοτυῐη

1823 4574 2369 4648 Dbacreticorumque
2432 4589 2525 4628 ora
2599 4574 2814 4628 dicendi
2883 4575 2931 4628 vi
2998 4574 3255 4629 obturans
3310 4592 3323 4630 :
3377 4589 3441 4629 ac

224 4680 303 4726 ter
349 4670 759 4733 celebrandum,
817 4672 972 4724 simul
1017 4688 1136 4725 cum
1184 4674 1328 4728 fcsto
1354 4675 1781 4732 circumcisiouis

224 4762 606 4833 praescribunt,
643 4762 856 4830 hymnis
877 4764 1040 4817 variis
1063 4764 1403 4835 canticisque
1430 4768 1495 4819 ad
1520 4766 1776 4822 honorem

226 4854 399 4908 sancti
457 4854 719 4907 intextum
753 4893 770 4917 ,
822 4856 1014 4924 quibus
1039 4858 1334 4911 orthodoxa
1371 4858 1486 4926 ejus
1510 4859 1779 4923 doctrina,

228 4944 524 5012 pastoralis
557 4945 879 5008 sollicitudo,
909 4958 1051 5001 casta
1082 4950 1439 5017 conversatio,
1485 4950 1776 5006 miraculo-

225 5049 339 5088 rum
390 5035 567 5105 gratia
603 5033 819 5089 coalitus
849 5050 1130 5099 concessa,
1164 5038 1467 5093 laudantur.
1498 5038 1773 5109 Exemplo,

224 5126 449 5194 reliquis
478 5126 691 5180 omissis
715 5166 729 5187 ,
758 5126 865 5180 sint
910 5126 1059 5180 hate:
1096 5149 1113 5176 ι
1154 5127 1350 5181 υἰσιιδιι
1385 5138 1466 5182 est
1501 5130 1674 5199 gratia
1724 5129 1776 5183 in

226 5217 383 5272 labiis
417 5218 550 5281 tuis,
582 5227 767 5273 sancte
804 5217 987 5281 Pater,
1020 5227 1073 5272 et
1103 5218 1276 5273 factus
1317 5229 1498 5289 pastor
1522 5221 1779 5275 Ecclesia

220 5308 417 5363 Christi
441 5326 454 5373 ;
482 5306 708 5364 docuisti
742 5309 1033 5376 rationales
1074 5324 1202 5363 oves
1251 5309 1469 5363 credere
1509 5309 1559 5363 in
1594 5311 1776 5370 Triui-

221 5409 411 5469 tatcm,
475 5398 987 5456 consubstantialem
1020 5402 1073 5456 iu
1108 5416 1212 5454 una
1249 5402 1468 5455 deitate.
1503 5400 1780 5457 Miraculo-

225 5508 342 5547 rum
376 5491 554 5559 gratia
606 5489 817 5546 coalitus
859 5500 1148 5545 exornatus
1173 5532 1188 5555 ,
1223 5490 1464 5545 fraudem
1518 5490 1776 5545 idolorum

226 5582 613 5653 prmiticatione
663 5581 978 5645 confudisti,
1010 5582 1313 5635 antistitum
1366 5582 1635 5651 princeps,
1662 5581 1778 5654 glo-

223 5675 323 5739 ria,
346 5674 635 5739 fulcimen,
666 5672 975 5727 beatissime
1010 5672 1195 5736 Basili,
1217 5684 1270 5726 et
1290 5672 1507 5726 Patrum
1541 5675 1777 5728 omnium

223 5767 482 5820 doctrina:
511 5764 811 5833 exemplar.
844 5764 1120 5819 Fiduciam
1158 5766 1297 5833 apud
1347 5763 1623 5819 Christum
1685 5779 1780 5817 na-

223 5862 355 5926 uus,
380 5858 557 5927 ipsum
588 5855 979 5926 deprecarc.ut
998 5856 1269 5911 salvcntur
1293 5857 1481 5911 anima!
1515 5866 1729 5913 nostrae.
1754 5876 1770 5909 ι

1884 4667 2098 4721 tandem
2127 4706 2144 4731 ,
2179 4682 2298 4721 cum
2332 4668 2529 4720 multos
2575 4666 2742 4718 libros
2792 4667 3132 4736 scripsisset,
3186 4677 3240 4720 et
3272 4666 3440 4737 pluri-

1888 4775 1973 4814 ma
2010 4768 2275 4829 patrassct
2314 4756 2573 4813 miracula
2609 4795 2623 4820 ,
2652 4756 2704 4808 in
2734 4770 2864 4825 pace
2890 4757 3138 4826 migravit
3170 4757 3235 4811 ad
3266 4757 3442 4811 Domi-

1884 4865 2028 4903 num.

1954 4941 2003 4995 7.
2054 4939 2236 5009 Neque
2264 4938 2434 4993 solum
2470 4936 2521 4992 in
2562 4938 2730 4993 sacris
2769 4938 3080 4993 Graecorum
3119 4938 3275 4995 fastis
3336 4940 3440 4995 hac

1881 5030 1967 5086 die
1992 5030 2260 5097 ascriptus
2290 5038 2373 5081 est
2430 5036 2647 5081 sanctus
2686 5026 2950 5092 Basilius;
2986 5029 3075 5083 sed
3132 5038 3278 5082 tanta
3313 5027 3439 5084 festi

1885 5120 2225 5183 solemnitas,
2256 5133 2375 5189 quze
2407 5132 2503 5187 per
2530 5118 2809 5173 Orientem
2864 5121 3033 5187 prima
3078 5119 3320 5175 lanuarii
3374 5121 3439 5173 ad

1881 5215 1997 5282 ejus
2025 5212 2425 5267 venerationem
2476 5212 2723 5266 instituta
2757 5220 2839 5265 est
2863 5252 2877 5275 ,
2910 5215 3253 5267 occasionem
3305 5228 3443 5281 prae-

1882 5306 1997 5360 buit
2047 5303 2442 5372 antiquioribus
2480 5302 2871 5374 Martyrologiis
2908 5302 3143 5367 Latinis,
3182 5304 3299 5370 ejus
3332 5317 3441 5357 me-

1884 5397 2112 5451 moriam
2140 5395 2331 5450 saltem
2351 5394 2580 5465 aliquam
2610 5394 2799 5449 eadem
2829 5409 3046 5464 quoque
3074 5394 3159 5449 die
3190 5394 3436 5449 faciendi.

1882 5490 2031 5544 Inter
2063 5502 2157 5542 eos
2182 5485 2322 5539 Beda
2358 5486 2729 5557 supposititius
2774 5485 2972 5549 habet,
3023 5485 3197 5540 sancti
3255 5484 3439 5542 Basilii

1884 5578 2149 5648 episcopi.
2199 5576 2475 5631 Usuardus
2509 5577 2846 5631 Coloniensis
2874 5616 2888 5638 ,
2928 5577 2981 5630 in
3024 5575 3264 5631 Caesarea
3304 5577 3440 5646 Cap-

1882 5669 2117 5741 padocia:
2179 5669 2439 5739 depositio
2494 5671 2663 5723 sancti
2710 5667 2912 5723 Basilii.
2965 5668 3321 5738 Maurolycus,
3385 5671 3438 5725 in

1882 5762 2123 5817 Caesarea
2162 5762 2514 5831 Cappadocia:
2567 5762 2830 5830 depositio
2872 5761 3043 5815 sancti
3106 5760 3285 5814 Basilii
3326 5763 3439 5829 cpi-

1886 5854 2055 5925 scopi,
2085 5852 2235 5923 cujus
2260 5853 2551 5909 celebritas
2570 5854 2779 5909 decimo
2804 5863 2993 5910 octavo
3022 5853 3287 5910 Kalendas
3313 5852 3438 5909 Julii
