4212 6500
732 480 1042 521 εεὶυινιη

2083 458 2613 513 PRULEGUMLRA»

732 581 1066 651 p0tissimum
1096 575 1372 632 recolitur.
1404 573 1520 640 llis,
1554 571 1785 641 elogium
1820 580 1881 627 et
1904 587 2101 627 annum
2129 586 2278 625 mnr-
2319 590 2365 645 Α
2393 570 2497 623 alia
2550 568 2701 625 utilia
2746 566 3108 639 conscripsit;
3163 575 3257 631 et,
3299 585 3461 638 super
3490 567 3655 623 multa
3690 569 3959 627 mirabilia

735 674 802 727 tis
825 684 1103 738 perperam
1135 667 1493 736 designatum,
1519 667 1720 719 addens
1745 662 2046 719 Florarium
2067 680 2080 713 :
2102 684 2120 715 ι
2155 662 2280 728 Qui.

735 760 905 826 inquit
933 768 1219 827 ,tempore
1253 754 1493 812 Valentis
1528 756 1873 823 imperatm-is
1919 755 2164 809 doctrina
2210 761 2281 806 .et

737 850 1000 917 sapientia
1027 849 1274 920 insignis,
1307 846 1666 915 omnibusque
1689 847 1977 901 virtutibus
2015 844 2288 908 fttmlatns,

734 942 1055 998 mirabiliter
1084 942 1303 998 ell'ulsit.
1324 940 1625 997 Obiitcirca
1665 954 1861 994 annum
1893 937 2099 991 Domini
2121 936 2243 991 585.
2270 954 2293 988 ι

736 1032 1038 1099 Notkerus,
1092 1049 1122 1088 a
1155 1032 1381 1102 reliquis
1423 1031 1675 1085 omnibus
1719 1026 2137 1084 diversissimum
2186 1028 2299 1081 elo-

736 1127 882 1196 giutn
921 1133 1147 1189 texens,
1178 1124 1245 1178 ad
1295 1121 1539 1177 eumdem
1573 1124 1595 1175 l
1632 1118 1870 1176 Januarii
1913 1135 1927 1173 :
1965 1136 1982 1169 ι
2031 1118 2084 1171 In
2117 1115 2297 1171 Caesa-

735 1228 854 1279 rea,
887 1214 1095 1285 inquit,
1125 1212 1409 1284 metropoli
1449 1210 1797 1280 Cappadociae
1826 1248 1840 1271 ,
1879 1206 2141 1278 depositio
2176 1223 2296 1261 san-

736 1307 809 1362 cti
845 1306 1028 1362 Basilii
1060 1308 1329 1381 episcopi,
1368 1306 1460 1377 qui
1490 1304 1750 1374 Regulam
1793 1301 2027 1356 fratrum
2058 1309 2115 1355 et
2136 1299 2298 1353 titulta

2393 677 2512 732 qua:
2566 662 2732 725 fecit,
2777 661 3189 732 chirographum
3238 664 3431 730 perditi
3478 661 3754 723 hominis,
3818 668 3960 729 quos!

2396 752 2607 808 diabolo
2661 750 2805 817 fecit,
2865 753 3070 807 orando
3130 750 3367 819 recipere
3422 754 3646 818 meruit;
3699 762 3767 804 es
3819 751 3959 803 diem

2398 846 2589 899 mortis
2634 859 2742 900 sua:
2790 853 3009 913 propter
3054 842 3457 900 conversionem
3487 843 3684 916 Ioseph
3737 840 3950 898 Hebraei

2402 935 2638 1002 distulit,
2693 944 2749 991 et
2782 937 3235 1006 conscriptionem
3267 934 3543 1004 cujusdam
3578 935 3794 992 nefandi
3845 946 3961 987 scn-

2395 1028 2523 1083 lcris
2545 1031 2705 1083 etiam
2738 1027 3022 1084 defunctus
3051 1030 3301 1085 abolevit.
3329 1048 3347 1079 ι
3386 1027 3488 1082 Sed
3515 1030 3626 1083 hmc
3640 1044 3701 1084 ex
3737 1026 3963 1098 pseudo-

2398 1118 2778 1187 Ampbiloehio
2815 1128 3048 1188 sumpta,
3072 1136 3231 1192 quam
3257 1121 3502 1189 exiguam
3531 1117 3688 1173 fidem
3714 1133 3965 1174 merean-

2395 1222 2503 1276 lttr,
2534 1212 2672 1266 infra
2705 1212 2919 1283 patebit.
2992 1253 3005 1266 .
3086 1254 3099 1267 .
3182 1254 3197 1268 .
3276 1254 3291 1269 .
3370 1253 3383 1266 .
3467 1253 3480 1266 .
3563 1250 3577 1262 .
3660 1247 3676 1263 .
3750 1249 3765 1265 .
3849 1246 3865 1262 .
3943 1246 3962 1260 α

2400 1340 2510 1355 σοι
2591 1345 2603 1356 ι
2682 1345 2695 1358 ο
2774 1343 2788 1356 ο
2868 1341 2882 1355 ο
2961 1342 2975 1356 ο
3058 1340 3161 1357 σο
3242 1345 3255 1357 σ
3340 1344 3354 1356 ο
3437 1342 3451 1356 ο
3535 1337 3550 1354 ο
3641 1339 3655 1352 ο
3746 1336 3763 1352 ο
3842 1336 3860 1352 ο
3942 1329 3965 1352 ο

979 1812 1069 1873 De
1105 1807 1395 1891 reliquiis
1428 1809 1494 1869 S‘.
1541 1805 1772 1868 Basilii
1811 1808 2056 1885 Brugas
2103 1801 2520 1865 Flandrorum
2549 1798 2871 1864 translatis
2911 1807 2964 1857 et
3002 1814 3190 1876 usque
3226 1796 3406 1859 hodie
3449 1794 3732 1857 servatis.

846 2070 1058 2126 Nemini
1134 2084 1239 2125 non
1307 2062 1573 2126 videbitur
1630 2069 1984 2125 admiratione
2037 2066 2374 2136 dignum,B

740 2161 883 2232 quod
905 2162 970 2217 de
1001 2169 1110 2216 tam
1138 2159 1368 2217 celebris
1420 2162 1592 2216 sancti
1648 2160 1891 2229 reliquiis
1915 2158 2004 2213 vix
2037 2158 2145 2213 ulla
2178 2156 2304 2213 reli-

741 2267 829 2309 t-ta
864 2254 1123 2310 memoria
1153 2254 1259 2321 sit,
1298 2253 1441 2308 nulla
1476 2253 1686 2319 uspiam
1748 2249 1888 2305 facta
1919 2253 2164 2321 corporis
2198 2249 2304 2305 ele-

742 2347 913 2411 vatio,
956 2345 1307 2401 translatiove
1342 2341 1568 2413 legatur,
1597 2343 1748 2413 cujus
1793 2352 2197 2398 monumentum
2222 2339 2316 2395 vel-

743 2438 967 2493 historia
1000 2438 1066 2491 ad
1093 2446 1336 2506 posteros
1359 2435 1657 2489 transierit.
1682 2434 1836 2490 Tanti
1862 2444 2040 2489 tamen
2069 2432 2303 2487 thesauri

741 2536 925 2601 caput,
977 2528 1258 2584 brachium
1310 2537 1366 2583 et
1405 2538 1611 2584 costam
1669 2527 1854 2580 Romae
1896 2525 2079 2578 haberi
2111 2524 2308 2576 asserit

746 2620 1081 2678 Pancirolius
1124 2620 1177 2677 in
1240 2619 1589 2690 reliquiarum
1624 2616 1783 2671 Urbis
1814 2613 2073 2670 lndiculo.
2101 2622 2304 2681 partem

746 2730 879 2770 vero
906 2731 1013 2771 non
1040 2715 1286 2785 exiguam
1312 2730 1341 2768 a
1368 2712 1673 2783 quingentis
1704 2708 1982 2763 minimum
2017 2708 2175 2762 annis
2196 2721 2310 2776 pus-

745 2804 887 2859 sidet
929 2804 1279 2859 celeberrima
1320 2802 1680 2857 Flandrorum
1728 2800 1917 2855 civitas
1949 2798 2141 2868 Brugze
2166 2840 2181 2863 ,
2218 2797 2306 2850 ubi

741 2894 905 2949 etiam
930 2903 1107 2949 exstat
1141 2894 1436 2964 antiquitus
1454 2892 1703 2956 ecclesia,
1738 2892 1838 2947 sub
1866 2892 2104 2960 ejusdem
2132 2890 2304 2945 sancti

748 2986 967 3043 nomine
1002 2990 1200 3043 dicata.
1223 2984 1501 3041 Fundator
1530 2984 1628 3039 fuit
1648 2984 2020 3041 Theudoricus
2049 2984 2308 3047 Alsatius,

746 3070 1104 3127 Flandrorum
1162 3089 1225 3129 ac
1280 3073 1769 3129 Viromanduorum
1822 3089 2004 3129 comes
2063 3075 2130 3128 ab
2172 3089 2311 3128 anno

753 3163 887 3218 1128
918 3166 984 3217 ad
1024 3164 1160 3219 1169
1202 3180 1217 3217 :
1254 3166 1318 3219 de
1348 3181 1449 3230 qua
1496 3164 1813 3220 fundatione
1864 3164 2053 3234 Brugis
2105 3168 2313 3229 accepi-

748 3271 867 3310 mus
892 3253 1126 3325 Philippi
1164 3255 1255 3309 lilii
1286 3255 1516 3324 diploma
1543 3296 1558 3317 ,
1600 3258 1780 3309 datum
1803 3248 1949 3309 'auno
1980 3256 2149 3320 “87;
2178 3266 2229 3309 et
2281 3270 2309 3308 a

750 3348 989 3403 Roberto
1055 3346 1118 3402 lll
1174 3347 1439 3403 Flandriaa
1497 3346 1696 3401 comite
1748 3355 2111 3413 renovatum,
2167 3361 2310 3400 anno

750 3438 910 3504 1591,
940 3440 1041 3494 hoc
1072 3450 1259 3495 tenore
1292 3458 1305 3495 :

848 3548 867 3582 ι
905 3529 1223 3594 Universis,
1277 3539 1387 3584 tam
1445 3532 1795 3599 praesentibus
1855 3544 2014 3599 quam
2081 3529 2316 3594 futuris.

752 3631 1045 3685 praesentes
1114 3620 1318 3676 litteras
1381 3622 1757 3690 inspectnris,
1815 3622 2077 3677 Robertus
2138 3638 2319 3676 comes

752 3712 1022 3769 Flandriae
1046 3716 1296 3780 salutem,
1329 3724 1383 3769 et
1416 3714 1491 3768 rei
1536 3722 1702 3783 gesta:
1746 3727 1972 3767 noscere
2012 3714 2316 3767 veritatem.

754 3806 834 3858 Att
866 3816 1183 3873 perpetuam
1222 3806 1297 3861 rei
1349 3807 1665 3861 memoriam
1692 3846 1707 3872 ,
1735 3815 1915 3861 notum
1949 3804 2175 3859 facimus
2198 3805 2319 3858 uni-

754 3896 971 3950 versis:
1011 3894 1081 3950 Ut
1131 3897 1379 3952 instituta
1416 3898 1725 3964 salubriter,
1762 3898 1961 3953 nostris
2015 3908 2069 3952 et
2118 3896 2322 3969 praede-

759 4000 1039 4042 cessorum
1073 3997 1380 4042 nostrorum
1439 3990 1804 4058 temporibus,
1835 3990 2086 4059 prudenti
2118 3998 2170 4045 et
2197 4004 2325 4060 pro-

756 4080 874 4133 viso
923 4089 1243 4149 matureque
1288 4080 1516 4135 consilio
1552 4080 1872 4133 conﬁrmata
1900 4095 1995 4149 per
2023 4080 2324 4148 praedeces-

758 4187 909 4229 sores
948 4182 1187 4239 nostros,
1215 4181 1361 4228 certa
1391 4172 1620 4244 quadam
1654 4172 1841 4226 notitia
1874 4181 2237 4241 propagentur
2271 4173 2322 4225 in

762 4273 1040 4337 posteros;
1087 4278 1154 4319 ne
1202 4278 1455 4332 processu
1491 4264 1749 4331 temporis
1775 4279 1802 4315 a
1839 4273 2177 4331 posterorum
2211 4277 2327 4315 me-

764 4357 933 4412 moris
963 4396 979 4422 ,
1037 4371 1133 4427 per
1168 4354 1402 4425 ineptam
1436 4355 1723 4410 oblivionis
1760 4354 2043 4424 caliginem
2073 4393 2088 4417 ,
2135 4368 2328 4407 evaneo

764 4458 954 4513 scant,
988 4448 1284 4502 litterarum
1332 4445 1503 4501 solent
1533 4446 1743 4501 indiciis
1792 4446 2019 4517 publicis
2050 4444 2322 4499 :Bleruari.

763 4536 873 4595 Nos
902 4538 1066 4610 igitur
1087 4536 1430 4594 attendentes
1451 4579 1465 4602 ,
1495 4540 1918 4609 praetlecessores
1956 4546 2193 4600 nostros,
2229 4550 2325 4606 pro

764 4647 983 4687 suarum
1019 4646 1084 4686 ac
1114 4632 1570 4700 praedecessorum
1599 4640 1653 4685 Θῑ
1676 4644 2049 4684 successorum
2104 4644 2323 4683 suorum

2476 2081 2494 2115 ι
2536 2062 2605 2118 Ut
2650 2062 2701 2117 in
2741 2057 3067 2127 temporibus
3124 2057 3326 2109 nostris
3371 2054 3612 2109 instituta
3679 2048 3973 2108 salubriter

2402 2166 2457 2211 et
2486 2156 2730 2226 prudenti
2752 2150 2971 2209 consilio
2996 2145 3330 2213 conﬁrmata,
3390 2156 3533 2201 certa
3561 2146 3793 2216 quadam
3823 2144 3965 2198 uoti—

2408 2248 2475 2301 tia
2529 2255 2883 2318 propagentur
2912 2241 2966 2296 iu
2997 2250 3257 2313 posteros,
3300 2252 3365 2292 ne
3430 2250 3680 2305 processu
3714 2235 3973 2301 temporis

2406 2356 2435 2394 a
2468 2352 2801 2409 posterorum
2836 2334 3091 2391 memoria
3131 2348 3224 2403 per
3254 2332 3485 2398 ineptam
3521 2323 3804 2382 oblivionis
3829 2323 3961 2375 cali-

2406 2432 2580 2500 ginem
2615 2436 2955 2487 evanescant,
2995 2427 3288 2478 litterarum
3336 2420 3507 2476 solent
3558 2416 3771 2472 indiciis
3812 2424 3975 2467 aeter-

2408 2523 2545 2575 nari.
2566 2521 2899 2588 Quapmpter
2938 2530 3037 2584 ego
3066 2513 3361 2581 Philippus,
3390 2512 3477 2566 Dei
3501 2508 3669 2581 gratia
3700 2504 3969 2561 Flnndriaa

2406 2627 2607 2676 omnes,
2641 2620 2747 2663 tam
2778 2604 3006 2679 posteris
3040 2619 3199 2675 quam
3221 2602 3593 2674 przesenlibus,
3625 2606 3806 2652 notum
3842 2609 3966 2648 esse

2407 2702 2571 2767 volo,
2631 2699 2771 2770 quod
2829 2707 2982 2767 pater
3035 2710 3186 2749 meus
3244 2693 3412 2763 digna:
3469 2689 3738 2745 memoriae
3789 2701 3973 2741 comes

2410 2792 2803 2851 Theudoricus.
2835 2800 2894 2845 et
2928 2796 3100 2841 mater
3138 2800 3256 2839 mea
3292 2785 3393 2853 pize
3445 2780 3833 2839 recordationis
3881 2793 3976 2833 co-

2410 2883 2615 2938 mitissa
2650 2878 2838 2935 Sibilla
2867 2919 2882 2943 ,
2920 2876 3101 2932 divina
3156 2876 3509 2943 inspiratione
3552 2871 3830 2937 commoti,
3876 2883 3975 2937 pro

2412 2979 2707 3033 animarum
2749 2988 2965 3031 sunrum
3018 2982 3073 3027 et
3102 2986 3317 3025 suorum
3357 2969 3807 3039 praedecessorum
3843 2977 3975 3016 nec-

2412 3089 2517 3126 non
2547 3080 2601 3125 et
2631 3082 3003 3123 successorum
3060 3065 3234 3119 salute
3256 3104 3270 3128 ,
3300 3061 3491 3130 Brugis
3518 3062 3569 3113 in
3600 3056 3854 3117 CaStello,
3911 3056 3967 3107 in

2412 3166 2615 3219 honore
2655 3160 2747 3215 Dei
2774 3166 2827 3213 ct
2874 3159 3043 3211 beatae
3070 3154 3306 3223 Virginis
3329 3151 3537 3215 Marize,
3563 3158 3615 3204 et
3644 3148 3814 3202 sancti
3866 3146 3903 3197 ll
3924 3167 3968 3194 ι-

2412 3254 2515 3308 silii
2553 3250 2810 3320 episcopi.
2857 3244 3136 3300 ecclesiam
3173 3257 3235 3295 ex
3290 3239 3505 3309 pr0prio
3554 3245 3767 3305 sumptu
3815 3234 3980 3288 sedili-

2412 3342 2523 3398 cari
2561 3341 2820 3402 fecerunt,
2847 3348 2901 3392 et
2936 3336 3002 3389 ad
3032 3332 3227 3388 ibidem
3257 3333 3362 3387 Deo
3391 3329 3727 3385 serviendum
3761 3328 3815 3382 in
3850 3342 3980 3396 pio-

2421 3435 2537 3508 pria
2566 3446 2823 3505 persona,
2848 3444 2943 3500 per
2977 3436 3208 3497 quatuor
3235 3423 3561 3495 capellanos,
3588 3420 3848 3477 canonice
3872 3431 3981 3473 sta-

2425 3533 2645 3581 tuerunt
2671 3520 2896 3594 singulis
2927 3520 3111 3575 decem
3143 3516 3309 3573 libras
3342 3516 3393 3569 in
3427 3513 3563 3569 festo
3593 3514 3766 3567 sancti
3804 3510 3985 3563 Marti-

2428 3619 2481 3672 ni
2512 3632 2575 3670 ex
2610 3614 2787 3669 oﬂicio
2817 3610 3087 3674 Lambini,
3114 3606 3339 3677 singulis
3367 3621 3508 3659 xxvn
3549 3603 3751 3657 solidos
3791 3616 3855 3653 ex
3891 3600 3987 3651 mi-

2421 3706 2648 3761 nisterio
2689 3702 3081 3756 Lamberti.....
3125 3717 3144 3750 ι
3189 3697 3447 3764 Sequitur
3490 3691 3821 3761 singulorum
3854 3689 3987 3740 relli-

2427 3805 2579 3850 tuum
2634 3801 2889 3848 accurata
2927 3788 3298 3851 enumeratio;
3344 3799 3448 3855 qua
3494 3783 3671 3838 studio
3697 3780 3985 3835 brevitatis

2428 3887 2813 3962 praetermissa,
2842 3884 2918 3938 sic
2947 3881 3292 3937 continuatur
3319 3876 3546 3947 diploma
3575 3894 3587 3930 :

2502 4001 2519 4034 ι
2552 3981 2623 4038 Ut
2650 3989 2827 4033 autem
2846 3977 2959 4030 haec
2991 3974 3169 4028 omnia
3198 3986 3313 4041 quae
3345 3979 3528 4039 postea
3558 3978 3987 4035 supervenerunt

2435 4074 2518 4128 vel
2549 4073 2720 4126 adhuc
2744 4074 3178 4137 supercrescent,
3202 4071 3316 4117 rata
3341 4069 3395 4114 et
3427 4056 3731 4113 iuconvulsa
3768 4069 3986 4124 perma-

2429 4173 2616 4225 ncant,
2648 4162 2949 4214 litterarum
2974 4154 3232 4211 custodize
3267 4149 3668 4210 commiserunt,
3685 4155 3738 4200 et
3763 4144 3987 4214 privile-

2427 4255 2497 4323 gii
2535 4253 2614 4308 sui
2648 4250 2940 4304 munimine
2969 4249 3317 4299 llrmaverunt
3344 4260 3358 4295 :
3387 4240 3526 4306 quo-l
3558 4238 3717 4307 longo
3748 4245 3990 4303 tempore

2425 4354 2544 4415 post
2576 4355 2762 4397 eorum
2806 4340 3102 4399 decessum,
3131 4350 3196 4387 ex
3228 4331 3499 4387 communi
3549 4327 3803 4383 incendio
3864 4326 3990 4378 Bru-

2427 4436 2601 4508 geusi,
2635 4448 2729 4504 per
2752 4430 3014 4484 incuriam
3068 4424 3316 4495 deperiit.
3360 4422 3436 4476 Ne
3467 4431 3647 4475 autem
3686 4420 3787 4472 hoc
3818 4416 3986 4470 infor-

2436 4507 2607 4593 tunio,
2645 4523 2788 4595 quod
2823 4523 2956 4574 bene
2982 4518 3220 4573 fecerant
3261 4528 3445 4568 eorum
3479 4512 3743 4565 amitteret
3770 4507 3999 4576 posteri-

2438 4630 2555 4685 tas,
2587 4613 2844 4687 quidquid
2879 4611 2931 4665 in
2972 4624 3037 4663 eo
3065 4608 3284 4676 dignum
3329 4602 3589 4658 memoria
3620 4596 3987 4667 conscriptum

767 4724 1071 4780 animarum
1097 4724 1296 4789 salute,
1332 4723 1524 4792 Brugis
1546 4724 1599 4777 in
1620 4721 1819 4793 Burgo,
1846 4720 1896 4774 in
1922 4722 2178 4775 honorem
2210 4718 2325 4785 Dei,
2361 4740 2403 4795 υ
2434 4711 2634 4774 fuerat,
2670 4705 2890 4762 rescribi
2939 4712 2995 4757 el
3031 4696 3341 4754 εοηῧτιηθῐῖ
3384 4694 3521 4757 Ῐεοίς
3553 4690 3877 4795 subscribi“
3901 4704 3995 4744 εο-

767 4819 939 4873 ὺθίιω
966 4814 1203 4887 Virginis
1232 4814 1413 4869 Maria:
1438 4858 1453 4881 ,
1486 4827 1539 4868 et
1571 4815 1741 4869 sancti
1801 4812 1981 4867 Basilii
2032 4811 2270 4880 episcopi
2306 4849 2320 4873 ,

767 4909 1143 4979 ecclesiamex
1173 4910 1384 4980 proprio
1415 4916 1627 4976 sumptu
1651 4905 1992 4967 aediﬁcatam,
2024 4904 2089 4959 ad
2119 4902 2314 4957 ibidem

771 5001 882 5057 Deo
904 5014 997 5070 per
1021 5009 1253 5069 quatuor
1283 4997 1589 5065 capellauos
1617 4994 1749 5048 inibi
1786 4994 2059 5049 institutos
2097 4990 2148 5045 iu
2187 5003 2313 5057 pro—

772 5092 886 5164 pria
936 5104 1164 5161 persona
1196 5090 1627 5153 deserviendum,
1664 5086 1944 5152 fundasse,
1986 5093 2041 5139 et
2065 5079 2324 5138 canonice

774 5183 1027 5239 statuisse
1069 5197 1205 5252 :pro
1251 5182 1447 5251 quibus
1495 5181 1694 5235 reditus
1745 5187 1799 5233 et
1857 5176 1959 5230 alia
1999 5175 2315 5230 ordinarunt

777 5276 991 5346 provisa
1013 5313 1027 5339 ,
1065 5281 1218 5344 prout
1248 5274 1299 5327 in
1327 5272 1523 5327 litteris
1566 5267 1949 5337 infrascriptis,
1976 5265 2153 5335 sigillo
2192 5278 2328 5332 quo-

784 5372 903 5426 Jam
956 5370 1107 5433 bonae
1163 5364 1431 5421 memoria:
1462 5362 1661 5418 domini
1696 5360 1922 5430 Philippi
1952 5400 1966 5425 ,
1996 5358 2121 5413 olim
2164 5354 2321 5411 Fluit-

778 5461 921 5519 ditia:
958 5458 1195 5522 comitis,
1237 5453 1644 5528 prmdecessoris
1678 5452 1844 5506 nostri
1878 5449 2147 5518 sigillatis,
2182 5459 2340 5514 appa-

810 5552 933 5607 ebat
956 5550 1127 5620 prima
1161 5547 1295 5602 facie
1316 5586 1331 5610 ,
1370 5547 1482 5600 haec
1512 5554 1566 5597 et
1601 5542 1703 5596 alia
1748 5542 1887 5595 inter
1917 5547 2109 5592 caetera
2136 5535 2342 5605 plenius

790 5643 1155 5701 continentur.
1190 5640 1333 5707 Quas
1365 5639 1574 5692 litteras
1601 5651 1702 5691 nos
1733 5634 1964 5689 vidimus
1986 5671 2000 5695 ,
2039 5642 2091 5685 et
2114 5628 2345 5699 diligen-

791 5744 873 5788 ter
904 5732 1122 5803 inspici,
1150 5746 1211 5787 ac
1246 5726 1589 5785 collationem
1632 5728 1698 5781 de
1738 5726 1805 5782 iis
1836 5725 1949 5779 fieri
1980 5721 2204 5778 iecimus
2257 5733 2345 5773 so-

793 5828 958 5885 lerter
983 5844 997 5883 :
1018 5840 1244 5897 quarum
1279 5834 1431 5879 tenor
1459 5821 1578 5875 talis
1597 5828 1677 5875 est
1700 5837 1714 5875 :

2435 4818 2552 4857 rum
2591 4799 2681 4872 qui
2718 4794 3082 4853 interfuerunt
3110 4789 3445 4851 nominibus,
3476 4782 3719 4844 Gerardi,
3746 4780 3994 4851 Brugen-

2432 4896 2507 4951 sis
2534 4889 2830 4963 prapositi,
2858 4883 3127 4941 Flandrize
3162 4879 3499 4942 cancellarii;
3530 4872 3788 4944 Bugonis,
3841 4872 3993 4927 deca-

2433 4987 2486 5041 ni
2539 4985 2598 5040 S.
2635 4979 2953 5043 Donatiani;
3004 4974 3271 5039 Joannis,
3330 4967 3618 5039 Brugensis
3671 4964 3991 5028 castellani;

2432 5073 2662 5130 Gilberti
2716 5071 2784 5124 de
2834 5070 2982 5123 Aria.
3010 5065 3200 5119 Actum
3241 5063 3291 5115 iu
3326 5059 3513 5122 Maleo,
3554 5070 3697 5110 anno
3723 5053 3988 5108 incarnati

2433 5168 2593 5223 \‘erbi
2628 5178 2937 5219 stcuxxvn.

2514 5277 2532 5309 ι
2572 5257 2805 5323 Quarum
2835 5254 3133 5307 litterarum
3173 5246 3416 5302 effectum
3447 5258 3546 5298 nos
3570 5240 3864 5303 Robertus,
3904 5252 3993 5292 εον

2436 5364 2549 5403 mes
2576 5346 2843 5400 Flandrize
2879 5340 3238 5410 supradictus,
3278 5351 3375 5407 pro
3404 5334 3558 5389 nobis
3586 5341 3640 5387 et
3665 5329 3996 5386 successori-

2433 5433 2531 5487 bus
2560 5432 2777 5497 uostris,
2796 5427 3112 5483 auctoritate
3144 5435 3327 5479 nostra
3354 5418 3656 5492 principali,
3675 5429 3992 5489 perpetuum

2434 5528 2675 5598 vigorem
2726 5531 2781 5575 et
2836 5519 3045 5575 roboris
3080 5518 3391 5571 firmitatem
3444 5512 3688 5568 volumus
3722 5509 3990 5564 obtinere.

2436 5620 2495 5674 lu
2524 5616 2675 5686 cujus
2710 5615 2785 5668 rei
2820 5609 3186 5667 testimonium
3216 5606 3445 5677 sigillum
3488 5611 3729 5658 nostrum
3760 5616 3996 5671 praesen-

2441 5710 2583 5765 tibus
2612 5714 2697 5762 est
2723 5716 3045 5773 appensum.
3098 5698 3290 5751 Datum
3342 5692 3607 5760 Curtraci,
3642 5693 4000 5759 prwsentibu’s

2446 5799 2701 5870 magistro
2729 5794 2945 5851 Nicolao
2983 5793 3048 5849 de
3073 5790 3230 5847 Petra
3258 5829 3272 5855 ,
3319 5786 3558 5844 ecclesim
3586 5784 3766 5840 Beata
3816 5780 3997 5837 Maria
