4212 6526
1030 478 1386 533 EXCERPTA
1430 478 1515 532 EX
1557 477 1756 535 ACTIS
1796 478 1855 535 S.
1896 477 2142 535 BASILii
2177 476 2698 537 BOLLANDIANIS.

3218 501 3386 543 ῦσιις
3397 502 3492 545 ιιι

218 598 530 667 Brugensis
584 600 911 669 prrepusitu;
953 598 1092 670 Mag.
1146 599 1377 655 Henrico
1408 600 1591 667 Bram,
1642 604 1818 675 legum
1847 614 1893 669 Α
1921 602 2207 672 eidemque
2239 601 2559 671 parochiali,
2586 613 2798 657 caetera
2817 618 2882 657 es
2911 602 3058 668 Asia,
3100 603 3296 671 Callia,
3322 607 3496 675 Italia,

216 690 572 755 proiessure,
617 692 883 746 canonico
911 690 1277 759 ’i‘urnaeensi;
1306 693 1444 763 Mag.
1481 692 1815 759 Christiano,

215 782 472 835 ecclesia:
504 783 923 838 iiarlebecensis
948 784 1267 853 praeposito;
1301 786 1518 841 domino
1544 786 1813 841 Christia-

220 888 289 924 uo
315 911 332 935 ,
362 875 523 929 dictu
580 876 800 939 Malam,
834 877 1038 931 decano
1070 878 1228 933 dictze
1258 878 1674 935 Harlebecensis
1723 893 1818 935 ec-

216 966 444 1033 clesiae;
483 969 719 1026 Simone
744 972 940 1025 Vastun
963 1013 978 1037 ,
1006 971 1272 1025 Flandrias
1299 982 1607 1041 recepture;
1636 982 1689 1026 et
1711 972 1817 1025 Bo-

216 1060 395 1127 geriu,
434 1058 664 1115 Tumun
699 1104 713 1129 ,
754 1063 1064 1117 consiliario
1089 1072 1143 1117 et
1180 1063 1449 1118 serviente
1482 1074 1699 1129 nostro;
1729 1065 1815 1119 die

214 1148 513 1216 Mercurii,
573 1163 692 1220 pust
718 1152 915 1206 festum
948 1153 1087 1207 beati
1116 1152 1264 1207 Petri
1295 1156 1363 1209 ad
1395 1154 1637 1221 Vincula,
1670 1170 1815 1209 anno

215 1238 442 1296 Domini
477 1243 769 1297 millesimo
793 1245 1171 1300 trecentesimo
1200 1245 1458 1316 vigesimo
1482 1247 1676 1316 primo.
1705 1266 1723 1299 ι
1748 1245 1813 1302 Et

213 1332 381 1389 bulla:
411 1335 769 1404 appendebat
823 1335 1044 1392 comitis
1069 1336 1299 1407 sigillum
1332 1337 1385 1391 in
1420 1352 1543 1392 cera
1583 1338 1724 1403 alba,
1758 1348 1813 1392 et

208 1424 323 1492 jam
359 1426 483 1481 fere
520 1426 681 1481 ﬂava.
721 1426 951 1483 inferius
975 1430 1232 1499 scriptum
1264 1438 1418 1485 erat:
1454 1447 1474 1481 ε
1503 1429 1667 1485 Fama
1700 1431 1812 1485 col-

218 1519 427 1573 latione
459 1520 650 1588 hujns,
679 1536 799 1574 cum
827 1520 967 1575 bulla
1006 1532 1281 1577 reservata
1334 1525 1385 1577 in
1422 1525 1623 1579 sacello
1652 1524 1807 1580 Sacri

214 1610 451 1663 tiruuris
488 1606 723 1679 Brugis;
763 1610 939 1664 inveni
974 1625 1075 1682 ego
1127 1611 1509 1684 inirascriptus
1533 1614 1806 1681 notarius,

217 1701 419 1771 Brugis
450 1716 677 1771 quoque
706 1703 968 1767 residens,
1001 1704 1210 1771 cupiam
1238 1704 1378 1760 hanc
1408 1721 1530 1761 cum
1566 1706 1654 1761 illa
1680 1722 1810 1761 cun-

215 1796 453 1849 cordare
480 1812 495 1848 :
535 1796 676 1864 quod
696 1804 940 1851 attestur.
961 1814 981 1848 s
1002 1795 1069 1852 Et
1088 1798 1355 1868 signatum
1378 1809 1516 1865 erat,
1541 1818 1559 1852 ι
1591 1800 1805 1871 Spetael

211 1889 473 1945 notarius
518 1890 679 1945 1671.
711 1908 731 1946 ι

1917 693 2215 765 Belgiuque
2260 693 2503 748 collectae
2529 733 2544 757 ,
2574 708 2807 763 quarum
2839 696 2894 749 in
2939 695 3232 765 diplomate
3261 698 3493 771 Philippi

1910 786 2136 841 comitis
2165 784 2396 840 habetur
2420 786 2631 841 notitia.

1991 874 2232 945 Diploma
2265 875 2366 929 huc
2397 876 2659 930 habemus
2687 882 3088 945 transumpturn
3114 878 3215 933 sub
3243 878 3345 935 [ide
3394 895 3495 951 pu-

1917 964 2058 1017 blica
2083 964 2293 1019 Claudii
2322 964 2559 1035 Agretti,
2591 967 2947 1035 protonotarii
2978 968 3285 1036 apostolici.
3312 968 3493 1025 ﬂabe-

1918 1071 2039 1110 mus
2076 1056 2238 1109 etiam
2266 1054 2411 1109 aliud
2459 1055 2877 1111 instrumentum
2929 1058 3301 1115 translationis
3354 1058 3492 1115 alte-

1915 1150 2048 1215 rius,
2094 1149 2250 1205 facta:
2304 1166 2448 1207 anno
2498 1149 2671 1215 1465;
2724 1166 2791 1206 ac
2825 1152 3059 1221 denique
3112 1154 3487 1211 translationis

1915 1242 2106 1304 tertiae,
2144 1240 2247 1295 huc
2287 1240 2403 1310 ipso
2437 1256 2542 1311 quo
2569 1242 2928 1311 imprimimus
2968 1258 3109 1299 anno
3153 1244 3293 1301 i697
3339 1245 3493 1302 cele-

1910 1330 2115 1398 bratae;
2145 1332 2360 1403 quando
2392 1333 2444 1386 in
2472 1333 2673 1388 veteris
2712 1348 2891 1404 capsa:
2940 1338 3219 1405 apcrtiune
3244 1337 3358 1392 sola
3400 1338 3490 1393 in-

1912 1435 2067 1475 venta
2098 1434 2353 1477 narratur
2386 1422 2615 1491 reliquia
2641 1425 2814 1481 sancti
2858 1425 3064 1490 Basilii,
3095 1443 3202 1482 una
3228 1444 3348 1484 cum
3383 1429 3479 1485 lit-

1912 1516 2046 1568 teris
2077 1516 2127 1568 in
2158 1530 2487 1586 pergamenu
2517 1532 2639 1571 cum
2682 1532 2878 1588 magno
2902 1518 3083 1587 sigillo
3119 1520 3306 1587 rubro,
3329 1521 3488 1577 exhi-

1905 1607 2072 1661 heute
2125 1606 2353 1677 eiligiem
2388 1618 2719 1678 equestrem,
2771 1620 2826 1664 et
2861 1611 3052 1666 sericis
3088 1612 3327 1683 antiquis
3352 1614 3487 1685 liga-

1912 1699 2107 1751 mentis
2134 1699 2431 1767 adjunctis,
2450 1699 2603 1769 cujus
2636 1699 2863 1767 lectura,
2885 1708 2991 1755 tam
3018 1702 3069 1755 in
3100 1702 3280 1771 sigillo
3320 1718 3483 1775 quam

1910 1787 1962 1839 in
2014 1800 2339 1856 pergamenu
2368 1824 2384 1849 ,
2418 1800 2526 1839 non
2554 1786 2729 1855 putuit
2777 1787 2893 1841 fieri
2918 1825 2934 1850 ,
2970 1799 3192 1857 prupter
3256 1790 3484 1845 nimiam

1911 1885 2252 1931 vetustatem.
2282 1874 2419 1928 Cum
2452 1889 2647 1944 magno
2672 1874 2917 1945 profecto
2960 1877 3297 1947 posteritatis
3323 1878 3486 1934 detri-

287 1982 440 2037 ..ηπ
488 1982 913 2057 Cmcesignams
957 1986 1245 2057 principes,
1299 1988 1387 2059 qui
1453 2002 1552 2059 pro
1580 2002 1805 2058 τεουρρ,
1835 1964 1879 2020 Β
1909 1975 2114 2059 mento,
2139 1981 2209 2021 ex
2255 1966 2352 2059 tali
2378 1965 2608 2033 lectura,
2645 1968 2691 2024 si
2721 1967 2835 2023 fieri
2864 1983 2928 2023 ea
2955 1969 3245 2039 potuisset,
3279 1972 3482 2027 verosi-

210 2074 385 2129 randa
421 2074 606 2132 Terra
663 2087 849 2133 sancta
902 2092 999 2147 per
1032 2076 1299 2135 Minorem
1345 2079 1531 2137 Asiam
1568 2081 1806 2137 victores

212 2169 607 2234 transierunt,
658 2179 713 2224 et
764 2179 1078 2240 recuperata
1116 2172 1274 2228 caesis
1321 2173 1569 2230 barbaris
1601 2173 1802 2242 Nicaea,

208 2256 463 2314 icunium
505 2260 562 2314 in
595 2258 887 2332 Lycaonia,
914 2273 1074 2334 atque
1103 2263 1409 2322 Caesaream
1437 2267 1489 2322 in
1515 2266 1804 2337 Cappado-

211 2354 294 2406 cia
317 2354 690 2408 obtinuerunt
730 2369 871 2410 anno
895 2371 1105 2418 Ixcvn,
1141 2357 1240 2413 fuit
1277 2357 1552 2417 Robertus
1578 2357 1641 2421 Il.
1671 2358 1801 2415 Hie-

212 2445 652 2515 rusulymitanus
707 2446 830 2503 inde
878 2448 1087 2513 dictus,
1124 2451 1391 2507 Fiandriae
1434 2467 1637 2508 comes.
1666 2452 1801 2507 iiuic

215 2536 360 2589 inter
409 2534 659 2602 praedam
694 2539 1153 2612 putuitubtigisse
1204 2540 1268 2596 8.
1320 2541 1504 2597 Basilii
1555 2558 1795 2613 corpus,

208 2624 354 2695 quod
395 2625 493 2681 ille
527 2626 581 2681 in
623 2626 931 2684 Flandriam
970 2632 1197 2699 miserit,
1247 2632 1331 2688 vel
1384 2648 1451 2688 ex
1484 2634 1639 2705 Syria
1674 2642 1798 2705 post

213 2717 501 2775 biennium
536 2736 788 2776 reversus
811 2722 1082 2792 attulerit;
1112 2725 1360 2795 quamvis
1391 2727 1507 2798 ejus
1540 2728 1616 2784 rei
1650 2728 1794 2784 nulla

210 2819 392 2865 exstet
438 2813 725 2867 memoria.
750 2811 971 2869 Roberti
1024 2816 1166 2872 illius
1192 2833 1254 2873 es
1292 2834 1479 2875 sorore
1522 2820 1796 2877 Gertrude

208 2912 262 2953 et
296 2901 649 2959 Theudoricu
700 2904 915 2963 Alsatize
966 2907 1295 2979 Lantgraviu
1346 2925 1508 2981 nupta
1541 2951 1555 2975 ,
1616 2929 1789 2983 nepos

213 2993 313 3045 iuit
345 2994 747 3062 Theudoricus,
782 3008 1136 3066 cognomento
1164 2999 1424 3065 Aisatius,
1449 3013 1569 3071 post
1598 3002 1792 3059 S..Ca-

215 3084 308 3137 rnli
347 3085 488 3139 Dani
543 3102 727 3142 necem
764 3089 1088 3142 vindicatain
1120 3101 1176 3144 et
1204 3090 1509 3146 abdicatum
1559 3092 1791 3148 Guiiiel-

214 3193 356 3229 mum
388 3176 782 3240 Nurmannum,
814 3190 1123 3250 assumptus
1174 3180 1227 3237 in
1278 3184 1593 3239 comitatum
1621 3182 1788 3240 Fian-

213 3268 373 3319 urias.
416 3266 520 3320 llic
560 3269 1001 3334 praenuminatam
1058 3273 1233 3328 sancti
1278 3272 1462 3329 Basilii
1504 3276 1787 3330 ecclesiam

212 3352 461 3407 lundavit
514 3356 824 3428 dutavitque
855 3400 871 3427 ,
930 3362 1182 3432 princeps
1217 3363 1338 3432 pius
1366 3402 1382 3427 ,
1414 3373 1469 3417 et
1504 3374 1698 3434 quater
1730 3365 1783 3419 in

208 3458 425 3499 sacram
462 3448 708 3504 militiam
734 3450 1042 3520 proiectus;
1072 3454 1216 3509 unde
1244 3454 1416 3524 prima
1449 3456 1567 3510 vice
1597 3470 1783 3510 rever-

211 3546 325 3592 tens
353 3554 503 3595 anno
531 3542 751 3596 circiter
792 3541 947 3605 1150,
980 3544 1194 3599 videtur
1224 3546 1514 3601 adduxisse
1561 3561 1783 3603 uxorem

213 3629 502 3699 Sibillam,
556 3631 1022 3705 Hierosolymitani
1088 3637 1231 3707 regis
1286 3634 1534 3692 Fuicunis
1583 3638 1783 3707 tiliam,

211 3737 329 3777 cum
380 3739 491 3793 qua
546 3725 857 3791 praedictam
904 3727 1095 3783 deinde
1139 3728 1425 3783 aediﬁcavit
1460 3729 1771 3797 ecclesiam,

212 3822 513 3883 sanctoque
541 3811 738 3871 Basilio
764 3815 991 3883 dicavit;
1043 3818 1226 3890 utique
1254 3818 1338 3876 vel
1388 3820 1457 3878 ob
1505 3832 1777 3878 recentem

212 3903 452 3972 aliquam
492 3922 619 3978 erga
651 3908 899 3964 eumdem
932 3909 1316 3984 ubiigatiunem
1339 3954 1355 3980 ,
1387 3914 1468 3971 vel
1506 3929 1668 3972 causa
1706 3915 1783 3973 fe-

230 3994 326 4050 icis
351 4012 417 4051 es
444 3995 610 4069 Syria
640 4001 865 4067 reditus,
909 4003 1014 4058 nisi
1045 4005 1254 4075 opinari
1285 4008 1407 4078 quis
1432 4007 1630 4075 mallet,
1656 4024 1782 4065 san-

210 4086 279 4140 cti
317 4088 479 4145 istius
529 4105 651 4147 ossa
687 4102 812 4146 tunc
847 4094 1079 4162 primum
1131 4097 1291 4152 allata
1349 4099 1402 4153 in
1462 4098 1778 4157 Flandriam

211 4178 371 4236 fuisse
402 4183 475 4238 ab
507 4182 757 4253 ipsumet.
790 4184 858 4241 Ut
892 4194 950 4241 ut
978 4197 1080 4254 est,
1108 4185 1255 4245 idem
1280 4204 1459 4247 cunnus
1487 4194 1777 4247 secundam

215 4271 262 4323 in
292 4272 570 4331 Orientem
609 4276 1006 4349 expeditionem
1033 4280 1269 4351 suscepit
1292 4295 1383 4334 an.
1413 4280 1585 4346 itu;
1628 4282 1778 4337 inde-

209 4376 310 4433 que
334 4384 421 4424 an.
461 4370 602 4425 1150
652 4386 903 4426 reversus
932 4371 1137 4443 Brugas
1159 4414 1173 4440 ,
1206 4373 1357 4441 juxta
1388 4372 1662 4446 Meyerum
1719 4376 1774 4431 in

216 4458 514 4517 Annalibus
548 4462 833 4527 Flandriae,
856 4473 911 4518 et
936 4466 1162 4531 septimo
1192 4465 1313 4521 ldus
1342 4468 1561 4535 Aprilis,
1599 4468 1777 4526 incre-

210 4550 355 4605 dibili
384 4553 585 4623 gaudio
641 4569 705 4608 ac
751 4554 1106 4625 gratulatione
1140 4572 1169 4611 a
1200 4557 1448 4614 Flandris
1476 4573 1758 4630 exceptus,

217 4644 495 4699 sacerrimi
553 4647 762 4703 cruoris
819 4646 1023 4703 Christi
1078 4652 1380 4718 portionem
1412 4690 1428 4716 ,
1488 4652 1541 4706 in
1593 4653 1770 4723 phiala
1808 4666 1849 4720 ι)

213 4736 527 4803 crystallina
582 4738 943 4808 depurtatam,
976 4753 1072 4806 per
1129 4740 1385 4796 Leonium
1415 4742 1621 4797 Abhain
1652 4743 1780 4799 Ber-

220 4824 457 4892 tinicum,
491 4826 771 4883 collocavit
806 4832 857 4884 in
886 4832 999 4885 aede
1040 4830 1221 4887 Sancti
1261 4832 1475 4899 Basilii,
1504 4836 1571 4889 ad
1611 4852 1775 4908 quam

217 4928 327 4971 cum
362 4920 557 4990 ingens
591 4921 827 4991 undique
861 4937 1158 4978 concursus
1192 4925 1469 4995 multaque
1514 4929 1773 4985 miracula

218 5004 419 5076 ﬂerent,
458 5022 619 5081 atque
651 5010 723 5065 ita
746 5013 944 5081 prioris
973 5014 1185 5081 patroni
1228 5015 1405 5072 cultus
1454 5030 1518 5072 ac
1548 5033 1775 5075 venera-

220 5099 286 5152 tio
304 5103 712 5168 obscuraretur,
750 5104 919 5158 visum
958 5104 1120 5160 fuerit
1152 5105 1273 5161 huic
1305 5111 1654 5178 renovandae,
1680 5126 1773 5167 oro

220 5190 505 5259 nandwque
536 5192 736 5260 pariter
762 5191 1061 5261 cuilegiatae
1099 5200 1153 5248 et
1204 5194 1478 5262 primaria:
1524 5198 1770 5252 ecclesiae

219 5276 625 5344 cunducturum,
655 5279 699 5333 si
737 5279 789 5333 in
830 5280 966 5333 hanc
1001 5278 1423 5338 transferrentur
1451 5286 1625 5341 sancti
1656 5284 1766 5341 Ba-

219 5363 310 5419 silii
332 5381 487 5424 sacra
515 5382 666 5433 ossa;
700 5372 801 5425 nisi
840 5372 891 5425 id
916 5372 1165 5431 malimus
1195 5372 1398 5429 factum
1429 5377 1640 5447 opinari
1670 5394 1768 5450 per

219 5468 679 5523 praememuratum
708 5462 868 5534 Burgi
891 5464 1181 5534 Burgensis
1219 5465 1549 5537 incendium,
1605 5471 1767 5544 longo

219 5555 450 5620 tempore
498 5562 622 5624 post
669 5567 947 5609 excessum
981 5554 1349 5623 fundaturum,
1397 5560 1472 5614 uti
1523 5562 1766 5634 loquitur

219 5636 472 5699 Rubertus
517 5644 619 5713 lli;
674 5645 887 5714 quando
941 5650 1259 5705 restauratis
1292 5641 1536 5707 ecclesiis
1573 5658 1761 5713 amba-

220 5730 322 5801 bus,
350 5736 615 5809 placuerit
661 5740 739 5795 sic
774 5738 1008 5796 dividere
1040 5740 1294 5811 reliquias
1318 5783 1334 5811 ,
1363 5759 1392 5800 a
1420 5744 1762 5806 Theoderico

219 5825 328 5885 olim
357 5830 632 5903 depositas
662 5833 727 5886 ad
756 5830 814 5887 8.
845 5830 1055 5899 Basilii,
1092 5841 1150 5887 ut
1175 5831 1334 5904 huius
1371 5836 1636 5905 ecclesias,
1670 5852 1757 5896 ut-

215 5928 326 5983 Ροιθ
367 5922 627 5980 Palatina
653 5962 669 5991 ,
724 5923 983 5980 manserit
1016 5937 1172 5981 sacer
1202 5937 1397 5995 cruor;
1456 5930 1750 6003 collegiate

1908 2057 2111 2113 militer
2140 2057 2495 2114 intellectura
2525 2073 2716 2114 nomen
2755 2073 2818 2113 ac
2848 2069 3059 2130 tempus
3100 2062 3258 2130 primi
3296 2070 3478 2118 trans-

1906 2149 2095 2206 iaturis
2141 2164 2205 2205 ac
2256 2150 2557 2207 donatoris.
2587 2151 2857 2207 Oliverius
2882 2152 3133 2221 Vredius,
3168 2156 3315 2210 inter
3341 2155 3482 2211 Bru-

1906 2258 2101 2315 genses
2139 2241 2303 2313 hujus
2342 2242 2523 2299 seculi
2558 2243 2802 2299 eruditus
2826 2244 3251 2314 juriscunsultus
3295 2248 3478 2302 numi-

1908 2335 2267 2403 natissimus,
2324 2349 2469 2390 anno
2542 2334 2681 2392 i659
2740 2336 2914 2391 edidit
2978 2336 3155 2407 sigilla
3216 2339 3475 2395 comitum

1902 2427 2170 2483 Flandriae
2197 2466 2212 2492 ,
2254 2426 2451 2497 insigni
2497 2425 2902 2483 Commentario
2930 2426 3217 2483 iilustrata.
3254 2429 3472 2487 Pritnus

1902 2518 1973 2574 ibi
1998 2518 2268 2587 equestris
2292 2519 2535 2574 occurrit
2568 2518 2879 2584 Balduinus,
2898 2516 3184 2573 lnsulanus
3215 2532 3244 2573 a
3272 2521 3474 2591 patria,

1898 2609 2029 2666 Pius
2064 2625 2192 2666 vero
2217 2624 2246 2665 a
2277 2610 2459 2665 divino
2493 2609 2639 2665 cultu
2666 2609 2867 2673 dictus,
2906 2617 3044 2666 teste
3069 2608 3305 2683 Heyeru,
3327 2612 3471 2666 etab

1900 2715 2045 2755 anno
2076 2700 2215 2755 1054
2239 2699 2306 2754 ad
2334 2697 2470 2753 i057
2507 2698 2709 2769 potitus
2732 2698 3015 2753 comitatu.
3035 2698 3169 2754 Cum
3207 2699 3314 2757 isto
3333 2700 3478 2756 aliis-

1897 2806 2003 2862 que
2032 2790 2386 2861 sequentibus
2427 2789 2676 2847 conferre
2709 2789 2752 2842 si
2785 2787 2953 2844 libeat
2986 2797 3142 2844 vetus
3176 2789 3341 2855 istud.
3370 2803 3472 2847 cu-

1889 2881 1978 2952 jus
2001 2883 2194 2939 litterae
2225 2893 2579 2948 evanuerunt,
2600 2881 2867 2952 sigillum;
2893 2882 3145 2939 fortassis
3170 2895 3235 2938 es
3265 2883 3466 2952 majori

1896 2975 2164 3031 minorive
2198 2976 2432 3032 ruditate
2461 2974 2584 3047 equi
2630 2974 2936 3044 equitisque
2966 3014 2981 3041 ,
3026 2974 3169 3032 haud
3200 2976 3469 3033 inverusi-

1894 3067 2037 3121 milis
2060 3065 2384 3121 formabitur
2412 3067 2725 3136 conjectura
2760 3064 2827 3119 de
2861 3064 3029 3133 ipsius
3068 3065 3248 3138 sigilli,
3289 3077 3344 3124 et
3388 3084 3470 3123 ro-

1894 3172 2014 3213 rum
2049 3157 2174 3212 hinc
2200 3156 2552 3227 pendentium
2582 3164 2740 3211 aetate
2767 3173 2780 3210 :
2817 3171 2915 3228 ego
2941 3166 3153 3213 transeo
3176 3160 3244 3215 ad
3272 3157 3471 3217 instru-

1894 3261 2129 3306 mentum
2164 3249 2290 3305 anni
2325 3246 2481 3304 “8.7.
2506 3246 2657 3313 cujus
2683 3247 2769 3302 hic
2789 3258 2870 3303 est
2904 3258 3062 3303 tenor
3088 3267 3102 3304 :

1971 3358 1989 3390 ι
2014 3339 2071 3393 1η
2107 3339 2325 3393 nomine
2361 3336 2571 3403 Patris,
2615 3345 2670 3393 et
2724 3336 2885 3403 Filii,
2926 3348 2981 3393 et
3010 3338 3247 3411 Spiritus
3269 3343 3462 3398 sancsi.

1890 3431 2084 3485 Amen.
2140 3431 2296 3484 Auno
2343 3429 2411 3484 ab
2459 3428 2836 3486 incarnatione
2904 3431 3115 3485 Domini
3177 3433 3466 3492 millesimo

1891 3521 2188 3576 centesimo
2235 3518 2605 3587 uctuagesimu
2635 3530 2816 3587 sexto,
2848 3534 2940 3574 vin
2978 3520 3246 3578 Kalendas
3291 3520 3460 3591 Junii,

1891 3614 1945 3669 in
1967 3612 2193 3669 ecclesia
2224 3612 2373 3667 Beati
2407 3610 2693 3666 Donatiani
2723 3608 2940 3683 Brugis,
2964 3624 3150 3684 aperta
3180 3623 3308 3671 sunt
3334 3626 3462 3674 octo

1890 3706 2116 3771 scrinia,
2149 3705 2202 3760 in
2231 3704 2431 3775 quibus
2460 3703 2690 3760 inventa
2718 3712 2844 3760 sunt
2866 3703 3108 3775 reliquiae
3140 3714 3455 3763 sanctorum

1888 3795 2323 3865 quamplurimas,
2356 3808 2455 3865 per
2494 3807 2713 3848 manum
2758 3792 2986 3864 Philippi
3015 3791 3367 3852 Flandrensls
3399 3806 3459 3853 et

1893 3883 2342 3943 Veromandensis
2378 3882 2595 3939 comitis
2618 3922 2635 3945 .
2688 3882 2785 3939 lilii
2818 3870 3140 3940 Theudorici
3200 3885 3453 3952 comitis,

1885 3983 2148 4046 prasente
2172 3971 2449 4030 Florentio
2494 3970 2789 4029 iiultandire
2841 3974 3060 4042 comite,
3090 3986 3149 4033 et
3205 3973 3449 4033 Gerardo

1886 4081 2083 4127 nostra:
2114 4067 2359 4125 ecclesiae
2380 4067 2706 4140 praeposito;
2736 4067 2864 4123 item
2898 4065 3165 4133 Gerardu,
3194 4066 3450 4124 insulano

1884 4165 2206 4236 prepositu;
2243 4172 2296 4219 et
2324 4164 2533 4219 ueteris
2581 4160 2952 4218 cunl‘ratribus
2981 4162 3183 4218 nostris
3223 4160 3451 4235 aliisque

1883 4252 2311 4323 quampluribus.
2367 4249 2425 4305 in
2476 4264 2584 4305 uno
2630 4251 2812 4314 itaque
2851 4250 3089 4317 scrinio,
3126 4251 3270 4323 quod
3320 4267 3451 4309 san-

1882 4344 1955 4397 cti
2012 4339 2197 4397 Basilii
2266 4339 2485 4405 dicitur,
2542 4337 2775 4396 inventa:
2826 4348 2952 4396 sunt
3006 4340 3290 4413 reiiquim,
3330 4356 3451 4411 qua:

1882 4433 2200 4501 subscripta:
2218 4439 2365 4498 sunt,
2395 4434 2573 4487 veraci
2610 4432 2920 4489 testimonio
2947 4432 3251 4489 litterarum
3275 4434 3449 4507 inspo-

1880 4525 2015 4578 sitae.

1887 4634 1904 4665 ι
1942 4613 2206 4683 Reliquiae
2228 4614 2287 4671 8.
2312 4614 2493 4669 Basilii
2519 4629 2533 4678 ;
2567 4613 2775 4667 scilicet
2796 4628 2943 4670 ossa.

1881 4705 1945 4760 ii.
1979 4703 2037 4760 8.
2068 4704 2294 4769 Nicolai,
2322 4718 2386 4759 us
2413 4705 2480 4759 de
2509 4714 2686 4775 capite
2709 4703 2847 4774 ejus.

1878 4797 1949 4856 ii.
1976 4796 2031 4852 8.
2060 4798 2307 4853 Andrea.
2825 4799 2891 4854 ii.
2926 4800 2982 4854 8.
3017 4800 3255 4872 Georgii.

1878 4890 1944 4944 ii.
1972 4891 2029 4944 8.
2058 4884 2307 4944 Firmini.
2820 4890 2882 4944 ii.
2917 4892 2974 4946 8.
3011 4891 3247 4949 Martini.

1877 4984 1951 5038 De
1980 4981 2144 5038 linteo
2176 4981 2410 5049 Domini,
2447 4982 2586 5037 unde
2606 4982 2771 5052 pedes
2803 4982 3171 5053 apostolorum
3195 4986 3248 5039 in
3282 4998 3439 5045 cuius

1947 5074 2121 5130 tersit.

1877 5186 1949 5243 De
1971 5196 2161 5256 petra,
2194 5185 2284 5241 ubi
2317 5184 2567 5242 Christus
2618 5185 2721 5243 fuit
2750 5228 2764 5252 ,
2808 5187 3023 5257 quando
3057 5187 3322 5261 jejunavit
3376 5208 3440 5248 at.

1943 5279 2150 5333 diebus.

1871 5372 1938 5427 Β.
1978 5371 2034 5427 8.
2064 5371 2427 5444 Badegundis.

1872 5488 1946 5539 Dc
1978 5486 2032 5541 S.
2062 5485 2286 5550 Silvine,
2309 5496 2459 5543 costa
2496 5503 2619 5549 una.
2648 5488 2802 5552 dens,
2831 5499 2886 5545 et
2911 5490 3111 5562 digitus
3131 5504 3291 5549 unus.

1868 5577 1936 5632 Β.
1970 5582 2027 5632 8.
2057 5578 2361 5636 Sebastiani
2420 5579 2487 5635 de
2524 5591 2669 5635 costa
2694 5584 2834 5653 ejus.

1868 5668 1925 5726 8.
1962 5668 2125 5734 Petri,
2476 5726 2484 5734 ,
2811 5671 2867 5727 8.
2897 5672 3097 5732 Maria.

1867 5761 1927 5817 8.
1967 5760 2209 5826 Joannis,
2802 5764 2861 5822 8.
2893 5763 3133 5825 Vedasti.

1869 5850 1941 5907 De
1976 5852 2034 5907 8.
2065 5852 2348 5925 Fuiquinu,
2374 5867 2522 5912 costa
2553 5874 2681 5921 una,
2717 5869 2769 5915 et
2795 5860 2996 5930 digitus
3033 5875 3191 5918 unus.

1866 5939 1933 5996 Β.
1959 5942 2015 5997 8.
2039 5941 2205 6015 Petri,
2234 5946 2284 6002 8.
2330 5945 2573 6017 Joannis,
2608 5951 2664 6006 8.
2698 5950 2933 6009 Vednsii.
