  <div class='ocr_page' id='page_1' title='image "/cluster/home/n/w/nwhite01/storage/ocr_20150623/29/uva.x004321530/313.png"; bbox 0 0 4212 6490; ppageno 0'>
   <div class='ocr_carea' id='block_1_1' title="bbox 739 459 871 504">
    <p class='ocr_par' dir='ltr' id='par_1_1' title="bbox 739 459 871 504">
     <span class='ocr_line' id='line_1_1' title="bbox 739 459 871 504; baseline 0.015 -2"><span class='ocrx_word' id='word_1_1' title='bbox 739 459 871 504; x_wconf 65' lang='grc' dir='ltr'><strong>τοις</strong></span> 
     </span>
    </p>
   </div>
   <div class='ocr_carea' id='block_1_2' title="bbox 739 560 1157 614">
    <p class='ocr_par' dir='ltr' id='par_1_2' title="bbox 739 560 1157 614">
     <span class='ocr_line' id='line_1_2' title="bbox 739 560 1157 614; baseline 0 -2"><span class='ocrx_word' id='word_1_2' title='bbox 739 561 805 612; x_wconf 67' lang='grc' dir='ltr'>Β.</span> <span class='ocrx_word' id='word_1_3' title='bbox 842 560 899 614; x_wconf 89' lang='grc'><strong>8.</strong></span> <span class='ocrx_word' id='word_1_4' title='bbox 930 560 1157 614; x_wconf 67' lang='lat' dir='ltr'><strong>Cosam.</strong></span> 
     </span>
    </p>
   </div>
   <div class='ocr_carea' id='block_1_3' title="bbox 738 649 1415 706">
    <p class='ocr_par' dir='ltr' id='par_1_3' title="bbox 738 649 1415 706">
     <span class='ocr_line' id='line_1_3' title="bbox 738 649 1415 706; baseline 0.001 -3"><span class='ocrx_word' id='word_1_5' title='bbox 738 649 815 704; x_wconf 88' lang='lat' dir='ltr'><strong>De</strong></span> <span class='ocrx_word' id='word_1_6' title='bbox 844 660 993 704; x_wconf 85' lang='lat' dir='ltr'><strong>veste</strong></span> <span class='ocrx_word' id='word_1_7' title='bbox 1025 651 1415 706; x_wconf 84' lang='lat' dir='ltr'><strong>Innocentium.</strong></span> 
     </span>
    </p>
   </div>
   <div class='ocr_carea' id='block_1_4' title="bbox 736 740 1232 795">
    <p class='ocr_par' dir='ltr' id='par_1_4' title="bbox 736 740 1232 795">
     <span class='ocr_line' id='line_1_4' title="bbox 736 740 1232 795; baseline 0.004 -4"><span class='ocrx_word' id='word_1_8' title='bbox 736 740 814 794; x_wconf 78' lang='lat' dir='ltr'><strong>De</strong></span> <span class='ocrx_word' id='word_1_9' title='bbox 833 740 895 795; x_wconf 84' lang='grc'><strong>8.</strong></span> <span class='ocrx_word' id='word_1_10' title='bbox 934 741 1232 795; x_wconf 87' lang='lat' dir='ltr'><strong>Theodoro.</strong></span> 
     </span>
    </p>
   </div>
   <div class='ocr_carea' id='block_1_5' title="bbox 735 830 1369 885">
    <p class='ocr_par' dir='ltr' id='par_1_5' title="bbox 735 830 1369 885">
     <span class='ocr_line' id='line_1_5' title="bbox 735 830 1369 885; baseline 0.003 -2"><span class='ocrx_word' id='word_1_11' title='bbox 735 830 812 883; x_wconf 85' lang='lat' dir='ltr'><strong>De</strong></span> <span class='ocrx_word' id='word_1_12' title='bbox 835 831 995 885; x_wconf 81' lang='lat' dir='ltr'><strong>barba</strong></span> <span class='ocrx_word' id='word_1_13' title='bbox 1032 830 1087 881; x_wconf 85' lang='lat' dir='ltr'><strong>S.</strong></span> <span class='ocrx_word' id='word_1_14' title='bbox 1118 832 1369 885; x_wconf 79' lang='lat' dir='ltr'><strong>Amaudi.</strong></span> 
     </span>
    </p>
   </div>
   <div class='ocr_carea' id='block_1_6' title="bbox 735 919 1754 995">
    <p class='ocr_par' dir='ltr' id='par_1_6' title="bbox 735 919 1754 995">
     <span class='ocr_line' id='line_1_6' title="bbox 735 919 1754 995; baseline 0.007 -23"><span class='ocrx_word' id='word_1_15' title='bbox 735 919 803 973; x_wconf 72' lang='lat' dir='ltr'><strong>ﬂ.</strong></span> <span class='ocrx_word' id='word_1_16' title='bbox 836 920 893 978; x_wconf 85' lang='grc'><strong>8.</strong></span> <span class='ocrx_word' id='word_1_17' title='bbox 927 921 1094 983; x_wconf 77' lang='lat' dir='ltr'><strong>Pauli,</strong></span> <span class='ocrx_word' id='word_1_18' title='bbox 1121 922 1180 975; x_wconf 97' lang='grc'><strong>8.</strong></span> <span class='ocrx_word' id='word_1_19' title='bbox 1214 922 1467 995; x_wconf 78' lang='lat' dir='ltr'><strong>Remigii,</strong></span> <span class='ocrx_word' id='word_1_20' title='bbox 1501 922 1559 977; x_wconf 88' lang='lat' dir='ltr'><strong>S.</strong></span> <span class='ocrx_word' id='word_1_21' title='bbox 1589 922 1754 979; x_wconf 86' lang='lat' dir='ltr'><strong>Petri.</strong></span> 
     </span>
    </p>
   </div>
   <div class='ocr_carea' id='block_1_7' title="bbox 736 1012 2297 1091">
    <p class='ocr_par' dir='ltr' id='par_1_7' title="bbox 736 1012 2297 1091">
     <span class='ocr_line' id='line_1_7' title="bbox 736 1012 2297 1091; baseline 0.004 -26"><span class='ocrx_word' id='word_1_22' title='bbox 736 1012 811 1065; x_wconf 87' lang='lat' dir='ltr'><strong>De</strong></span> <span class='ocrx_word' id='word_1_23' title='bbox 834 1021 1012 1067; x_wconf 86' lang='lat' dir='ltr'><strong>monte</strong></span> <span class='ocrx_word' id='word_1_24' title='bbox 1042 1013 1324 1091; x_wconf 72' lang='lat' dir='ltr'><strong>Calvarize.</strong></span> <span class='ocrx_word' id='word_1_25' title='bbox 1682 1019 1755 1073; x_wconf 89' lang='lat' dir='ltr'><strong>De</strong></span> <span class='ocrx_word' id='word_1_26' title='bbox 1797 1032 2032 1084; x_wconf 81' lang='lat' dir='ltr'><strong>pra-sepe</strong></span> <span class='ocrx_word' id='word_1_27' title='bbox 2069 1016 2297 1071; x_wconf 83' lang='lat' dir='ltr'><strong>Domini.</strong></span> 
     </span>
    </p>
   </div>
   <div class='ocr_carea' id='block_1_8' title="bbox 731 1102 2295 1179">
    <p class='ocr_par' dir='ltr' id='par_1_8' title="bbox 731 1102 2295 1179">
     <span class='ocr_line' id='line_1_8' title="bbox 731 1102 2295 1179; baseline 0.006 -23"><span class='ocrx_word' id='word_1_28' title='bbox 731 1102 808 1157; x_wconf 83' lang='lat' dir='ltr'><strong>De</strong></span> <span class='ocrx_word' id='word_1_29' title='bbox 828 1104 1051 1159; x_wconf 82' lang='lat' dir='ltr'><strong>brachio</strong></span> <span class='ocrx_word' id='word_1_30' title='bbox 1075 1105 1132 1162; x_wconf 92' lang='grc'><strong>8.</strong></span> <span class='ocrx_word' id='word_1_31' title='bbox 1164 1105 1415 1178; x_wconf 86' lang='lat' dir='ltr'><strong>Odulphi.</strong></span> <span class='ocrx_word' id='word_1_32' title='bbox 1681 1112 1747 1165; x_wconf 71' lang='lat' dir='ltr'><strong>li.</strong></span> <span class='ocrx_word' id='word_1_33' title='bbox 1775 1111 2023 1179; x_wconf 80' lang='lat' dir='ltr'><strong>Symonis</strong></span> <span class='ocrx_word' id='word_1_34' title='bbox 2044 1121 2097 1163; x_wconf 85' lang='lat' dir='ltr'><strong>et</strong></span> <span class='ocrx_word' id='word_1_35' title='bbox 2126 1112 2295 1166; x_wconf 67' lang='lat' dir='ltr'><strong>Jndw.</strong></span> 
     </span>
    </p>
   </div>
   <div class='ocr_carea' id='block_1_9' title="bbox 733 1193 1468 1268">
    <p class='ocr_par' dir='ltr' id='par_1_9' title="bbox 733 1193 1468 1268">
     <span class='ocr_line' id='line_1_9' title="bbox 733 1193 1468 1268; baseline 0.008 -21"><span class='ocrx_word' id='word_1_36' title='bbox 733 1193 793 1248; x_wconf 92' lang='lat' dir='ltr'><strong>S.</strong></span> <span class='ocrx_word' id='word_1_37' title='bbox 819 1194 1194 1253; x_wconf 73' lang='lat' dir='ltr'><strong>Bartltolommi</strong></span> <span class='ocrx_word' id='word_1_38' title='bbox 1220 1200 1468 1268; x_wconf 84' lang='lat' dir='ltr'><strong>apostoli.</strong></span> 
     </span>
    </p>
   </div>
   <div class='ocr_carea' id='block_1_10' title="bbox 730 1281 1936 1359">
    <p class='ocr_par' dir='ltr' id='par_1_10' title="bbox 730 1281 1936 1359">
     <span class='ocr_line' id='line_1_10' title="bbox 730 1281 1936 1359; baseline 0.005 -22"><span class='ocrx_word' id='word_1_39' title='bbox 730 1281 792 1337; x_wconf 89' lang='grc'><strong>8.</strong></span> <span class='ocrx_word' id='word_1_40' title='bbox 831 1285 1056 1355; x_wconf 80' lang='lat' dir='ltr'><strong>Agnetis</strong></span> <span class='ocrx_word' id='word_1_41' title='bbox 1085 1288 1330 1356; x_wconf 82' lang='lat' dir='ltr'><strong>virginis.</strong></span> <span class='ocrx_word' id='word_1_42' title='bbox 1673 1290 1729 1344; x_wconf 84' lang='lat' dir='ltr'><strong>S.</strong></span> <span class='ocrx_word' id='word_1_43' title='bbox 1763 1290 1936 1359; x_wconf 80' lang='lat' dir='ltr'><strong>Eligii.</strong></span> 
     </span>
    </p>
   </div>
   <div class='ocr_carea' id='block_1_11' title="bbox 727 1373 2016 1448">
    <p class='ocr_par' dir='ltr' id='par_1_11' title="bbox 727 1373 2016 1448">
     <span class='ocr_line' id='line_1_11' title="bbox 727 1373 2016 1448; baseline 0.006 -21"><span class='ocrx_word' id='word_1_44' title='bbox 727 1373 806 1427; x_wconf 86' lang='lat' dir='ltr'><strong>De</strong></span> <span class='ocrx_word' id='word_1_45' title='bbox 830 1376 1078 1431; x_wconf 85' lang='lat' dir='ltr'><strong>columna</strong></span> <span class='ocrx_word' id='word_1_46' title='bbox 1102 1416 1117 1441; x_wconf 95' lang='lat'><strong>,</strong></span> <span class='ocrx_word' id='word_1_47' title='bbox 1149 1378 1239 1432; x_wconf 90' lang='lat' dir='ltr'><strong>ubi</strong></span> <span class='ocrx_word' id='word_1_48' title='bbox 1275 1378 1375 1432; x_wconf 88' lang='lat' dir='ltr'><strong>fuit</strong></span> <span class='ocrx_word' id='word_1_49' title='bbox 1410 1380 1666 1436; x_wconf 84' lang='lat' dir='ltr'><strong>Dominus</strong></span> <span class='ocrx_word' id='word_1_50' title='bbox 1698 1381 2016 1448; x_wconf 59' lang='lat' dir='ltr'><strong>ﬂagellatns.</strong></span> 
     </span>
    </p>
   </div>
   <div class='ocr_carea' id='block_1_12' title="bbox 730 1470 2016 1544">
    <p class='ocr_par' dir='ltr' id='par_1_12' title="bbox 730 1470 2016 1544">
     <span class='ocr_line' id='line_1_12' title="bbox 730 1470 2016 1544; baseline 0.002 -20"><span class='ocrx_word' id='word_1_51' title='bbox 730 1470 808 1524; x_wconf 88' lang='lat' dir='ltr'><strong>De</strong></span> <span class='ocrx_word' id='word_1_52' title='bbox 843 1472 1070 1538; x_wconf 84' lang='lat' dir='ltr'><strong>concha,</strong></span> <span class='ocrx_word' id='word_1_53' title='bbox 1100 1471 1242 1527; x_wconf 89' lang='lat' dir='ltr'><strong>unde</strong></span> <span class='ocrx_word' id='word_1_54' title='bbox 1269 1471 1399 1526; x_wconf 86' lang='lat' dir='ltr'><strong>lavit</strong></span> <span class='ocrx_word' id='word_1_55' title='bbox 1428 1476 1593 1544; x_wconf 81' lang='lat' dir='ltr'><strong>pedes</strong></span> <span class='ocrx_word' id='word_1_56' title='bbox 1628 1474 2016 1539; x_wconf 85' lang='lat' dir='ltr'><strong>apostolorum.</strong></span> 
     </span>
    </p>
   </div>
   <div class='ocr_carea' id='block_1_13' title="bbox 728 1562 1711 1638">
    <p class='ocr_par' dir='ltr' id='par_1_13' title="bbox 728 1562 1711 1638">
     <span class='ocr_line' id='line_1_13' title="bbox 728 1562 1711 1638; baseline 0.002 -21"><span class='ocrx_word' id='word_1_57' title='bbox 728 1562 797 1617; x_wconf 78' lang='grc' dir='ltr'>Β.</span> <span class='ocrx_word' id='word_1_58' title='bbox 832 1563 890 1617; x_wconf 92' lang='grc'><strong>8.</strong></span> <span class='ocrx_word' id='word_1_59' title='bbox 924 1563 1127 1638; x_wconf 68' lang='lat' dir='ltr'><strong>Mariae,</strong></span> <span class='ocrx_word' id='word_1_60' title='bbox 1160 1565 1217 1617; x_wconf 93' lang='grc'><strong>8.</strong></span> <span class='ocrx_word' id='word_1_61' title='bbox 1248 1563 1415 1630; x_wconf 83' lang='lat' dir='ltr'><strong>Petri,</strong></span> <span class='ocrx_word' id='word_1_62' title='bbox 1450 1565 1510 1621; x_wconf 92' lang='grc'><strong>8.</strong></span> <span class='ocrx_word' id='word_1_63' title='bbox 1540 1565 1711 1619; x_wconf 86' lang='lat' dir='ltr'><strong>Pauli.</strong></span> 
     </span>
    </p>
   </div>
   <div class='ocr_carea' id='block_1_14' title="bbox 728 1656 2012 1727">
    <p class='ocr_par' dir='ltr' id='par_1_14' title="bbox 728 1656 2012 1727">
     <span class='ocr_line' id='line_1_14' title="bbox 728 1656 2012 1727; baseline 0.002 -16"><span class='ocrx_word' id='word_1_64' title='bbox 728 1656 798 1712; x_wconf 73' lang='grc' dir='ltr'>Β.</span> <span class='ocrx_word' id='word_1_65' title='bbox 834 1656 891 1713; x_wconf 92' lang='grc'><strong>8.</strong></span> <span class='ocrx_word' id='word_1_66' title='bbox 919 1657 1189 1727; x_wconf 76' lang='lat' dir='ltr'><strong>Gregorii,</strong></span> <span class='ocrx_word' id='word_1_67' title='bbox 1216 1657 1276 1713; x_wconf 89' lang='grc'><strong>8.</strong></span> <span class='ocrx_word' id='word_1_68' title='bbox 1312 1657 1592 1719; x_wconf 86' lang='lat' dir='ltr'><strong>Germani.</strong></span> <span class='ocrx_word' id='word_1_69' title='bbox 1636 1658 1696 1712; x_wconf 94' lang='grc'><strong>8.</strong></span> <span class='ocrx_word' id='word_1_70' title='bbox 1723 1658 2012 1727; x_wconf 82' lang='lat' dir='ltr'><strong>Simplicii.</strong></span> 
     </span>
    </p>
   </div>
   <div class='ocr_carea' id='block_1_15' title="bbox 726 1749 2027 1807">
    <p class='ocr_par' dir='ltr' id='par_1_15' title="bbox 726 1749 2027 1807">
     <span class='ocr_line' id='line_1_15' title="bbox 726 1749 2027 1807; baseline -0.002 -1"><span class='ocrx_word' id='word_1_71' title='bbox 726 1752 787 1806; x_wconf 91' lang='grc'><strong>8.</strong></span> <span class='ocrx_word' id='word_1_72' title='bbox 821 1749 1071 1807; x_wconf 68' lang='grc' dir='ltr'><strong>Δηὼ-θέε.</strong></span> <span class='ocrx_word' id='word_1_73' title='bbox 1675 1751 1733 1805; x_wconf 87' lang='grc'><strong>8.</strong></span> <span class='ocrx_word' id='word_1_74' title='bbox 1771 1752 2027 1806; x_wconf 66' lang='grc' dir='ltr'><strong>ιὶειηειειί.</strong></span> 
     </span>
    </p>
   </div>
   <div class='ocr_carea' id='block_1_16' title="bbox 724 1838 1379 1910">
    <p class='ocr_par' dir='ltr' id='par_1_16' title="bbox 724 1838 1379 1910">
     <span class='ocr_line' id='line_1_16' title="bbox 724 1838 1379 1910; baseline -0.003 -15"><span class='ocrx_word' id='word_1_75' title='bbox 724 1841 790 1895; x_wconf 81' lang='lat' dir='ltr'><strong>R.</strong></span> <span class='ocrx_word' id='word_1_76' title='bbox 825 1839 887 1895; x_wconf 92' lang='grc'><strong>8.</strong></span> <span class='ocrx_word' id='word_1_77' title='bbox 915 1838 1065 1896; x_wconf 66' lang='lat' dir='ltr'><strong>Jonas</strong></span> <span class='ocrx_word' id='word_1_78' title='bbox 1086 1841 1379 1910; x_wconf 66' lang='lat' dir='ltr'><strong>praphetze.</strong></span> 
     </span>
    </p>
   </div>
   <div class='ocr_carea' id='block_1_17' title="bbox 722 1932 1399 2001">
    <p class='ocr_par' dir='ltr' id='par_1_17' title="bbox 722 1932 1399 2001">
     <span class='ocr_line' id='line_1_17' title="bbox 722 1932 1399 2001; baseline -0.003 -13"><span class='ocrx_word' id='word_1_79' title='bbox 722 1933 790 1988; x_wconf 69' lang='grc' dir='ltr'>Β.</span> <span class='ocrx_word' id='word_1_80' title='bbox 821 1933 880 1989; x_wconf 90' lang='grc'><strong>8.</strong></span> <span class='ocrx_word' id='word_1_81' title='bbox 908 1933 1138 1989; x_wconf 51' lang='lat' dir='ltr'><strong>Ceciliae</strong></span> <span class='ocrx_word' id='word_1_82' title='bbox 1175 1932 1399 2001; x_wconf 81' lang='lat' dir='ltr'><strong>digitus.</strong></span> 
     </span>
    </p>
   </div>
   <div class='ocr_carea' id='block_1_18' title="bbox 720 2025 1242 2097">
    <p class='ocr_par' dir='ltr' id='par_1_18' title="bbox 720 2025 1242 2097">
     <span class='ocr_line' id='line_1_18' title="bbox 720 2025 1242 2097; baseline -0.006 -15"><span class='ocrx_word' id='word_1_83' title='bbox 720 2028 799 2082; x_wconf 88' lang='lat' dir='ltr'><strong>De</strong></span> <span class='ocrx_word' id='word_1_84' title='bbox 824 2028 969 2097; x_wconf 84' lang='lat' dir='ltr'><strong>ligno</strong></span> <span class='ocrx_word' id='word_1_85' title='bbox 1006 2025 1242 2080; x_wconf 87' lang='lat' dir='ltr'><strong>Domini.</strong></span> 
     </span>
    </p>
   </div>
   <div class='ocr_carea' id='block_1_19' title="bbox 722 2116 2079 2175">
    <p class='ocr_par' dir='ltr' id='par_1_19' title="bbox 722 2116 2079 2175">
     <span class='ocr_line' id='line_1_19' title="bbox 722 2116 2079 2175; baseline 0.003 -4"><span class='ocrx_word' id='word_1_86' title='bbox 722 2117 789 2172; x_wconf 74' lang='grc' dir='ltr'>Β.</span> <span class='ocrx_word' id='word_1_87' title='bbox 832 2118 891 2172; x_wconf 91' lang='grc'><strong>8.</strong></span> <span class='ocrx_word' id='word_1_88' title='bbox 920 2116 1148 2171; x_wconf 88' lang='lat' dir='ltr'><strong>Bertini.</strong></span> <span class='ocrx_word' id='word_1_89' title='bbox 1670 2118 1728 2171; x_wconf 94' lang='grc'><strong>8.</strong></span> <span class='ocrx_word' id='word_1_90' title='bbox 1762 2118 2079 2175; x_wconf 82' lang='lat' dir='ltr'><strong>Audomat-t.</strong></span> 
     </span>
    </p>
   </div>
   <div class='ocr_carea' id='block_1_20' title="bbox 719 2206 2151 2281">
    <p class='ocr_par' dir='ltr' id='par_1_20' title="bbox 719 2206 2151 2281">
     <span class='ocr_line' id='line_1_20' title="bbox 719 2206 2151 2281; baseline 0.001 -19"><span class='ocrx_word' id='word_1_91' title='bbox 719 2208 781 2262; x_wconf 92' lang='grc'><strong>8.</strong></span> <span class='ocrx_word' id='word_1_92' title='bbox 823 2207 1203 2263; x_wconf 74' lang='lat' dir='ltr'><strong>Scholasticre.</strong></span> <span class='ocrx_word' id='word_1_93' title='bbox 1668 2206 1728 2262; x_wconf 94' lang='lat' dir='ltr'><strong>S.</strong></span> <span class='ocrx_word' id='word_1_94' title='bbox 1755 2207 1941 2265; x_wconf 87' lang='lat' dir='ltr'><strong>Felicii</strong></span> <span class='ocrx_word' id='word_1_95' title='bbox 1984 2226 2151 2281; x_wconf 72' lang='lat' dir='ltr'><strong>papae.</strong></span> 
     </span>
    </p>
   </div>
   <div class='ocr_carea' id='block_1_21' title="bbox 720 2299 1880 2369">
    <p class='ocr_par' dir='ltr' id='par_1_21' title="bbox 720 2299 1880 2369">
     <span class='ocr_line' id='line_1_21' title="bbox 720 2299 1880 2369; baseline -0.001 -12"><span class='ocrx_word' id='word_1_96' title='bbox 720 2301 799 2357; x_wconf 84' lang='lat' dir='ltr'><strong>De</strong></span> <span class='ocrx_word' id='word_1_97' title='bbox 817 2300 938 2357; x_wconf 90' lang='lat' dir='ltr'><strong>oleo</strong></span> <span class='ocrx_word' id='word_1_98' title='bbox 961 2300 1103 2369; x_wconf 89' lang='lat' dir='ltr'><strong>quod</strong></span> <span class='ocrx_word' id='word_1_99' title='bbox 1136 2299 1409 2354; x_wconf 79' lang='lat' dir='ltr'><strong>benedixit</strong></span> <span class='ocrx_word' id='word_1_100' title='bbox 1434 2299 1493 2355; x_wconf 86' lang='lat' dir='ltr'><strong>S.</strong></span> <span class='ocrx_word' id='word_1_101' title='bbox 1531 2299 1880 2356; x_wconf 85' lang='lat' dir='ltr'><strong>Benedictus.</strong></span> 
     </span>
    </p>
   </div>
   <div class='ocr_carea' id='block_1_22' title="bbox 720 2391 1825 2461">
    <p class='ocr_par' dir='ltr' id='par_1_22' title="bbox 720 2391 1825 2461">
     <span class='ocr_line' id='line_1_22' title="bbox 720 2391 1825 2461; baseline -0.001 -13"><span class='ocrx_word' id='word_1_102' title='bbox 720 2393 797 2448; x_wconf 85' lang='lat' dir='ltr'><strong>De</strong></span> <span class='ocrx_word' id='word_1_103' title='bbox 824 2402 998 2461; x_wconf 83' lang='lat' dir='ltr'><strong>petra,</strong></span> <span class='ocrx_word' id='word_1_104' title='bbox 1028 2407 1190 2461; x_wconf 89' lang='lat' dir='ltr'><strong>super</strong></span> <span class='ocrx_word' id='word_1_105' title='bbox 1221 2406 1328 2461; x_wconf 90' lang='lat' dir='ltr'><strong>qua</strong></span> <span class='ocrx_word' id='word_1_106' title='bbox 1356 2391 1623 2449; x_wconf 84' lang='lat' dir='ltr'><strong>Dominus</strong></span> <span class='ocrx_word' id='word_1_107' title='bbox 1652 2396 1825 2449; x_wconf 83' lang='lat' dir='ltr'><strong>stetit.</strong></span> 
     </span>
    </p>
   </div>
   <div class='ocr_carea' id='block_1_23' title="bbox 718 2484 1769 2558">
    <p class='ocr_par' dir='ltr' id='par_1_23' title="bbox 718 2484 1769 2558">
     <span class='ocr_line' id='line_1_23' title="bbox 718 2484 1769 2558; baseline 0.001 -16"><span class='ocrx_word' id='word_1_108' title='bbox 718 2488 788 2542; x_wconf 74' lang='grc' dir='ltr'>Β.</span> <span class='ocrx_word' id='word_1_109' title='bbox 824 2486 881 2542; x_wconf 89' lang='grc'><strong>8.</strong></span> <span class='ocrx_word' id='word_1_110' title='bbox 913 2486 1082 2549; x_wconf 89' lang='lat' dir='ltr'><strong>Pauli,</strong></span> <span class='ocrx_word' id='word_1_111' title='bbox 1111 2486 1166 2542; x_wconf 92' lang='lat' dir='ltr'><strong>S.</strong></span> <span class='ocrx_word' id='word_1_112' title='bbox 1202 2484 1414 2558; x_wconf 85' lang='lat' dir='ltr'><strong>Cyriaci</strong></span> <span class='ocrx_word' id='word_1_113' title='bbox 1444 2500 1769 2558; x_wconf 76' lang='lat' dir='ltr'><strong>martyrum.</strong></span> 
     </span>
    </p>
   </div>
   <div class='ocr_carea' id='block_1_24' title="bbox 720 2576 2244 2649">
    <p class='ocr_par' dir='ltr' id='par_1_24' title="bbox 720 2576 2244 2649">
     <span class='ocr_line' id='line_1_24' title="bbox 720 2576 2244 2649; baseline 0.002 -17"><span class='ocrx_word' id='word_1_114' title='bbox 720 2578 781 2632; x_wconf 93' lang='grc'><strong>8.</strong></span> <span class='ocrx_word' id='word_1_115' title='bbox 811 2576 1078 2647; x_wconf 81' lang='lat' dir='ltr'><strong>Hippolyti</strong></span> <span class='ocrx_word' id='word_1_116' title='bbox 1108 2587 1266 2631; x_wconf 91' lang='lat' dir='ltr'><strong>mart.</strong></span> <span class='ocrx_word' id='word_1_117' title='bbox 1670 2576 1727 2631; x_wconf 90' lang='grc'><strong>8.</strong></span> <span class='ocrx_word' id='word_1_118' title='bbox 1756 2579 2054 2649; x_wconf 82' lang='lat' dir='ltr'><strong>Gengulphi</strong></span> <span class='ocrx_word' id='word_1_119' title='bbox 2085 2593 2244 2636; x_wconf 90' lang='lat' dir='ltr'><strong>mart.</strong></span> 
     </span>
    </p>
   </div>
   <div class='ocr_carea' id='block_1_25' title="bbox 719 2669 2149 2745">
    <p class='ocr_par' dir='ltr' id='par_1_25' title="bbox 719 2669 2149 2745">
     <span class='ocr_line' id='line_1_25' title="bbox 719 2669 2149 2745; baseline 0.005 -22"><span class='ocrx_word' id='word_1_120' title='bbox 719 2670 780 2724; x_wconf 90' lang='grc'><strong>8.</strong></span> <span class='ocrx_word' id='word_1_121' title='bbox 813 2669 1085 2723; x_wconf 77' lang='lat' dir='ltr'><strong>Pancratii</strong></span> <span class='ocrx_word' id='word_1_122' title='bbox 1120 2676 1279 2723; x_wconf 88' lang='lat' dir='ltr'><strong>tuart.</strong></span> <span class='ocrx_word' id='word_1_123' title='bbox 1670 2670 1727 2726; x_wconf 92' lang='grc'><strong>8.</strong></span> <span class='ocrx_word' id='word_1_124' title='bbox 1763 2671 1980 2729; x_wconf 74' lang='lat' dir='ltr'><strong>Sabina:</strong></span> <span class='ocrx_word' id='word_1_125' title='bbox 2011 2675 2149 2745; x_wconf 84' lang='lat' dir='ltr'><strong>virg.</strong></span> 
     </span>
    </p>
   </div>
   <div class='ocr_carea' id='block_1_26' title="bbox 720 2760 2045 2836">
    <p class='ocr_par' dir='ltr' id='par_1_26' title="bbox 720 2760 2045 2836">
     <span class='ocr_line' id='line_1_26' title="bbox 720 2760 2045 2836; baseline 0.004 -19"><span class='ocrx_word' id='word_1_126' title='bbox 720 2762 780 2817; x_wconf 88' lang='grc'><strong>8.</strong></span> <span class='ocrx_word' id='word_1_127' title='bbox 807 2760 1064 2832; x_wconf 84' lang='lat' dir='ltr'><strong>Odulphi.</strong></span> <span class='ocrx_word' id='word_1_128' title='bbox 1671 2766 1731 2821; x_wconf 91' lang='lat' dir='ltr'><strong>S.</strong></span> <span class='ocrx_word' id='word_1_129' title='bbox 1764 2765 2045 2836; x_wconf 86' lang='lat' dir='ltr'><strong>Gerulplti.</strong></span> 
     </span>
    </p>
   </div>
   <div class='ocr_carea' id='block_1_27' title="bbox 719 2854 2032 2922">
    <p class='ocr_par' dir='ltr' id='par_1_27' title="bbox 719 2854 2032 2922">
     <span class='ocr_line' id='line_1_27' title="bbox 719 2854 2032 2922; baseline 0 -13"><span class='ocrx_word' id='word_1_130' title='bbox 719 2854 778 2909; x_wconf 91' lang='grc'><strong>8.</strong></span> <span class='ocrx_word' id='word_1_131' title='bbox 811 2854 1047 2912; x_wconf 76' lang='lat' dir='ltr'><strong>Maximi.</strong></span> <span class='ocrx_word' id='word_1_132' title='bbox 1668 2855 1727 2909; x_wconf 87' lang='lat' dir='ltr'><strong>S.</strong></span> <span class='ocrx_word' id='word_1_133' title='bbox 1765 2857 2032 2922; x_wconf 87' lang='lat' dir='ltr'><strong>Quintini.</strong></span> 
     </span>
    </p>
   </div>
   <div class='ocr_carea' id='block_1_28' title="bbox 718 2946 2040 3020">
    <p class='ocr_par' dir='ltr' id='par_1_28' title="bbox 718 2946 2040 3020">
     <span class='ocr_line' id='line_1_28' title="bbox 718 2946 2040 3020; baseline 0.002 -18"><span class='ocrx_word' id='word_1_134' title='bbox 718 2947 781 3003; x_wconf 91' lang='lat' dir='ltr'><strong>S.</strong></span> <span class='ocrx_word' id='word_1_135' title='bbox 810 2949 1069 3003; x_wconf 82' lang='lat' dir='ltr'><strong>Macltuti.</strong></span> <span class='ocrx_word' id='word_1_136' title='bbox 1667 2946 1727 3005; x_wconf 95' lang='grc'><strong>8.</strong></span> <span class='ocrx_word' id='word_1_137' title='bbox 1750 2947 2040 3020; x_wconf 76' lang='lat' dir='ltr'><strong>ldebergae.</strong></span> 
     </span>
    </p>
   </div>
   <div class='ocr_carea' id='block_1_29' title="bbox 718 3038 2023 3114">
    <p class='ocr_par' dir='ltr' id='par_1_29' title="bbox 718 3038 2023 3114">
     <span class='ocr_line' id='line_1_29' title="bbox 718 3038 2023 3114; baseline 0 -19"><span class='ocrx_word' id='word_1_138' title='bbox 718 3041 778 3097; x_wconf 91' lang='grc'><strong>8.</strong></span> <span class='ocrx_word' id='word_1_139' title='bbox 815 3040 1051 3095; x_wconf 74' lang='lat' dir='ltr'><strong>Martini.</strong></span> <span class='ocrx_word' id='word_1_140' title='bbox 1673 3039 1731 3093; x_wconf 88' lang='grc'><strong>8.</strong></span> <span class='ocrx_word' id='word_1_141' title='bbox 1755 3038 2023 3114; x_wconf 81' lang='lat' dir='ltr'><strong>Gregorii.</strong></span> 
     </span>
    </p>
   </div>
   <div class='ocr_carea' id='block_1_30' title="bbox 718 3130 1327 3205">
    <p class='ocr_par' dir='ltr' id='par_1_30' title="bbox 718 3130 1327 3205">
     <span class='ocr_line' id='line_1_30' title="bbox 718 3130 1327 3205; baseline -0.007 -16"><span class='ocrx_word' id='word_1_142' title='bbox 718 3134 797 3189; x_wconf 83' lang='lat' dir='ltr'><strong>De</strong></span> <span class='ocrx_word' id='word_1_143' title='bbox 827 3148 1065 3205; x_wconf 68' lang='lat' dir='ltr'><strong>praesepe</strong></span> <span class='ocrx_word' id='word_1_144' title='bbox 1095 3130 1327 3187; x_wconf 86' lang='lat' dir='ltr'><strong>Domini.</strong></span> 
     </span>
    </p>
   </div>
   <div class='ocr_carea' id='block_1_31' title="bbox 724 3222 1218 3293">
    <p class='ocr_par' dir='ltr' id='par_1_31' title="bbox 724 3222 1218 3293">
     <span class='ocr_line' id='line_1_31' title="bbox 724 3222 1218 3293; baseline 0 -16"><span class='ocrx_word' id='word_1_145' title='bbox 724 3226 798 3281; x_wconf 87' lang='lat' dir='ltr'><strong>De</strong></span> <span class='ocrx_word' id='word_1_146' title='bbox 832 3225 980 3293; x_wconf 86' lang='lat' dir='ltr'><strong>virga</strong></span> <span class='ocrx_word' id='word_1_147' title='bbox 1017 3222 1218 3278; x_wconf 81' lang='lat' dir='ltr'><strong>Aaron.</strong></span> 
     </span>
    </p>
   </div>
   <div class='ocr_carea' id='block_1_32' title="bbox 719 3311 1380 3382">
    <p class='ocr_par' dir='ltr' id='par_1_32' title="bbox 719 3311 1380 3382">
     <span class='ocr_line' id='line_1_32' title="bbox 719 3311 1380 3382; baseline -0.002 -15"><span class='ocrx_word' id='word_1_148' title='bbox 719 3315 785 3367; x_wconf 82' lang='lat' dir='ltr'><strong>lt.</strong></span> <span class='ocrx_word' id='word_1_149' title='bbox 826 3313 884 3368; x_wconf 90' lang='grc'><strong>8.</strong></span> <span class='ocrx_word' id='word_1_150' title='bbox 908 3312 1092 3367; x_wconf 81' lang='lat' dir='ltr'><strong>Jacobi</strong></span> <span class='ocrx_word' id='word_1_151' title='bbox 1128 3311 1380 3382; x_wconf 87' lang='lat' dir='ltr'><strong>apostoli.</strong></span> 
     </span>
    </p>
   </div>
   <div class='ocr_carea' id='block_1_33' title="bbox 720 3403 1648 3468">
    <p class='ocr_par' dir='ltr' id='par_1_33' title="bbox 720 3403 1648 3468">
     <span class='ocr_line' id='line_1_33' title="bbox 720 3403 1648 3468; baseline -0.005 -9"><span class='ocrx_word' id='word_1_152' title='bbox 720 3405 777 3459; x_wconf 93' lang='grc'><strong>8.</strong></span> <span class='ocrx_word' id='word_1_153' title='bbox 815 3403 1107 3459; x_wconf 72' lang='lat' dir='ltr'><strong>Marcellini</strong></span> <span class='ocrx_word' id='word_1_154' title='bbox 1147 3412 1201 3458; x_wconf 89' lang='lat' dir='ltr'><strong>et</strong></span> <span class='ocrx_word' id='word_1_155' title='bbox 1226 3404 1285 3457; x_wconf 88' lang='lat' dir='ltr'><strong>S.</strong></span> <span class='ocrx_word' id='word_1_156' title='bbox 1322 3403 1648 3468; x_wconf 88' lang='lat' dir='ltr'><strong>Geminiani,</strong></span> 
     </span>
    </p>
   </div>
   <div class='ocr_carea' id='block_1_34' title="bbox 718 3494 1551 3565">
    <p class='ocr_par' dir='ltr' id='par_1_34' title="bbox 718 3494 1551 3565">
     <span class='ocr_line' id='line_1_34' title="bbox 718 3494 1551 3565; baseline 0.004 -16"><span class='ocrx_word' id='word_1_157' title='bbox 718 3497 794 3549; x_wconf 73' lang='lat' dir='ltr'><strong>lie</strong></span> <span class='ocrx_word' id='word_1_158' title='bbox 818 3495 1029 3565; x_wconf 83' lang='lat' dir='ltr'><strong>capillis</strong></span> <span class='ocrx_word' id='word_1_159' title='bbox 1055 3494 1113 3549; x_wconf 90' lang='lat' dir='ltr'><strong>S.</strong></span> <span class='ocrx_word' id='word_1_160' title='bbox 1149 3494 1551 3563; x_wconf 89' lang='lat' dir='ltr'><strong>Christophori.</strong></span> 
     </span>
    </p>
   </div>
   <div class='ocr_carea' id='block_1_35' title="bbox 721 3585 1911 3656">
    <p class='ocr_par' dir='ltr' id='par_1_35' title="bbox 721 3585 1911 3656">
     <span class='ocr_line' id='line_1_35' title="bbox 721 3585 1911 3656; baseline -0.001 -14"><span class='ocrx_word' id='word_1_161' title='bbox 721 3588 797 3642; x_wconf 87' lang='lat' dir='ltr'><strong>De</strong></span> <span class='ocrx_word' id='word_1_162' title='bbox 832 3586 1043 3656; x_wconf 89' lang='lat' dir='ltr'><strong>capillis</strong></span> <span class='ocrx_word' id='word_1_163' title='bbox 1066 3586 1433 3656; x_wconf 86' lang='lat' dir='ltr'><strong>apostolorum</strong></span> <span class='ocrx_word' id='word_1_164' title='bbox 1471 3585 1618 3642; x_wconf 89' lang='lat' dir='ltr'><strong>Petri</strong></span> <span class='ocrx_word' id='word_1_165' title='bbox 1655 3598 1707 3642; x_wconf 87' lang='lat' dir='ltr'><strong>et</strong></span> <span class='ocrx_word' id='word_1_166' title='bbox 1737 3587 1911 3643; x_wconf 86' lang='lat' dir='ltr'><strong>Pauli.</strong></span> 
     </span>
    </p>
   </div>
   <div class='ocr_carea' id='block_1_36' title="bbox 722 3678 1447 3737">
    <p class='ocr_par' dir='ltr' id='par_1_36' title="bbox 722 3678 1447 3737">
     <span class='ocr_line' id='line_1_36' title="bbox 722 3678 1447 3737; baseline -0.006 0"><span class='ocrx_word' id='word_1_167' title='bbox 722 3680 826 3737; x_wconf 89' lang='lat' dir='ltr'><strong>SS.</strong></span> <span class='ocrx_word' id='word_1_168' title='bbox 858 3679 1091 3734; x_wconf 70' lang='lat' dir='ltr'><strong>Matthiae</strong></span> <span class='ocrx_word' id='word_1_169' title='bbox 1117 3688 1171 3733; x_wconf 86' lang='lat' dir='ltr'><strong>et</strong></span> <span class='ocrx_word' id='word_1_170' title='bbox 1200 3678 1447 3733; x_wconf 77' lang='lat' dir='ltr'><strong>Antlreze.</strong></span> 
     </span>
    </p>
   </div>
   <div class='ocr_carea' id='block_1_37' title="bbox 723 3772 1428 3844">
    <p class='ocr_par' dir='ltr' id='par_1_37' title="bbox 723 3772 1428 3844">
     <span class='ocr_line' id='line_1_37' title="bbox 723 3772 1428 3844; baseline -0.006 -15"><span class='ocrx_word' id='word_1_171' title='bbox 723 3775 783 3829; x_wconf 89' lang='grc'><strong>8.</strong></span> <span class='ocrx_word' id='word_1_172' title='bbox 809 3772 1034 3829; x_wconf 80' lang='lat' dir='ltr'><strong>Joannis</strong></span> <span class='ocrx_word' id='word_1_173' title='bbox 1066 3772 1428 3844; x_wconf 57' lang='lat' dir='ltr'><strong>evangelista.</strong></span> 
     </span>
    </p>
   </div>
   <div class='ocr_carea' id='block_1_38' title="bbox 722 3864 1433 3920">
    <p class='ocr_par' dir='ltr' id='par_1_38' title="bbox 722 3864 1433 3920">
     <span class='ocr_line' id='line_1_38' title="bbox 722 3864 1433 3920; baseline -0.004 0"><span class='ocrx_word' id='word_1_174' title='bbox 722 3866 1012 3920; x_wconf 88' lang='lat' dir='ltr'><strong>Brachiutn</strong></span> <span class='ocrx_word' id='word_1_175' title='bbox 1041 3864 1101 3919; x_wconf 92' lang='grc'><strong>8.</strong></span> <span class='ocrx_word' id='word_1_176' title='bbox 1135 3865 1433 3920; x_wconf 87' lang='lat' dir='ltr'><strong>Severiani.</strong></span> 
     </span>
    </p>
   </div>
   <div class='ocr_carea' id='block_1_39' title="bbox 810 3956 2291 4030">
    <p class='ocr_par' dir='ltr' id='par_1_39' title="bbox 810 3956 2291 4030">
     <span class='ocr_line' id='line_1_39' title="bbox 810 3956 2291 4030; baseline 0.003 -21"><span class='ocrx_word' id='word_1_177' title='bbox 810 3956 938 4011; x_wconf 71' lang='lat' dir='ltr'><strong>llaec</strong></span> <span class='ocrx_word' id='word_1_178' title='bbox 986 3970 1165 4010; x_wconf 86' lang='lat' dir='ltr'><strong>autem</strong></span> <span class='ocrx_word' id='word_1_179' title='bbox 1210 3956 1490 4028; x_wconf 84' lang='lat' dir='ltr'><strong>Philippus</strong></span> <span class='ocrx_word' id='word_1_180' title='bbox 1545 3958 1723 4029; x_wconf 84' lang='lat' dir='ltr'><strong>sigillo</strong></span> <span class='ocrx_word' id='word_1_181' title='bbox 1762 3975 1860 4015; x_wconf 88' lang='lat' dir='ltr'><strong>suo</strong></span> <span class='ocrx_word' id='word_1_182' title='bbox 1914 3960 2112 4016; x_wconf 87' lang='lat' dir='ltr'><strong>muniri</strong></span> <span class='ocrx_word' id='word_1_183' title='bbox 2154 3977 2291 4030; x_wconf 64' lang='grc' dir='ltr'><strong>[ιι-ωε</strong></span> 
     </span>
    </p>
   </div>
   <div class='ocr_carea' id='block_1_40' title="bbox 719 4048 883 4117">
    <p class='ocr_par' dir='ltr' id='par_1_40' title="bbox 719 4048 883 4117">
     <span class='ocr_line' id='line_1_40' title="bbox 719 4048 883 4117; baseline -0.012 -16"><span class='ocrx_word' id='word_1_184' title='bbox 719 4048 883 4117; x_wconf 84' lang='lat' dir='ltr'><strong>cepit.</strong></span> 
     </span>
    </p>
   </div>
   <div class='ocr_carea' id='block_1_41' title="bbox 788 4137 2295 4209">
    <p class='ocr_par' dir='ltr' id='par_1_41' title="bbox 788 4137 2295 4209">
     <span class='ocr_line' id='line_1_41' title="bbox 788 4137 2295 4209; baseline 0.005 -18"><span class='ocrx_word' id='word_1_185' title='bbox 788 4138 836 4191; x_wconf 77' lang='grc' dir='ltr'><strong>Α</strong></span> <span class='ocrx_word' id='word_1_186' title='bbox 866 4149 1016 4209; x_wconf 88' lang='lat' dir='ltr'><strong>tergo</strong></span> <span class='ocrx_word' id='word_1_187' title='bbox 1053 4137 1372 4203; x_wconf 89' lang='lat' dir='ltr'><strong>inscriptum</strong></span> <span class='ocrx_word' id='word_1_188' title='bbox 1418 4148 1535 4191; x_wconf 89' lang='lat' dir='ltr'><strong>erat</strong></span> <span class='ocrx_word' id='word_1_189' title='bbox 1567 4139 1758 4191; x_wconf 92' lang='lat' dir='ltr'><strong>eodem</strong></span> <span class='ocrx_word' id='word_1_190' title='bbox 1785 4140 2105 4196; x_wconf 82' lang='lat' dir='ltr'><strong>charactere</strong></span> <span class='ocrx_word' id='word_1_191' title='bbox 2140 4145 2295 4199; x_wconf 74' lang='lat' dir='ltr'><strong>linu-</strong></span> 
     </span>
    </p>
   </div>
   <div class='ocr_carea' id='block_1_42' title="bbox 720 4227 2285 4295">
    <p class='ocr_par' dir='ltr' id='par_1_42' title="bbox 720 4227 2285 4295">
     <span class='ocr_line' id='line_1_42' title="bbox 720 4227 2285 4295; baseline -0.001 -9"><span class='ocrx_word' id='word_1_192' title='bbox 720 4244 860 4295; x_wconf 63' lang='lat' dir='ltr'><strong>outz</strong></span> <span class='ocrx_word' id='word_1_193' title='bbox 882 4247 897 4286; x_wconf 88' lang='lat'><strong>:</strong></span> <span class='ocrx_word' id='word_1_194' title='bbox 917 4241 970 4284; x_wconf 90' lang='lat' dir='ltr'><strong>et</strong></span> <span class='ocrx_word' id='word_1_195' title='bbox 998 4230 1235 4284; x_wconf 90' lang='lat' dir='ltr'><strong>additum</strong></span> <span class='ocrx_word' id='word_1_196' title='bbox 1257 4228 1544 4284; x_wconf 87' lang='lat' dir='ltr'><strong>recentiori</strong></span> <span class='ocrx_word' id='word_1_197' title='bbox 1571 4242 1752 4289; x_wconf 87' lang='lat' dir='ltr'><strong>manu,</strong></span> <span class='ocrx_word' id='word_1_198' title='bbox 1783 4227 2059 4285; x_wconf 62' lang='lat' dir='ltr'><strong>Vtst&#39;rA-rs;</strong></span> <span class='ocrx_word' id='word_1_199' title='bbox 2083 4234 2234 4289; x_wconf 76' lang='grc'>1186.</span> <span class='ocrx_word' id='word_1_200' title='bbox 2268 4255 2285 4285; x_wconf 76' lang='grc' dir='ltr'><strong><em>ι</em></strong></span> 
     </span>
    </p>
   </div>
   <div class='ocr_carea' id='block_1_43' title="bbox 721 4317 2289 4389">
    <p class='ocr_par' dir='ltr' id='par_1_43' title="bbox 721 4317 2289 4389">
     <span class='ocr_line' id='line_1_43' title="bbox 721 4317 2289 4389; baseline 0 -14"><span class='ocrx_word' id='word_1_201' title='bbox 721 4320 864 4387; x_wconf 76' lang='lat' dir='ltr'><strong>Quid</strong></span> <span class='ocrx_word' id='word_1_202' title='bbox 909 4331 1088 4374; x_wconf 91' lang='lat' dir='ltr'><strong>autem</strong></span> <span class='ocrx_word' id='word_1_203' title='bbox 1133 4327 1338 4387; x_wconf 84' lang='lat' dir='ltr'><strong>septem</strong></span> <span class='ocrx_word' id='word_1_204' title='bbox 1389 4317 1511 4373; x_wconf 90' lang='lat' dir='ltr'><strong>aliis</strong></span> <span class='ocrx_word' id='word_1_205' title='bbox 1541 4319 1761 4373; x_wconf 87' lang='lat' dir='ltr'><strong>scriniis</strong></span> <span class='ocrx_word' id='word_1_206' title='bbox 1808 4322 2173 4389; x_wconf 84' lang='lat' dir='ltr'><strong>contineatur,</strong></span> <span class='ocrx_word' id='word_1_207' title='bbox 2209 4325 2289 4376; x_wconf 77' lang='lat' dir='ltr'><strong>Vel</strong></span> 
     </span>
    </p>
   </div>
   <div class='ocr_carea' id='block_1_44' title="bbox 723 4410 2287 4491">
    <p class='ocr_par' dir='ltr' id='par_1_44' title="bbox 723 4410 2287 4491">
     <span class='ocr_line' id='line_1_44' title="bbox 723 4410 2287 4491; baseline 0.003 -26"><span class='ocrx_word' id='word_1_208' title='bbox 723 4413 852 4479; x_wconf 89' lang='lat' dir='ltr'><strong>quid</strong></span> <span class='ocrx_word' id='word_1_209' title='bbox 882 4412 949 4466; x_wconf 90' lang='lat' dir='ltr'><strong>iis</strong></span> <span class='ocrx_word' id='word_1_210' title='bbox 981 4422 1167 4491; x_wconf 76' lang='lat' dir='ltr'><strong>postea</strong></span> <span class='ocrx_word' id='word_1_211' title='bbox 1204 4412 1403 4467; x_wconf 86' lang='lat' dir='ltr'><strong>factum</strong></span> <span class='ocrx_word' id='word_1_212' title='bbox 1431 4412 1525 4479; x_wconf 85' lang='lat' dir='ltr'><strong>sit,</strong></span> <span class='ocrx_word' id='word_1_213' title='bbox 1574 4410 1943 4483; x_wconf 84' lang='lat' dir='ltr'><strong>Brugensibus</strong></span> <span class='ocrx_word' id='word_1_214' title='bbox 1965 4416 2287 4469; x_wconf 55' lang='lat' dir='ltr'><strong>examinatio</strong></span> 
     </span>
    </p>
   </div>
   <div class='ocr_carea' id='block_1_45' title="bbox 722 4503 1139 4573">
    <p class='ocr_par' dir='ltr' id='par_1_45' title="bbox 722 4503 1139 4573">
     <span class='ocr_line' id='line_1_45' title="bbox 722 4503 1139 4573; baseline 0.002 -18"><span class='ocrx_word' id='word_1_215' title='bbox 722 4504 849 4558; x_wconf 86' lang='lat' dir='ltr'><strong>dum</strong></span> <span class='ocrx_word' id='word_1_216' title='bbox 877 4503 1139 4573; x_wconf 91' lang='lat' dir='ltr'><strong>relinquo.</strong></span> 
     </span>
    </p>
   </div>
   <div class='ocr_carea' id='block_1_46' title="bbox 1679 560 2065 632">
    <p class='ocr_par' dir='ltr' id='par_1_46' title="bbox 1679 560 2065 632">
     <span class='ocr_line' id='line_1_46' title="bbox 1679 560 2065 632; baseline 0.01 -19"><span class='ocrx_word' id='word_1_217' title='bbox 1679 560 1735 615; x_wconf 92' lang='grc'><strong>8.</strong></span> <span class='ocrx_word' id='word_1_218' title='bbox 1765 562 2065 632; x_wconf 84' lang='lat' dir='ltr'><strong>Peregrini.</strong></span> 
     </span>
    </p>
   </div>
   <div class='ocr_carea' id='block_1_47' title="bbox 1675 742 2187 816">
    <p class='ocr_par' dir='ltr' id='par_1_47' title="bbox 1675 742 2187 816">
     <span class='ocr_line' id='line_1_47' title="bbox 1675 742 2187 816; baseline 0.006 -20"><span class='ocrx_word' id='word_1_219' title='bbox 1675 742 1749 799; x_wconf 85' lang='lat' dir='ltr'><strong>De</strong></span> <span class='ocrx_word' id='word_1_220' title='bbox 1786 747 1929 816; x_wconf 88' lang='lat' dir='ltr'><strong>ligno</strong></span> <span class='ocrx_word' id='word_1_221' title='bbox 1956 746 2187 800; x_wconf 84' lang='lat' dir='ltr'><strong>Domini.</strong></span> 
     </span>
    </p>
   </div>
   <div class='ocr_carea' id='block_1_48' title="bbox 1672 1931 1991 1989">
    <p class='ocr_par' dir='ltr' id='par_1_48' title="bbox 1672 1931 1991 1989">
     <span class='ocr_line' id='line_1_48' title="bbox 1672 1931 1991 1989; baseline -0.006 -1"><span class='ocrx_word' id='word_1_222' title='bbox 1672 1931 1731 1988; x_wconf 92' lang='grc'><strong>8.</strong></span> <span class='ocrx_word' id='word_1_223' title='bbox 1762 1934 1991 1989; x_wconf 68' lang='lat' dir='ltr'><strong>Berthte.</strong></span> 
     </span>
    </p>
   </div>
   <div class='ocr_carea' id='block_1_49' title="bbox 1665 3771 2167 3828">
    <p class='ocr_par' dir='ltr' id='par_1_49' title="bbox 1665 3771 2167 3828">
     <span class='ocr_line' id='line_1_49' title="bbox 1665 3771 2167 3828; baseline 0.006 -2"><span class='ocrx_word' id='word_1_224' title='bbox 1665 3772 1730 3826; x_wconf 85' lang='lat' dir='ltr'><strong>R.</strong></span> <span class='ocrx_word' id='word_1_225' title='bbox 1758 3771 1816 3827; x_wconf 93' lang='grc'><strong>8.</strong></span> <span class='ocrx_word' id='word_1_226' title='bbox 1847 3772 2167 3828; x_wconf 75' lang='lat' dir='ltr'><strong>Felicitatis.</strong></span> 
     </span>
    </p>
   </div>
   <div class='ocr_carea' id='block_1_50' title="bbox 2102 447 2628 505">
    <p class='ocr_par' dir='ltr' id='par_1_50' title="bbox 2102 447 2628 505">
     <span class='ocr_line' id='line_1_50' title="bbox 2102 447 2628 505; baseline -0.002 0"><span class='ocrx_word' id='word_1_227' title='bbox 2102 447 2468 505; x_wconf 70' lang='lat' dir='ltr'><strong>PROLECOM</strong></span> <span class='ocrx_word' id='word_1_228' title='bbox 2478 447 2628 504; x_wconf 68' lang='lat' dir='ltr'><strong>ENA.</strong></span> 
     </span>
    </p>
   </div>
   <div class='ocr_carea' id='block_1_51' title="bbox 2333 562 3981 633">
    <p class='ocr_par' dir='ltr' id='par_1_51' title="bbox 2333 562 3981 633">
     <span class='ocr_line' id='line_1_51' title="bbox 2333 562 3981 633; baseline 0.001 -16"><span class='ocrx_word' id='word_1_229' title='bbox 2333 571 2380 626; x_wconf 78' lang='grc' dir='ltr'><strong>Α</strong></span> <span class='ocrx_word' id='word_1_230' title='bbox 2410 564 2590 617; x_wconf 85' lang='lat' dir='ltr'><strong>Patris</strong></span> <span class='ocrx_word' id='word_1_231' title='bbox 2623 574 2673 620; x_wconf 89' lang='lat' dir='ltr'><strong>et</strong></span> <span class='ocrx_word' id='word_1_232' title='bbox 2706 565 2904 618; x_wconf 85' lang='lat' dir='ltr'><strong>domini</strong></span> <span class='ocrx_word' id='word_1_233' title='bbox 2934 566 3123 633; x_wconf 80' lang='lat' dir='ltr'><strong>nostri,</strong></span> <span class='ocrx_word' id='word_1_234' title='bbox 3146 564 3345 619; x_wconf 88' lang='lat' dir='ltr'><strong>domini</strong></span> <span class='ocrx_word' id='word_1_235' title='bbox 3368 566 3444 621; x_wconf 88' lang='lat' dir='ltr'><strong>Pii</strong></span> <span class='ocrx_word' id='word_1_236' title='bbox 3474 566 3652 622; x_wconf 73' lang='lat' dir='ltr'><strong>dit-ina</strong></span> <span class='ocrx_word' id='word_1_237' title='bbox 3682 562 3981 619; x_wconf 67' lang='lat' dir='ltr'><strong>Pl‘OVltieﬂ‘</strong></span> 
     </span>
    </p>
   </div>
   <div class='ocr_carea' id='block_1_52' title="bbox 2408 653 3971 727">
    <p class='ocr_par' dir='ltr' id='par_1_52' title="bbox 2408 653 3971 727">
     <span class='ocr_line' id='line_1_52' title="bbox 2408 653 3971 727; baseline 0.002 -22"><span class='ocrx_word' id='word_1_238' title='bbox 2408 656 2478 707; x_wconf 91' lang='lat' dir='ltr'><strong>tia</strong></span> <span class='ocrx_word' id='word_1_239' title='bbox 2535 670 2683 722; x_wconf 63' lang='lat' dir='ltr'><strong>papae</strong></span> <span class='ocrx_word' id='word_1_240' title='bbox 2738 653 2778 708; x_wconf 91' lang='lat' dir='ltr'><strong>ll</strong></span> <span class='ocrx_word' id='word_1_241' title='bbox 2842 670 2981 710; x_wconf 85' lang='lat' dir='ltr'><strong>anno</strong></span> <span class='ocrx_word' id='word_1_242' title='bbox 3017 661 3221 727; x_wconf 84' lang='lat' dir='ltr'><strong>quinto,</strong></span> <span class='ocrx_word' id='word_1_243' title='bbox 3263 656 3313 709; x_wconf 91' lang='lat' dir='ltr'><strong>in</strong></span> <span class='ocrx_word' id='word_1_244' title='bbox 3362 658 3461 710; x_wconf 82' lang='lat' dir='ltr'><strong>hac</strong></span> <span class='ocrx_word' id='word_1_245' title='bbox 3505 658 3733 715; x_wconf 80' lang='lat' dir='ltr'><strong>ecclesia</strong></span> <span class='ocrx_word' id='word_1_246' title='bbox 3780 655 3971 710; x_wconf 88' lang='lat' dir='ltr'><strong>Sancti</strong></span> 
     </span>
    </p>
   </div>
   <div class='ocr_carea' id='block_1_53' title="bbox 2408 741 3977 819">
    <p class='ocr_par' dir='ltr' id='par_1_53' title="bbox 2408 741 3977 819">
     <span class='ocr_line' id='line_1_53' title="bbox 2408 741 3977 819; baseline 0.003 -24"><span class='ocrx_word' id='word_1_247' title='bbox 2408 741 2689 799; x_wconf 78' lang='lat' dir='ltr'><strong>Domitiani</strong></span> <span class='ocrx_word' id='word_1_248' title='bbox 2750 745 3082 813; x_wconf 78' lang='lat' dir='ltr'><strong>Brugensis,</strong></span> <span class='ocrx_word' id='word_1_249' title='bbox 3133 749 3410 803; x_wconf 85' lang='lat' dir='ltr'><strong>scalfaudo</strong></span> <span class='ocrx_word' id='word_1_250' title='bbox 3464 750 3599 805; x_wconf 85' lang='lat' dir='ltr'><strong>bene</strong></span> <span class='ocrx_word' id='word_1_251' title='bbox 3637 758 3977 819; x_wconf 88' lang='lat' dir='ltr'><strong>carpentato,</strong></span> 
     </span>
    </p>
   </div>
   <div class='ocr_carea' id='block_1_54' title="bbox 2405 836 3963 908">
    <p class='ocr_par' dir='ltr' id='par_1_54' title="bbox 2405 836 3963 908">
     <span class='ocr_line' id='line_1_54' title="bbox 2405 836 3963 908; baseline 0.003 -23"><span class='ocrx_word' id='word_1_252' title='bbox 2405 845 2529 887; x_wconf 89' lang='lat' dir='ltr'><strong>ante</strong></span> <span class='ocrx_word' id='word_1_253' title='bbox 2554 836 2778 901; x_wconf 79' lang='lat' dir='ltr'><strong>doxale;</strong></span> <span class='ocrx_word' id='word_1_254' title='bbox 2812 846 2867 890; x_wconf 87' lang='lat' dir='ltr'><strong>et</strong></span> <span class='ocrx_word' id='word_1_255' title='bbox 2902 852 3266 894; x_wconf 62' lang='lat' dir='ltr'><strong>sacrosancta:</strong></span> <span class='ocrx_word' id='word_1_256' title='bbox 3297 838 3537 908; x_wconf 72' lang='lat' dir='ltr'><strong>reliquiae</strong></span> <span class='ocrx_word' id='word_1_257' title='bbox 3567 841 3794 895; x_wconf 89' lang='lat' dir='ltr'><strong>inferius</strong></span> <span class='ocrx_word' id='word_1_258' title='bbox 3822 839 3963 893; x_wconf 84' lang='lat' dir='ltr'><strong>desi-</strong></span> 
     </span>
    </p>
   </div>
   <div class='ocr_carea' id='block_1_55' title="bbox 2404 929 3975 999">
    <p class='ocr_par' dir='ltr' id='par_1_55' title="bbox 2404 929 3975 999">
     <span class='ocr_line' id='line_1_55' title="bbox 2404 929 3975 999; baseline 0.005 -24"><span class='ocrx_word' id='word_1_259' title='bbox 2404 936 2601 992; x_wconf 67' lang='lat' dir='ltr'><strong>gnatae.</strong></span> <span class='ocrx_word' id='word_1_260' title='bbox 2640 944 2812 995; x_wconf 89' lang='lat' dir='ltr'><strong>nuper</strong></span> <span class='ocrx_word' id='word_1_261' title='bbox 2860 942 2925 980; x_wconf 74' lang='lat' dir='ltr'><strong>ex</strong></span> <span class='ocrx_word' id='word_1_262' title='bbox 2950 929 3179 996; x_wconf 85' lang='lat' dir='ltr'><strong>quadam</strong></span> <span class='ocrx_word' id='word_1_263' title='bbox 3219 940 3427 987; x_wconf 82' lang='lat' dir='ltr'><strong>vetusta</strong></span> <span class='ocrx_word' id='word_1_264' title='bbox 3460 944 3642 998; x_wconf 82' lang='lat' dir='ltr'><strong>capsa,</strong></span> <span class='ocrx_word' id='word_1_265' title='bbox 3676 934 3727 985; x_wconf 91' lang='lat' dir='ltr'><strong>in</strong></span> <span class='ocrx_word' id='word_1_266' title='bbox 3753 950 3857 999; x_wconf 83' lang='lat' dir='ltr'><strong>qua</strong></span> <span class='ocrx_word' id='word_1_267' title='bbox 3882 930 3975 983; x_wconf 91' lang='lat' dir='ltr'><strong>diu</strong></span> 
     </span>
    </p>
   </div>
   <div class='ocr_carea' id='block_1_56' title="bbox 2401 1015 3972 1083">
    <p class='ocr_par' dir='ltr' id='par_1_56' title="bbox 2401 1015 3972 1083">
     <span class='ocr_line' id='line_1_56' title="bbox 2401 1015 3972 1083; baseline 0.004 -16"><span class='ocrx_word' id='word_1_268' title='bbox 2401 1015 2470 1068; x_wconf 87' lang='lat' dir='ltr'><strong>ab</strong></span> <span class='ocrx_word' id='word_1_269' title='bbox 2504 1024 2682 1078; x_wconf 86' lang='lat' dir='ltr'><strong>antea,</strong></span> <span class='ocrx_word' id='word_1_270' title='bbox 2722 1018 2971 1071; x_wconf 82' lang='lat' dir='ltr'><strong>videlicet</strong></span> <span class='ocrx_word' id='word_1_271' title='bbox 3005 1020 3070 1071; x_wconf 88' lang='lat' dir='ltr'><strong>de</strong></span> <span class='ocrx_word' id='word_1_272' title='bbox 3100 1036 3241 1073; x_wconf 88' lang='lat' dir='ltr'><strong>anno</strong></span> <span class='ocrx_word' id='word_1_273' title='bbox 3273 1021 3482 1077; x_wconf 86' lang='lat' dir='ltr'><strong>Domini</strong></span> <span class='ocrx_word' id='word_1_274' title='bbox 3537 1020 3699 1083; x_wconf 80' lang='grc'>1186,</span> <span class='ocrx_word' id='word_1_275' title='bbox 3735 1039 3825 1076; x_wconf 77' lang='lat' dir='ltr'><strong>vnt</strong></span> <span class='ocrx_word' id='word_1_276' title='bbox 3850 1021 3972 1077; x_wconf 84' lang='lat' dir='ltr'><strong>Kal.</strong></span> 
     </span>
    </p>
   </div>
   <div class='ocr_carea' id='block_1_57' title="bbox 2400 1106 3973 1180">
    <p class='ocr_par' dir='ltr' id='par_1_57' title="bbox 2400 1106 3973 1180">
     <span class='ocr_line' id='line_1_57' title="bbox 2400 1106 3973 1180; baseline 0.005 -20"><span class='ocrx_word' id='word_1_277' title='bbox 2400 1106 2587 1171; x_wconf 89' lang='lat' dir='ltr'><strong>Junii,</strong></span> <span class='ocrx_word' id='word_1_278' title='bbox 2634 1109 2886 1180; x_wconf 81' lang='lat' dir='ltr'><strong>Philippo</strong></span> <span class='ocrx_word' id='word_1_279' title='bbox 2934 1109 3201 1164; x_wconf 80' lang='lat' dir='ltr'><strong>Fiantlria:</strong></span> <span class='ocrx_word' id='word_1_280' title='bbox 3228 1122 3282 1164; x_wconf 88' lang='lat' dir='ltr'><strong>et</strong></span> <span class='ocrx_word' id='word_1_281' title='bbox 3320 1113 3709 1168; x_wconf 74' lang='lat' dir='ltr'><strong>Veromandua:</strong></span> <span class='ocrx_word' id='word_1_282' title='bbox 3748 1118 3973 1179; x_wconf 78' lang='lat' dir='ltr'><strong>comite,</strong></span> 
     </span>
    </p>
   </div>
   <div class='ocr_carea' id='block_1_58' title="bbox 2402 1198 3977 1273">
    <p class='ocr_par' dir='ltr' id='par_1_58' title="bbox 2402 1198 3977 1273">
     <span class='ocr_line' id='line_1_58' title="bbox 2402 1198 3977 1273; baseline 0.007 -22"><span class='ocrx_word' id='word_1_283' title='bbox 2402 1198 2731 1257; x_wconf 83' lang='lat' dir='ltr'><strong>Theoderici</strong></span> <span class='ocrx_word' id='word_1_284' title='bbox 2790 1202 3003 1257; x_wconf 86' lang='lat' dir='ltr'><strong>comitis</strong></span> <span class='ocrx_word' id='word_1_285' title='bbox 3063 1203 3325 1257; x_wconf 73' lang='lat' dir='ltr'><strong>Flandria:</strong></span> <span class='ocrx_word' id='word_1_286' title='bbox 3385 1206 3491 1262; x_wconf 85' lang='lat' dir='ltr'><strong>lilio</strong></span> <span class='ocrx_word' id='word_1_287' title='bbox 3535 1218 3661 1261; x_wconf 88' lang='lat' dir='ltr'><strong>tunc</strong></span> <span class='ocrx_word' id='word_1_288' title='bbox 3714 1217 3977 1273; x_wconf 80' lang='lat' dir='ltr'><strong>regnante</strong></span> 
     </span>
    </p>
   </div>
   <div class='ocr_carea' id='block_1_59' title="bbox 2401 1296 3975 1364">
    <p class='ocr_par' dir='ltr' id='par_1_59' title="bbox 2401 1296 3975 1364">
     <span class='ocr_line' id='line_1_59' title="bbox 2401 1296 3975 1364; baseline 0.003 -18"><span class='ocrx_word' id='word_1_289' title='bbox 2401 1303 2713 1349; x_wconf 80' lang='lat' dir='ltr'><strong>reverenter</strong></span> <span class='ocrx_word' id='word_1_290' title='bbox 2758 1296 3081 1351; x_wconf 82' lang='lat' dir='ltr'><strong>exstiterant</strong></span> <span class='ocrx_word' id='word_1_291' title='bbox 3112 1296 3388 1348; x_wconf 65' lang='lat' dir='ltr'><strong>collocatm</strong></span> <span class='ocrx_word' id='word_1_292' title='bbox 3418 1337 3433 1360; x_wconf 93' lang='lat'><strong>,</strong></span> <span class='ocrx_word' id='word_1_293' title='bbox 3470 1315 3497 1353; x_wconf 87' lang='lat' dir='ltr'><strong>a</strong></span> <span class='ocrx_word' id='word_1_294' title='bbox 3544 1313 3671 1353; x_wconf 88' lang='lat' dir='ltr'><strong>casu</strong></span> <span class='ocrx_word' id='word_1_295' title='bbox 3698 1298 3975 1364; x_wconf 86' lang='lat' dir='ltr'><strong>disrupta,</strong></span> 
     </span>
    </p>
   </div>
   <div class='ocr_carea' id='block_1_60' title="bbox 2400 1387 3972 1457">
    <p class='ocr_par' dir='ltr' id='par_1_60' title="bbox 2400 1387 3972 1457">
     <span class='ocr_line' id='line_1_60' title="bbox 2400 1387 3972 1457; baseline 0.002 -19"><span class='ocrx_word' id='word_1_296' title='bbox 2400 1398 2655 1440; x_wconf 77' lang='lat' dir='ltr'><strong>extracta:</strong></span> <span class='ocrx_word' id='word_1_297' title='bbox 2693 1387 2912 1443; x_wconf 77' lang='lat' dir='ltr'><strong>fuerunt</strong></span> <span class='ocrx_word' id='word_1_298' title='bbox 2960 1403 3055 1457; x_wconf 90' lang='lat' dir='ltr'><strong>per</strong></span> <span class='ocrx_word' id='word_1_299' title='bbox 3086 1389 3444 1443; x_wconf 83' lang='lat' dir='ltr'><strong>reverentlum</strong></span> <span class='ocrx_word' id='word_1_300' title='bbox 3495 1394 3547 1446; x_wconf 88' lang='lat' dir='ltr'><strong>in</strong></span> <span class='ocrx_word' id='word_1_301' title='bbox 3578 1393 3798 1448; x_wconf 85' lang='lat' dir='ltr'><strong>Christo</strong></span> <span class='ocrx_word' id='word_1_302' title='bbox 3858 1387 3972 1441; x_wconf 86' lang='lat' dir='ltr'><strong>Pa-</strong></span> 
     </span>
    </p>
   </div>
   <div class='ocr_carea' id='block_1_61' title="bbox 2402 1478 3972 1552">
    <p class='ocr_par' dir='ltr' id='par_1_61' title="bbox 2402 1478 3972 1552">
     <span class='ocr_line' id='line_1_61' title="bbox 2402 1478 3972 1552; baseline 0.002 -22"><span class='ocrx_word' id='word_1_303' title='bbox 2402 1487 2579 1542; x_wconf 89' lang='lat' dir='ltr'><strong>trem,</strong></span> <span class='ocrx_word' id='word_1_304' title='bbox 2640 1478 2705 1533; x_wconf 80' lang='grc' dir='ltr'><strong>Ι).</strong></span> <span class='ocrx_word' id='word_1_305' title='bbox 2754 1482 3101 1536; x_wconf 74' lang='lat' dir='ltr'><strong>Guiliclmtttn</strong></span> <span class='ocrx_word' id='word_1_306' title='bbox 3140 1479 3401 1544; x_wconf 84' lang='lat' dir='ltr'><strong>Vasoris,</strong></span> <span class='ocrx_word' id='word_1_307' title='bbox 3461 1496 3631 1538; x_wconf 71' lang='lat' dir='ltr'><strong>sacra:</strong></span> <span class='ocrx_word' id='word_1_308' title='bbox 3683 1480 3972 1552; x_wconf 72' lang='lat' dir='ltr'><strong>theologia:</strong></span> 
     </span>
    </p>
   </div>
   <div class='ocr_carea' id='block_1_62' title="bbox 2401 1571 3972 1643">
    <p class='ocr_par' dir='ltr' id='par_1_62' title="bbox 2401 1571 3972 1643">
     <span class='ocr_line' id='line_1_62' title="bbox 2401 1571 3972 1643; baseline 0.001 -20"><span class='ocrx_word' id='word_1_309' title='bbox 2401 1571 2779 1639; x_wconf 89' lang='lat' dir='ltr'><strong>professorem,</strong></span> <span class='ocrx_word' id='word_1_310' title='bbox 2817 1576 2882 1628; x_wconf 88' lang='lat' dir='ltr'><strong>de</strong></span> <span class='ocrx_word' id='word_1_311' title='bbox 2920 1576 3111 1629; x_wconf 89' lang='lat' dir='ltr'><strong>ordine</strong></span> <span class='ocrx_word' id='word_1_312' title='bbox 3144 1572 3568 1627; x_wconf 67' lang='lat' dir='ltr'><strong>Praitlicatorum</strong></span> <span class='ocrx_word' id='word_1_313' title='bbox 3598 1613 3613 1637; x_wconf 96' lang='lat'><strong>,</strong></span> <span class='ocrx_word' id='word_1_314' title='bbox 3650 1579 3972 1643; x_wconf 83' lang='lat' dir='ltr'><strong>episcopum</strong></span> 
     </span>
    </p>
   </div>
   <div class='ocr_carea' id='block_1_63' title="bbox 2400 1663 3973 1731">
    <p class='ocr_par' dir='ltr' id='par_1_63' title="bbox 2400 1663 3973 1731">
     <span class='ocr_line' id='line_1_63' title="bbox 2400 1663 3973 1731; baseline 0.003 -14"><span class='ocrx_word' id='word_1_315' title='bbox 2400 1664 2795 1731; x_wconf 88' lang='lat' dir='ltr'><strong>Sareptanum;</strong></span> <span class='ocrx_word' id='word_1_316' title='bbox 2835 1666 2899 1717; x_wconf 88' lang='lat' dir='ltr'><strong>ad</strong></span> <span class='ocrx_word' id='word_1_317' title='bbox 2936 1667 3038 1719; x_wconf 94' lang='lat' dir='ltr'><strong>hoc</strong></span> <span class='ocrx_word' id='word_1_318' title='bbox 3067 1681 3096 1720; x_wconf 91' lang='lat' dir='ltr'><strong>a</strong></span> <span class='ocrx_word' id='word_1_319' title='bbox 3130 1664 3428 1721; x_wconf 87' lang='lat' dir='ltr'><strong>reveremlo</strong></span> <span class='ocrx_word' id='word_1_320' title='bbox 3464 1665 3515 1719; x_wconf 90' lang='lat' dir='ltr'><strong>in</strong></span> <span class='ocrx_word' id='word_1_321' title='bbox 3546 1663 3766 1720; x_wconf 82' lang='lat' dir='ltr'><strong>Christo</strong></span> <span class='ocrx_word' id='word_1_322' title='bbox 3804 1667 3973 1722; x_wconf 78' lang='lat' dir='ltr'><strong>Patre</strong></span> 
     </span>
    </p>
   </div>
   <div class='ocr_carea' id='block_1_64' title="bbox 2398 1754 3969 1828">
    <p class='ocr_par' dir='ltr' id='par_1_64' title="bbox 2398 1754 3969 1828">
     <span class='ocr_line' id='line_1_64' title="bbox 2398 1754 3969 1828; baseline 0.003 -20"><span class='ocrx_word' id='word_1_323' title='bbox 2398 1764 2451 1808; x_wconf 91' lang='lat' dir='ltr'><strong>et</strong></span> <span class='ocrx_word' id='word_1_324' title='bbox 2478 1754 2731 1819; x_wconf 90' lang='lat' dir='ltr'><strong>Domino,</strong></span> <span class='ocrx_word' id='word_1_325' title='bbox 2764 1757 2823 1809; x_wconf 88' lang='grc' dir='ltr'>υ.</span> <span class='ocrx_word' id='word_1_326' title='bbox 2869 1755 3159 1811; x_wconf 82' lang='lat' dir='ltr'><strong>Guilicltno</strong></span> <span class='ocrx_word' id='word_1_327' title='bbox 3198 1757 3450 1828; x_wconf 87' lang='lat' dir='ltr'><strong>episc0po</strong></span> <span class='ocrx_word' id='word_1_328' title='bbox 3482 1757 3814 1811; x_wconf 86' lang='lat' dir='ltr'><strong>Tornacensi</strong></span> <span class='ocrx_word' id='word_1_329' title='bbox 3859 1758 3969 1815; x_wconf 91' lang='lat' dir='ltr'><strong>loci</strong></span> 
     </span>
    </p>
   </div>
   <div class='ocr_carea' id='block_1_65' title="bbox 2398 1846 3968 1916">
    <p class='ocr_par' dir='ltr' id='par_1_65' title="bbox 2398 1846 3968 1916">
     <span class='ocr_line' id='line_1_65' title="bbox 2398 1846 3968 1916; baseline 0.003 -16"><span class='ocrx_word' id='word_1_330' title='bbox 2398 1846 2725 1910; x_wconf 70' lang='lat' dir='ltr'><strong>dimcesano,</strong></span> <span class='ocrx_word' id='word_1_331' title='bbox 2758 1847 2992 1916; x_wconf 79' lang='lat' dir='ltr'><strong>Speeiale</strong></span> <span class='ocrx_word' id='word_1_332' title='bbox 3019 1852 3326 1904; x_wconf 85' lang='lat' dir='ltr'><strong>mandatum</strong></span> <span class='ocrx_word' id='word_1_333' title='bbox 3371 1849 3629 1913; x_wconf 84' lang='lat' dir='ltr'><strong>habente,</strong></span> <span class='ocrx_word' id='word_1_334' title='bbox 3662 1849 3968 1916; x_wconf 65' lang='lat' dir='ltr'><strong>translatae,</strong></span> 
     </span>
    </p>
   </div>
   <div class='ocr_carea' id='block_1_66' title="bbox 2326 1924 3972 2008">
    <p class='ocr_par' dir='ltr' id='par_1_66' title="bbox 2326 1924 3972 2008">
     <span class='ocr_line' id='line_1_66' title="bbox 2326 1924 3972 2008; baseline 0.003 -15"><span class='ocrx_word' id='word_1_335' title='bbox 2326 1924 2370 1979; x_wconf 74' lang='grc' dir='ltr'><strong>Β</strong></span> <span class='ocrx_word' id='word_1_336' title='bbox 2398 1950 2451 1993; x_wconf 88' lang='lat' dir='ltr'><strong>et</strong></span> <span class='ocrx_word' id='word_1_337' title='bbox 2482 1939 2533 1991; x_wconf 94' lang='lat' dir='ltr'><strong>in</strong></span> <span class='ocrx_word' id='word_1_338' title='bbox 2562 1953 2700 1993; x_wconf 86' lang='lat' dir='ltr'><strong>novo</strong></span> <span class='ocrx_word' id='word_1_339' title='bbox 2734 1939 2955 2003; x_wconf 86' lang='lat' dir='ltr'><strong>feretro,</strong></span> <span class='ocrx_word' id='word_1_340' title='bbox 2988 1938 3045 1993; x_wconf 91' lang='grc'><strong>8.</strong></span> <span class='ocrx_word' id='word_1_341' title='bbox 3073 1939 3252 1995; x_wconf 86' lang='lat' dir='ltr'><strong>Basilii</strong></span> <span class='ocrx_word' id='word_1_342' title='bbox 3297 1944 3592 2008; x_wconf 88' lang='lat' dir='ltr'><strong>attitulato,</strong></span> <span class='ocrx_word' id='word_1_343' title='bbox 3628 1945 3680 1998; x_wconf 92' lang='lat' dir='ltr'><strong>in</strong></span> <span class='ocrx_word' id='word_1_344' title='bbox 3708 1942 3972 1998; x_wconf 79' lang='lat' dir='ltr'><strong>illustris-</strong></span> 
     </span>
    </p>
   </div>
   <div class='ocr_carea' id='block_1_67' title="bbox 2398 2034 3973 2109">
    <p class='ocr_par' dir='ltr' id='par_1_67' title="bbox 2398 2034 3973 2109">
     <span class='ocr_line' id='line_1_67' title="bbox 2398 2034 3973 2109; baseline 0.003 -24"><span class='ocrx_word' id='word_1_345' title='bbox 2398 2035 2657 2085; x_wconf 90' lang='lat' dir='ltr'><strong>simorum</strong></span> <span class='ocrx_word' id='word_1_346' title='bbox 2685 2034 2985 2103; x_wconf 80' lang='lat' dir='ltr'><strong>principum</strong></span> <span class='ocrx_word' id='word_1_347' title='bbox 3020 2034 3386 2102; x_wconf 89' lang='lat' dir='ltr'><strong>dominorum,</strong></span> <span class='ocrx_word' id='word_1_348' title='bbox 3436 2036 3667 2108; x_wconf 89' lang='lat' dir='ltr'><strong>Pltilippi</strong></span> <span class='ocrx_word' id='word_1_349' title='bbox 3721 2037 3973 2109; x_wconf 87' lang='lat' dir='ltr'><strong>Burgun-</strong></span> 
     </span>
    </p>
   </div>
   <div class='ocr_carea' id='block_1_68' title="bbox 2395 2123 3969 2198">
    <p class='ocr_par' dir='ltr' id='par_1_68' title="bbox 2395 2123 3969 2198">
     <span class='ocr_line' id='line_1_68' title="bbox 2395 2123 3969 2198; baseline 0.004 -20"><span class='ocrx_word' id='word_1_350' title='bbox 2395 2124 2515 2187; x_wconf 65' lang='lat' dir='ltr'><strong>diat,</strong></span> <span class='ocrx_word' id='word_1_351' title='bbox 2550 2123 2931 2195; x_wconf 75' lang='lat' dir='ltr'><strong>Lotharingim,</strong></span> <span class='ocrx_word' id='word_1_352' title='bbox 2967 2125 3293 2195; x_wconf 68' lang='lat' dir='ltr'><strong>Brabantim,</strong></span> <span class='ocrx_word' id='word_1_353' title='bbox 3330 2140 3382 2181; x_wconf 89' lang='lat' dir='ltr'><strong>et</strong></span> <span class='ocrx_word' id='word_1_354' title='bbox 3422 2128 3748 2198; x_wconf 66' lang='lat' dir='ltr'><strong>Limburgiae</strong></span> <span class='ocrx_word' id='word_1_355' title='bbox 3773 2131 3969 2193; x_wconf 86' lang='lat' dir='ltr'><strong>ducis;</strong></span> 
     </span>
    </p>
   </div>
   <div class='ocr_carea' id='block_1_69' title="bbox 2395 2213 3975 2286">
    <p class='ocr_par' dir='ltr' id='par_1_69' title="bbox 2395 2213 3975 2286">
     <span class='ocr_line' id='line_1_69' title="bbox 2395 2213 3975 2286; baseline 0.006 -19"><span class='ocrx_word' id='word_1_356' title='bbox 2395 2230 2459 2269; x_wconf 89' lang='lat' dir='ltr'><strong>ac</strong></span> <span class='ocrx_word' id='word_1_357' title='bbox 2489 2213 2780 2280; x_wconf 68' lang='lat' dir='ltr'><strong>Flandrize,</strong></span> <span class='ocrx_word' id='word_1_358' title='bbox 2808 2218 3069 2281; x_wconf 72' lang='lat' dir='ltr'><strong>Al&#39;llleSii,</strong></span> <span class='ocrx_word' id='word_1_359' title='bbox 3101 2216 3438 2286; x_wconf 76' lang='lat' dir='ltr'><strong>Burgundiae,</strong></span> <span class='ocrx_word' id='word_1_360' title='bbox 3474 2218 3723 2285; x_wconf 80' lang='lat' dir='ltr'><strong>Palatini,</strong></span> <span class='ocrx_word' id='word_1_361' title='bbox 3752 2221 3975 2278; x_wconf 86' lang='lat' dir='ltr'><strong>llanno—</strong></span> 
     </span>
    </p>
   </div>
   <div class='ocr_carea' id='block_1_70' title="bbox 2394 2294 3969 2383">
    <p class='ocr_par' dir='ltr' id='par_1_70' title="bbox 2394 2294 3969 2383">
     <span class='ocr_line' id='line_1_70' title="bbox 2394 2294 3969 2383; baseline 0.009 -25"><span class='ocrx_word' id='word_1_362' title='bbox 2394 2307 2514 2371; x_wconf 72' lang='lat' dir='ltr'><strong>nite,</strong></span> <span class='ocrx_word' id='word_1_363' title='bbox 2558 2306 2871 2375; x_wconf 73' lang='lat' dir='ltr'><strong>llullandiae,</strong></span> <span class='ocrx_word' id='word_1_364' title='bbox 2907 2322 2963 2364; x_wconf 89' lang='lat' dir='ltr'><strong>et</strong></span> <span class='ocrx_word' id='word_1_365' title='bbox 2984 2294 3272 2374; x_wconf 61' lang='lat' dir='ltr'><strong>Zelandiaa,</strong></span> <span class='ocrx_word' id='word_1_366' title='bbox 3322 2325 3386 2364; x_wconf 87' lang='lat' dir='ltr'><strong>ac</strong></span> <span class='ocrx_word' id='word_1_367' title='bbox 3420 2310 3675 2367; x_wconf 80' lang='lat' dir='ltr'><strong>Namurci</strong></span> <span class='ocrx_word' id='word_1_368' title='bbox 3723 2316 3969 2383; x_wconf 81' lang='lat' dir='ltr'><strong>comitia,</strong></span> 
     </span>
    </p>
   </div>
   <div class='ocr_carea' id='block_1_71' title="bbox 2394 2396 3969 2477">
    <p class='ocr_par' dir='ltr' id='par_1_71' title="bbox 2394 2396 3969 2477">
     <span class='ocr_line' id='line_1_71' title="bbox 2394 2396 3969 2477; baseline 0.006 -25"><span class='ocrx_word' id='word_1_369' title='bbox 2394 2396 2656 2470; x_wconf 84' lang='lat' dir='ltr'><strong>Sacrique</strong></span> <span class='ocrx_word' id='word_1_370' title='bbox 2708 2398 2924 2471; x_wconf 88' lang='lat' dir='ltr'><strong>Imperii</strong></span> <span class='ocrx_word' id='word_1_371' title='bbox 2978 2402 3341 2469; x_wconf 80' lang='lat' dir='ltr'><strong>marchionis;</strong></span> <span class='ocrx_word' id='word_1_372' title='bbox 3391 2404 3699 2475; x_wconf 87' lang='lat' dir='ltr'><strong>dominique</strong></span> <span class='ocrx_word' id='word_1_373' title='bbox 3732 2404 3969 2477; x_wconf 76' lang='lat' dir='ltr'><strong>Frigize,</strong></span> 
     </span>
    </p>
   </div>
   <div class='ocr_carea' id='block_1_72' title="bbox 2394 2489 3954 2565">
    <p class='ocr_par' dir='ltr' id='par_1_72' title="bbox 2394 2489 3954 2565">
     <span class='ocr_line' id='line_1_72' title="bbox 2394 2489 3954 2565; baseline 0.006 -21"><span class='ocrx_word' id='word_1_374' title='bbox 2394 2489 2699 2546; x_wconf 90' lang='lat' dir='ltr'><strong>Salinarum</strong></span> <span class='ocrx_word' id='word_1_375' title='bbox 2727 2504 2781 2548; x_wconf 90' lang='lat' dir='ltr'><strong>et</strong></span> <span class='ocrx_word' id='word_1_376' title='bbox 2809 2494 3106 2549; x_wconf 72' lang='lat' dir='ltr'><strong>Mechlinia:</strong></span> <span class='ocrx_word' id='word_1_377' title='bbox 3140 2514 3153 2548; x_wconf 92' lang='lat'><strong>:</strong></span> <span class='ocrx_word' id='word_1_378' title='bbox 3180 2494 3361 2551; x_wconf 86' lang='lat' dir='ltr'><strong>Caroli</strong></span> <span class='ocrx_word' id='word_1_379' title='bbox 3414 2495 3630 2552; x_wconf 74' lang='lat' dir='ltr'><strong>comitis</strong></span> <span class='ocrx_word' id='word_1_380' title='bbox 3661 2497 3954 2565; x_wconf 81' lang='lat' dir='ltr'><strong>Carolesii,</strong></span> 
     </span>
    </p>
   </div>
   <div class='ocr_carea' id='block_1_73' title="bbox 2394 2584 3968 2660">
    <p class='ocr_par' dir='ltr' id='par_1_73' title="bbox 2394 2584 3968 2660">
     <span class='ocr_line' id='line_1_73' title="bbox 2394 2584 3968 2660; baseline 0.006 -23"><span class='ocrx_word' id='word_1_381' title='bbox 2394 2597 2460 2637; x_wconf 86' lang='lat' dir='ltr'><strong>ac</strong></span> <span class='ocrx_word' id='word_1_382' title='bbox 2508 2584 2575 2639; x_wconf 88' lang='lat' dir='ltr'><strong>de</strong></span> <span class='ocrx_word' id='word_1_383' title='bbox 2630 2585 2933 2641; x_wconf 88' lang='lat' dir='ltr'><strong>Castrolino</strong></span> <span class='ocrx_word' id='word_1_384' title='bbox 2973 2598 3028 2641; x_wconf 90' lang='lat' dir='ltr'><strong>et</strong></span> <span class='ocrx_word' id='word_1_385' title='bbox 3079 2588 3146 2641; x_wconf 90' lang='lat' dir='ltr'><strong>de</strong></span> <span class='ocrx_word' id='word_1_386' title='bbox 3182 2588 3449 2641; x_wconf 85' lang='lat' dir='ltr'><strong>Betltunia</strong></span> <span class='ocrx_word' id='word_1_387' title='bbox 3509 2588 3751 2655; x_wconf 85' lang='lat' dir='ltr'><strong>domini;</strong></span> <span class='ocrx_word' id='word_1_388' title='bbox 3791 2589 3968 2660; x_wconf 83' lang='lat' dir='ltr'><strong>ipsius</strong></span> 
     </span>
    </p>
   </div>
   <div class='ocr_carea' id='block_1_74' title="bbox 2394 2669 3965 2741">
    <p class='ocr_par' dir='ltr' id='par_1_74' title="bbox 2394 2669 3965 2741">
     <span class='ocr_line' id='line_1_74' title="bbox 2394 2669 3965 2741; baseline 0.007 -20"><span class='ocrx_word' id='word_1_389' title='bbox 2394 2669 2595 2723; x_wconf 89' lang='lat' dir='ltr'><strong>domini</strong></span> <span class='ocrx_word' id='word_1_390' title='bbox 2632 2670 2862 2741; x_wconf 89' lang='lat' dir='ltr'><strong>Philippi</strong></span> <span class='ocrx_word' id='word_1_391' title='bbox 2918 2672 3010 2725; x_wconf 83' lang='lat' dir='ltr'><strong>ﬁlii</strong></span> <span class='ocrx_word' id='word_1_392' title='bbox 3063 2672 3287 2741; x_wconf 73' lang='lat' dir='ltr'><strong>legitimi</strong></span> <span class='ocrx_word' id='word_1_393' title='bbox 3317 2684 3371 2729; x_wconf 87' lang='lat' dir='ltr'><strong>et</strong></span> <span class='ocrx_word' id='word_1_394' title='bbox 3414 2674 3689 2734; x_wconf 68' lang='lat' dir='ltr'><strong>haeredis:</strong></span> <span class='ocrx_word' id='word_1_395' title='bbox 3727 2693 3828 2734; x_wconf 88' lang='lat' dir='ltr'><strong>nec</strong></span> <span class='ocrx_word' id='word_1_396' title='bbox 3856 2694 3965 2732; x_wconf 89' lang='lat' dir='ltr'><strong>non</strong></span> 
     </span>
    </p>
   </div>
   <div class='ocr_carea' id='block_1_75' title="bbox 2391 2758 3966 2839">
    <p class='ocr_par' dir='ltr' id='par_1_75' title="bbox 2391 2758 3966 2839">
     <span class='ocr_line' id='line_1_75' title="bbox 2391 2758 3966 2839; baseline 0.008 -29"><span class='ocrx_word' id='word_1_397' title='bbox 2391 2758 2612 2814; x_wconf 79' lang='lat' dir='ltr'><strong>Joannis</strong></span> <span class='ocrx_word' id='word_1_398' title='bbox 2656 2760 2810 2815; x_wconf 89' lang='lat' dir='ltr'><strong>ducis</strong></span> <span class='ocrx_word' id='word_1_399' title='bbox 2868 2761 3179 2829; x_wconf 85' lang='lat' dir='ltr'><strong>Clevensis;</strong></span> <span class='ocrx_word' id='word_1_400' title='bbox 3218 2768 3609 2839; x_wconf 88' lang='lat' dir='ltr'><strong>reverendique</strong></span> <span class='ocrx_word' id='word_1_401' title='bbox 3648 2771 3700 2824; x_wconf 91' lang='lat' dir='ltr'><strong>in</strong></span> <span class='ocrx_word' id='word_1_402' title='bbox 3744 2768 3966 2826; x_wconf 85' lang='lat' dir='ltr'><strong>Christo</strong></span> 
     </span>
    </p>
   </div>
   <div class='ocr_carea' id='block_1_76' title="bbox 2389 2847 3958 2931">
    <p class='ocr_par' dir='ltr' id='par_1_76' title="bbox 2389 2847 3958 2931">
     <span class='ocr_line' id='line_1_76' title="bbox 2389 2847 3958 2931; baseline 0.006 -27"><span class='ocrx_word' id='word_1_403' title='bbox 2389 2847 2566 2904; x_wconf 84' lang='lat' dir='ltr'><strong>Patris</strong></span> <span class='ocrx_word' id='word_1_404' title='bbox 2622 2850 2818 2906; x_wconf 86' lang='lat' dir='ltr'><strong>domini</strong></span> <span class='ocrx_word' id='word_1_405' title='bbox 2866 2850 3047 2908; x_wconf 88' lang='lat' dir='ltr'><strong>Caroli</strong></span> <span class='ocrx_word' id='word_1_406' title='bbox 3096 2856 3162 2910; x_wconf 89' lang='lat' dir='ltr'><strong>de</strong></span> <span class='ocrx_word' id='word_1_407' title='bbox 3207 2854 3478 2915; x_wconf 87' lang='lat' dir='ltr'><strong>Borbonio</strong></span> <span class='ocrx_word' id='word_1_408' title='bbox 3506 2902 3521 2923; x_wconf 89' lang='lat'><strong>,</strong></span> <span class='ocrx_word' id='word_1_409' title='bbox 3554 2862 3958 2931; x_wconf 79' lang='lat' dir='ltr'><strong>archiepiscopi</strong></span> 
     </span>
    </p>
   </div>
   <div class='ocr_carea' id='block_1_77' title="bbox 2392 2938 3960 3015">
    <p class='ocr_par' dir='ltr' id='par_1_77' title="bbox 2392 2938 3960 3015">
     <span class='ocr_line' id='line_1_77' title="bbox 2392 2938 3960 3015; baseline 0.009 -23"><span class='ocrx_word' id='word_1_410' title='bbox 2392 2938 2786 3011; x_wconf 74' lang='lat' dir='ltr'><strong>Lugdunensis,</strong></span> <span class='ocrx_word' id='word_1_411' title='bbox 2822 2944 3072 3012; x_wconf 87' lang='lat' dir='ltr'><strong>primatis</strong></span> <span class='ocrx_word' id='word_1_412' title='bbox 3102 2944 3383 3015; x_wconf 58' lang='lat' dir='ltr'><strong>Francia;</strong></span> <span class='ocrx_word' id='word_1_413' title='bbox 3430 2951 3689 3007; x_wconf 84' lang='lat' dir='ltr'><strong>Ludovici</strong></span> <span class='ocrx_word' id='word_1_414' title='bbox 3739 2951 3960 3006; x_wconf 88' lang='lat' dir='ltr'><strong>comitis</strong></span> 
     </span>
    </p>
   </div>
   <div class='ocr_carea' id='block_1_78' title="bbox 2393 3029 3962 3112">
    <p class='ocr_par' dir='ltr' id='par_1_78' title="bbox 2393 3029 3962 3112">
     <span class='ocr_line' id='line_1_78' title="bbox 2393 3029 3962 3112; baseline 0.009 -29"><span class='ocrx_word' id='word_1_415' title='bbox 2393 3029 2451 3084; x_wconf 92' lang='grc'><strong>8.</strong></span> <span class='ocrx_word' id='word_1_416' title='bbox 2490 3031 2675 3096; x_wconf 90' lang='lat' dir='ltr'><strong>Pauli,</strong></span> <span class='ocrx_word' id='word_1_417' title='bbox 2730 3033 3065 3106; x_wconf 87' lang='lat' dir='ltr'><strong>illustrisque</strong></span> <span class='ocrx_word' id='word_1_418' title='bbox 3109 3041 3340 3097; x_wconf 63' lang='lat' dir='ltr'><strong>dominre</strong></span> <span class='ocrx_word' id='word_1_419' title='bbox 3364 3044 3587 3111; x_wconf 79' lang='lat' dir='ltr'><strong>Agnetis</strong></span> <span class='ocrx_word' id='word_1_420' title='bbox 3615 3042 3962 3112; x_wconf 69' lang='lat' dir='ltr'><strong>Burgundiae,</strong></span> 
     </span>
    </p>
   </div>
   <div class='ocr_carea' id='block_1_79' title="bbox 2402 3121 3968 3203">
    <p class='ocr_par' dir='ltr' id='par_1_79' title="bbox 2402 3121 3968 3203">
     <span class='ocr_line' id='line_1_79' title="bbox 2402 3121 3968 3203; baseline 0.011 -29"><span class='ocrx_word' id='word_1_421' title='bbox 2402 3121 2632 3179; x_wconf 81' lang='lat' dir='ltr'><strong>ducissa:</strong></span> <span class='ocrx_word' id='word_1_422' title='bbox 2660 3125 2964 3194; x_wconf 73' lang='lat' dir='ltr'><strong>Borbonice,</strong></span> <span class='ocrx_word' id='word_1_423' title='bbox 3010 3144 3073 3183; x_wconf 90' lang='lat' dir='ltr'><strong>ac</strong></span> <span class='ocrx_word' id='word_1_424' title='bbox 3105 3130 3333 3203; x_wconf 84' lang='lat' dir='ltr'><strong>Adolphi</strong></span> <span class='ocrx_word' id='word_1_425' title='bbox 3366 3132 3642 3190; x_wconf 84' lang='lat' dir='ltr'><strong>Clevensis</strong></span> <span class='ocrx_word' id='word_1_426' title='bbox 3666 3134 3870 3189; x_wconf 72' lang='lat' dir='ltr'><strong>domini</strong></span> <span class='ocrx_word' id='word_1_427' title='bbox 3897 3135 3968 3191; x_wconf 75' lang='lat' dir='ltr'><strong>de</strong></span> 
     </span>
    </p>
   </div>
   <div class='ocr_carea' id='block_1_80' title="bbox 2393 3212 3965 3287">
    <p class='ocr_par' dir='ltr' id='par_1_80' title="bbox 2393 3212 3965 3287">
     <span class='ocr_line' id='line_1_80' title="bbox 2393 3212 3965 3287; baseline 0.008 -21"><span class='ocrx_word' id='word_1_428' title='bbox 2393 3212 2706 3285; x_wconf 76' lang='lat' dir='ltr'><strong>Ravestain,</strong></span> <span class='ocrx_word' id='word_1_429' title='bbox 2727 3219 2853 3273; x_wconf 89' lang='lat' dir='ltr'><strong>dicti</strong></span> <span class='ocrx_word' id='word_1_430' title='bbox 2880 3221 2941 3274; x_wconf 91' lang='lat' dir='ltr'><strong>D.</strong></span> <span class='ocrx_word' id='word_1_431' title='bbox 2974 3221 3125 3276; x_wconf 89' lang='lat' dir='ltr'><strong>ducis</strong></span> <span class='ocrx_word' id='word_1_432' title='bbox 3158 3223 3431 3278; x_wconf 82' lang='lat' dir='ltr'><strong>Clevensis</strong></span> <span class='ocrx_word' id='word_1_433' title='bbox 3461 3223 3679 3287; x_wconf 80' lang='lat' dir='ltr'><strong>fratris;</strong></span> <span class='ocrx_word' id='word_1_434' title='bbox 3716 3239 3780 3278; x_wconf 91' lang='lat' dir='ltr'><strong>ac</strong></span> <span class='ocrx_word' id='word_1_435' title='bbox 3801 3227 3965 3280; x_wconf 88' lang='lat' dir='ltr'><strong>etiam</strong></span> 
     </span>
    </p>
   </div>
   <div class='ocr_carea' id='block_1_81' title="bbox 2319 3284 3965 3382">
    <p class='ocr_par' dir='ltr' id='par_1_81' title="bbox 2319 3284 3965 3382">
     <span class='ocr_line' id='line_1_81' title="bbox 2319 3284 3965 3382; baseline 0.007 -23"><span class='ocrx_word' id='word_1_436' title='bbox 2319 3284 2360 3340; x_wconf 67' lang='grc' dir='ltr'>ο</span> <span class='ocrx_word' id='word_1_437' title='bbox 2396 3310 2817 3363; x_wconf 87' lang='lat' dir='ltr'><strong>reverendorum</strong></span> <span class='ocrx_word' id='word_1_438' title='bbox 2854 3313 3357 3382; x_wconf 86' lang='lat' dir='ltr'><strong>venerabiliumque</strong></span> <span class='ocrx_word' id='word_1_439' title='bbox 3392 3316 3444 3368; x_wconf 94' lang='lat' dir='ltr'><strong>in</strong></span> <span class='ocrx_word' id='word_1_440' title='bbox 3498 3313 3715 3370; x_wconf 88' lang='lat' dir='ltr'><strong>Christo</strong></span> <span class='ocrx_word' id='word_1_441' title='bbox 3743 3316 3965 3370; x_wconf 76' lang='lat' dir='ltr'><strong>Patrum</strong></span> 
     </span>
    </p>
   </div>
   <div class='ocr_carea' id='block_1_82' title="bbox 2392 3396 3965 3473">
    <p class='ocr_par' dir='ltr' id='par_1_82' title="bbox 2392 3396 3965 3473">
     <span class='ocr_line' id='line_1_82' title="bbox 2392 3396 3965 3473; baseline 0.008 -24"><span class='ocrx_word' id='word_1_442' title='bbox 2392 3396 2734 3449; x_wconf 88' lang='lat' dir='ltr'><strong>dominorum</strong></span> <span class='ocrx_word' id='word_1_443' title='bbox 2765 3396 2983 3453; x_wconf 79' lang='lat' dir='ltr'><strong>Thema:</strong></span> <span class='ocrx_word' id='word_1_444' title='bbox 3010 3402 3356 3467; x_wconf 80' lang='lat' dir='ltr'><strong>Assattensis,</strong></span> <span class='ocrx_word' id='word_1_445' title='bbox 3385 3403 3437 3458; x_wconf 92' lang='lat' dir='ltr'><strong>in</strong></span> <span class='ocrx_word' id='word_1_446' title='bbox 3473 3405 3719 3473; x_wconf 79' lang='lat' dir='ltr'><strong>partibus</strong></span> <span class='ocrx_word' id='word_1_447' title='bbox 3759 3406 3965 3472; x_wconf 66' lang='lat' dir='ltr'><strong>Anglia:</strong></span> 
     </span>
    </p>
   </div>
   <div class='ocr_carea' id='block_1_83' title="bbox 2391 3486 3965 3561">
    <p class='ocr_par' dir='ltr' id='par_1_83' title="bbox 2391 3486 3965 3561">
     <span class='ocr_line' id='line_1_83' title="bbox 2391 3486 3965 3561; baseline 0.007 -20"><span class='ocrx_word' id='word_1_448' title='bbox 2391 3488 2651 3557; x_wconf 86' lang='lat' dir='ltr'><strong>episc0pi,</strong></span> <span class='ocrx_word' id='word_1_449' title='bbox 2677 3486 2743 3542; x_wconf 89' lang='lat' dir='ltr'><strong>de</strong></span> <span class='ocrx_word' id='word_1_450' title='bbox 2776 3488 2965 3545; x_wconf 83' lang='lat' dir='ltr'><strong>ordine</strong></span> <span class='ocrx_word' id='word_1_451' title='bbox 2998 3489 3456 3561; x_wconf 69' lang='lat' dir='ltr'><strong>Prmdicatortttn;</strong></span> <span class='ocrx_word' id='word_1_452' title='bbox 3488 3495 3695 3551; x_wconf 69' lang='lat' dir='ltr'><strong>l‘ttcolai</strong></span> <span class='ocrx_word' id='word_1_453' title='bbox 3747 3498 3965 3552; x_wconf 77' lang='lat' dir='ltr'><strong>abbatis</strong></span> 
     </span>
    </p>
   </div>
   <div class='ocr_carea' id='block_1_84' title="bbox 2393 3577 3962 3651">
    <p class='ocr_par' dir='ltr' id='par_1_84' title="bbox 2393 3577 3962 3651">
     <span class='ocr_line' id='line_1_84' title="bbox 2393 3577 3962 3651; baseline 0.006 -18"><span class='ocrx_word' id='word_1_454' title='bbox 2393 3579 2459 3633; x_wconf 90' lang='lat' dir='ltr'><strong>de</strong></span> <span class='ocrx_word' id='word_1_455' title='bbox 2504 3577 2803 3645; x_wconf 79' lang='lat' dir='ltr'><strong>Eeckhout,</strong></span> <span class='ocrx_word' id='word_1_456' title='bbox 2860 3580 3179 3651; x_wconf 83' lang='lat' dir='ltr'><strong>Brugensis;</strong></span> <span class='ocrx_word' id='word_1_457' title='bbox 3217 3597 3271 3641; x_wconf 87' lang='lat' dir='ltr'><strong>et</strong></span> <span class='ocrx_word' id='word_1_458' title='bbox 3321 3588 3547 3641; x_wconf 75' lang='lat' dir='ltr'><strong>itoberti</strong></span> <span class='ocrx_word' id='word_1_459' title='bbox 3585 3588 3962 3650; x_wconf 86' lang='lat' dir='ltr'><strong>Watiniensis,</strong></span> 
     </span>
    </p>
   </div>
   <div class='ocr_carea' id='block_1_85' title="bbox 2396 3670 3969 3745">
    <p class='ocr_par' dir='ltr' id='par_1_85' title="bbox 2396 3670 3969 3745">
     <span class='ocr_line' id='line_1_85' title="bbox 2396 3670 3969 3745; baseline 0.008 -21"><span class='ocrx_word' id='word_1_460' title='bbox 2396 3671 2604 3726; x_wconf 90' lang='lat' dir='ltr'><strong>ordinis</strong></span> <span class='ocrx_word' id='word_1_461' title='bbox 2641 3670 2700 3726; x_wconf 91' lang='grc'><strong>8.</strong></span> <span class='ocrx_word' id='word_1_462' title='bbox 2725 3672 3051 3745; x_wconf 75' lang='lat' dir='ltr'><strong>Augustini;</strong></span> <span class='ocrx_word' id='word_1_463' title='bbox 3108 3693 3314 3732; x_wconf 91' lang='lat' dir='ltr'><strong>necnon</strong></span> <span class='ocrx_word' id='word_1_464' title='bbox 3352 3677 3552 3735; x_wconf 81' lang='lat' dir='ltr'><strong>Nicasii</strong></span> <span class='ocrx_word' id='word_1_465' title='bbox 3585 3682 3650 3735; x_wconf 91' lang='lat' dir='ltr'><strong>de</strong></span> <span class='ocrx_word' id='word_1_466' title='bbox 3682 3677 3877 3745; x_wconf 89' lang='lat' dir='ltr'><strong>Puteo,</strong></span> <span class='ocrx_word' id='word_1_467' title='bbox 3899 3682 3969 3737; x_wconf 76' lang='lat' dir='ltr'><strong>de</strong></span> 
     </span>
    </p>
   </div>
   <div class='ocr_carea' id='block_1_86' title="bbox 2400 3759 3971 3839">
    <p class='ocr_par' dir='ltr' id='par_1_86' title="bbox 2400 3759 3971 3839">
     <span class='ocr_line' id='line_1_86' title="bbox 2400 3759 3971 3839; baseline 0.008 -26"><span class='ocrx_word' id='word_1_468' title='bbox 2400 3759 2707 3827; x_wconf 85' lang='lat' dir='ltr'><strong>Bethania;</strong></span> <span class='ocrx_word' id='word_1_469' title='bbox 2738 3761 2961 3818; x_wconf 86' lang='lat' dir='ltr'><strong>Joannis</strong></span> <span class='ocrx_word' id='word_1_470' title='bbox 2988 3768 3054 3819; x_wconf 88' lang='lat' dir='ltr'><strong>de</strong></span> <span class='ocrx_word' id='word_1_471' title='bbox 3094 3767 3348 3838; x_wconf 81' lang='lat' dir='ltr'><strong>Vassaya,</strong></span> <span class='ocrx_word' id='word_1_472' title='bbox 3391 3769 3773 3839; x_wconf 80' lang='lat' dir='ltr'><strong>Sonegiensis;</strong></span> <span class='ocrx_word' id='word_1_473' title='bbox 3807 3769 3971 3827; x_wconf 72' lang='lat' dir='ltr'><strong>Joan-</strong></span> 
     </span>
    </p>
   </div>
   <div class='ocr_carea' id='block_1_87' title="bbox 2395 3852 3961 3932">
    <p class='ocr_par' dir='ltr' id='par_1_87' title="bbox 2395 3852 3961 3932">
     <span class='ocr_line' id='line_1_87' title="bbox 2395 3852 3961 3932; baseline 0.008 -28"><span class='ocrx_word' id='word_1_474' title='bbox 2395 3852 2481 3905; x_wconf 87' lang='lat' dir='ltr'><strong>nis</strong></span> <span class='ocrx_word' id='word_1_475' title='bbox 2522 3852 2793 3909; x_wconf 75' lang='lat' dir='ltr'><strong>Vincentii</strong></span> <span class='ocrx_word' id='word_1_476' title='bbox 2824 3896 2837 3918; x_wconf 91' lang='lat'><strong>,</strong></span> <span class='ocrx_word' id='word_1_477' title='bbox 2870 3856 3234 3921; x_wconf 81' lang='lat' dir='ltr'><strong>Cnsletettsis;</strong></span> <span class='ocrx_word' id='word_1_478' title='bbox 3270 3869 3324 3913; x_wconf 87' lang='lat' dir='ltr'><strong>et</strong></span> <span class='ocrx_word' id='word_1_479' title='bbox 3376 3860 3555 3915; x_wconf 87' lang='lat' dir='ltr'><strong>Caroli</strong></span> <span class='ocrx_word' id='word_1_480' title='bbox 3603 3863 3670 3917; x_wconf 85' lang='lat' dir='ltr'><strong>tle</strong></span> <span class='ocrx_word' id='word_1_481' title='bbox 3719 3864 3961 3932; x_wconf 87' lang='lat' dir='ltr'><strong>Campis,</strong></span> 
     </span>
    </p>
   </div>
   <div class='ocr_carea' id='block_1_88' title="bbox 2391 3945 3968 4026">
    <p class='ocr_par' dir='ltr' id='par_1_88' title="bbox 2391 3945 3968 4026">
     <span class='ocr_line' id='line_1_88' title="bbox 2391 3945 3968 4026; baseline 0.01 -27"><span class='ocrx_word' id='word_1_482' title='bbox 2391 3945 2761 4002; x_wconf 79' lang='lat' dir='ltr'><strong>Thoraltensis</strong></span> <span class='ocrx_word' id='word_1_483' title='bbox 2800 3951 3146 4005; x_wconf 80' lang='lat' dir='ltr'><strong>ecclesiarum</strong></span> <span class='ocrx_word' id='word_1_484' title='bbox 3183 3953 3587 4019; x_wconf 78' lang='lat' dir='ltr'><strong>collegiatarunt</strong></span> <span class='ocrx_word' id='word_1_485' title='bbox 3651 3958 3968 4026; x_wconf 67' lang='lat' dir='ltr'><strong>praeposito-</strong></span> 
     </span>
    </p>
   </div>
   <div class='ocr_carea' id='block_1_89' title="bbox 2393 4041 3965 4115">
    <p class='ocr_par' dir='ltr' id='par_1_89' title="bbox 2393 4041 3965 4115">
     <span class='ocr_line' id='line_1_89' title="bbox 2393 4041 3965 4115; baseline 0.009 -20"><span class='ocrx_word' id='word_1_486' title='bbox 2393 4057 2547 4107; x_wconf 88' lang='lat' dir='ltr'><strong>rum;</strong></span> <span class='ocrx_word' id='word_1_487' title='bbox 2576 4057 2639 4096; x_wconf 88' lang='lat' dir='ltr'><strong>ac</strong></span> <span class='ocrx_word' id='word_1_488' title='bbox 2665 4041 2889 4097; x_wconf 78' lang='lat' dir='ltr'><strong>Rolandi</strong></span> <span class='ocrx_word' id='word_1_489' title='bbox 2925 4046 3211 4115; x_wconf 88' lang='lat' dir='ltr'><strong>scriptoris</strong></span> <span class='ocrx_word' id='word_1_490' title='bbox 3250 4051 3462 4115; x_wconf 79' lang='lat' dir='ltr'><strong>deCani,</strong></span> <span class='ocrx_word' id='word_1_491' title='bbox 3493 4061 3546 4104; x_wconf 90' lang='lat' dir='ltr'><strong>et</strong></span> <span class='ocrx_word' id='word_1_492' title='bbox 3574 4053 3813 4106; x_wconf 91' lang='lat' dir='ltr'><strong>omnium</strong></span> <span class='ocrx_word' id='word_1_493' title='bbox 3852 4053 3965 4108; x_wconf 90' lang='lat' dir='ltr'><strong>fere</strong></span> 
     </span>
    </p>
   </div>
   <div class='ocr_carea' id='block_1_90' title="bbox 2394 4133 3967 4205">
    <p class='ocr_par' dir='ltr' id='par_1_90' title="bbox 2394 4133 3967 4205">
     <span class='ocr_line' id='line_1_90' title="bbox 2394 4133 3967 4205; baseline 0.01 -21"><span class='ocrx_word' id='word_1_494' title='bbox 2394 4133 2733 4187; x_wconf 90' lang='lat' dir='ltr'><strong>dominorum</strong></span> <span class='ocrx_word' id='word_1_495' title='bbox 2762 4174 2778 4200; x_wconf 93' lang='lat'><strong>,</strong></span> <span class='ocrx_word' id='word_1_496' title='bbox 2818 4136 2973 4205; x_wconf 82' lang='lat' dir='ltr'><strong>hujus</strong></span> <span class='ocrx_word' id='word_1_497' title='bbox 3011 4136 3251 4193; x_wconf 78' lang='lat' dir='ltr'><strong>ecclesiae</strong></span> <span class='ocrx_word' id='word_1_498' title='bbox 3280 4137 3462 4195; x_wconf 89' lang='lat' dir='ltr'><strong>Sancti</strong></span> <span class='ocrx_word' id='word_1_499' title='bbox 3501 4141 3780 4198; x_wconf 86' lang='lat' dir='ltr'><strong>Donatiani</strong></span> <span class='ocrx_word' id='word_1_500' title='bbox 3838 4156 3967 4200; x_wconf 89' lang='lat' dir='ltr'><strong>tunc</strong></span> 
     </span>
    </p>
   </div>
   <div class='ocr_carea' id='block_1_91' title="bbox 2397 4226 3962 4299">
    <p class='ocr_par' dir='ltr' id='par_1_91' title="bbox 2397 4226 3962 4299">
     <span class='ocr_line' id='line_1_91' title="bbox 2397 4226 3962 4299; baseline 0.009 -23"><span class='ocrx_word' id='word_1_501' title='bbox 2397 4226 2783 4280; x_wconf 82' lang='lat' dir='ltr'><strong>canonicoruni</strong></span> <span class='ocrx_word' id='word_1_502' title='bbox 2814 4227 3150 4299; x_wconf 90' lang='lat' dir='ltr'><strong>aliorumque</strong></span> <span class='ocrx_word' id='word_1_503' title='bbox 3171 4231 3416 4286; x_wconf 87' lang='lat' dir='ltr'><strong>vivorum</strong></span> <span class='ocrx_word' id='word_1_504' title='bbox 3443 4233 3962 4299; x_wconf 73' lang='lat' dir='ltr'><strong>ecclesiasticarum,</strong></span> 
     </span>
    </p>
   </div>
   <div class='ocr_carea' id='block_1_92' title="bbox 2391 4318 3966 4391">
    <p class='ocr_par' dir='ltr' id='par_1_92' title="bbox 2391 4318 3966 4391">
     <span class='ocr_line' id='line_1_92' title="bbox 2391 4318 3966 4391; baseline 0.011 -25"><span class='ocrx_word' id='word_1_505' title='bbox 2391 4322 2446 4367; x_wconf 90' lang='lat' dir='ltr'><strong>et</strong></span> <span class='ocrx_word' id='word_1_506' title='bbox 2470 4318 2645 4384; x_wconf 82' lang='lat' dir='ltr'><strong>pepuli</strong></span> <span class='ocrx_word' id='word_1_507' title='bbox 2684 4320 3047 4376; x_wconf 89' lang='lat' dir='ltr'><strong>multitudinis</strong></span> <span class='ocrx_word' id='word_1_508' title='bbox 3076 4327 3384 4391; x_wconf 72' lang='lat' dir='ltr'><strong>praesentia,</strong></span> <span class='ocrx_word' id='word_1_509' title='bbox 3426 4337 3737 4383; x_wconf 80' lang='lat' dir='ltr'><strong>reverenter</strong></span> <span class='ocrx_word' id='word_1_510' title='bbox 3774 4337 3833 4383; x_wconf 86' lang='lat' dir='ltr'><strong>et</strong></span> <span class='ocrx_word' id='word_1_511' title='bbox 3872 4330 3966 4383; x_wconf 58' lang='lat' dir='ltr'><strong>de-</strong></span> 
     </span>
    </p>
   </div>
   <div class='ocr_carea' id='block_1_93' title="bbox 2390 4410 3255 4468">
    <p class='ocr_par' dir='ltr' id='par_1_93' title="bbox 2390 4410 3255 4468">
     <span class='ocr_line' id='line_1_93' title="bbox 2390 4410 3255 4468; baseline 0.013 -11"><span class='ocrx_word' id='word_1_512' title='bbox 2390 4414 2513 4459; x_wconf 84' lang='lat' dir='ltr'><strong>vote</strong></span> <span class='ocrx_word' id='word_1_513' title='bbox 2538 4410 2826 4463; x_wconf 79' lang='lat' dir='ltr'><strong>recondita:</strong></span> <span class='ocrx_word' id='word_1_514' title='bbox 2853 4420 2908 4463; x_wconf 91' lang='lat' dir='ltr'><strong>et</strong></span> <span class='ocrx_word' id='word_1_515' title='bbox 2945 4413 3186 4468; x_wconf 59' lang='lat' dir='ltr'><strong>reclusat.</strong></span> <span class='ocrx_word' id='word_1_516' title='bbox 3236 4432 3255 4467; x_wconf 70' lang='grc' dir='ltr'><strong><em>ι</em></strong></span> 
     </span>
    </p>
   </div>
   <div class='ocr_carea' id='block_1_94' title="bbox 2460 4496 3961 4579">
    <p class='ocr_par' dir='ltr' id='par_1_94' title="bbox 2460 4496 3961 4579">
     <span class='ocr_line' id='line_1_94' title="bbox 2460 4496 3961 4579; baseline 0.008 -28"><span class='ocrx_word' id='word_1_517' title='bbox 2460 4496 2671 4551; x_wconf 81' lang='lat' dir='ltr'><strong>Exhinc</strong></span> <span class='ocrx_word' id='word_1_518' title='bbox 2701 4501 2948 4568; x_wconf 90' lang='lat' dir='ltr'><strong>sequitur</strong></span> <span class='ocrx_word' id='word_1_519' title='bbox 2980 4504 3170 4557; x_wconf 85' lang='lat' dir='ltr'><strong>eadem</strong></span> <span class='ocrx_word' id='word_1_520' title='bbox 3209 4510 3544 4563; x_wconf 89' lang='lat' dir='ltr'><strong>enumeratio</strong></span> <span class='ocrx_word' id='word_1_521' title='bbox 3585 4510 3961 4579; x_wconf 88' lang='lat' dir='ltr'><strong>reliquiarum,</strong></span> 
     </span>
    </p>
   </div>
   <div class='ocr_carea' id='block_1_95' title="bbox 793 4588 2456 4686">
    <p class='ocr_par' dir='ltr' id='par_1_95' title="bbox 793 4594 2456 4686">
     <span class='ocr_line' id='line_1_95' title="bbox 793 4594 2456 4686; baseline 0.003 -36"><span class='ocrx_word' id='word_1_522' title='bbox 793 4594 870 4650; x_wconf 87' lang='lat' dir='ltr'><strong>De</strong></span> <span class='ocrx_word' id='word_1_523' title='bbox 917 4594 1022 4649; x_wconf 91' lang='lat' dir='ltr'><strong>alia</strong></span> <span class='ocrx_word' id='word_1_524' title='bbox 1051 4595 1397 4665; x_wconf 86' lang='lat' dir='ltr'><strong>reliquiarum</strong></span> <span class='ocrx_word' id='word_1_525' title='bbox 1449 4601 1624 4655; x_wconf 89' lang='lat' dir='ltr'><strong>sancti</strong></span> <span class='ocrx_word' id='word_1_526' title='bbox 1654 4598 1838 4653; x_wconf 84' lang='lat' dir='ltr'><strong>Basilii</strong></span> <span class='ocrx_word' id='word_1_527' title='bbox 1868 4598 2202 4665; x_wconf 86' lang='lat' dir='ltr'><strong>visitatione,</strong></span> <span class='ocrx_word' id='word_1_528' title='bbox 2234 4610 2288 4654; x_wconf 91' lang='lat' dir='ltr'><strong>et</strong></span> <span class='ocrx_word' id='word_1_529' title='bbox 2318 4630 2363 4686; x_wconf 70' lang='grc' dir='ltr'><strong>ι)</strong></span> <span class='ocrx_word' id='word_1_530' title='bbox 2393 4604 2456 4641; x_wconf 72' lang='lat' dir='ltr'><strong>“ll</strong></span> 
     </span>
    </p>
   </div>
   <div class='ocr_carea' id='block_1_96' title="bbox 2301 4588 3964 4686">
    <p class='ocr_par' dir='ltr' id='par_1_96' title="bbox 2318 4588 3964 4686">
     <span class='ocr_line' id='line_1_96' title="bbox 2318 4588 3964 4686; baseline 0.011 -46"><span class='ocrx_word' id='word_1_531' title='bbox 2318 4630 2363 4686; x_wconf 64' lang='grc' dir='ltr'><strong>Β</strong></span> <span class='ocrx_word' id='word_1_532' title='bbox 2393 4588 2534 4643; x_wconf 88' lang='lat' dir='ltr'><strong>nulla</strong></span> <span class='ocrx_word' id='word_1_533' title='bbox 2583 4590 2761 4644; x_wconf 86' lang='lat' dir='ltr'><strong>addita</strong></span> <span class='ocrx_word' id='word_1_534' title='bbox 2804 4600 2897 4645; x_wconf 89' lang='lat' dir='ltr'><strong>aut</strong></span> <span class='ocrx_word' id='word_1_535' title='bbox 2939 4592 3175 4663; x_wconf 86' lang='lat' dir='ltr'><strong>dempta.</strong></span> <span class='ocrx_word' id='word_1_536' title='bbox 3227 4598 3306 4651; x_wconf 87' lang='lat' dir='ltr'><strong>Ae</strong></span> <span class='ocrx_word' id='word_1_537' title='bbox 3348 4599 3580 4666; x_wconf 86' lang='lat' dir='ltr'><strong>primum</strong></span> <span class='ocrx_word' id='word_1_538' title='bbox 3614 4604 3964 4658; x_wconf 90' lang='lat' dir='ltr'><strong>nominantur</strong></span> 
     </span>
    </p>
   </div>
   <div class='ocr_carea' id='block_1_97' title="bbox 722 4685 2285 4761">
    <p class='ocr_par' dir='ltr' id='par_1_97' title="bbox 722 4685 2285 4761">
     <span class='ocr_line' id='line_1_97' title="bbox 722 4685 2285 4761; baseline 0.003 -21"><span class='ocrx_word' id='word_1_539' title='bbox 722 4685 1060 4757; x_wconf 87' lang='lat' dir='ltr'><strong>depositione</strong></span> <span class='ocrx_word' id='word_1_540' title='bbox 1097 4688 1149 4742; x_wconf 91' lang='lat' dir='ltr'><strong>in</strong></span> <span class='ocrx_word' id='word_1_541' title='bbox 1204 4692 1535 4744; x_wconf 87' lang='lat' dir='ltr'><strong>ornatiorem</strong></span> <span class='ocrx_word' id='word_1_542' title='bbox 1572 4704 1789 4760; x_wconf 84' lang='lat' dir='ltr'><strong>capsam</strong></span> <span class='ocrx_word' id='word_1_543' title='bbox 1813 4733 1829 4758; x_wconf 95' lang='lat'><strong>,</strong></span> <span class='ocrx_word' id='word_1_544' title='bbox 1887 4700 2116 4746; x_wconf 89' lang='lat' dir='ltr'><strong>testatur</strong></span> <span class='ocrx_word' id='word_1_545' title='bbox 2144 4693 2285 4761; x_wconf 82' lang='lat' dir='ltr'><strong>regi-</strong></span> 
     </span>
    </p>
   </div>
   <div class='ocr_carea' id='block_1_98' title="bbox 723 4779 2292 4853">
    <p class='ocr_par' dir='ltr' id='par_1_98' title="bbox 723 4779 2292 4853">
     <span class='ocr_line' id='line_1_98' title="bbox 723 4779 2292 4853; baseline 0.003 -20"><span class='ocrx_word' id='word_1_546' title='bbox 723 4788 894 4835; x_wconf 87' lang='lat' dir='ltr'><strong>strum</strong></span> <span class='ocrx_word' id='word_1_547' title='bbox 958 4779 1215 4833; x_wconf 78' lang='lat' dir='ltr'><strong>Actorum</strong></span> <span class='ocrx_word' id='word_1_548' title='bbox 1286 4782 1662 4851; x_wconf 81' lang='lat' dir='ltr'><strong>capitularium</strong></span> <span class='ocrx_word' id='word_1_549' title='bbox 1741 4784 1977 4853; x_wconf 65' lang='lat' dir='ltr'><strong>praefata:</strong></span> <span class='ocrx_word' id='word_1_550' title='bbox 2046 4784 2292 4838; x_wconf 76' lang='lat' dir='ltr'><strong>ecclesia:</strong></span> 
     </span>
    </p>
   </div>
   <div class='ocr_carea' id='block_1_99' title="bbox 726 4869 2291 4945">
    <p class='ocr_par' dir='ltr' id='par_1_99' title="bbox 726 4869 2291 4945">
     <span class='ocr_line' id='line_1_99' title="bbox 726 4869 2291 4945; baseline 0.003 -20"><span class='ocrx_word' id='word_1_551' title='bbox 726 4870 910 4927; x_wconf 89' lang='lat' dir='ltr'><strong>Sancti</strong></span> <span class='ocrx_word' id='word_1_552' title='bbox 941 4869 1226 4927; x_wconf 88' lang='lat' dir='ltr'><strong>Donatiani</strong></span> <span class='ocrx_word' id='word_1_553' title='bbox 1260 4872 1551 4945; x_wconf 89' lang='lat' dir='ltr'><strong>Brugensis</strong></span> <span class='ocrx_word' id='word_1_554' title='bbox 1573 4917 1589 4941; x_wconf 94' lang='lat'><strong>,</strong></span> <span class='ocrx_word' id='word_1_555' title='bbox 1624 4887 1870 4932; x_wconf 87' lang='lat' dir='ltr'><strong>notatum</strong></span> <span class='ocrx_word' id='word_1_556' title='bbox 1915 4876 1957 4933; x_wconf 69' lang='grc' dir='ltr'><strong>ιτ</strong></span> <span class='ocrx_word' id='word_1_557' title='bbox 2014 4876 2140 4931; x_wconf 91' lang='lat' dir='ltr'><strong>folio</strong></span> <span class='ocrx_word' id='word_1_558' title='bbox 2163 4874 2291 4939; x_wconf 59' lang='lat'><strong>2‘6,</strong></span> 
     </span>
    </p>
   </div>
   <div class='ocr_carea' id='block_1_100' title="bbox 726 4961 2294 5033">
    <p class='ocr_par' dir='ltr' id='par_1_100' title="bbox 726 4961 2294 5033">
     <span class='ocr_line' id='line_1_100' title="bbox 726 4961 2294 5033; baseline 0.006 -20"><span class='ocrx_word' id='word_1_559' title='bbox 726 4975 847 5031; x_wconf 89' lang='lat' dir='ltr'><strong>pag.</strong></span> <span class='ocrx_word' id='word_1_560' title='bbox 894 4975 1047 5015; x_wconf 81' lang='lat' dir='ltr'><strong>versa</strong></span> <span class='ocrx_word' id='word_1_561' title='bbox 1099 4961 1157 5016; x_wconf 86' lang='lat'><strong>5|</strong></span> <span class='ocrx_word' id='word_1_562' title='bbox 1207 4980 1219 5015; x_wconf 88' lang='lat'>:</span> <span class='ocrx_word' id='word_1_563' title='bbox 1264 4964 1418 5033; x_wconf 87' lang='lat' dir='ltr'><strong>cujus</strong></span> <span class='ocrx_word' id='word_1_564' title='bbox 1466 4968 1570 5024; x_wconf 92' lang='lat' dir='ltr'><strong>hoc</strong></span> <span class='ocrx_word' id='word_1_565' title='bbox 1623 4980 1703 5022; x_wconf 87' lang='lat' dir='ltr'><strong>est</strong></span> <span class='ocrx_word' id='word_1_566' title='bbox 1737 4977 2089 5023; x_wconf 77' lang='lat' dir='ltr'><strong>extractum:</strong></span> <span class='ocrx_word' id='word_1_567' title='bbox 2120 4988 2139 5019; x_wconf 73' lang='grc' dir='ltr'><strong><em>ι</em></strong></span> <span class='ocrx_word' id='word_1_568' title='bbox 2196 4967 2294 5022; x_wconf 88' lang='lat' dir='ltr'><strong>Die</strong></span> 
     </span>
    </p>
   </div>
   <div class='ocr_carea' id='block_1_101' title="bbox 728 5054 2293 5131">
    <p class='ocr_par' dir='ltr' id='par_1_101' title="bbox 728 5054 2293 5131">
     <span class='ocr_line' id='line_1_101' title="bbox 728 5054 2293 5131; baseline 0.004 -26"><span class='ocrx_word' id='word_1_569' title='bbox 728 5068 865 5107; x_wconf 78' lang='lat' dir='ltr'><strong>mit</strong></span> <span class='ocrx_word' id='word_1_570' title='bbox 899 5054 1098 5109; x_wconf 87' lang='lat' dir='ltr'><strong>mensis</strong></span> <span class='ocrx_word' id='word_1_571' title='bbox 1122 5055 1345 5123; x_wconf 87' lang='lat' dir='ltr'><strong>Aprilis,</strong></span> <span class='ocrx_word' id='word_1_572' title='bbox 1376 5074 1518 5114; x_wconf 90' lang='lat' dir='ltr'><strong>anno</strong></span> <span class='ocrx_word' id='word_1_573' title='bbox 1544 5059 1684 5114; x_wconf 73' lang='lat' dir='ltr'><strong>M63</strong></span> <span class='ocrx_word' id='word_1_574' title='bbox 1719 5062 2051 5131; x_wconf 84' lang='lat' dir='ltr'><strong>supradicto,</strong></span> <span class='ocrx_word' id='word_1_575' title='bbox 2073 5061 2293 5116; x_wconf 54' lang='lat' dir='ltr'><strong>concitum</strong></span> 
     </span>
    </p>
   </div>
   <div class='ocr_carea' id='block_1_102' title="bbox 725 5144 2295 5222">
    <p class='ocr_par' dir='ltr' id='par_1_102' title="bbox 725 5144 2295 5222">
     <span class='ocr_line' id='line_1_102' title="bbox 725 5144 2295 5222; baseline 0.006 -24"><span class='ocrx_word' id='word_1_576' title='bbox 725 5158 846 5199; x_wconf 88' lang='lat' dir='ltr'><strong>sum</strong></span> <span class='ocrx_word' id='word_1_577' title='bbox 882 5144 983 5200; x_wconf 85' lang='lat' dir='ltr'><strong>fuit</strong></span> <span class='ocrx_word' id='word_1_578' title='bbox 1014 5162 1107 5217; x_wconf 92' lang='lat' dir='ltr'><strong>per</strong></span> <span class='ocrx_word' id='word_1_579' title='bbox 1157 5148 1409 5204; x_wconf 85' lang='lat' dir='ltr'><strong>dominos</strong></span> <span class='ocrx_word' id='word_1_580' title='bbox 1436 5153 1771 5221; x_wconf 90' lang='lat' dir='ltr'><strong>capitulum,</strong></span> <span class='ocrx_word' id='word_1_581' title='bbox 1828 5164 2093 5222; x_wconf 87' lang='lat' dir='ltr'><strong>quatenus</strong></span> <span class='ocrx_word' id='word_1_582' title='bbox 2128 5155 2295 5209; x_wconf 82' lang='lat' dir='ltr'><strong>domi-</strong></span> 
     </span>
    </p>
   </div>
   <div class='ocr_carea' id='block_1_103' title="bbox 726 5237 2291 5314">
    <p class='ocr_par' dir='ltr' id='par_1_103' title="bbox 726 5237 2291 5314">
     <span class='ocr_line' id='line_1_103' title="bbox 726 5237 2291 5314; baseline 0.006 -25"><span class='ocrx_word' id='word_1_583' title='bbox 726 5250 829 5291; x_wconf 82' lang='lat' dir='ltr'><strong>nus</strong></span> <span class='ocrx_word' id='word_1_584' title='bbox 881 5237 1252 5309; x_wconf 75' lang='lat' dir='ltr'><strong>sulfraganeus</strong></span> <span class='ocrx_word' id='word_1_585' title='bbox 1292 5240 1359 5293; x_wconf 77' lang='lat' dir='ltr'><strong>ll.</strong></span> <span class='ocrx_word' id='word_1_586' title='bbox 1400 5241 1459 5295; x_wconf 92' lang='lat' dir='ltr'><strong>D.</strong></span> <span class='ocrx_word' id='word_1_587' title='bbox 1492 5243 1730 5314; x_wconf 79' lang='lat' dir='ltr'><strong>episcopi</strong></span> <span class='ocrx_word' id='word_1_588' title='bbox 1781 5243 2038 5308; x_wconf 86' lang='lat' dir='ltr'><strong>Tornaci,</strong></span> <span class='ocrx_word' id='word_1_589' title='bbox 2072 5254 2291 5313; x_wconf 89' lang='lat' dir='ltr'><strong>accepta</strong></span> 
     </span>
    </p>
   </div>
   <div class='ocr_carea' id='block_1_104' title="bbox 728 5324 2288 5400">
    <p class='ocr_par' dir='ltr' id='par_1_104' title="bbox 728 5324 2288 5400">
     <span class='ocr_line' id='line_1_104' title="bbox 728 5324 2288 5400; baseline 0.005 -19"><span class='ocrx_word' id='word_1_590' title='bbox 728 5324 945 5382; x_wconf 81' lang='lat' dir='ltr'><strong>licentia</strong></span> <span class='ocrx_word' id='word_1_591' title='bbox 1004 5329 1071 5383; x_wconf 88' lang='lat' dir='ltr'><strong>ab</strong></span> <span class='ocrx_word' id='word_1_592' title='bbox 1126 5332 1311 5385; x_wconf 87' lang='lat' dir='ltr'><strong>eodem</strong></span> <span class='ocrx_word' id='word_1_593' title='bbox 1368 5331 1586 5385; x_wconf 84' lang='lat' dir='ltr'><strong>domino</strong></span> <span class='ocrx_word' id='word_1_594' title='bbox 1632 5337 1922 5400; x_wconf 81' lang='lat' dir='ltr'><strong>episcopo,</strong></span> <span class='ocrx_word' id='word_1_595' title='bbox 1980 5334 2288 5400; x_wconf 85' lang='lat' dir='ltr'><strong>transferat,</strong></span> 
     </span>
    </p>
   </div>
   <div class='ocr_carea' id='block_1_105' title="bbox 729 5421 2291 5493">
    <p class='ocr_par' dir='ltr' id='par_1_105' title="bbox 729 5421 2291 5493">
     <span class='ocr_line' id='line_1_105' title="bbox 729 5421 2291 5493; baseline 0.003 -19"><span class='ocrx_word' id='word_1_596' title='bbox 729 5434 888 5490; x_wconf 90' lang='lat' dir='ltr'><strong>quam</strong></span> <span class='ocrx_word' id='word_1_597' title='bbox 911 5421 1113 5475; x_wconf 88' lang='lat' dir='ltr'><strong>rectius</strong></span> <span class='ocrx_word' id='word_1_598' title='bbox 1138 5422 1348 5487; x_wconf 90' lang='lat' dir='ltr'><strong>melius,</strong></span> <span class='ocrx_word' id='word_1_599' title='bbox 1386 5437 1567 5476; x_wconf 85' lang='lat' dir='ltr'><strong>sacras</strong></span> <span class='ocrx_word' id='word_1_600' title='bbox 1605 5425 1862 5493; x_wconf 88' lang='lat' dir='ltr'><strong>reliquias</strong></span> <span class='ocrx_word' id='word_1_601' title='bbox 1891 5426 2061 5481; x_wconf 84' lang='lat' dir='ltr'><strong>sancti</strong></span> <span class='ocrx_word' id='word_1_602' title='bbox 2087 5425 2291 5490; x_wconf 87' lang='lat' dir='ltr'><strong>Basilii,</strong></span> 
     </span>
    </p>
   </div>
   <div class='ocr_carea' id='block_1_106' title="bbox 728 5510 2294 5587">
    <p class='ocr_par' dir='ltr' id='par_1_106' title="bbox 728 5510 2294 5587">
     <span class='ocr_line' id='line_1_106' title="bbox 728 5510 2294 5587; baseline 0.004 -22"><span class='ocrx_word' id='word_1_603' title='bbox 728 5520 785 5565; x_wconf 85' lang='lat' dir='ltr'><strong>et</strong></span> <span class='ocrx_word' id='word_1_604' title='bbox 822 5510 954 5565; x_wconf 88' lang='lat' dir='ltr'><strong>alias</strong></span> <span class='ocrx_word' id='word_1_605' title='bbox 975 5511 1027 5565; x_wconf 91' lang='lat' dir='ltr'><strong>in</strong></span> <span class='ocrx_word' id='word_1_606' title='bbox 1058 5513 1226 5565; x_wconf 82' lang='lat' dir='ltr'><strong>veteri</strong></span> <span class='ocrx_word' id='word_1_607' title='bbox 1265 5528 1425 5582; x_wconf 87' lang='lat' dir='ltr'><strong>capsa</strong></span> <span class='ocrx_word' id='word_1_608' title='bbox 1459 5516 1785 5571; x_wconf 72' lang='lat' dir='ltr'><strong>exsistentes</strong></span> <span class='ocrx_word' id='word_1_609' title='bbox 1812 5557 1829 5579; x_wconf 91' lang='lat'><strong>,</strong></span> <span class='ocrx_word' id='word_1_610' title='bbox 1857 5527 1912 5571; x_wconf 90' lang='lat' dir='ltr'><strong>et</strong></span> <span class='ocrx_word' id='word_1_611' title='bbox 1942 5534 2036 5573; x_wconf 89' lang='lat' dir='ltr'><strong>eas</strong></span> <span class='ocrx_word' id='word_1_612' title='bbox 2073 5528 2294 5587; x_wconf 89' lang='lat' dir='ltr'><strong>reponat</strong></span> 
     </span>
    </p>
   </div>
   <div class='ocr_carea' id='block_1_107' title="bbox 728 5596 2290 5677">
    <p class='ocr_par' dir='ltr' id='par_1_107' title="bbox 728 5596 2290 5677">
     <span class='ocr_line' id='line_1_107' title="bbox 728 5596 2290 5677; baseline 0.004 -20"><span class='ocrx_word' id='word_1_613' title='bbox 728 5601 783 5657; x_wconf 90' lang='lat' dir='ltr'><strong>in</strong></span> <span class='ocrx_word' id='word_1_614' title='bbox 806 5616 947 5657; x_wconf 83' lang='lat' dir='ltr'><strong>novo</strong></span> <span class='ocrx_word' id='word_1_615' title='bbox 974 5602 1195 5667; x_wconf 83' lang='lat' dir='ltr'><strong>feretro,</strong></span> <span class='ocrx_word' id='word_1_616' title='bbox 1212 5619 1275 5658; x_wconf 80' lang='lat' dir='ltr'><strong>ex</strong></span> <span class='ocrx_word' id='word_1_617' title='bbox 1299 5596 1431 5659; x_wconf 66' lang='lat' dir='ltr'><strong>auro</strong></span> <span class='ocrx_word' id='word_1_618' title='bbox 1451 5615 1505 5659; x_wconf 87' lang='lat' dir='ltr'><strong>et</strong></span> <span class='ocrx_word' id='word_1_619' title='bbox 1530 5618 1755 5677; x_wconf 85' lang='lat' dir='ltr'><strong>argento</strong></span> <span class='ocrx_word' id='word_1_620' title='bbox 1781 5608 1850 5661; x_wconf 91' lang='lat' dir='ltr'><strong>ob</strong></span> <span class='ocrx_word' id='word_1_621' title='bbox 1872 5611 1972 5664; x_wconf 90' lang='lat' dir='ltr'><strong>hoc</strong></span> <span class='ocrx_word' id='word_1_622' title='bbox 2004 5610 2290 5665; x_wconf 86' lang='lat' dir='ltr'><strong>fabricato.</strong></span> 
     </span>
    </p>
   </div>
   <div class='ocr_carea' id='block_1_108' title="bbox 728 5694 2291 5764">
    <p class='ocr_par' dir='ltr' id='par_1_108' title="bbox 728 5694 2291 5764">
     <span class='ocr_line' id='line_1_108' title="bbox 728 5694 2291 5764; baseline 0.008 -19"><span class='ocrx_word' id='word_1_623' title='bbox 728 5694 860 5761; x_wconf 67' lang='lat' dir='ltr'><strong>Qua</strong></span> <span class='ocrx_word' id='word_1_624' title='bbox 883 5696 1098 5764; x_wconf 91' lang='lat' dir='ltr'><strong>quidem</strong></span> <span class='ocrx_word' id='word_1_625' title='bbox 1134 5699 1411 5754; x_wconf 86' lang='lat' dir='ltr'><strong>translatio</strong></span> <span class='ocrx_word' id='word_1_626' title='bbox 1466 5699 1607 5753; x_wconf 85' lang='lat' dir='ltr'><strong>facta</strong></span> <span class='ocrx_word' id='word_1_627' title='bbox 1642 5699 1741 5753; x_wconf 89' lang='lat' dir='ltr'><strong>fuit</strong></span> <span class='ocrx_word' id='word_1_628' title='bbox 1777 5714 1920 5755; x_wconf 88' lang='lat' dir='ltr'><strong>anno</strong></span> <span class='ocrx_word' id='word_1_629' title='bbox 1946 5702 2013 5755; x_wconf 83' lang='lat' dir='ltr'><strong>ab</strong></span> <span class='ocrx_word' id='word_1_630' title='bbox 2035 5703 2291 5757; x_wconf 82' lang='lat' dir='ltr'><strong>incarna-</strong></span> 
     </span>
    </p>
   </div>
   <div class='ocr_carea' id='block_1_109' title="bbox 727 5785 2294 5858">
    <p class='ocr_par' dir='ltr' id='par_1_109' title="bbox 727 5785 2294 5858">
     <span class='ocr_line' id='line_1_109' title="bbox 727 5785 2294 5858; baseline 0.008 -19"><span class='ocrx_word' id='word_1_631' title='bbox 727 5789 873 5840; x_wconf 85' lang='lat' dir='ltr'><strong>tione</strong></span> <span class='ocrx_word' id='word_1_632' title='bbox 929 5785 1141 5843; x_wconf 85' lang='lat' dir='ltr'><strong>Domini</strong></span> <span class='ocrx_word' id='word_1_633' title='bbox 1174 5790 1330 5858; x_wconf 73' lang='grc'><strong>1465,</strong></span> <span class='ocrx_word' id='word_1_634' title='bbox 1374 5793 1669 5848; x_wconf 86' lang='lat' dir='ltr'><strong>indictione</strong></span> <span class='ocrx_word' id='word_1_635' title='bbox 1714 5808 1790 5856; x_wconf 76' lang='lat' dir='ltr'><strong>xi,</strong></span> <span class='ocrx_word' id='word_1_636' title='bbox 1822 5795 2023 5849; x_wconf 89' lang='lat' dir='ltr'><strong>mensis</strong></span> <span class='ocrx_word' id='word_1_637' title='bbox 2052 5793 2177 5848; x_wconf 79' lang='lat' dir='ltr'><strong>Maii</strong></span> <span class='ocrx_word' id='word_1_638' title='bbox 2208 5797 2294 5851; x_wconf 81' lang='lat' dir='ltr'><strong>die</strong></span> 
     </span>
    </p>
   </div>
   <div class='ocr_carea' id='block_1_110' title="bbox 731 5880 2291 5953">
    <p class='ocr_par' dir='ltr' id='par_1_110' title="bbox 731 5880 2291 5953">
     <span class='ocr_line' id='line_1_110' title="bbox 731 5880 2291 5953; baseline 0.009 -23"><span class='ocrx_word' id='word_1_639' title='bbox 731 5889 857 5932; x_wconf 75' lang='lat' dir='ltr'><strong>vero</strong></span> <span class='ocrx_word' id='word_1_640' title='bbox 887 5880 1205 5947; x_wconf 86' lang='lat' dir='ltr'><strong>penultitua,</strong></span> <span class='ocrx_word' id='word_1_641' title='bbox 1242 5881 1587 5953; x_wconf 79' lang='lat' dir='ltr'><strong>pontiﬁcatus</strong></span> <span class='ocrx_word' id='word_1_642' title='bbox 1628 5887 1955 5945; x_wconf 83' lang='lat' dir='ltr'><strong>sanctissimi</strong></span> <span class='ocrx_word' id='word_1_643' title='bbox 1988 5888 2041 5943; x_wconf 89' lang='lat' dir='ltr'><strong>in</strong></span> <span class='ocrx_word' id='word_1_644' title='bbox 2069 5885 2291 5944; x_wconf 82' lang='lat' dir='ltr'><strong>Christo</strong></span> 
     </span>
    </p>
   </div>
   <div class='ocr_carea' id='block_1_111' title="bbox 2390 4680 3961 4759">
    <p class='ocr_par' dir='ltr' id='par_1_111' title="bbox 2390 4680 3961 4759">
     <span class='ocr_line' id='line_1_111' title="bbox 2390 4680 3961 4759; baseline 0.009 -24"><span class='ocrx_word' id='word_1_645' title='bbox 2390 4696 2510 4735; x_wconf 89' lang='lat' dir='ltr'><strong>ossa</strong></span> <span class='ocrx_word' id='word_1_646' title='bbox 2542 4680 2774 4750; x_wconf 88' lang='lat' dir='ltr'><strong>plurima</strong></span> <span class='ocrx_word' id='word_1_647' title='bbox 2816 4681 2873 4737; x_wconf 87' lang='lat' dir='ltr'><strong>S.</strong></span> <span class='ocrx_word' id='word_1_648' title='bbox 2901 4682 3085 4740; x_wconf 87' lang='lat' dir='ltr'><strong>Basilii</strong></span> <span class='ocrx_word' id='word_1_649' title='bbox 3117 4705 3129 4741; x_wconf 87' lang='lat'><strong>:</strong></span> <span class='ocrx_word' id='word_1_650' title='bbox 3160 4688 3355 4757; x_wconf 86' lang='lat' dir='ltr'><strong>quibus</strong></span> <span class='ocrx_word' id='word_1_651' title='bbox 3393 4700 3576 4759; x_wconf 87' lang='lat' dir='ltr'><strong>postea</strong></span> <span class='ocrx_word' id='word_1_652' title='bbox 3607 4692 3743 4746; x_wconf 85' lang='lat' dir='ltr'><strong>nihil</strong></span> <span class='ocrx_word' id='word_1_653' title='bbox 3767 4692 3961 4749; x_wconf 84' lang='lat' dir='ltr'><strong>deces-</strong></span> 
     </span>
    </p>
   </div>
   <div class='ocr_carea' id='block_1_112' title="bbox 2390 4773 3959 4843">
    <p class='ocr_par' dir='ltr' id='par_1_112' title="bbox 2390 4773 3959 4843">
     <span class='ocr_line' id='line_1_112' title="bbox 2390 4773 3959 4843; baseline 0.008 -17"><span class='ocrx_word' id='word_1_654' title='bbox 2390 4776 2546 4840; x_wconf 81' lang='lat' dir='ltr'><strong>sisse,</strong></span> <span class='ocrx_word' id='word_1_655' title='bbox 2571 4774 2675 4827; x_wconf 90' lang='lat' dir='ltr'><strong>alio</strong></span> <span class='ocrx_word' id='word_1_656' title='bbox 2694 4773 2834 4828; x_wconf 85' lang='lat' dir='ltr'><strong>forte</strong></span> <span class='ocrx_word' id='word_1_657' title='bbox 2860 4777 3200 4843; x_wconf 91' lang='lat' dir='ltr'><strong>translatum,</strong></span> <span class='ocrx_word' id='word_1_658' title='bbox 3240 4795 3345 4835; x_wconf 92' lang='lat' dir='ltr'><strong>non</strong></span> <span class='ocrx_word' id='word_1_659' title='bbox 3377 4783 3548 4837; x_wconf 85' lang='lat' dir='ltr'><strong>ausim</strong></span> <span class='ocrx_word' id='word_1_660' title='bbox 3590 4797 3913 4840; x_wconf 84' lang='lat' dir='ltr'><strong>asseverare</strong></span> <span class='ocrx_word' id='word_1_661' title='bbox 3946 4805 3959 4838; x_wconf 92' lang='lat'><strong>:</strong></span> 
     </span>
    </p>
   </div>
   <div class='ocr_carea' id='block_1_113' title="bbox 2391 4866 3962 4933">
    <p class='ocr_par' dir='ltr' id='par_1_113' title="bbox 2391 4866 3962 4933">
     <span class='ocr_line' id='line_1_113' title="bbox 2391 4866 3962 4933; baseline 0.006 -12"><span class='ocrx_word' id='word_1_662' title='bbox 2391 4881 2513 4921; x_wconf 89' lang='lat' dir='ltr'><strong>cum</strong></span> <span class='ocrx_word' id='word_1_663' title='bbox 2576 4866 2630 4920; x_wconf 92' lang='lat' dir='ltr'><strong>in</strong></span> <span class='ocrx_word' id='word_1_664' title='bbox 2684 4866 2868 4921; x_wconf 91' lang='lat' dir='ltr'><strong>ultima</strong></span> <span class='ocrx_word' id='word_1_665' title='bbox 2925 4871 3276 4928; x_wconf 69' lang='lat' dir='ltr'><strong>translatione</strong></span> <span class='ocrx_word' id='word_1_666' title='bbox 3310 4890 3414 4929; x_wconf 91' lang='lat' dir='ltr'><strong>non</strong></span> <span class='ocrx_word' id='word_1_667' title='bbox 3468 4875 3759 4929; x_wconf 88' lang='lat' dir='ltr'><strong>admodum</strong></span> <span class='ocrx_word' id='word_1_668' title='bbox 3791 4881 3962 4933; x_wconf 88' lang='lat' dir='ltr'><strong>multa</strong></span> 
     </span>
    </p>
   </div>
   <div class='ocr_carea' id='block_1_114' title="bbox 2391 4957 3963 5025">
    <p class='ocr_par' dir='ltr' id='par_1_114' title="bbox 2391 4957 3963 5025">
     <span class='ocr_line' id='line_1_114' title="bbox 2391 4957 3963 5025; baseline 0.01 -18"><span class='ocrx_word' id='word_1_669' title='bbox 2391 4968 2512 5009; x_wconf 88' lang='lat' dir='ltr'><strong>ossa</strong></span> <span class='ocrx_word' id='word_1_670' title='bbox 2550 4966 2757 5025; x_wconf 87' lang='lat' dir='ltr'><strong>reperta</strong></span> <span class='ocrx_word' id='word_1_671' title='bbox 2782 4957 2922 5024; x_wconf 82' lang='lat' dir='ltr'><strong>sint;</strong></span> <span class='ocrx_word' id='word_1_672' title='bbox 2950 4959 3078 5014; x_wconf 90' lang='lat' dir='ltr'><strong>nihil</strong></span> <span class='ocrx_word' id='word_1_673' title='bbox 3110 4972 3287 5017; x_wconf 90' lang='lat' dir='ltr'><strong>autem</strong></span> <span class='ocrx_word' id='word_1_674' title='bbox 3308 4974 3622 5019; x_wconf 73' lang='lat' dir='ltr'><strong>catterarum</strong></span> <span class='ocrx_word' id='word_1_675' title='bbox 3654 4966 3743 5020; x_wconf 90' lang='lat' dir='ltr'><strong>hic</strong></span> <span class='ocrx_word' id='word_1_676' title='bbox 3770 4981 3963 5023; x_wconf 74' lang='lat' dir='ltr'><strong>rursus</strong></span> 
     </span>
    </p>
   </div>
   <div class='ocr_carea' id='block_1_115' title="bbox 2393 5048 3959 5125">
    <p class='ocr_par' dir='ltr' id='par_1_115' title="bbox 2393 5048 3959 5125">
     <span class='ocr_line' id='line_1_115' title="bbox 2393 5048 3959 5125; baseline 0.009 -24"><span class='ocrx_word' id='word_1_677' title='bbox 2393 5048 2789 5103; x_wconf 87' lang='lat' dir='ltr'><strong>nominatarum</strong></span> <span class='ocrx_word' id='word_1_678' title='bbox 2845 5052 3225 5121; x_wconf 89' lang='lat' dir='ltr'><strong>reliquiarum;</strong></span> <span class='ocrx_word' id='word_1_679' title='bbox 3267 5056 3732 5125; x_wconf 87' lang='lat' dir='ltr'><strong>specilicationem</strong></span> <span class='ocrx_word' id='word_1_680' title='bbox 3776 5070 3959 5115; x_wconf 88' lang='lat' dir='ltr'><strong>autem</strong></span> 
     </span>
    </p>
   </div>
   <div class='ocr_carea' id='block_1_116' title="bbox 2395 5143 3950 5223">
    <p class='ocr_par' dir='ltr' id='par_1_116' title="bbox 2395 5143 3950 5223">
     <span class='ocr_line' id='line_1_116' title="bbox 2395 5143 3950 5223; baseline 0.012 -30"><span class='ocrx_word' id='word_1_681' title='bbox 2395 5143 2584 5194; x_wconf 86' lang='lat' dir='ltr'><strong>harum</strong></span> <span class='ocrx_word' id='word_1_682' title='bbox 2643 5145 2886 5217; x_wconf 89' lang='lat' dir='ltr'><strong>sequitur</strong></span> <span class='ocrx_word' id='word_1_683' title='bbox 2933 5147 3336 5203; x_wconf 81' lang='lat' dir='ltr'><strong>nomenclatura</strong></span> <span class='ocrx_word' id='word_1_684' title='bbox 3383 5152 3814 5220; x_wconf 90' lang='lat' dir='ltr'><strong>canonicorutn,</strong></span> <span class='ocrx_word' id='word_1_685' title='bbox 3866 5167 3950 5223; x_wconf 70' lang='lat' dir='ltr'><strong>qu</strong></span> 
     </span>
    </p>
   </div>
   <div class='ocr_carea' id='block_1_117' title="bbox 2394 5233 3557 5306">
    <p class='ocr_par' dir='ltr' id='par_1_117' title="bbox 2394 5233 3557 5306">
     <span class='ocr_line' id='line_1_117' title="bbox 2394 5233 3557 5306; baseline 0.008 -20"><span class='ocrx_word' id='word_1_686' title='bbox 2394 5233 2732 5290; x_wconf 88' lang='lat' dir='ltr'><strong>translationi</strong></span> <span class='ocrx_word' id='word_1_687' title='bbox 2771 5237 2897 5292; x_wconf 89' lang='lat' dir='ltr'><strong>huic</strong></span> <span class='ocrx_word' id='word_1_688' title='bbox 2920 5239 3227 5306; x_wconf 86' lang='lat' dir='ltr'><strong>adfuerunt,</strong></span> <span class='ocrx_word' id='word_1_689' title='bbox 3267 5242 3557 5301; x_wconf 85' lang='lat' dir='ltr'><strong>videlicet:</strong></span> 
     </span>
    </p>
   </div>
   <div class='ocr_carea' id='block_1_118' title="bbox 2999 5330 3319 5403">
    <p class='ocr_par' dir='ltr' id='par_1_118' title="bbox 2999 5330 3319 5403">
     <span class='ocr_line' id='line_1_118' title="bbox 2999 5330 3319 5403; baseline 0.019 -19"><span class='ocrx_word' id='word_1_690' title='bbox 2999 5330 3319 5403; x_wconf 77' lang='lat' dir='ltr'><strong>Presbyteri.</strong></span> 
     </span>
    </p>
   </div>
   <div class='ocr_carea' id='block_1_119' title="bbox 2463 5422 3039 5495">
    <p class='ocr_par' dir='ltr' id='par_1_119' title="bbox 2463 5422 3039 5495">
     <span class='ocr_line' id='line_1_119' title="bbox 2463 5422 3039 5495; baseline 0.009 -18"><span class='ocrx_word' id='word_1_691' title='bbox 2463 5427 2696 5479; x_wconf 81' lang='lat' dir='ltr'><strong>Joannes</strong></span> <span class='ocrx_word' id='word_1_692' title='bbox 2727 5422 3039 5495; x_wconf 75' lang='lat' dir='ltr'><strong>Mynheere,</strong></span> 
     </span>
    </p>
   </div>
   <div class='ocr_carea' id='block_1_120' title="bbox 2464 5515 3188 5590">
    <p class='ocr_par' dir='ltr' id='par_1_120' title="bbox 2464 5515 3188 5590">
     <span class='ocr_line' id='line_1_120' title="bbox 2464 5515 3188 5590; baseline 0.014 -22"><span class='ocrx_word' id='word_1_693' title='bbox 2464 5515 2647 5571; x_wconf 81' lang='lat' dir='ltr'><strong>Victor</strong></span> <span class='ocrx_word' id='word_1_694' title='bbox 2680 5518 2744 5572; x_wconf 89' lang='lat' dir='ltr'><strong>de</strong></span> <span class='ocrx_word' id='word_1_695' title='bbox 2774 5520 3188 5590; x_wconf 83' lang='lat' dir='ltr'><strong>Swavenaerde,</strong></span> 
     </span>
    </p>
   </div>
   <div class='ocr_carea' id='block_1_121' title="bbox 2462 5607 2880 5678">
    <p class='ocr_par' dir='ltr' id='par_1_121' title="bbox 2462 5607 2880 5678">
     <span class='ocr_line' id='line_1_121' title="bbox 2462 5607 2880 5678; baseline 0.017 -17"><span class='ocrx_word' id='word_1_696' title='bbox 2462 5607 2691 5664; x_wconf 85' lang='lat' dir='ltr'><strong>Jacohus</strong></span> <span class='ocrx_word' id='word_1_697' title='bbox 2712 5611 2880 5678; x_wconf 78' lang='lat' dir='ltr'><strong>Maes,</strong></span> 
     </span>
    </p>
   </div>
   <div class='ocr_carea' id='block_1_122' title="bbox 2463 5701 3089 5777">
    <p class='ocr_par' dir='ltr' id='par_1_122' title="bbox 2463 5701 3089 5777">
     <span class='ocr_line' id='line_1_122' title="bbox 2463 5701 3089 5777; baseline 0.011 -21"><span class='ocrx_word' id='word_1_698' title='bbox 2463 5701 2709 5771; x_wconf 64' lang='lat' dir='ltr'><strong>Egidius</strong></span> <span class='ocrx_word' id='word_1_699' title='bbox 2745 5704 3089 5777; x_wconf 86' lang='lat' dir='ltr'><strong>Beversluys,</strong></span> 
     </span>
    </p>
   </div>
   <div class='ocr_carea' id='block_1_123' title="bbox 2468 5793 2972 5869">
    <p class='ocr_par' dir='ltr' id='par_1_123' title="bbox 2468 5793 2972 5869">
     <span class='ocr_line' id='line_1_123' title="bbox 2468 5793 2972 5869; baseline 0.006 -23"><span class='ocrx_word' id='word_1_700' title='bbox 2468 5793 2746 5864; x_wconf 87' lang='lat' dir='ltr'><strong>Philippus</strong></span> <span class='ocrx_word' id='word_1_701' title='bbox 2771 5796 2972 5869; x_wconf 83' lang='lat' dir='ltr'><strong>Syron,</strong></span> 
     </span>
    </p>
   </div>
   <div class='ocr_carea' id='block_1_124' title="bbox 2466 5884 2975 5961">
    <p class='ocr_par' dir='ltr' id='par_1_124' title="bbox 2466 5884 2975 5961">
     <span class='ocr_line' id='line_1_124' title="bbox 2466 5884 2975 5961; baseline 0.006 -21"><span class='ocrx_word' id='word_1_702' title='bbox 2466 5884 2753 5943; x_wconf 79' lang='lat' dir='ltr'><strong>Balduinus</strong></span> <span class='ocrx_word' id='word_1_703' title='bbox 2792 5887 2975 5961; x_wconf 82' lang='lat' dir='ltr'><strong>Spoel,</strong></span> 
     </span>
    </p>
   </div>
  </div>
