4212 6506
957 440 1329 503 EXCERPTA
1369 446 1458 502 EX
1499 446 1701 505 ACTIS
1740 448 1796 506 S.
1838 444 2083 502 BA’SILII
2121 444 2639 503 BOLLANDIANIS.

1789 573 1830 628 Α
1858 571 2099 639 AuguSto
2122 567 2442 636 imperante.
2465 581 2520 624 et
2554 576 2811 639 regnante
2834 567 3028 625 Carolo
3051 568 3292 625 secundo
3333 567 3427 623 Hi-

244 560 604 621 Burchardus
638 564 932 632 Kederkin,

243 654 507 713 Nicolaus
542 659 886 714 Brudimont.

804 749 1148 805 Subdiaconi.

241 840 489 896 Jacobus
514 841 584 894 de
607 840 845 912 Campis,

248 932 525 987 llicardus
557 933 625 987 de
652 932 893 1004 Capella,

243 1022 529 1079 llenricus
558 1026 620 1081 de
647 1026 823 1093 Miret,

237 1114 497 1172 Joannes
532 1117 808 1174 Damiens.

838 1210 1103 1281 Acolythi;

248 1300 487 1357 Carolus
529 1304 749 1364 Soillot,

247 1391 493 1447 Joannes
523 1394 590 1447 de
613 1390 842 1465 Feraye,

252 1487 316 1539 Et
341 1484 594 1540 Iacobus
634 1489 698 1541 de
722 1488 1059 1556 Purgatorio.

662 1582 870 1635 Notarii
900 1600 1017 1637 vero
1047 1582 1281 1651 fuerunt,

250 1666 500 1726 Joannes
529 1672 793 1741 Flauting,

251 1758 499 1817 lacubus
533 1762 778 1817 Juvcnis.

253 1848 446 1907 Tertia
508 1850 790 1905 translatio
841 1850 1187 1920 reliquiarum
1242 1856 1415 1911 sancti
1450 1855 1637 1911 Basilii
1704 1857 1759 1913 in

3265 466 3419 507 οειει

1866 660 2176 728 spaniarum
2222 674 2347 728 rege
2373 699 2387 721 ,
2420 657 2685 717 Flandriae
2739 662 2941 717 comite
2967 702 2982 725 ,
3041 663 3429 717 accesserimus

1861 752 2227 819 supradictam
2287 748 2571 804 ecclesiam
2650 750 3055 814 cathedraletn,
3124 752 3431 817 ibidemque

1864 838 2258 910 pontificalibus
2282 838 2473 904 induti,
2508 853 2629 891 cum
2661 839 2918 896 ministris
2944 849 2999 895 et
3031 839 3252 905 lumine,
3298 855 3431 909 pra:-

1865 940 2020 986 sente
2050 932 2195 986 clero
2226 946 2289 985 ac
2322 929 2816 986 honorabilioribus
2843 935 2975 989 viris
3001 930 3143 989 infra
3175 934 3427 986 nomina-

1865 1026 1953 1089 tis,
1979 1031 2033 1077 et
2059 1024 2326 1093 frequenti
2368 1022 2584 1093 populo,
2624 1032 2750 1077 ante
2779 1036 3051 1080 summum
3084 1024 3255 1078 altare
3278 1022 3430 1076 chori

1862 1117 2101 1182 ejusdem
2154 1115 2418 1180 ecclesiae,
2468 1114 2756 1168 decantato
2801 1112 2951 1183 prius
2992 1118 3230 1185 hymno,
3303 1110 3430 1166 Veni

1864 1219 2063 1260 creator
2093 1205 2317 1277 Spiritus
2342 1246 2357 1269 ,
2400 1221 2521 1259 cum
2542 1204 2768 1260 collecta
2817 1202 3056 1271 ejusdem
3084 1242 3100 1267 ,
3146 1216 3429 1276 postquam

1866 1312 1976 1349 rev.
2006 1298 2143 1348 adm.
2178 1294 2430 1349 dominus
2457 1296 2716 1357 decanus,
2752 1290 2861 1345 alta
2894 1308 3022 1346 voce
3044 1332 3060 1359 ,
3092 1296 3305 1347 nomine
3327 1309 3428 1348 suo

1863 1398 1916 1441 et
1947 1388 2165 1457 capituli
2194 1386 2524 1456 exposuerit,
2558 1402 2619 1442 ac
2657 1401 2755 1441 nos
2800 1384 2998 1439 iterum
3058 1386 3333 1457 rogaverit
3374 1398 3431 1439 ut

1864 1477 2207 1544 dignarentur
2236 1477 2488 1546 reliquias
2512 1477 2795 1545 praedictas
2830 1478 3003 1531 sancti
3048 1476 3225 1531 Basilii
3256 1486 3432 1530 trans-

1866 1568 2004 1621 ferre
2037 1570 2102 1620 de
2154 1568 2372 1637 antiquo
2424 1570 2480 1623 in
2538 1582 2731 1622 novum
2778 1570 3070 1633 feretrum;
3112 1568 3431 1639 jusserimus

1864 1662 1931 1713 ad
1959 1674 2055 1713 nos
2086 1657 2266 1712 afferri
2296 1659 2574 1729 antiquam
2610 1672 2827 1727 capsam
2856 1674 2948 1714 seu
2978 1661 3231 1715 feretrum
3256 1659 3395 1712 dicta
3417 1689 3431 1696 -

1862 1766 1980 1805 rum
2029 1751 2376 1820 reliquiarum
2420 1752 2587 1805 sancti
2625 1749 2846 1816 Basilii,
2875 1761 3001 1805 ante
3034 1764 3275 1805 nostrum
3330 1749 3425 1805 lld-

1864 1856 2080 1900 vcntnm
2124 1846 2174 1899 iit
2223 1858 2409 1899 mensa
2460 1858 2489 1896 a
2542 1845 2710 1899 latere
2746 1843 3015 1915 evangelii
3071 1846 3427 1912 expositum:

191 1956 382 1995 novam
411 1942 615 1996 iterum
640 1956 875 2011 capsam,
901 1958 1128 2015 eamque
1156 1959 1493 2019 argenteam,
1537 1960 1759 2022 peracta
1795 1917 1835 1972 Β
1866 1936 2008 2003 quod
2035 1934 2231 2001 praevia
2261 1933 2504 2004 diligenti
2548 1934 2855 1990 visitatione
2904 1935 3205 2005 reperimus
3253 1935 3433 1991 debite

188 2040 266 2082 est
293 2031 397 2085 hac
423 2041 617 2087 nostra
643 2042 817 2099 aetate,
843 2047 985 2091 anno
1006 2037 1212 2093 scilicet
1230 2038 1364 2091 l687
1392 2056 1407 2105 ;
1442 2041 1761 2096 celebritate

191 2134 369 2177 autem
419 2125 644 2194 majori,
680 2126 726 2181 si
774 2126 1090 2199 dignitatem
1118 2144 1471 2201 personarum
1498 2133 1761 2204 excipias,

190 2229 302 2284 qua:
365 2216 649 2286 prioribus
720 2219 1104 2277 interfuerunt.
1160 2220 1373 2277 Etenim
1432 2227 1767 2280 cmremonize

191 2322 376 2364 omnes
410 2311 673 2367 adhibita:
723 2323 890 2377 sunt,
923 2327 1045 2382 quae
1099 2312 1491 2371 solemnitatem
1538 2316 1768 2370 reddere

192 2411 443 2465 poterant
473 2404 864 2474 augustiorem,
892 2404 1316 2477 exquisitissimo
1348 2409 1556 2464 musica
1588 2409 1762 2463 inter-

195 2490 425 2549 cincnte.
472 2494 784 2550 Orationem
809 2494 1055 2552 Latinam
1088 2500 1275 2555 habuit
1304 2501 1369 2557 Β.
1393 2503 1461 2557 Α.
1488 2503 1549 2557 1).
1577 2502 1768 2559 Petrus

196 2581 356 2648 llaes,
425 2588 671 2657 ejusdem
726 2590 1055 2645 cathedralis
1113 2590 1358 2647 ecclesiae
1429 2595 1763 2660 canonicos;

196 2675 488 2745 Belgicam,
562 2679 627 2734 ad
666 2679 962 2736 confertam
1009 2682 1189 2751 populi
1238 2684 1584 2751 concionem,
1629 2686 1767 2740 dixit

197 2765 527 2826 P.1acobus
563 2771 715 2840 Mols,
770 2775 1043 2829 societatis
1090 2773 1217 2830 Jcsu
1269 2774 1651 2831 celeberrimus
1685 2777 1767 2831 sui

199 2864 456 2931 temporis
509 2873 714 2919 orator.
762 2863 995 2937 Reliqua
1046 2866 1139 2922 tibi
1168 2868 1314 2924 dabit
1366 2870 1537 2940 ipsum
1567 2910 1583 2934 ,
1623 2872 1765 2942 quod

198 2965 252 3003 ea
283 2968 453 3021 super
513 2969 571 3008 re
609 2954 914 3011 confectum
944 2968 1047 3023 est,
1096 2959 1368 3026 publicum
1418 2961 1765 3018 illustrissimi

199 3039 392 3096 domini
447 3042 726 3113 episcopi,
782 3044 1037 3114 reliquias
1094 3046 1504 3113 transferentis,
1565 3050 1765 3105 instru-

198 3142 457 3187 mentum.

187 3273 521 3321 IUIBEBTUS
572 3280 890 3321 ϐυιιιεικυε
917 3308 931 3327 .

267 3347 466 3389 ῦιιΑΤΙΑ
496 3352 779 3391 EPXSCOPUS
818 3352 1101 3391 BRUGENSIS
1121 3378 1134 3399 ,
1163 3354 1466 3394 PEBPETUL’S
1489 3356 1552 3395 AC
1578 3357 1761 3395 ΒΕΒΕ-

258 3416 521 3459 υιτλιιιυε
581 3421 855 3458 ηΑΝυιιιιε
909 3422 1335 3473 ολωοειιλιιιυδ,
1407 3424 1578 3463 REGIE
1648 3427 1759 3466 SUAE

264 3487 559 3528 ιλιεδτΑτι
592 3493 622 3527 Α
648 3489 890 3529 CONCILIO
936 3492 1161 3541 STATUS,
1187 3489 1296 3533 etc.

272 3604 295 3635 1
324 3584 611 3642 Universls
648 3598 701 3641 et
727 3588 954 3657 singulis
985 3599 1275 3659 praesentes
1307 3590 1514 3648 litteras
1547 3593 1763 3661 visuris,

199 3689 288 3729 seu
319 3677 421 3748 legi
466 3679 771 3745 auditoris,
798 3681 1023 3735 salutem
1058 3684 1109 3736 in
1146 3682 1392 3739 Domino.
1430 3684 1765 3741 Promotioni

194 3769 372 3825 cultus
434 3782 753 3828 sanctorum
820 3775 1063 3831 studiose
1118 3792 1332 3848 semper
1394 3780 1764 3845 intendimus,

201 3862 430 3917 scientes
476 3864 642 3916 Dcutn
684 3864 1107 3932 omnipotentem
1140 3867 1197 3919 in
1229 3867 1431 3920 sanctis
1459 3868 1568 3922 suis
1598 3868 1767 3921 hono-

201 3964 395 4020 ratum,
424 3965 744 4011 sanctorum
785 3956 1021 4012 cultores
1042 3956 1109 4011 ad
1137 3966 1446 4013 sanctorum
1477 3958 1529 4012 in
1562 3968 1765 4015 azterna

205 4042 535 4103 beatitudine
574 4048 889 4103 societatem
926 4049 1233 4120 disponere,
1256 4059 1312 4105 et
1344 4050 1615 4106 ellicacius
1639 4067 1763 4121 per-

202 4134 408 4195 ducere.
458 4138 597 4193 Cutn
645 4139 828 4209 itaque
853 4154 1044 4210 nuper,
1074 4157 1141 4197 ex
1168 4142 1369 4213 pietate
1398 4154 1451 4198 et
1508 4145 1761 4199 munifica

198 4226 523 4286 liberalitate
554 4233 835 4287 reverendi
860 4235 1005 4289 adm.
1039 4234 1241 4288 domini
1270 4235 1493 4304 Eugenii
1517 4236 1581 4290 de
1606 4233 1761 4307 Vlcq,

205 4323 384 4379 decani
418 4325 666 4383 ecclesia)
710 4328 1041 4384 cathedralis
1098 4325 1282 4381 Sancti
1331 4328 1643 4395 Donatiani,
1672 4331 1767 4383 ab-

205 4415 371 4473 soluto
423 4432 591 4487 opere
650 4419 774 4475 novi
836 4418 1021 4475 feretri
1076 4432 1353 4474 sacrarum
1408 4421 1762 4491 reliquiarum

201 4510 361 4565 sancti
412 4510 603 4565 Basilii
656 4510 829 4582 Magni
861 4553 875 4576 ,
902 4512 1161 4568 Caesarea:
1192 4512 1242 4566 in
1274 4512 1615 4582 Cappadocia
1668 4529 1763 4568 ar-

996 3282 1081 3320 DEI
1128 3284 1195 3321 ετ
1235 3284 1573 3326 srosrouca:
1614 3264 1832 3326 ssntsC

1866 2026 2165 2080 occlusum.
2203 2028 2509 2098 Apertoque
2534 2028 2601 2081 de
2628 2029 2881 2082 mandato
2906 2039 3093 2083 nostro
3120 2030 3264 2084 dicto
3294 2032 3434 2082 aliti-

1869 2132 1974 2186 quo
2002 2119 2222 2183 feretro,
2252 2130 2465 2188 reperta
2490 2121 2591 2176 fuit
2616 2121 2667 2176 in
2686 2135 2751 2177 eo
2773 2120 2996 2192 parvula
3017 2121 3206 2176 cistula
3230 2122 3433 2193 lignea,

1869 2212 2032 2265 rubro
2058 2211 2294 2281 depicta,
2329 2211 2556 2266 vinculis
2582 2214 2774 2268 ferreis
2796 2215 2934 2268 bene
2960 2212 3176 2267 occlusa
3202 2231 3217 2280 ;
3252 2214 3302 2267 in
3325 2229 3430 2285 qua

1870 2302 2163 2366 reperimus
2205 2301 2308 2354 tria
2339 2316 2484 2366 ossa,
2515 2315 2707 2369 nempe
2738 2315 2986 2372 magnam
3021 2312 3229 2373 partem
3256 2303 3425 2373 spina:

1870 2389 2037 2451 dorsi,
2068 2391 2152 2444 cui
2177 2390 2329 2444 allisa
2358 2402 2441 2446 est
2476 2390 2731 2445 scliedula
2785 2406 3133 2461 pergameua,
3168 2395 3220 2448 in
3250 2394 3433 2449 verbis

1868 2482 2170 2545 continens,
2202 2480 2478 2543 Βειιουιιε
2515 2498 2701 2537 δΑΝοτι
2734 2482 2934 2537 Βιδιιιι
2978 2498 3379 2539 Αιιοιιιεριεςοιιι
3412 2500 3429 2550 ;

1868 2584 1921 2631 et
1942 2577 2048 2631 duo
2076 2576 2206 2640 alia,
2238 2575 2399 2631 simul
2430 2576 2665 2631 involuta
2688 2575 2961 2646 gossypio,
2980 2586 3032 2631 et
3056 2579 3285 2631 obducta
3311 2578 3432 2632 albo

1868 2666 2041 2721 serico
2071 2667 2431 2731 Damasceuo,
2461 2682 2582 2721 cum
2614 2667 2813 2723 litteris
2836 2667 2889 2721 in
2926 2681 3276 2738 perganteno,
3302 2684 3427 2724 cum

1873 2768 2066 2823 magno
2106 2755 2282 2824 sigillo
2308 2756 2493 2820 rubro,
2516 2756 2807 2810 exhibentc
2834 2755 3062 2823 cllig’iem
3095 2765 3431 2825 equestrem,

1868 2856 1921 2901 et
1952 2845 2142 2902 sericis
2187 2847 2424 2917 antiquis
2476 2846 2785 2917 ligamentis
2813 2844 3115 2913 adiunctis:
3152 2848 3308 2916 cujus
3340 2849 3419 2909 le-

1868 2948 2043 3006 ctura,
2068 2938 2249 2993 tamin
2278 2938 2455 3009 sigillo
2484 2954 2647 3008 quam
2678 2939 2730 2994 in
2751 2956 3095 3012 pergameno,
3125 2956 3228 3008 nou
3258 2942 3435 3011 potuit

1868 3030 2004 3095 fieri,
2051 3040 2270 3102 propter
2299 3031 2516 3086 nimiam
2563 3040 2906 3087 vetustatem.
2971 3032 3227 3103 Dictoque
3277 3047 3431 3096 ossa,

1869 3124 2209 3193 discoOperta
2232 3134 2288 3179 et
2320 3122 2531 3193 integre
2561 3124 3060 3187 inventa,otunibus
3082 3124 3435 3193 praesentibus

1870 3216 2169 3268 veneranda
2197 3215 2545 3283 exposuimus
2569 3222 2627 3267 et
2648 3212 2989 3268 exhibuimus
3022 3230 3037 3267 :
3065 3227 3127 3267 ac
3153 3212 3438 3283 praedictas

1872 3303 2128 3374 reliquias
2153 3344 2169 3369 ,
2216 3306 2270 3359 in
2318 3304 2584 3374 corporali
2636 3304 2743 3359 alio
2772 3307 2971 3359 mundo
3009 3304 3434 3372 simuljunctas,

1870 3395 2120 3449 decenter
2141 3396 2387 3451 manibus
2409 3400 2607 3454 nostris
2650 3398 2996 3463 involvimus,
3032 3410 3088 3453 et
3113 3398 3165 3453 in
3193 3412 3431 3468 praesen-

1873 3486 1946 3539 tia
1972 3498 2154 3542 nostra
2180 3488 2232 3542 in
2253 3490 2441 3545 eodem
2473 3490 2739 3560 corporali
2770 3492 2957 3546 consul
2988 3491 3302 3546 curavimus
3326 3490 3432 3547 filis

1868 3602 2102 3667 byssinis
2134 3616 2147 3654 :
2176 3604 2241 3657 ad
2273 3617 2410 3673 quas
2434 3600 2655 3657 eosdem
2705 3604 3033 3659 reverendus
3056 3605 3344 3660 admodum
3368 3620 3431 3661 ac

1868 3696 2203 3751 venerabiles
2252 3695 2499 3750 dominos
2548 3695 2615 3750 de
2663 3696 2809 3750 clero
2863 3695 3101 3764 ejusdem
3144 3697 3430 3764 ecclesiae,

1869 3784 2109 3853 aliosque
2160 3783 2513 3838 notabiliores
2542 3794 2858 3854 praesentes,
2891 3794 2997 3839 tam
3036 3784 3432 3841 ecclesiasticos

1868 3890 2029 3945 quam
2060 3874 2368 3941 saeculares,
2401 3878 2466 3930 ad
2496 3876 2735 3932 osculum
2770 3887 2895 3931 ante
2931 3890 3201 3930 summum
3261 3864 3431 3927 altare

1869 3966 2106 4036 praedicti
2145 3966 2294 4021 chori
2322 3982 2416 4037 per
2442 3968 2683 4023 ordinem
2708 3968 3045 4022 admisimus.
3077 3964 3428 4019 Postmodum

1867 4072 2053 4112 omnes
2077 4059 2289 4115 easdem
2326 4059 2582 4130 reliquias
2614 4097 2630 4121 ,
2682 4057 2827 4112 dicto
2864 4056 3129 4127 corporali
3172 4055 3430 4118 inclusas,

1868 4149 1920 4203 in
1957 4163 2099 4205 novo
2134 4151 2311 4206 serico
2336 4148 2700 4205 czeruleotilis
2733 4149 2925 4204 sericis
2963 4147 3201 4216 ejusdem
3232 4145 3433 4201 coloris

1868 4241 2212 4296 involvimus.
2270 4240 2511 4309 Denique
2548 4239 2686 4295 idem
2730 4240 3072 4296 involucrum
3114 4236 3431 4293 inclusimus

1866 4348 2017 4388 nova:
2042 4334 2266 4394 cistutze.
2301 4336 2367 4385 ab
2390 4342 2539 4387 extra
2579 4331 2781 4387 all‘abre
2818 4332 3068 4402 depictas,
3098 4341 3153 4385 et
3181 4342 3431 4399 superum

1868 4425 2140 4493 inscriptae
2192 4424 2353 4479 rubro
2406 4425 2625 4479 colore:
2661 4424 2941 4487 Rauenna
2985 4437 3174 4478 SANC'I'I
3222 4422 3426 4477 Butut

1868 4517 2064 4581 MAGNI,
2090 4532 2410 4573 τιιΑκειΑτιε
2438 4532 2534 4571 χιιι
2585 4516 2727 4572 Juati
2768 4517 2937 4578 l687;
2972 4525 3026 4571 et
3057 4514 3124 4569 ab
3154 4515 3294 4569 intra
3341 4528 3431 4569 co-

199 4598 526 4673 chiepiscopi
566 4612 620 4657 et
675 4604 1029 4671 confessoris,
1084 4605 1369 4675 singularis
1422 4605 1658 4673 patroni,
1728 4622 1755 4659 a
1794 4602 1839 4655 D
1867 4619 2066 4680 operta:
2100 4611 2276 4664 satino
2305 4609 2536 4664 εδει-ιιιεο
2568 4610 2751 4678 (quam
2778 4608 3142 4677 przeviejuxta
3171 4605 3426 4675 prmscri~

204 4694 371 4751 multis
418 4706 569 4751 retro
607 4697 817 4751 sacculis
867 4698 919 4752 in
950 4699 1135 4752 eadem
1187 4697 1413 4751 ecclesia
1465 4697 1761 4752 catltcdrali

202 4795 639 4855 asset'vatarum,
694 4800 749 4843 et
813 4795 912 4859 pizc
966 4790 1301 4843 venerationi
1361 4790 1758 4855 exhibitarnm;

198 4876 333 4929 adm.
366 4882 652 4935 reverendi
704 4891 757 4935 et
814 4883 1144 4937 venerabiles
1191 4880 1433 4945 domini,
1472 4880 1763 4951 praedictus

205 4967 430 5027 decanus
469 4984 522 5027 et
558 4972 847 5041 capitulum
879 4974 1117 5043 ejusdem
1144 4973 1413 5036 ecclesiae,
1446 4972 1761 5027 desideran-

206 5070 277 5115 tes
315 5080 411 5134 pro
463 5080 619 5135 posse
661 5066 917 5120 mandare
972 5068 1303 5121 exsecutiuni
1355 5067 1758 5122 translationem

206 5155 578 5219 pradictarutn
622 5166 934 5210 sanctarum
996 5157 1347 5221 reliquiarum
1378 5198 1393 5222 ,
1431 5173 1496 5212 ex
1528 5160 1753 5229 antiquo

209 5240 255 5293 in
278 5247 605 5301 autedictum
636 5260 833 5301 novum
860 5245 1121 5302 feretrum
1141 5287 1157 5312 ,
1185 5263 1282 5302 nos
1310 5248 1485 5303 debita
1511 5265 1629 5304 cum
1674 5252 1760 5304 in-

206 5340 387 5393 stantia
439 5337 811 5407 requisierint,
851 5338 901 5392 id
934 5337 1048 5393 lleri
1084 5353 1204 5392 cum
1249 5338 1683 5397 solemnitatibus
1707 5351 1763 5397 et

209 5430 537 5487 cmremoniis
560 5429 881 5500 opportunis
904 5429 969 5483 ad
1003 5430 1103 5483 hoc
1135 5429 1425 5498 requisitis.

274 5537 291 5569 ι
330 5521 467 5575 Hinc
521 5530 603 5574 est
629 5522 770 5589 quod
823 5534 919 5573 nos
957 5534 1017 5573 ea
1055 5521 1120 5573 de
1147 5533 1345 5583 causa,
1375 5534 1516 5573 anno
1549 5518 1761 5575 Domini

212 5608 484 5667 millesime
512 5612 911 5682 sexcentesimo
953 5622 1116 5680 atque
1147 5611 1478 5681 octogesimo
1503 5613 1757 5682 septimo,

210 5705 394 5759 mensis
416 5703 565 5758 Junii
602 5703 689 5758 die
733 5718 827 5756 xui
860 5743 875 5765 ,
928 5704 1099 5771 pridie
1139 5703 1261 5757 festi
1312 5702 1551 5773 ejusdem
1584 5704 1758 5759 sancti

209 5789 392 5862 Basilii,
423 5798 651 5852 sedente
692 5794 744 5847 in
774 5793 1027 5849 cathedra
1056 5793 1227 5851 sancti
1256 5793 1401 5849 Petri
1452 5792 1636 5849 Romae
1667 5794 1757 5849 ln-

204 5890 435 5945 Itocentio
476 5903 621 5943 oaua
666 5886 785 5943 eius
839 5886 1072 5943 nominis
1124 5884 1443 5952 undecimo,
1483 5884 1756 5951 Leopoldo

1870 4710 2016 4769 ptum
2077 4698 2411 4753 Pontilicalis
2463 4700 2712 4763 Romani,
2737 4715 2856 4753 cum
2888 4699 3144 4769 praedicto
3176 4710 3313 4751 novo
3348 4694 3430 4751 fe-

1868 4806 2013 4850 retro
2048 4793 2235 4861 majori
2267 4804 2546 4864 argenteo,
2579 4790 2969 4860 benediximus)
2991 4804 3095 4843 una
3140 4803 3264 4844 cum
3288 4800 3425 4858 prae-

1866 4888 2106 4943 sentibus
2163 4887 2364 4943 nostris
2421 4884 2633 4947 litteris,
2676 4884 2935 4952 prardicto
2989 4890 3300 4950 pervetusto
3346 4880 3425 4935 illi

1864 4992 2188 5050 pergameno
2212 4977 2504 5040 transfixis,
2541 4977 2681 5031 inter
2715 4978 2852 5029 duas
2888 4972 3141 5028 culcitras
3162 4987 3224 5027 ex
3249 4972 3428 5027 satino

1864 5072 2092 5124 caeruleo
2127 5070 2193 5123 ab
2234 5079 2461 5139 utraque
2489 5081 2644 5137 parte
2672 5067 2865 5133 factas,
2916 5082 2980 5122 ac
3015 5068 3166 5137 copia
3190 5082 3286 5136 per
3328 5083 3427 5121 nos

1864 5161 2229 5215 authenticata
2261 5170 2313 5214 et
2347 5160 2583 5230 sigillata
2629 5157 2907 5227 cujusdam
2940 5159 3238 5213 testimonii
3292 5160 3423 5213 anni

1864 5251 2133 5306 millesimi
2161 5250 2436 5305 centesimi
2457 5248 2771 5318 octogesimi
2805 5248 2943 5302 sexti
2969 5262 3064 5302 vtit
3088 5246 3206 5304 Kal.
3243 5248 3421 5315 Junii;

1863 5357 1967 5412 qua
2001 5349 2170 5410 patet,
2202 5356 2297 5411 per
2329 5340 2633 5409 Philippum
2656 5380 2671 5404 ,
2707 5338 2874 5393 lilium
2907 5336 3229 5396 Tlteodorici
3256 5343 3429 5395 conti-

1865 5444 1973 5489 tcm
2018 5432 2305 5498 Flandriaa,
2362 5432 2413 5486 iu
2448 5431 2729 5501 praesentia
2759 5430 3014 5485 Florentii
3040 5431 3258 5485 comitis
3293 5428 3422 5484 Hol-

1862 5522 2076 5587 landize,
2113 5521 2339 5577 Gerardi
2387 5521 2657 5591 praepositi
2719 5518 2900 5576 Sancti
2957 5520 3260 5585 Donatiani,
3295 5520 3420 5576 item

1862 5612 2087 5668 Gerardi
2116 5614 2381 5683 prazpositi
2417 5612 2668 5677 insulani,
2692 5621 2748 5667 et
2773 5610 2961 5681 reliqui
3012 5611 3144 5666 cleri
3178 5610 3423 5666 ecclesia:

1865 5703 2049 5759 Sancti
2084 5702 2389 5770 Dotiatiani,
2416 5703 2700 5773 praedictas
2749 5703 3003 5771 reliquias
3033 5704 3204 5757 sancti
3230 5700 3418 5758 thsiiii

1863 5796 2039 5867 Magni
2066 5836 2080 5861 ,
2127 5796 2373 5865 aliasque
2406 5798 2711 5866 complures
2746 5796 2914 5852 fuisse
2953 5797 3198 5851 visitatas
3225 5797 3423 5852 debitis

1863 5888 2199 5944 caeremoniis
2228 5928 2243 5952 ,
2296 5899 2349 5945 ct
2379 5888 2553 5954 sigillo
2610 5888 2851 5957 ejusdem
2891 5886 3105 5945 comitis
3149 5885 3420 5945 Flandrim
