4212 6502
736 468 907 511 ιοςειι

2098 441 2639 503 ΡΚΟΕΕΟΟΜΕΝΑ.

736 574 1015 643 adjuncto,
1047 568 1293 639 apposito
1350 568 1639 623 antedictis:
1675 582 1827 623 nova:
1873 566 2079 623 cistula
2126 566 2304 640 sigillo
2336 585 2379 638 Α
2407 563 2794 633 iiuogbstrate,
2834 560 3038 616 comite
3074 560 3138 614 de
3168 558 3521 629 lleucbourg,
3556 573 3584 612 a
3612 558 3852 615 consilio
3883 562 3983 616 mis

738 673 946 727 nostro,
978 663 1047 717 ab
1078 671 1308 731 utroque
1335 658 1512 716 latere
1539 659 1594 714 in
1627 673 1750 714 cera
1785 659 1971 714 rubra.

814 774 834 809 ι
873 755 1004 811 Acta
1042 751 1268 809 fuerunt
1297 752 1410 808 hac
1436 751 1488 807 in
1518 751 1690 807 choro
1711 764 1851 822 saepe
1868 750 2028 806 dictat
2063 750 2307 806 ecclesiae.

738 847 1060 907 catbedralis
1090 846 1273 902 Sancti
1313 844 1599 901 Donatiani
1627 844 1813 915 Brugis
1838 883 1854 907 ,
1880 858 2047 907 anno,
2095 858 2304 907 mense,

738 951 794 997 et
822 942 931 1005 die,
957 939 1153 1009 quibus
1174 953 1363 1008 supra,
1390 936 1746 1006 pmsentibus
1780 935 1834 990 itt
1862 935 2052 990 eadem
2083 934 2307 989 solemni

737 1032 1092 1089 translatione
1123 1029 1410 1086 admodum
1441 1028 1753 1084 reverendis
1807 1038 1865 1083 et
1907 1029 2309 1085 venerabilibus

733 1124 992 1190 dominis,
1014 1121 1267 1178 videlicet
1295 1120 1464 1176 nobili
1502 1120 1725 1176 domino
1758 1120 2002 1191 Eugenio
2036 1120 2102 1175 de
2141 1120 2298 1191 Vicq,

737 1217 789 1272 J.
846 1216 909 1273 υ.
946 1216 1009 1272 ι..
1048 1214 1315 1285 praedictae
1369 1212 1614 1269 ecclesia
1672 1214 1906 1279 decano;
1968 1212 2033 1267 D.
2087 1211 2300 1269 Joanne

738 1307 1005 1374 Pinckel,
1061 1306 1120 1363 8.
1165 1306 1231 1363 Τ.
1265 1305 1330 1361 L.
1381 1304 1805 1371 archidiacono;
1863 1306 1928 1360 D.
1982 1303 2184 1360 Jacobo
2243 1306 2309 1360 de

732 1402 903 1467 Crits,
957 1409 1216 1463 cautore;
1250 1394 1546 1454 D.Joanue
1593 1397 1662 1453 de
1702 1397 1901 1469 Biissy,
1939 1396 1999 1453 8.
2026 1397 2088 1452 Τ.
2127 1398 2189 1451 Ι..
2221 1413 2311 1451 ar-

738 1493 1188 1564 t'bipresbytero;
1241 1488 1302 1546 D.
1342 1488 1554 1546 Joanne
1604 1487 1902 1545 Francisco
1954 1492 2020 1547 de
2077 1490 2311 1545 Baillcn-

737 1593 917 1647 court,
946 1581 997 1639 J.
1037 1583 1100 1637 V.
1134 1581 1195 1637 L.
1234 1581 1404 1637 nobili
1437 1581 1501 1635 D.
1525 1579 1735 1636 Joanne
1760 1597 1861 1635 van
1897 1582 2124 1646 Vultlen,
2160 1581 2208 1636 J.
2240 1579 2306 1634 V.

742 1676 809 1731 L.
849 1677 910 1731 D.
936 1674 1230 1731 Francisco
1253 1688 1358 1728 van
1389 1670 1564 1728 Terre
1584 1710 1599 1736 ,
1630 1671 1694 1726 D.
1728 1672 1951 1729 Claudio
1974 1674 2178 1743 Λετριιί
2210 1714 2225 1737 ,
2256 1672 2305 1726 J.

740 1768 807 1824 V.
840 1768 901 1823 D.
928 1768 1093 1824 nobili
1122 1765 1185 1820 D.
1224 1764 1464 1821 Roberto
1486 1763 1796 1820 Alexandro
1858 1765 1924 1819 de
1980 1765 2211 1838 iiayuin,
2255 1766 2305 1821 J.

744 1859 810 1915 U.
841 1860 902 1915 D.
930 1858 1159 1913 Alherto
1188 1855 1499 1929 Ciaysntan,
1531 1854 1580 1910 J.
1618 1854 1683 1913 U.
1712 1855 1773 1911 L.
1810 1857 1974 1912 nobili
2019 1858 2080 1911 ι).
2114 1858 2310 1913 Carolo

2412 658 2557 714 litari
2614 671 2728 711 sua:
2782 653 3085 724 maiestatis
3134 662 3189 707 et
3241 653 3727 724 superintcutlente
3779 654 3990 709 militiae

2408 747 2701 821 provincia:
2731 746 3042 808 Flaudriw;
3070 744 3231 799 nobili
3261 746 3321 799 D.
3353 745 3697 799 Fertlittantlo
3728 747 3989 815 Augusti-

2412 857 2481 896 no
2501 840 2568 895 de
2610 839 2762 909 Vicq,
2812 841 3074 906 taparcha
3110 838 3175 890 tle
3204 835 3488 889 Meulevelt
3521 847 3575 891 et
3619 838 3983 901 Desmarteis,

2411 931 2649 987 civitatis
2698 930 2993 999 Brttgensis
3050 929 3321 982 sculteto:
3356 926 3521 979 nobili
3563 926 3627 981 D.
3685 925 3989 981 Francisco

2411 1025 2557 1079 bans
2589 1064 2603 1089 ,
2637 1021 2921 1093 Toparcba
2973 1023 3038 1076 de
3092 1017 3543 1074 Meetkerckbove
3569 1058 3584 1083 ,
3617 1020 3981 1090 Brugensium

2411 1117 2835 1189 burgimsgistro
2862 1114 3148 1183 primario;
3198 1112 3362 1168 nobili
3391 1113 3450 1167 D.
3468 1112 3697 1166 Claudio
3715 1114 3780 1166 de
3800 1111 3896 1166 Con
3914 1121 3986 1173 te,

2411 1209 2765 1277 Brugcnsium
2804 1205 3223 1276 burgimagistro
3249 1203 3601 1265 secundario;
3630 1203 3797 1256 nobili
3829 1201 3988 1257 Chri—

2410 1302 2670 1371 stopboro
2701 1314 2805 1353 van
2842 1299 3068 1363 V'olden,
3102 1297 3280 1367 primo
3326 1295 3685 1365 Brugensium
3733 1293 3991 1363 graphia-

2413 1394 2529 1458 rio;
2566 1393 2731 1447 nobili
2789 1391 3087 1447 Philiberto
3148 1406 3249 1443 van
3302 1388 3544 1452 Volden,
3605 1388 3866 1454 toparcba
3920 1392 3990 1442 de

2408 1486 2694 1558 Creugert,
2734 1485 3251 1541 Francouutensium
3280 1484 3509 1539 consule
3555 1484 3847 1551 primario;
3882 1498 3985 1536 no-

2412 1579 2507 1635 bili
2535 1582 2595 1633 D.
2626 1578 2849 1634 Nicolao
2874 1577 3109 1633 d‘Heerc
3128 1617 3144 1641 ,
3175 1576 3695 1632 Frauconatcnsiutu
3722 1576 3987 1640 consule;

2410 1671 2817 1729 consultissima
2850 1671 3068 1727 domino
3095 1670 3295 1725 Jacobo
3334 1673 3400 1725 de
3430 1670 3782 1739 Stcenberge,
3812 1667 3989 1722 Fran-

2409 1766 2791 1821 conatensium
2843 1763 3151 1836 grapitiario
3197 1762 3495 1833 primario;
3556 1751 3988 1832 generosissi’mo

2415 1858 2533 1913 viro
2565 1858 2629 1914 D.
2658 1858 2949 1912 Ambrosio
2977 1855 3043 1911 de
3085 1854 3415 1924 Pracipiano
3460 1856 3656 1911 comite
3688 1855 3755 1910 de
3815 1855 3983 1926 δον,

743 1951 945 2016 Triest,
971 1948 1022 2005 J.
1046 1947 1111 2004 υ.
1146 1948 1206 2003 L.
1245 1948 1304 2002 D.
1342 1948 1576 2003 Henrico
1599 1947 1893 2013 Mortel,D.
1919 1947 2127 2002 Joanne
2154 1949 2309 2019 Bapt.
2342 1954 2385 2009 Β
2417 1952 2577 2021 regia!
2626 1965 2737 2006 sua:
2783 1950 3057 2020 majestati
3095 1963 3125 2003 a
3159 1947 3403 2003 consiliis
3444 1950 3649 2003 bellicis
3690 1959 3744 2003 et
3774 1948 3988 2001 militia:

742 2040 980 2105 Besmte,
1008 2038 1058 2095 J.
1100 2037 1163 2094 υ.
1190 2039 1251 2093 L.
1286 2039 1347 2093 ι).
1388 2039 1611 2094 Nicoiao
1642 2037 1900 2107 Rosignol
1924 2078 1939 2100 ,
1969 2038 2033 2092 D.
2068 2038 2312 2107 Gaspare

737 2133 940 2190 Celson
970 2172 987 2199 ,
1033 2134 1094 2187 D.
1125 2130 1418 2185 Theodoro
1447 2129 1666 2194 Benoit,
1703 2129 1867 2184 nobili
1904 2130 1965 2184 D.
2004 2130 2313 2185 Alexandro

738 2240 843 2277 van
884 2222 1109 2285 Volden,
1143 2217 1194 2274 J.
1221 2218 1283 2273 V.
1314 2219 1374 2273 Ι..
1405 2217 1465 2271 D.
1496 2218 1693 2274 Carolo
1728 2217 1918 2272 Alexio
1970 2220 2035 2273 de
2076 2218 2313 2273 Baillen-

739 2324 919 2379 court,
954 2310 1002 2368 J.
1043 2311 1103 2367 V.
1136 2311 1287 2377 L.,D.
1312 2310 1521 2367 Jonntte
1555 2310 1713 2380 Bapt.
1762 2311 1970 2365 vanden
2010 2310 2308 2381 Bogaertie,

743 2409 805 2463 D.
834 2405 1105 2463 Ludovico
1135 2405 1399 2471 Collaert,
1457 2405 1517 2459 D.
1546 2405 1706 2461 Petro
1738 2404 1905 2472 ﬂues,
1930 2404 1980 2460 J.
2020 2404 2085 2461 ν.
2111 2405 2176 2461 ι..
2212 2422 2307 2461 no-

740 2499 835 2555 bili
864 2498 927 2553 D.
951 2497 1242 2555 Guilielmo
1263 2496 1501 2567 Josepbo
1536 2496 1799 2553 Alverado
1826 2513 1860 2569 y
1888 2498 2305 2562 Braccamonte,

740 2591 905 2646 nobili
938 2591 1001 2646 D.
1032 2588 1236 2645 Jacobo
1271 2588 1565 2643 Francisco
1591 2589 1659 2643 de
1684 2589 1926 2652 Arandu,
1953 2587 2004 2642 J.
2038 2586 2103 2641 V.
2140 2588 2201 2642 L.
2248 2590 2307 2643 D.

740 2681 903 2737 Petro
932 2680 1211 2747 Stalpacrt
1241 2696 1256 2744 ;
1288 2677 1601 2742 canonicis,
1634 2676 1967 2749 presbyteris
1997 2693 2059 2733 ac
2102 2678 2311 2747 reliquo

740 2773 986 2842 ejusdem
1048 2771 1207 2827 chori
1249 2770 1498 2835 clerico;
1546 2784 1752 2826 necnon
1802 2770 1945 2824 adm.
2002 2772 2312 2826 reverendis

744 2862 1229 2935 ctyeuerabiiibus
1262 2861 1514 2928 dominis,
1550 2861 1658 2917 DD.
1716 2860 1936 2917 Placido
1962 2859 2307 2927 Ot-kerhout,

739 2964 797 3009 et
825 2951 1057 3009 lartino
1091 2952 1257 3019 Colle,
1292 2950 1350 3008 8.
1381 2952 1616 3008 Andreae
1658 2960 1717 3007 et
1760 2950 2089 3009 Dunensium
2122 2967 2309 3023 respe-

740 3044 885 3100 ctive
922 3043 1245 3109 abbatibus;
1296 3044 1354 3098 Ι).
1415 3041 1625 3100 Judoco
1655 3042 1832 3100 Ranst
1857 3041 1908 3099 J.
1946 3042 2009 3099 V.
2039 3040 2103 3097 ι..
2132 3052 2187 3097 et
2210 3043 2310 3100 de-

739 3149 881 3189 cano
935 3134 1182 3189 ecclesia:
1236 3133 1571 3190 cathedraiis
1624 3134 1685 3190 8.
1746 3134 1980 3191 Bavonis
2016 3134 2306 3201 Gandavi;

2414 2043 2701 2112 prtel’ecto;
2750 2042 3175 2115 generosissimo
3201 2040 3319 2094 viro
3352 2040 3414 2093 D.
3445 2039 3669 2093 Albcrto
3709 2040 3776 2094 de
3806 2038 3989 2094 Mero-

2412 2134 2481 2190 de
2507 2174 2522 2199 ,
2550 2136 2750 2191 comite
2790 2136 2857 2191 de
2896 2135 3110 2191 Wattou
3143 2141 3201 2186 et
3237 2130 3414 2186 Thian
3440 2170 3456 2195 ,
3494 2130 3710 2185 tribuno
3756 2129 3989 2200 legionis

2414 2228 2680 2297 pedestris
2703 2227 2939 2299 praesidii
2976 2224 3294 2296 Brugensis,
3316 2224 3480 2279 nobili
3504 2222 3708 2279 Jacobo
3730 2222 3797 2279 de
3812 2222 3987 2278 Cruo-

2412 2315 2675 2381 nendale,
2710 2316 2825 2371 vice
2880 2314 3079 2368 comite
3120 2315 3185 2369 de
3220 2312 3493 2383 Vlieriuge
3518 2353 3536 2380 ,
3600 2312 3859 2382 toparcha
3920 2314 3989 2365 de

2412 2407 2742 2470 Breetltuttt;
2800 2408 2969 2463 nobili
3017 2407 3081 2464 D.
3137 2406 3388 2477 Philippo
3418 2408 3643 2461 Albertu
3697 2407 3766 2459 de
3805 2404 3983 2473 Vico.

2414 2500 2617 2554 barone
2649 2500 2715 2555 de
2744 2499 3021 2570 Cumtigit,
3055 2500 3315 2570 toparclta
3348 2497 3417 2553 de
3446 2496 3819 2567 Visscnnacq;
3876 2513 3983 2551 uo-

2413 2589 2505 2641 bili
2532 2590 2591 2641 D.
2635 2588 2846 2643 Joanne
2888 2589 3115 2651 Cariilo,
3152 2588 3413 2659 toparcba
3444 2589 3510 2643 de
3537 2589 3939 2658 Cauwerbourg
3966 2604 3985 2656 ;

2414 2677 2581 2731 nobili
2619 2678 2678 2731 D.
2715 2678 2906 2733 Carole
2956 2678 3159 2742 Gillon,
3214 2680 3470 2748 toparcba
3514 2682 3581 2734 de
3631 2678 3983 2750 Snellegem;

2412 2781 2468 2825 et
2515 2769 2571 2824 itt
2606 2771 2893 2839 prasentia
2933 2770 3288 2840 plurimorum
3346 2772 3765 2827 reverctnlorunt
3815 2782 3985 2843 atque

2414 2861 2810 2917 bonorubilium
2865 2864 3149 2932 utriusque
3182 2863 3393 2919 ordinis
3422 2864 3687 2919 virorum.
3746 2862 3801 2917 in
3850 2878 3988 2933 quo-

2412 2967 2531 3008 rum
2584 2956 2827 3010 omniunt
2868 2956 3027 3012 iidem
3083 2972 3149 3012 ac
3205 2956 3572 3014 testimonium
3622 2956 3720 3013 has
3773 2954 3988 3011 litteras

2411 3045 2626 3115 propria
2672 3061 2832 3101 manu
2879 3048 3249 3117 signavimus,
3302 3064 3509 3105 necnon
3558 3046 3751 3119 majori
3786 3055 3975 3103 nostro

2412 3138 2586 3206 sigillo
2615 3177 2631 3200 ,
2660 3150 2714 3191 et
2748 3140 3030 3194 secretarii
3066 3142 3237 3196 nostri
3275 3144 3557 3212 signatura
3584 3180 3602 3208 ,
3656 3138 3988 3196 communiri

743 3226 1055 3283 revereudis
1106 3224 1350 3295 patribus
1409 3223 1606 3280 Carolo
1667 3223 1950 3280 Claesman
2013 3234 2067 3281 et
2110 3223 2311 3279 Jacobo
2347 3290 2376 3295 _
2408 3225 2690 3295 jttssitnus.

739 3317 897 3384 Nola,
933 3316 1269 3389 presbyteris
1301 3316 1596 3373 Societatis
1619 3315 1770 3374 Jesu.

808 3408 1174 3467 Pmaentibus
1230 3409 1394 3465 etiam
1452 3418 1547 3464 aut
1595 3408 1844 3496 invitatis
1903 3408 2310 3480 praenobiiibus,

741 3500 1022 3571 generosis
1059 3515 1121 3555 ac
1149 3500 1557 3558 houorabilibus
1606 3502 1739 3557 viris
1766 3501 1875 3557 DD.
1906 3501 2306 3557 excellentissi-

742 3606 831 3644 tnu
871 3589 1093 3646 domino
1144 3591 1408 3661 i'rocOpio
1434 3592 1499 3648 de
1534 3589 1742 3661 Laieiu,
1781 3605 1849 3650 ex
1883 3592 2176 3649 comitibus
2236 3593 2302 3649 de

3041 3318 3104 3374 ll.
3137 3321 3202 3377 ϐ.
3233 3338 3513 3382 cetscorus
3547 3338 3859 3382 suucsusts.
3892 3341 3913 3376 ι

2421 3404 2564 3463 inira
2595 3448 2612 3474 ,
2671 3409 2737 3464 de
2789 3414 3040 3463 mandato
3081 3412 3423 3469 illustrissimi
3475 3433 3537 3471 ac
3570 3416 3989 3473 rererendissitat'

2900 3480 3011 3538 Diti
3038 3483 3261 3551 episwpt'
3281 3486 3511 3553 prafcts‘.

2559 3592 2927 3650 Brottcltmans
2951 3602 3209 3651 secretar.
3244 3591 3399 3650 i687.

1340 3929 1488 4018 DE
1564 3928 1842 4020 Vi'i‘A
1912 3929 2006 4019 s.
2084 3929 2518 4019 BASiLll
2596 3927 3384 4055 APOCRYPHA‘,

1198 4124 1273 4187 Et
1312 4132 1530 4191 sancto
1586 4123 2025 4207 Amphilochia
2086 4126 2391 4208 episcopo
2448 4125 2761 4190 Iconiensi
2812 4142 3147 4209 perperam
3206 4125 3529 4207 imputata.

811 4439 1277 4509 Quemadmodum
1348 4456 1507 4499 nemo
1564 4443 1771 4499 curavit
1825 4441 1999 4499 sancti
2054 4441 2303 4512 Gregorii
2338 4447 2537 4515 Dputa
2596 4448 2653 4504 S.
2702 4448 2993 4506 Notkernm
3042 4451 3094 4505 in
3150 4467 3246 4506 suo
3306 4450 3727 4525 Martyrologio,
3767 4464 3828 4510 ut
3874 4459 3985 4514 dixi

738 4529 1069 4588 Naaianaeni
1096 4529 1275 4587 Vitam
1309 4532 1569 4597 scribere,
1604 4544 1717 4588 tum
1755 4548 1876 4589 cum
1912 4536 2087 4591 adhuc
2118 4551 2306 4593 recens

735 4633 883 4679 esset
902 4633 1145 4679 actorum
1180 4621 1297 4693 ejus
1318 4625 1608 4689 memoria;
1650 4624 1745 4680 sed
1772 4626 1979 4696 primus
2009 4626 2305 4700 Gregorius

737 4714 960 4783 quidam
1007 4713 1294 4785 presbyter
1320 4712 1521 4769 secqu
1549 4714 1766 4771 circiter
1789 4731 1826 4773 ι
1853 4718 1905 4773 id
1937 4733 2074 4789 opus
2100 4734 2310 4774 assunt-

739 4804 866 4876 psit,
904 4812 1015 4859 tam
1066 4803 1379 4871 infeliciter,
1411 4813 1471 4861 ut
1521 4805 1641 4879 ejus
1692 4808 1916 4880 scriptio
1968 4810 2187 4882 indigna
2235 4811 2310 4868 sit

739 4897 853 4952 visa
879 4908 1000 4966 qua:
1029 4896 1169 4968 apud
1223 4910 1324 4953 nos
1356 4898 1731 4965 recuderetur,
1765 4900 1844 4957 sic
1879 4916 2054 4974 neque
2084 4915 2307 4963 sanctus

738 4985 971 5043 Basilius
1025 4986 1345 5056 scriptorem
1406 4989 1582 5046 aetatis
1623 4989 1941 5063 propinqua:
1994 5002 2049 5049 et
2100 4994 2307 5052 idoneae

738 5077 980 5136 scientia
1012 5078 1247 5150 reperit;
1289 5080 1492 5137 secqu
1521 5091 1701 5140 autem
1733 5096 1831 5137 vttt
1880 5083 1967 5140 vel
1999 5101 2077 5154 is,
2105 5088 2308 5158 prodiit

738 5170 955 5241 aliquis,
985 5170 1073 5227 vel
1095 5170 1206 5227 ﬁcti
1242 5174 1476 5232 nominis
1509 5173 1945 5245 Amphilochius.
1996 5192 2161 5235 ausus
2207 5181 2308 5236 ali-

737 5263 867 5332 quid
896 5272 1005 5319 tam
1029 5263 1193 5336 digno
1217 5276 1538 5334 argumento
1566 5280 1757 5337 parum
1796 5268 2181 5325 conveniens-:
2217 5270 2304 5327 cui

738 5364 919 5409 tamen
942 5357 1234 5426 postremis
1262 5355 1348 5411 his
1387 5358 1601 5415 suculis
1630 5371 1883 5429 magnam
1924 5361 2303 5418 auctoritatem

733 5444 968 5500 contulit
1026 5445 1086 5502 S.
1144 5446 1554 5519 Amphilochius
1584 5492 1599 5517 ,
1662 5448 1963 5507 lconiensis
2017 5450 2305 5522 episcopus

737 5535 950 5606 ipsique
976 5544 1167 5594 sancto
1194 5537 1673 5608 familiarissimus,
1701 5538 1913 5599 facilius
1941 5542 2180 5599 creditus
2206 5544 2303 5599 Ba-

738 5626 849 5683 silii
872 5626 1041 5682 vitam
1068 5630 1373 5702 scripsisse,
1401 5632 1527 5703 quia
1557 5632 1718 5707 hujus
1734 5637 2037 5689 eucomium
2061 5632 2301 5704 aliquod,

732 5718 880 5792 quod
902 5733 1063 5790 supra
1104 5723 1260 5780 nobis
1292 5722 1508 5796 Prologi
1539 5726 1659 5783 loco
1706 5723 1808 5781 iuit
1835 5763 1852 5790 ,
1888 5726 2176 5796 reliquisse
2209 5742 2304 5798 po-

734 5814 895 5869 storis
919 5812 1220 5881 sciebatur;
1242 5819 1389 5872 omni
1415 5816 1556 5873 haud
1581 5817 1743 5875 dubie
1767 5817 1870 5872 ilde
1896 5819 2300 5890 dignissimum.

735 5904 953 5976 Deccplt
993 5920 1061 5961 ea
1102 5921 1187 5965 res
1219 5908 1504 5982 plerosque
1538 5909 1806 5982 sequioris
1834 5910 1933 5967 sevi
1983 5911 2297 5984 scriptores,

2412 4537 2619 4593 Comm.
2674 4558 2756 4611 pr.
2793 4560 2845 4597 n.
2888 4543 2950 4607 7;
3008 4544 3350 4613 Sigebertutn
3400 4545 3850 4602 Gemblacenscm
3878 4590 3892 4615 ,
3933 4552 3984 4605 in

2411 4630 2665 4701 Catalogo
2693 4635 2980 4690 illustrium
3011 4638 3362 4705 scriptorum;
3400 4637 3619 4694 Petrum
3658 4643 3979 4712 episcopum

2410 4723 2743 4795 Equilinum,
2788 4725 2841 4779 in
2870 4724 3124 4795 Catalogo
3155 4738 3482 4796 sanctarum,
3508 4729 3601 4784 lib.
3634 4746 3695 4796 tt,
3730 4747 3852 4802 cap.
3879 4732 3982 4793 28;

2410 4810 2753 4870 Vincentium
2795 4812 3275 4879 Bellovacencem,
3322 4816 3376 4873 in
3437 4816 3658 4887 Speculo
3698 4823 3982 4886 Itistoriro,

2409 4904 2503 4963 lib.
2532 4922 2641 4972 stv,
2666 4922 2787 4977 cap.
2812 4907 2900 4969 78,
2932 4906 3001 4963 79
3035 4919 3090 4963 et
3118 4908 3219 4974 80;
3251 4908 3308 4964 S.
3351 4911 3705 4978 Antoninum,
3730 4923 3892 4983 parte
3920 4931 3981 4977 tt,

2410 5000 2492 5055 tit.
2531 5001 2584 5065 9,
2616 5000 2796 5071 cap.5,
2834 4999 2954 5074 §8;
2993 5000 3204 5057 Sixtum
3238 5003 3662 5067 Senensem,lib.
3695 5021 3744 5060 tv
3773 5004 3983 5063 Biblio-

2410 5092 2571 5148 theca:
2626 5103 2822 5149 sancta:
2850 5133 2865 5160 ,
2897 5108 3085 5149 omnes
3116 5109 3145 5148 a
3176 5094 3460 5153 [losweido
3494 5098 3691 5153 citatos
3725 5100 3791 5151 ait
3827 5097 3984 5156 Vitas

2409 5182 2628 5240 Patrum
2687 5200 2806 5257 pag.
2849 5185 2985 5253 ωας
3030 5187 3282 5245 omnibus
3312 5198 3490 5243 autem
3526 5188 3734 5261 prmivit
3774 5190 3978 5256 Ursus.

2408 5275 2467 5329 S.
2505 5275 2573 5333 ll.
2607 5275 2669 5330 Ε.
2702 5276 3083 5341 subdiaconus,
3115 5277 3253 5334 Vita:
3289 5278 3435 5335 illius
3480 5280 3746 5350 interpres
3776 5293 3982 5339 saeculo

2406 5382 2481 5435 ta,
2514 5379 2569 5423 ut
2599 5382 2724 5423 mox
2755 5368 2986 5424 dicetur.

2474 5459 2530 5513 2.
2560 5457 2680 5512 Istis
2707 5467 2884 5513 tamen
2915 5459 3168 5516 onmibus
3192 5460 3402 5515 cautior
3432 5459 3720 5528 Baroulus,
3756 5464 3845 5520 eiii
3870 5484 3972 5521 vre-

2405 5557 2592 5610 scente
2622 5548 2879 5617 paulatim
2907 5550 3127 5607 critices
3158 5552 3455 5623 majoribus
3476 5552 3733 5624 neglecta:
3759 5560 3971 5621 suntin,

2406 5642 2459 5698 in
2500 5639 2653 5696 Natis
2682 5641 2749 5697 ad
2781 5641 3081 5697 Rotnanum
3128 5642 3565 5716 Martyrologium
3598 5686 3612 5712 ,
3646 5664 3684 5704 tt
3722 5646 3974 5705 Januarii

2404 5748 2482 5789 ait
2518 5752 2531 5787 :
2574 5751 2592 5785 t
2652 5732 2843 5791 Exstat
2898 5734 3259 5805 Amphilocbii
3317 5742 3531 5794 nomine
3586 5743 3787 5811 scripta
3850 5740 3968 5796 νὴ..

2403 5820 2609 5887 Basilii,
2640 5836 2761 5894 qua
2785 5835 2984 5889 tamen,
3016 5838 3080 5879 ex
3120 5825 3528 5895 prudentiorum
3560 5831 3804 5883 omnium
3844 5846 3971 5884 sen-

2408 5916 2569 5973 tcntia
2599 5954 2614 5982 ,
2648 5915 2869 5975 alterius
2898 5916 3196 5991 cujuspiam
3246 5918 3426 5991 potius
3475 5936 3637 5992 quam
3688 5922 3973 5994 Amphilo-
