4212 6514
662 421 1026 479 EXCERPTA
1064 424 1153 478 EX
1193 426 1394 481 ACTIS
1435 426 1493 483 S.
1536 424 1781 481 BASlLll
1817 422 2590 481 BOLLANDIANIS.——VITA
2623 421 3058 481 APOCRYPHA.

3274 439 3475 487 ccxcm

242 540 369 610 chii,
395 541 622 615 aqualis
654 539 876 609 Basilio,
902 550 1299 612 esseputatur;
1328 557 1449 599 cum
1483 542 1664 612 aliqua
1689 542 1799 599 illic
1826 544 1874 603 Α
1902 542 2124 613 planum
2181 552 2239 597 et
2282 544 2582 615 simplicem
2629 542 2910 613 affectans,
2940 542 3215 602 abstinere
3278 548 3475 615 potuit.

244 636 570 698 habeantur,
603 646 722 703 quze
753 632 829 688 illi
857 632 1036 691 minus
1073 635 1364 691 convenire
1389 636 1661 692 videntur.
1692 657 1711 689 ι
1744 636 1810 692 Et

243 731 293 786 in
327 726 625 787 Annalibus
658 728 725 782 ad
765 742 852 782 an.
892 729 1017 795 578,
1059 747 1079 781 ι
1108 743 1229 797 qua:
1259 729 1621 799 Amphilochii
1670 729 1809 785 falso

240 823 458 878 nomine
489 818 664 873 fertur
701 818 824 875 Vita
864 818 1075 885 Basilii,
1107 820 1249 875 haud
1285 822 1447 892 digna
1482 820 1616 877 satis
1636 821 1807 878 habe-

241 926 326 967 tur
368 926 492 979 quae
538 912 871 969 eruditorum
916 911 1134 967 auribus
1186 912 1492 983 ingeratur;
1542 914 1641 968 nisi
1675 918 1806 973 adeo

238 1006 344 1061 sint
366 1004 726 1075 perspicaccs,
758 1016 818 1059 ut
852 1006 905 1059 in
931 1004 999 1060 iis
1027 1021 1147 1076 qum
1171 1007 1283 1062 sint
1303 1020 1431 1060 vera
1466 1020 1496 1059 a
1522 1006 1676 1063 falsis
1691 1010 1801 1064 dis-

237 1094 457 1165 quirere
486 1112 548 1152 ac
574 1110 860 1152 secernere
906 1097 1139 1154 valeant.
1198 1097 1492 1166 Complura
1524 1100 1672 1155 enim
1726 1101 1799 1157 ibi

238 1200 364 1241 vera
404 1203 528 1244 esse
550 1228 566 1251 ,
622 1185 833 1241 inficias
868 1203 1028 1245 nemo
1058 1190 1258 1253 iverit;
1297 1201 1357 1245 ut
1382 1207 1446 1247 ea
1476 1194 1797 1260 praesertim,

234 1292 358 1347 quas
382 1281 451 1335 ab
479 1277 742 1333 ambobus
768 1279 1067 1351 Gregoriis,
1100 1282 1445 1342 Nazianzeno
1476 1295 1639 1355 atque
1662 1285 1801 1356 Nys-

237 1384 389 1435 seno,
444 1384 650 1424 necnon
678 1387 742 1426 ex
776 1371 1007 1440 Ephrem
1052 1389 1173 1432 esse
1228 1392 1524 1435 noscuntur
1556 1388 1801 1447 accepta,

234 1463 321 1519 vel
375 1464 447 1517 ab
508 1460 753 1518 llelladio
804 1473 1078 1522 mutuatus
1108 1478 1191 1523 est
1223 1481 1433 1525 auctor.
1469 1488 1489 1522 ο
1526 1468 1800 1526 Hactenus

234 1552 507 1608 Baronius
538 1572 553 1607 :
588 1556 701 1620 cui,
733 1567 791 1611 ut
812 1562 1096 1626 assentior,
1123 1574 1247 1613 vera
1265 1574 1386 1615 esse
1436 1576 1557 1631 qua:
1584 1577 1612 1615 a
1646 1577 1803 1630 pseu-

236 1646 708 1717 dooAmphilocbio
728 1664 793 1706 ex
826 1650 1139 1706 auctoribus
1161 1649 1368 1706 idoneis
1386 1654 1644 1708 translata
1673 1666 1801 1707 sunt

236 1737 289 1791 in
322 1736 502 1795 Vitam
532 1739 688 1796 istam
708 1782 724 1806 ,
764 1742 837 1797 ita
872 1740 953 1796 vel
1007 1740 1131 1795 inde
1159 1751 1346 1810 patere
1377 1743 1654 1810 existimo,
1683 1746 1799 1801 brec

236 1831 599 1902 Amphilochii
625 1848 730 1887 non
756 1846 907 1897 esse;
942 1848 1065 1887 cum
1094 1846 1275 1891 autem
1307 1834 1564 1903 aliorum,
1595 1855 1714 1905 qum
1748 1839 1799 1894 in

237 1924 325 1977 illa
354 1934 667 1989 narrantur,
701 1922 909 1981 falsitas
937 1927 1108 1997 retegi
1153 1927 1310 1985 facile
1364 1932 1569 2000 possit,
1606 1948 1801 1989 consc-

235 2025 409 2079 quens
433 2011 539 2066 erit
568 2011 701 2067 nihil
734 2014 787 2069 in
810 2029 872 2069 ea
890 2028 1009 2071 esse
1040 2016 1419 2087 Amphilochii.
1440 2018 1594 2074 Unde
1614 2021 1804 2075 merito

238 2101 595 2161 Bellarmiuus
636 2106 714 2163 De
744 2110 924 2179 script.
958 2110 1144 2164 eccles.
1178 2110 1233 2162 in
1276 2108 1643 2175 Amphilochio
1676 2112 1754 2168 ait
1785 2130 1800 2168 :

241 2214 262 2251 r
299 2197 521 2266 Exstat,
552 2200 765 2269 quidem
786 2240 803 2266 ,
831 2202 934 2256 sub
987 2200 1203 2257 nomine
1236 2201 1621 2270 Amphilochii,
1670 2202 1799 2260 Vita

234 2286 293 2347 S.
326 2288 517 2346 Basilii
545 2290 750 2359 Magni,
792 2296 884 2348 sed
917 2295 1057 2348 haud
1092 2296 1255 2349 dubie
1292 2296 1423 2349 falsa
1450 2299 1531 2349 vel
1555 2300 1803 2367 supposi-

236 2383 374 2438 titia.
412 2404 431 2438 ι
482 2384 742 2441 Rationes
793 2386 988 2442 deinde
1034 2388 1278 2456 profert,
1321 2390 1507 2458 thuleS
1558 2406 1656 2445 nos
1702 2406 1800 2446 suo

232 2490 480 2546 quasque
507 2477 625 2533 loco
655 2479 1046 2547 expendemus.

299 2570 355 2625 3.
380 2569 480 2625 llis
503 2569 751 2627 omnibus
790 2573 1070 2643 perpensis
1104 2574 1287 2628 mirari
1322 2576 1453 2630 mihi
1493 2576 1798 2632 liceatcurn

231 2661 523 2719 Godefrido
548 2659 865 2718 Hermantio
890 2704 906 2727 ,
932 2668 1034 2718 hoc
1082 2665 1249 2718 etiam
1301 2667 1497 2721 Sazculo
1524 2668 1797 2723 inventum

233 2768 352 2809 esse
382 2754 560 2807 virum
604 2755 901 2817 eruditum,
926 2756 1017 2822 qui
1050 2755 1213 2808 vellet
1247 2772 1343 2823 pro
1374 2757 1493 2811 Vita
1525 2759 1628 2812 ista
1669 2762 1798 2812 Am-

232 2843 509 2911 philochio
559 2842 881 2898 vindicanda
929 2844 1230 2915 apol0giam
1275 2846 1547 2914 scribere;
1601 2863 1796 2913 nempe

236 2936 297 2988 Il.
340 2934 405 2990 P.
460 2932 816 2989 Franciseum
878 2935 1284 2993 Combellsium.
1340 2936 1438 2993 llic
1492 2949 1671 2995 tamen
1726 2942 1797 2996 ita

232 3023 621 3081 defendendam
656 3024 800 3077 illam
829 3025 1077 3094 suscipit,
1109 3035 1169 3080 ut
1195 3025 1393 3083 fabulis
1415 3028 1793 3101 interpolatam

232 3118 499 3179 Fateatur;
534 3116 586 3171 in
626 3130 734 3187 quo
768 3114 952 3172 forsan
1008 3119 1182 3190 reipsa
1211 3136 1317 3177 non
1340 3124 1589 3179 dissentit
1629 3138 1659 3178 a
1690 3125 1796 3179 Ba-

231 3208 405 3264 ronio.
445 3206 655 3261 Etenim
684 3222 806 3262 cum
835 3209 1111 3265 retulisset
1132 3221 1405 3276 auctores,
1437 3214 1578 3271 inter
1606 3231 1666 3271 se
1693 3218 1793 3271 hac
1824 3240 1867 3297 ο

230 3298 279 3349 in
308 3312 473 3352 causa
514 3298 895 3354 dissentientes
916 3341 933 3366 ,
988 3316 1125 3369 quos
1151 3312 1205 3356 et
1251 3317 1348 3356 nos
1368 3318 1531 3369 supra
1587 3307 1788 3361 retuli-

229 3400 382 3449 mus,
436 3387 516 3441 sic
543 3388 889 3455 prosequitur
920 3403 936 3441 :
974 3407 993 3437 ι
1034 3388 1144 3457 Ego
1168 3428 1183 3449 ,
1235 3400 1293 3444 ut
1323 3393 1514 3462 paucis
1561 3394 1737 3449 dicam
1766 3437 1783 3463 ,

224 3477 485 3539 arbitror,
508 3478 747 3546 potuisse
770 3478 925 3533 viros
958 3478 1436 3549 eminentissimos,
1478 3486 1669 3556 majori
1702 3502 1793 3543 re-

227 3570 467 3623 verentia
527 3569 728 3625 habere
777 3571 1181 3644 πραγματείαν,
1216 3585 1293 3630 tot
1320 3575 1433 3646 jam
1470 3579 1685 3635 saeculis
1737 3590 1794 3636 ct

224 3661 362 3730 apud
411 3663 752 3718 doctissimos
788 3664 1159 3735 obtinentem;
1202 3683 1320 3735 nec,
1367 3671 1492 3740 quia
1544 3673 1787 3742 quaedam

224 3752 303 3805 vel
338 3752 391 3805 in
417 3754 590 3817 re,vel
620 3755 672 3809 in
696 3755 854 3811 modo
873 3764 925 3813 et
953 3757 1374 3816 circumstantiis
1399 3761 1741 3817 olfendebant
1766 3804 1783 3829 ,

222 3850 390 3895 tutam
432 3843 717 3911 repudiare
771 3855 826 3900 et
866 3848 1074 3902 auctori
1128 3850 1449 3918 impingere,
1486 3867 1658 3920 eoque
1691 3869 1785 3909 ac-

220 3946 414 3989 cusare
454 3934 571 3989 falsi
604 3976 619 3999 ,
657 3933 897 4007 falsoque
925 3940 1187 4010 assumpti
1230 3943 1363 3997 tanti
1395 3944 1650 4009 nominis,
1680 3960 1788 4015 quo

221 4023 337 4094 ipse
393 4026 673 4081 mendacia
731 4030 1024 4086 coloraret.
1056 4030 1222 4089 Forte
1272 4034 1415 4089 enim
1466 4050 1570 4090 non
1610 4052 1785 4106 pauca

217 4114 435 4171 defendi
499 4122 775 4187 potuerint
834 4139 848 4177 :
910 4124 1156 4194 quaedam
1216 4125 1430 4181 ostendi
1478 4127 1662 4184 vitiata
1719 4128 1787 4183 ab

217 4207 544 4276 antiquariis
565 4248 583 4274 ,
621 4220 677 4265 et
708 4221 819 4265 tum
847 4212 1159 4281 conjectura
1186 4256 1200 4278 ,
1252 4224 1364 4270 tum
1393 4230 1459 4271 ex
1492 4219 1597 4275 lide
1629 4220 1787 4275 codi-

216 4314 339 4351 cum
381 4300 620 4368 restitui;
675 4312 732 4356 ut
758 4303 845 4357 vix
884 4306 1041 4373 pauci
1066 4306 1199 4359 ηαξνί
1237 4314 1585 4373 restaverint,
1628 4312 1674 4366 si
1706 4320 1787 4365 ta-

219 4407 341 4447 men
370 4432 387 4458 ,
426 4393 595 4457 navi;
628 4393 823 4462 quibus
855 4403 963 4449 tam
1007 4398 1211 4465 grande
1267 4412 1465 4469 corpus
1492 4439 1507 4464 ,
1562 4410 1780 4471 tamque

214 4485 440 4556 grandis
470 4484 566 4539 aevi
593 4526 608 4551 ,
641 4495 719 4540 tot
751 4486 1015 4557 pracipue
1070 4489 1252 4543 tritum
1309 4492 1577 4556 manibus,
1605 4509 1789 4560 quan-

1910 633 2071 691 Plura
2119 634 2349 690 subinde
2401 635 2724 707 explicando
2762 636 3022 702 litteram,
3062 636 3259 692 nullius
3294 648 3475 694 tamen

1908 724 2242 792 praeiudicio.
2295 742 2315 776 ι
2372 724 2463 780 lla:
2508 723 2821 783 Combelisii
2870 731 3106 784 rationes
3135 730 3475 797 postmodum

1908 818 2277 883 expendenda:
2308 822 2470 871 crunt
2498 835 2511 871 :
2542 817 2782 882 interim,
2814 829 2938 870 cum
2964 819 3196 875 iateatur
3211 819 3346 875 Acta
3375 821 3475 874 ista

1908 906 2302 978 qualiacunque
2334 926 2363 962 a
2392 909 2690 975 monachis,
2708 926 2802 980 per
2826 924 3052 979 quorum
3078 929 3269 968 manus
3289 921 3474 968 trans—

1910 1002 2109 1063 ierunt,
2142 999 2352 1055 fabellis
2387 999 2705 1067 interpolata
2732 1016 2882 1069 esse;
2918 1015 3024 1070 qua
3053 1001 3108 1055 in
3140 1019 3219 1069 re,
3259 1019 3471 1075 qum.

1908 1094 2157 1149 dissentit
2182 1110 2212 1147 a
2236 1092 2509 1149 Baronio?
2536 1092 2627 1162 qui
2652 1105 2850 1158 monet,
2880 1096 2935 1149 in
2968 1092 3158 1148 iisdem
3181 1096 3333 1153 Actis
3348 1114 3476 1154 vera

1908 1200 1936 1238 a
1966 1185 2115 1239 falsis
2142 1185 2378 1239 discerni
2410 1186 2627 1240 debere.
2661 1184 2779 1239 Erit
2810 1186 2990 1256 itaque
3036 1200 3216 1257 opera:
3243 1190 3474 1257 pretium

1907 1291 2097 1332 rursus
2121 1276 2551 1349 qualemcunque
2580 1275 3039 1348 Amphilochium,
3067 1279 3306 1348 seposito
3329 1285 3479 1335 omni

1906 1368 2243 1441 praeiudicio,
2288 1371 2647 1431 examinare;
2679 1378 2737 1424 ut
2770 1375 3003 1439 qumsita
3029 1387 3152 1427 cum
3187 1371 3335 1427 omni
3358 1371 3476 1427 sin~

1906 1464 2129 1520 ceritate
2153 1463 2349 1518 veritas
2372 1463 2599 1519 inveniri
2623 1462 2791 1531 possit

1973 1556 2027 1608 4.
2065 1555 2236 1611 Ursus
2253 1554 2311 1610 S.
2343 1555 2417 1610 Β.
2440 1557 2503 1610 Ε.
2524 1554 2915 1619 subdiaconus,
2941 1554 3031 1625 qui
3055 1552 3295 1610 Grmcam
3314 1556 3477 1610 istam

1906 1646 2093 1701 Basilii
2164 1645 2333 1700 Vitam
2394 1647 2600 1716 primus
2654 1647 2947 1703 Latinitate
2979 1651 3211 1704 donasse
3270 1648 3477 1711 scitur,

1904 1741 2038 1795 vixit
2079 1738 2414 1810 temporibus
2466 1740 2742 1794 Anastasii
2806 1737 3233 1796 Bibliothecarii.
3291 1738 3479 1795 Exstat

1902 1835 2069 1897 enim,
2101 1845 2237 1890 tcSte
2284 1833 2615 1904 Rosweydo,
2644 1830 2833 1887 Romae
2871 1833 2925 1887 in
2955 1832 3286 1888 bibliotheca
3317 1832 3480 1888 Valli-

1834 1897 1876 1951 Β
1904 1928 2111 1981 cetlana
2167 1930 2335 1982 codex
2401 1897 2506 1982 ms:
2560 1897 2650 1995 qui
2688 1924 2935 1979 continet
2982 1925 3160 1979 Vitam
3192 1923 3337 1979 illam
3381 1940 3479 1996 per

1911 2016 2102 2073 Ursum
2132 2033 2147 2082 ;
2181 2034 2247 2071 ex
2282 2033 2455 2087 eoque
2483 2016 2761 2085 exemplar
2777 2016 3272 2081 suum,autsaltent
3295 2018 3473 2087 priora

1902 2118 2030 2165 octo
2083 2111 2260 2177 capita
2292 2148 2307 2172 ,
2354 2126 2474 2163 cum
2506 2108 2827 2181 praefatione
2863 2107 3197 2179 Bosweydus
3243 2110 3471 2180 accepit.

1901 2203 2156 2260 Continet
2205 2211 2463 2269 prmterea
2512 2204 2768 2271 praelatus
2809 2203 2980 2257 codex
3020 2201 3279 2259 miracula
3313 2219 3469 2275 qna!-

1902 2296 2023 2349 dam
2066 2295 2240 2350 sancti
2282 2292 2491 2358 Basilii,
2520 2307 2640 2361 quae
2673 2296 2969 2349 creduntur
2991 2293 3059 2349 ab
3083 2292 3328 2349 Helladio
3350 2294 3449 2363 epi-

1902 2398 2065 2454 scopo
2114 2384 2442 2439 Cmsareeusi
2486 2381 2792 2451 conscripta
2821 2421 2837 2445 ,
2870 2383 2923 2437 in
2979 2382 3233 2438 Latinum
3259 2383 3469 2455 pariter

1903 2488 2060 2530 versa
2095 2478 2162 2527 ab
2208 2474 2496 2530 Anastasio
2529 2472 2990 2540 Bibliothecario;
3047 2473 3314 2545 linjnsque
3371 2474 3476 2529 ibi-

1900 2566 2023 2621 dem
2056 2564 2250 2635 legitur
2281 2564 2532 2619 Praefatio
2560 2566 2625 2618 ad
2658 2564 2855 2620 Ursum
2879 2578 3041 2634 supra
3072 2575 3467 2620 memoratum:

1903 2659 2037 2714 vixit
2053 2669 2232 2714 autem
2259 2657 2578 2713 Anastasius
2601 2657 3050 2713 Bibliothecarius
3066 2658 3168 2712 sub
3186 2656 3409 2713 Nicolao
3426 2658 3471 2725 l,

1900 2753 1991 2823 qui
2038 2752 2179 2807 sedit
2235 2751 2303 2805 ab
2350 2766 2491 2806 anno
2533 2748 2641 2805 858
2690 2750 2757 2804 ad
2803 2764 3003 2803 annum
3055 2749 3179 2805 867.
3224 2749 3326 2806 Vix
3372 2749 3475 2809 Ur-

1900 2858 1995 2897 sus
2053 2843 2227 2896 Vitam
2272 2842 2783 2912 Amphilochianam
2833 2839 3284 2901 elucubraverat,
3346 2858 3469 2897 cum

1902 2931 2063 2993 illico,
2093 2941 2151 2985 ut
2183 2933 2443 2987 credibile
2470 2942 2573 2997 est,
2611 2948 2641 2986 a
2674 2933 2920 3003 pluribus
2945 2972 2961 2999 ,
3011 2936 3315 3004 prmsertim
3350 2948 3469 2989 nio—

1901 3022 2094 3078 nachis
2120 3063 2135 3087 ,
2171 3023 2438 3088 requisita
2491 3033 2576 3078 est
2626 3024 3006 3093 descriptaque
3041 3043 3054 3079 :
3083 3040 3112 3078 a
3143 3025 3469 3092 quibusdam

1898 3124 2061 3169 etiam
2090 3117 2142 3168 in
2183 3114 2566 3184 compendium
2603 3115 2858 3181 redacta,
2893 3116 2962 3170 ab
3000 3116 3122 3169 aliis
3143 3117 3209 3170 ad
3237 3117 3470 3171 formam

1898 3208 2192 3264 lectl0num
2224 3209 2274 3261 in
2312 3206 2539 3262 ecclesia
2570 3206 2977 3265 recitandarum
3004 3215 3214 3275 aptata;
3246 3209 3485 3261 nonnul-.

1899 3300 1964 3354 lis
1997 3299 2241 3359 mutatis,
2271 3298 2490 3360 additis,
2522 3298 2763 3357 omissis.
2789 3296 2969 3359 qualia
2998 3297 3265 3353 habemus
3292 3312 3468 3353 exem-

1897 3389 2069 3460 plaria
2093 3405 2161 3444 ex
2191 3387 2519 3444 bibliotheca
2547 3385 2896 3442 Vallicellana
2924 3386 3053 3449 duo.
3082 3401 3151 3443 ex
3178 3386 3464 3443 Casinensi

1899 3496 2085 3547 unum,
2112 3481 2292 3537 omnia
2315 3481 2514 3551 scripta
2539 3479 2854 3536 charactere
2878 3478 3311 3550 Longobardico.
3345 3479 3463 3535 Val-

1896 3574 2201 3632 licellanum
2255 3582 2548 3642 utrumque
2596 3571 2826 3643 Prologo
2856 3583 3048 3637 caret,
3100 3586 3223 3627 eum
3276 3583 3461 3628 tamen

1894 3682 2052 3737 quem
2100 3665 2221 3722 Ursi
2266 3664 2697 3732 interpretationi
2743 3679 2772 3716 a
2820 3677 2880 3718 se
2914 3662 3094 3728 edita,
3128 3662 3463 3738 Rosweydns

1894 3757 2160 3828 praeﬁxit,
2202 3757 2317 3825 ipse
2362 3754 2572 3825 accepit
2611 3769 2677 3808 ex
2708 3754 2895 3809 eadem
2931 3754 3253 3812 bibliotheca
3293 3756 3457 3813 Valli-

1893 3848 2098 3901 cellana
2130 3846 2259 3901 :sed
2288 3856 2345 3900 et
2368 3854 2657 3913 utrumque
2684 3860 2785 3901 ms.
2832 3845 2885 3899 in
2929 3846 3114 3901 multis
3144 3855 3229 3902 est
3250 3848 3320 3903 ab
3342 3852 3459 3905 ed3-

1893 3940 2042 3997 tione
2067 3939 2457 4011 ltosweydiana
2490 3939 2784 3995 diversum.
2811 3938 3001 3993 Exstat
3044 3939 3209 4006 igitur
3263 3949 3319 3996 et
3351 3950 3459 3998 ter-

1892 4033 2023 4087 tium
2048 4032 2102 4087 in
2131 4034 2319 4087 eadem
2351 4032 2672 4087 bibliotheca
2698 4030 2943 4085 Ursiana:
2965 4032 3233 4087 versionis
3260 4048 3459 4089 exem-

1890 4126 2028 4194 plar,
2076 4124 2219 4195 quod
2249 4123 2583 4193 Rosweydus
2638 4137 2707 4177 ex
2738 4136 2911 4191 eoque
2940 4120 3132 4178 Surius
3166 4124 3306 4195 typis
3338 4126 3456 4182 vul-

1891 4228 2103 4286 garunt,
2132 4215 2311 4270 addita
2343 4214 2661 4281 interpretis
2692 4211 3015 4267 Prml‘atione

1959 4306 2011 4361 5.
2079 4304 2373 4361 Casineuse
2428 4303 2702 4371 exemplar
2768 4302 3051 4374 Prologum
3118 4306 3282 4362 habet
3330 4307 3454 4364 Ursi

1890 4393 2227 4458 subdiaconi,
2268 4394 2489 4448 omnino
2522 4392 2687 4447 alium
2734 4394 2799 4448 ab
2824 4407 2909 4459 eo,
2937 4410 3096 4463 quem
3123 4396 3456 4467 llosweydus

1889 4485 2077 4551 edidit,
2110 4486 2331 4556 dignum
2356 4484 2448 4539 hic
2475 4484 2625 4551 dari;
2653 4500 2717 4539 eo
2743 4487 2889 4555 quod
2937 4486 3190 4541 videatur
3220 4489 3451 4558 genuina

217 4581 392 4647 doque
450 4578 612 4633 etiam
669 4576 1123 4647 impolitioribus,
1176 4581 1321 4635 haud
1379 4582 1535 4637 facile
1590 4598 1787 4639 carue-
1818 4589 1862 4645 ι)
1892 4575 2013 4631 Ursi
2037 4576 2258 4647 scriptio
2286 4591 2427 4641 esse,
2462 4591 2570 4645 pra:
2607 4576 3099 4647 Rosweydiana,et
3124 4581 3268 4648 quod
3301 4596 3454 4637 meu-

216 4668 304 4723 rit.
365 4666 485 4723 Vita
557 4677 640 4724 est
699 4668 877 4725 Patris
942 4672 1327 4727 monachorum
1388 4677 1440 4729 in
1505 4673 1729 4732 Oriente
1764 4717 1781 4744 ,

212 4771 377 4826 quam
431 4756 853 4814 innumerabiles
914 4770 1149 4825 ascetaa,
1208 4764 1397 4831 majori
1449 4770 1774 4836 quandoque

212 4851 418 4920 pietate
463 4861 622 4919 quam
656 4850 879 4905 scientia
931 4854 1356 4921 exscripserint;
1408 4856 1495 4910 cui
1547 4858 1774 4927 proinde

213 4957 368 4996 suum
409 4938 610 5009 aliquid
638 4942 954 5011 ascripsisse
983 4945 1226 5012 possint;
1273 4955 1330 4999 ut
1356 4960 1462 5002 non
1497 4960 1559 5000 ea
1589 4948 1772 5003 lorsan

212 5036 449 5105 puritate
475 5035 542 5088 ad
572 5049 670 5089 nos
698 5034 903 5089 venerit
929 5074 944 5099 ,
973 5050 1093 5104 quae
1138 5035 1239 5091 fuit
1268 5038 1336 5092 ab
1383 5039 1762 5108 Amphilochio

208 5126 375 5189 edita,
404 5124 518 5181 sive
555 5124 794 5194 phrasim
842 5136 1169 5192 spectemus,
1198 5127 1313 5181 sive
1356 5128 1528 5201 ipsam
1589 5146 1771 5185 rerum

211 5217 604 5283 narrationem;
637 5230 757 5287 qua:
806 5216 983 5270 minus
1022 5217 1297 5281 continua,
1334 5219 1626 5290 multisque
1647 5222 1771 5277 dis-

211 5318 356 5365 creta
379 5308 571 5372 titulis,
621 5323 726 5362 non
789 5307 860 5362 ita
899 5308 1296 5364 cohaerentibus
1324 5348 1343 5373 ,
1378 5310 1483 5366 nisi
1527 5314 1768 5384 castiga-

211 5412 261 5458 ta
306 5416 473 5457 manu
528 5400 875 5469 calamoque,
926 5402 1163 5458 ascititia
1216 5402 1397 5473 aliqua
1441 5414 1496 5460 et
1536 5406 1768 5479 πληρώ-

212 5514 377 5566 ματα,
402 5510 508 5550 non
540 5496 822 5562 respuerit.
857 5493 1013 5549 Plura
1048 5511 1179 5550 sane
1214 5509 1269 5552 et
1290 5497 1546 5568 pleraque
1571 5514 1766 5568 aequus

210 5589 394 5653 lector,
423 5595 776 5657 assuetusque
812 5588 1258 5657 Amphilochiano
1286 5589 1446 5658 stylo,
1481 5605 1585 5645 non
1625 5592 1764 5645 indi-

208 5697 304 5749 gna
331 5679 715 5749 Amphilochia
763 5679 1210 5749 deprehenderit;
1263 5684 1313 5735 in
1360 5683 1550 5752 primis
1608 5698 1767 5738 usum

206 5772 349 5827 itlum
382 5770 679 5839 Scriptum
712 5767 944 5833 facilem,
1000 5772 1085 5841 pia
1127 5772 1426 5844 devotaque
1453 5773 1765 5841 allusione;

204 5880 303 5936 qua
355 5876 533 5932 neque
565 5860 841 5914 historiam
896 5870 1083 5914 texens
1117 5900 1133 5923 ,
1190 5862 1494 5931 stylumque
1536 5864 1764 5919 omnino

568 5957 840 6019 Parent.
883 5957 997 6018 Gtt.
1045 5957 1279 6018 XXIX.

1889 4672 2089 4724 tionem
2122 4669 2284 4725 faciat
2306 4669 2443 4738 ejus,
2472 4670 2628 4740 cujus
2658 4678 2845 4739 rogatu
2891 4670 3063 4740 ipsam
3102 4672 3281 4727 Vitam
3306 4674 3453 4729 dedit

1888 4759 2189 4825 Latinitati,
2224 4761 2430 4817 scilicet
2452 4761 2701 4832 Gregorn
2742 4760 2786 4815 ll
2814 4761 2968 4817 ducis
2999 4761 3349 4833 Neapolitani,
3383 4768 3453 4821 de

1885 4865 2014 4921 quo,
2048 4853 2190 4921 apud
2235 4850 2518 4921 Ughellum
2550 4862 2588 4909 t.
2618 4850 2715 4916 Vl,
2739 4866 2790 4905 c.
2822 4850 2942 4917 “5,
2974 4852 3194 4909 Bonitas
3224 4854 3447 4909 subdia-

1884 4954 2052 4995 conus
2088 4942 2185 5004 ait,
2215 4942 2357 5010 quod
2382 4939 2483 4995 fuit
2513 4958 2532 4992 r
2579 4954 2743 5010 nepos
2768 4950 2825 4996 et
2852 4941 3048 5011 proles,
3080 4941 3250 4998 frater
3275 4953 3331 4998 et
3363 4958 3451 5013 pa-

1882 5041 1963 5088 ter
1989 5030 2510 5101 Parthenopensium
2536 5031 2751 5086 ducum.
2787 5050 2804 5083 ι
2846 5031 2893 5087 ls
2923 5032 3103 5101 itaque
3132 5034 3211 5087 sic
3234 5033 3395 5090 habet
3428 5055 3443 5091 :

1886 5145 1905 5177 r
1939 5123 2131 5194 Incipit
2157 5123 2423 5193 Prologus
2459 5122 2515 5176 in
2543 5120 2718 5178 Vitam
2749 5124 2924 5178 sancti
2953 5122 3141 5177 Basilii
3176 5126 3444 5197 archiepi—

1878 5214 2027 5286 scopi
2066 5224 2122 5268 et
2153 5211 2502 5268 confessoris.
2529 5210 2822 5283 Postquam
2866 5211 3086 5267 Lucifer
3129 5213 3214 5269 ille
3243 5230 3443 5284 procax

1877 5310 1942 5364 de
1970 5306 2174 5363 caelesti
2205 5306 2374 5378 gloria
2412 5306 2689 5361 demersus
2714 5313 2799 5359 est
2818 5340 2836 5365 ,
2883 5314 2939 5357 et
2969 5306 3181 5362 invidiae
3210 5308 3445 5362 stimulis

1877 5398 2159 5462 incitatus,
2191 5398 2256 5449 de
2286 5395 2517 5465 paradisi
2543 5394 2804 5449 amrenita
2824 5404 2875 5449 te
2902 5434 2916 5459 ,
2953 5410 3047 5464 per
3085 5398 3442 5455 saevissimum

1876 5504 2142 5560 anguem,
2197 5487 2587 5559 protoplastum
2644 5486 2886 5554 expulit;
2927 5487 3095 5541 veluti
3129 5493 3443 5549 stomachus

1874 5585 2135 5654 languens
2166 5581 2357 5637 vitales
2386 5578 2601 5634 fastidit
2643 5578 2827 5647 dapes,
2855 5577 2928 5633 ita
2958 5593 3121 5633 omne
3146 5595 3314 5649 genus
3339 5580 3441 5635 hu-

1875 5690 2090 5738 manum
2114 5672 2330 5727 caeleste
2358 5681 2518 5739 atque
2554 5668 2920 5724 intellectuale
2948 5670 3258 5725 convivium
3298 5673 3444 5741 igno-

1873 5770 2045 5825 rabat.
2077 5767 2181 5823 Sed
2205 5766 2324 5837 pius
2349 5764 2438 5818 ille
2466 5771 2614 5818 sator
2649 5772 2811 5833 atque
2837 5763 3143 5832 redemptor
3191 5765 3440 5821 humana:

1873 5862 2100 5919 miseria:
2140 5858 2418 5915 condoluit
2445 5859 2532 5927 pio
2578 5854 2770 5911 affectu
2794 5896 2809 5922 ,
2842 5864 2895 5909 et
2936 5856 3001 5910 de
3031 5859 3186 5911 coriis
3210 5872 3302 5919 per
3327 5857 3440 5909 vir—

3058 5974 3085 6013 8
