4212 6498
726 444 913 484 εςιαιν

2088 406 2621 465 ΡΠΟΙΕΟΟΜΕΝΛ.

727 551 884 617 ginea
906 542 1111 595 viscera
1141 537 1194 592 in
1221 534 1517 591 convallem
1548 533 1705 602 hujus
1740 528 1920 585 mundi
1971 526 2285 581 descendit:
2326 525 2369 579 Α
2400 522 2578 591 amplo
2612 521 2808 575 famine
2842 530 3167 589 pr::ep0teus,
3205 525 3295 570 aut
3322 525 3426 570 tam
3463 514 3681 586 profusa
3713 513 3977 572 facundus

726 658 789 697 ac
844 642 1135 694 humanum
1187 647 1375 703 genus,
1429 628 1570 699 quod
1619 628 1745 683 olim
1796 624 2136 680 aemulatoris
2173 619 2293 673 dolo

729 738 1011 801 deceptum
1060 729 1255 789 fuerat,
1291 733 1559 781 coarterno
1597 720 1708 775 Deo
1743 717 1889 772 Patri
1944 714 2299 769 reconciliare

731 826 989 893 cupiens,
1020 815 1547 887 incontemplahilem
1588 814 1766 883 ignem
1821 807 1996 865 sancti
2054 805 2293 877 Spiritus

730 912 1157 971 misericorditer
1205 906 1451 964 accendit
1502 922 1516 958 :
1581 906 1647 961 de
1692 916 1798 972 quo
1858 899 2115 955 nimirum
2172 898 2297 963 igne

728 1008 983 1079 primitus
1010 1004 1165 1060 valde
1218 999 1534 1071 conﬂagrati
1598 1004 1723 1054 sunt
1769 992 1943 1051 sancti
1992 992 2294 1060 prophetae,

727 1111 847 1172 post
881 1100 1002 1155 illos
1058 1096 1233 1154 sancti
1283 1092 1510 1164 apostoli
1540 1131 1556 1155 ,
1599 1098 1893 1159 martyres,
1922 1084 2296 1144 confessores,

727 1193 988 1263 virgines,
1006 1198 1061 1245 et
1080 1202 1267 1245 omnes
1286 1184 1569 1254 utriusque
1589 1197 1750 1236 sexus
1778 1177 1984 1241 sancti,
2015 1178 2104 1246 qui
2131 1189 2298 1243 usque

729 1286 795 1337 ad
846 1293 1044 1337 metam
1076 1279 1277 1342 carnis,
1309 1292 1407 1348 pro
1431 1276 1545 1344 ejus
1576 1271 1883 1328 dilectionis
1912 1271 2107 1325 ardore
2130 1308 2144 1332 ,
2176 1267 2296 1336 ipso

728 1376 887 1439 duce,
920 1372 1150 1428 viriliter
1176 1369 1502 1425 dimicarunt
1530 1385 1542 1419 :
1579 1366 1645 1420 de
1667 1364 1862 1434 quibus
1905 1362 2158 1419 nimirum
2192 1374 2293 1429 ag-

728 1467 965 1523 minibus
1003 1464 1203 1520 sanctis
1237 1461 1467 1517 Basilius
1505 1458 1716 1513 exstitit
1746 1467 1969 1513 sanctus
1993 1497 2005 1517 ,
2058 1453 2149 1523 qui
2180 1451 2296 1507 sine

726 1558 991 1614 effusione
1041 1554 1319 1623 sanguinis
1369 1560 1576 1622 martyr
1596 1548 1822 1604 effectus
1858 1557 1959 1603 est.
1996 1544 2163 1613 Cujus
2210 1544 2296 1597 vi-

728 1658 840 1703 tam
890 1658 943 1705 et
982 1645 1241 1717 praeclara
1277 1644 1536 1698 miracula
1565 1681 1581 1707 ,
1616 1641 1766 1709 cogis
1799 1655 1883 1695 me
1915 1637 2145 1701 Ursum,
2176 1652 2295 1690 om-

728 1743 877 1797 nium
898 1739 1333 1795 Christianorum
1359 1736 1607 1792 ultimum
1662 1736 2013 1801 infimumque
2046 1731 2297 1786 sacerdo-

728 1844 860 1899 tem,
894 1846 928 1885 ι)
954 1830 1180 1903 Gregori
1202 1830 1526 1893 clarissime,
1558 1829 1700 1882 filius
1724 1838 1887 1895 atque
1914 1839 2097 1893 nepos,
2126 1822 2297 1876 frater

724 1935 1061 1997 patruusque
1091 1926 1284 1979 ducum
1324 1941 1338 1976 :
1370 1937 1467 1976 nec
1496 1936 1602 1975 non
1652 1930 1706 1976 et
1736 1921 1835 1975 loci
1873 1927 2118 1974 servator
2150 1914 2293 1970 Nea-

725 2020 931 2089 poleos,
963 2033 1069 2088 quo
1102 2018 1167 2071 de
1197 2015 1378 2071 Attica
1404 2016 1457 2069 in
1501 2015 1752 2070 Latinam
1786 2012 2020 2081 linguam
2057 2008 2296 2063 transfe-

729 2126 845 2164 ram
872 2151 886 2175 ,
915 2119 969 2164 et
996 2110 1049 2163 in
1080 2108 1286 2178 gremio
1312 2118 1510 2164 sancta:
1535 2106 1722 2160 matris
1768 2102 2022 2157 Ecclesia:
2048 2102 2191 2156 fideli
2220 2101 2298 2154 fa-

730 2207 875 2258 mine
902 2204 1238 2273 consignem.

803 2297 856 2350 6.
897 2314 914 2346 t
953 2295 1061 2351 Nos
1100 2311 1228 2350 vero
1263 2292 1745 2349 animadvertimus
1776 2299 2014 2344 nostram
2041 2288 2291 2342 inertiam

727 2398 781 2444 et
810 2388 975 2443 multo
997 2388 1166 2457 magis
1196 2398 1538 2455 peccatorum
1574 2386 1807 2455 pondere
1842 2384 2155 2443 titubamus,
2218 2393 2285 2432 ne

730 2482 830 2535 sub
881 2490 1031 2535 tanto
1081 2495 1247 2534 onere
1276 2480 1718 2543 succumbamus;
1756 2487 1810 2531 et
1857 2486 1963 2531 tam
1995 2484 2190 2530 sancto
2247 2479 2301 2526 et

735 2571 1041 2626 admirabili
1075 2571 1191 2626 viro
1220 2571 1388 2640 magis
1415 2569 1696 2623 ridiculum
1725 2582 1886 2636 quam
1918 2566 2136 2620 laudem
2174 2579 2297 2635 pro-

736 2678 1019 2733 ponamus.
1056 2664 1160 2719 Sed
1203 2672 1279 2728 tu,
1312 2662 1639 2725 clarissime,
1674 2675 1796 2715 cum
1853 2674 1951 2713 nos
1998 2660 2298 2714 renitentes

736 2754 1074 2824 multumque
1133 2762 1495 2823 repugnantes
1530 2751 1798 2819 conspicis
1821 2792 1837 2817 ,
1892 2752 1972 2805 ais
1999 2792 2014 2815 ,
2042 2752 2167 2821 quia
2194 2750 2301 2803 Do-

733 2848 915 2903 minus
946 2848 1013 2901 ab
1046 2846 1205 2900 initio
1242 2860 1347 2900 non
1380 2860 1501 2900 cum
1539 2842 1894 2914 philosophis,
1927 2856 2025 2897 nec
2058 2839 2301 2895 rhetori-

731 2938 834 2992 bus
860 2938 1207 3008 tragicisque,
1246 2952 1344 2989 nec
1376 2951 1495 2991 cum
1526 2936 1765 3007 physicis
1800 2935 2150 3001 locutionem,
2209 2932 2303 2987 sed

734 3045 854 3083 cum
890 3028 1137 3082 ruricolis
1171 3043 1233 3080 ac
1261 3029 1627 3096 piscatoribus
1682 3040 1737 3083 et
1787 3030 1971 3083 idiotis
1999 3028 2299 3083 orationem

734 3120 963 3179 habuit;
1010 3127 1067 3173 et
1093 3118 1261 3171 multo
1303 3118 1473 3187 magis
1504 3118 1796 3186 puritatem
1827 3118 2047 3186 spiritus
2078 3131 2303 3187 prospe-

735 3221 847 3266 ctat
873 3251 888 3274 ,
940 3224 1104 3281 quam
1139 3208 1549 3265 dialecticorum
1582 3209 1968 3276 rhetorumque
2000 3206 2300 3263 tendiculas

735 3319 800 3359 ac
834 3304 1114 3375 phalerata
1150 3312 1474 3359 commenta.
1509 3302 1617 3358 Nos
1639 3316 1767 3358 vero
1793 3302 1883 3357 ubi
1904 3311 2143 3357 vestrum
2168 3300 2302 3357 affe-

740 3409 918 3453 Ctum'
957 3396 1420 3452 consideravimus
1448 3437 1462 3459 ,
1526 3396 1742 3451 tandem
1769 3434 1786 3462 ,
1828 3396 1999 3465 magis
2052 3395 2103 3448 vi
2144 3409 2307 3465 quam

736 3500 926 3559 sponte
948 3488 1209 3553 inclinati,
1231 3488 1570 3556 perreximus
1600 3488 1668 3541 ad
1697 3488 1970 3543 dominum
2002 3487 2305 3554 Nicolaum,

742 3581 1026 3652 prresulem
1088 3581 1474 3652 peritissimum
1501 3580 1813 3635 Graecorum
1871 3589 2033 3649 atque
2069 3581 2305 3649 philoso-

753 3675 922 3743 phum
952 3712 968 3737 ,
1018 3684 1073 3728 et
1144 3675 1433 3730 secundum
1483 3681 1721 3728 vestrum
1782 3682 1962 3727 votum
2013 3672 2078 3725 de
2122 3670 2308 3725 Graeca

743 3768 801 3821 in
838 3766 1085 3820 Latinam
1143 3766 1379 3837 linguam
1420 3766 1675 3835 fideliter,
1730 3765 1872 3836 quod
1926 3762 2304 3834 injunxeratis,

744 3858 1136 3913 transtulimus.
1193 3858 1487 3913 Humiliter
1521 3874 1650 3930 ergo
1701 3859 1914 3913 veniam
1954 3872 1983 3911 a
2015 3854 2308 3911 lectoribus

741 3948 1082 4018 postulamus
1100 3988 1115 4013 ,
1159 3958 1218 4002 ut
1246 3949 1505 4019 quidquid
1532 3950 1769 4019 ineptum
1812 3950 2120 4003 invenerint
2148 3963 2307 4017 saga-

738 4042 858 4096 cius
887 4040 1191 4110 corrigant,
1215 4049 1269 4093 et
1297 4040 1575 4111 ignoscant
1601 4041 1749 4093 retati
1782 4040 1976 4109 puerili
2027 4038 2302 4107 fragilita-

740 4133 891 4202 tique
915 4134 1187 4201 humanae,
1216 4142 1268 4188 et
1296 4133 1465 4203 magis
1490 4131 1834 4195 obedientiaa,
1869 4145 2031 4199 quam
2064 4133 2304 4186 audaciae

742 4224 1061 4279 temeritatis
1094 4224 1389 4278 ascribant.
1430 4223 1679 4277 Attamen
1719 4221 1904 4290 siquis
1924 4220 2138 4289 garrula
2174 4236 2303 4275 voce

741 4315 797 4367 in
832 4313 1209 4369 clamationem
1246 4314 1578 4385 proruperit,
1616 4313 1814 4369 indicet
1846 4315 1996 4383 prius
2030 4313 2144 4380 ipse
2202 4326 2302 4365 no-

738 4406 825 4461 bis
851 4446 865 4469 ,
890 4408 1011 4476 quis
1043 4422 1299 4478 unquam,
1323 4407 1421 4462 fuit
1475 4408 1610 4463 tanti
1643 4407 1841 4479 ingenii
1888 4450 1901 4473 ,
1940 4415 1993 4460 et
2021 4406 2142 4460 ouis
2191 4414 2298 4459 tam

743 4649 877 4663 ...υ-

2403 614 2749 683 loquacitate,
2786 621 2844 666 ut
2874 625 3179 667 sermonem
3211 609 3418 663 valeret
3449 609 3674 664 reddere
3731 614 3973 664 sermoni

2404 707 2565 777 (sicut
2600 724 2719 771 nos,
2754 722 2859 760 non
2896 716 3109 775 sponte,
3134 703 3226 757 sed
3255 701 3408 756 inviti
3452 700 3721 771 fecimus),
3765 709 3822 753 et
3869 715 3973 754 non

2401 816 2589 856 omnes
2618 802 2760 856 vires
2789 800 3159 870 grammatica:
3198 795 3335 849 artis
3375 792 3665 851 suffocaret
3701 813 3715 849 :
3758 792 3977 861 quando

2401 904 2457 948 et
2485 895 2584 963 ipsi
2624 895 2715 965 qui
2751 902 2905 965 gesta
2942 902 3254 947 sanctorum
3286 886 3759 955 conscripserunt,
3799 887 3975 956 magis

2402 1001 2596 1043 sensus
2620 1004 2782 1059 quam
2819 985 2979 1040 verba
3011 987 3313 1055 scripsere,
3349 980 3507 1036 sicuti
3540 984 3775 1051 majores
3802 981 3974 1036 nostri

2404 1078 2668 1134 referunt.
2701 1080 2911 1135 Interea
2946 1078 3143 1134 obnixe
3163 1088 3497 1148 quaesumus,
3532 1080 3588 1126 ut
3615 1072 3774 1128 ﬁdem
3812 1071 3975 1129 dictis

2403 1173 2725 1240 adhibeatis,
2761 1188 2855 1243 per
2887 1172 3067 1226 omnia
3102 1173 3409 1235 credentes,
3437 1165 3564 1237 quia
3594 1167 3865 1221 veraciter
3896 1176 3977 1219 ta-

2403 1269 2506 1323 lem
2548 1268 2695 1323 illam
2739 1267 3138 1329 transtulimus,
3170 1265 3385 1335 qualem
3412 1262 3560 1318 illam
3599 1259 3858 1327 scriptam
3906 1258 3976 1313 ab

2402 1362 2781 1431 A-mphilochio
2811 1359 3039 1430 praesule
3062 1357 3354 1422 lconiensi,
3385 1354 3476 1424 qui
3508 1364 3712 1420 magnae
3736 1349 3976 1405 auctori-

2405 1457 2528 1510 tatis
2560 1465 2663 1521 est,
2696 1458 2746 1511 in
2773 1454 3089 1510 Graecorum
3118 1448 3442 1504 commentis
3485 1443 3808 1500 invenimus.
3840 1443 3974 1497 Cre—

2403 1550 2530 1604 dere
2554 1563 2681 1603 vero
2706 1564 2771 1603 ne
2804 1545 3088 1603 dubitetis.
3111 1541 3235 1611 quia
3263 1540 3316 1593 in
3351 1539 3441 1592 illa
3465 1533 3750 1592 invenietis
3780 1534 3977 1588 anima:

2402 1640 2708 1705 ferculum,
2761 1648 2813 1694 et
2859 1637 3069 1707 galeam
3130 1633 3518 1706 clypeumque,
3576 1640 3735 1697 quem
3790 1636 3979 1678 vestro

2403 1735 2543 1792 hosti
2576 1732 2889 1805 Opponatis,
2948 1739 3001 1782 et
3053 1729 3141 1783 illo
3169 1725 3417 1787 devicto,
3458 1732 3728 1775 summum
3770 1714 3977 1783 Regem

2405 1827 2543 1883 facie
2567 1831 2633 1882 ad
2659 1830 2849 1883 faciem
2872 1824 3133 1889 videatis;
3159 1819 3448 1890 adjuvante
3471 1815 3656 1884 utique
3688 1811 3829 1881 ipso,
3850 1809 3973 1865 cui:

2403 2009 2624 2062 Arcibus
2656 2009 2710 2063 in
2740 2004 2957 2061 summis
2993 2020 3098 2055 una
3120 2010 3194 2054 est
3232 2015 3350 2053 cum
3397 1997 3553 2050 Patre
3579 2002 3833 2063 potestas;

2403 2080 2515 2134 Par
2542 2079 2806 2150 splendor,
2846 2074 3134 2150 communis
3157 2085 3321 2150 opem,
3346 2067 3537 2149 sociale
3561 2080 3831 2125 cacumen,

2404 2139 2612 2219 Equus
2650 2150 2833 2209 honor,
2872 2146 3033 2198 virtus
3068 2143 3273 2195 eadem.
3315 2139 3425 2219 sine
3466 2145 3693 2219 tempore
3733 2146 3975 2200 regnum;

2404 2204 2618 2289 Semper
2653 2204 2986 2284 principium,
3025 2220 3288 2280 sceptrum
3319 2208 3466 2289 jrtge,
3516 2204 3687 2289 gloria
3735 2218 3976 2289 consors,

2404 2273 2876 2361 Majestos'simili's,
2907 2273 2997 2356 per
3020 2273 3194 2338 omnia
3215 2273 3407 2337 stet.qu
3437 2273 3975 2330 swculorum.Amen.

2475 2474 2526 2527 7.
2557 2473 2830 2527 Hactenus
2866 2469 3040 2524 Ursus
3070 2464 3435 2520 subdiaconus
3465 2475 3479 2514 :
3521 2456 3674 2527 cujus
3702 2454 3971 2523 interpreo

2407 2564 2661 2617 tationem
2718 2574 2907 2628 parum
2946 2564 3192 2611 exactam
3249 2568 3372 2607 esse
3432 2550 3675 2620 queritur
3702 2545 3978 2601 Combelio

2404 2656 2538 2716 sius,
2582 2650 2767 2706 nescio
2795 2665 2863 2702 an
2896 2647 3156 2701 dicendus
3213 2645 3329 2714 ipse
3366 2648 3591 2697 exactus
3637 2638 3830 2707 magis.
3862 2634 3979 2691 0h-

2404 2743 2633 2799 scuriori
2664 2748 2812 2797 certe
2842 2746 2899 2793 ut
2927 2736 3217 2807 plurimum
3252 2732 3438 2802 phrasi
3478 2731 3650 2785 utitur
3692 2747 3707 2783 :
3744 2735 3979 2783 contex-

2404 2846 2516 2891 tum
2548 2845 2726 2889 tamen
2764 2830 3080 2901 ampliorem
3118 2824 3366 2899 prmfcrt;
3392 2824 3517 2894 quia
3560 2823 3703 2877 hunc
3730 2820 3813 2876 vel
3839 2820 3979 2873 intc-

2406 2944 2559 3001 grum
2598 2927 2796 2984 Ursum
2830 2940 2938 2981 non
2969 2921 3177 2987 habuit,
3203 2918 3288 2975 vel
3314 2918 3557 2989 quaedam
3594 2914 3773 2969 minus
3805 2910 3979 2965 credi.

2408 3022 2534 3078 bilia
2592 3031 2783 3090 sponte
2843 3014 3209 3088 praetermisit.
3269 3011 3473 3067 Novam
3525 3022 3625 3075 ego
3670 3002 3978 3056 versionem

2409 3117 2614 3180 darem,
2645 3114 2690 3168 si
2723 3126 2843 3167 eam
2880 3117 3067 3164 auctor
3095 3113 3414 3161 mereretur.
3445 3099 3615 3163 Nunc,
3647 3110 3770 3149 cum
3797 3100 3983 3147 osten-

2409 3206 2539 3260 dere
2571 3204 2729 3258 velim
2750 3243 2766 3267 ,
2796 3215 2916 3255 esse
2948 3199 3125 3252 Vitam
3178 3194 3404 3249 omnino
3455 3187 3821 3258 apocrypham
3848 3223 3864 3248 ,
3925 3192 3981 3237 et

2408 3294 2791 3351 Combeﬁsium
2848 3307 2967 3347 eam
3050 3302 3316 3346 excusare
3369 3284 3636 3340 volentem
3690 3280 3977 3343 refutare;

2411 3404 2621 3459 aequum
2673 3396 2759 3442 est
2812 3395 2874 3441 ut
2923 3399 3123 3440 novam
3173 3382 3342 3452 ipsius
3386 3378 3693 3434 versionem
3739 3387 3979 3443 sequar.

2413 3483 2619 3537 omisso
2645 3491 2819 3533 tamen
2859 3488 3005 3535 textu
3038 3475 3228 3532 Graeco
3257 3488 3273 3527 :
3306 3473 3420 3543 qui,
3466 3472 3592 3527 dum
3627 3467 3766 3537 apud
3805 3466 3979 3535 ipsum

2414 3574 2763 3627 columnalim
2809 3572 3107 3640 impressus
3154 3566 3257 3635 legi
3290 3572 3465 3635 potest
3500 3601 3515 3626 ,
3566 3561 3763 3630 exiguo
3803 3557 3981 3610 fructu

2415 3673 2637 3732 augeret
2668 3661 2861 3714 molem
2887 3660 3089 3728 operis.
3124 3657 3180 3711 Si
3207 3668 3418 3724 quaeras
3440 3666 3537 3707 cur
3568 3649 3837 3718 scriptura
3874 3655 3981 3700 tam

2410 3754 2709 3826 apocrypha
2729 3765 2835 3806 non
2868 3756 3247 3804 contemnatur
3278 3761 3341 3801 ac
3363 3742 3810 3814 praetermittatur
3840 3749 3979 3805 tota,

2412 3848 2555 3904 sicut
2572 3842 2930 3916 praetermissa
2948 3848 3033 3896 est
3056 3840 3177 3895 Vita
3199 3836 3549 3901 Nazianzeni,
3574 3835 3640 3890 de
3662 3848 3767 3904 qua
3790 3831 3983 3904 praefa-

2414 3948 2501 3994 tus
2522 3953 2663 4003 sum,
2681 3949 2897 3991 causam
2914 3931 3314 4003 esseintelligas
3330 3929 3561 4000 plurium
3580 3942 3763 3983 rerum
3787 3940 3984 3981 narra-

2417 4029 2589 4083 tiones
2612 4065 2629 4092 ,
2662 4024 2863 4095 passim
2895 4038 2961 4078 ex
2990 4023 3095 4078 hac
3143 4022 3262 4077 Vita
3310 4020 3614 4089 descriptas
3645 4018 3715 4073 ab
3746 4018 3985 4072 auctori-

2414 4120 2685 4187 bus,quas
2717 4116 3015 4172 examinari
3044 4114 3374 4179 distinctius,
3399 4112 3733 4180 solidiusque
3755 4109 3985 4166 refutari

2412 4220 2541 4281 puto
2582 4211 2659 4264 rei
2693 4209 2971 4263 litterariae
3020 4207 3293 4259 interesse
3326 4223 3339 4257 :
3368 4214 3696 4273 quapmpter
3751 4203 3986 4256 adnota-

2414 4303 2586 4356 tiones
2610 4300 2859 4355 etiamet
2911 4311 3155 4353 censura:
3205 4294 3529 4364 prolixiores
3554 4302 3759 4359 erunt,
3818 4306 3984 4361 quam

2414 4395 2549 4449 alias
2575 4402 2873 4449 mereretur
2908 4392 3053 4447 fictio
3076 4400 3183 4445 tam
3211 4387 3517 4458 palpabilis.

1810 4807 2094 4899 VlTA
2163 4805 2878 4899 APOCRYPHA

1428 4998 1721 5068 Interprete
1755 4999 1818 5053 Β.
1852 4997 1912 5053 Ρ.
1944 4998 2238 5054 Francisco
2262 4998 2585 5054 Combelisio
2613 4997 2819 5053 ordinis
2847 4996 3295 5053 Pracdicatorum.

1341 5308 1722 5367 PROLOGUS.

813 5404 1146 5467 Charissimi,
1182 5419 1285 5457 nou
1318 5403 1418 5456 fuit
1446 5405 1727 5466 absonum,
1767 5412 1821 5456 ut
1848 5404 2033 5458 dcvoii
2088 5400 2180 5457 filii
2217 5419 2308 5457 su-

740 5517 836 5569 per
865 5508 1088 5569 paterno
1127 5497 1270 5551 obitu
1303 5497 1793 5559 contristarentur;
1852 5509 2019 5564 utque
2046 5496 2227 5566 justas
2256 5498 2304 5551 ei

740 5595 1008 5663 lncrymas
1038 5590 1390 5659 indulgerent,
1427 5591 1568 5658 quod
1592 5602 1779 5644 omnes
1807 5587 1886 5641 (ll
1924 5591 2191 5645 hactenus
2219 5589 2307 5645 of-

815 5798 883 5866 (l)
916 5793 1188 5866 Quandiu,
1211 5807 1411 5861 qumso,
1446 5794 1655 5846 duravit
1689 5793 1772 5847 hic
1802 5792 1975 5844 luctus
2002 5793 2024 5844 ?
2048 5792 2121 5845 Si
2173 5790 2293 5866 _Vita

737 5864 848 5921 lucc
870 5864 948 5919 ab
979 5865 1351 5933 Amphilochio
1381 5866 1577 5933 scripta
1624 5874 1703 5919 est
1733 5904 1745 5930 ,
1782 5874 2055 5932 oporteret
2108 5864 2295 5917 saltem

2347 5320 2392 5373 1)
2423 5312 2604 5368 ﬁciose
2656 5314 2889 5381 egimus.
2923 5314 3212 5368 Enimvero
3252 5326 3534 5385 postquam
3589 5317 3766 5374 luctus
3800 5322 3985 5391 caligi-

2423 5419 2566 5468 nem,
2594 5406 2733 5459 sicut
2761 5409 3018 5475 scriptutn
3050 5417 3154 5474 est,
3205 5409 3565 5466 excussimus.
3588 5418 3644 5464 et
3674 5412 3739 5465 ad
3782 5424 3987 5481 gratam

2422 5495 2894 5563 supplicationem,
2953 5497 3327 5553 universorum
3394 5498 3643 5563 Domino,
3692 5515 3822 5556 vero
3878 5502 3986 5558 Deo

2424 5596 2608 5640 nostro
2642 5586 2859 5643 Christo
2892 5588 3304 5656 rependendam,
3338 5591 3558 5661 paribus
3612 5592 3807 5647 studiis
3830 5596 3981 5649 exci-

2424 5802 2520 5858 per
2552 5789 2836 5842 triennium
2870 5789 3127 5853 durasse;
3164 5791 3360 5856 scripta
3394 5790 3587 5857 quippe
3622 5800 3705 5843 est
3744 5802 3865 5860 post
3911 5790 3963 5845 fu

2423 5861 2641 5915 nebrem
2673 5862 2968 5915 orationem
2993 5903 3005 5927 ,
3038 5860 3185 5928 cujus
3212 5862 3346 5915 infra
3373 5872 3562 5915 auctor
3605 5874 3877 5928 meminit,
3911 5872 3964 5918 di
