4212 6488
629 461 991 518 EXCERPTA
1033 457 1121 513 EX
1168 454 1368 513 ACTIS
1420 456 1475 511 S.
1518 452 1756 507 BASILH
1796 446 2549 504 BOLLANDIAMS.——VITA
2593 446 3019 503 APOCRYPIIA.

3273 462 3334 502 CC
3344 460 3441 502 XCV

212 583 300 637 tati
331 595 553 648 sumus;
585 596 762 652 Opera:
790 581 1019 647 pretium
1056 578 1328 637 duximus,
1364 585 1473 628 tttm
1508 574 1768 624 illustrem
1803 576 1847 631 Α
1878 565 2200 635 expugnavit
2228 581 2242 629 ;
2276 565 2365 633 qui
2414 562 2845 617 Christianorum
2890 578 3081 617 sanam
3121 561 3275 617 fidem
3303 563 3443 617 dilu-

212 674 394 733 vitam,
418 680 534 724 tum
559 686 683 725 vera
712 685 1009 740 magnaque
1037 670 1269 736 pastoris
1300 665 1464 719 nostri
1498 675 1552 716 et
1586 664 1772 714 docto-

215 762 286 815 ris
304 760 489 814 Basilii
521 760 777 813 miracula
810 759 827 828 (
863 768 920 810 ut
952 773 1020 811 ne
1044 758 1250 810 diutino
1278 764 1448 807 tractu
1500 752 1764 820 temporis

216 849 498 919 profundae
529 849 783 903 oblivioni
822 847 957 901 tradi
990 863 1050 901 ea
1083 846 1376 915 contingat)
1410 845 1612 911 scripto
1647 857 1776 895 con—

213 942 443 1011 signare.
473 941 607 994 Cum
640 939 782 993 enim
807 946 916 993 tres
950 938 1307 992 sacratissimi
1337 934 1615 1001 divinique
1640 934 1772 995 viri,

212 1031 507 1100 Gregorius
546 1029 646 1098 (2),
684 1030 896 1097 inquam
921 1070 935 1092 ,
977 1027 1246 1095 theologia
1286 1027 1507 1089 clarus;
1534 1025 1776 1091 alterque

213 1128 265 1173 et
300 1121 413 1188 ipse
470 1119 792 1189 Gregorius,
846 1121 995 1173 urbis
1045 1116 1392 1185 Nyssmorum
1457 1118 1775 1170 decantatus

211 1214 492 1281 episcopus
520 1212 637 1282 (3);
670 1226 768 1268 nec
801 1229 906 1267 non
967 1212 1132 1267 eremi
1182 1211 1469 1279 prazfectus
1528 1211 1774 1265 beatissi-

212 1319 326 1358 mus
351 1303 591 1373 Ephrem
614 1343 627 1367 ,
652 1304 867 1373 aliique,
898 1302 1018 1357 aliis
1047 1303 1272 1370 aliisque
1301 1303 1623 1373 epitaplticis
1660 1319 1777 1355 scr-

212 1396 458 1449 monibus
492 1397 628 1449 tanti
653 1398 751 1450 viri
786 1398 1103 1450 memoriam
1143 1396 1567 1457 illustraverint;
1596 1395 1771 1447 visum

212 1494 288 1537 est
316 1496 370 1539 et
406 1486 563 1553 mihi,
596 1496 845 1555 tanquam
876 1487 1141 1551 abortivo,
1170 1498 1226 1541 ut
1254 1503 1375 1542 cum
1402 1485 1660 1551 Apostolo
1699 1486 1775 1537 lo-

210 1576 457 1645 quar(a),
493 1578 582 1631 ubi
613 1592 722 1645 prm
758 1577 1003 1632 manibus
1029 1579 1379 1647 accepissem,
1412 1591 1530 1644 quze
1561 1577 1775 1644 utrique

212 1665 281 1718 illi
356 1669 537 1735 magni
603 1670 703 1721 viri
782 1671 1091 1725 narratione
1166 1671 1378 1723 fuerant
1456 1672 1774 1738 prosecuti,

211 1759 456 1827 supplere
518 1773 635 1827 quae
686 1762 952 1815 deessent.
1004 1762 1249 1817 Debitum
1312 1764 1773 1831 reprtrseutando,

210 1867 303 1917 pro
330 1852 514 1905 devoti
554 1852 647 1906 filii
678 1855 915 1921 ratione;
943 1866 997 1910 et
1024 1857 1167 1909 velut
1197 1857 1312 1925 qui,
1340 1864 1397 1909 ut
1424 1856 1773 1917 existimatis,

1879 660 1998 714 cide
2025 658 2306 713 stabilivit.
2345 656 2456 710 Dux
2484 655 2576 708 ille
2604 656 2965 724 princepsque
3004 654 3444 723 sapientissimus

1877 752 2052 822 gentis
2082 758 2302 815 sanctae,
2329 759 2513 818 pastor
2543 747 2893 815 acccptabilis
2924 746 3099 816 populi
3132 786 3146 808 ,
3180 745 3442 800 Ecclesiae

1878 845 2057 914 regale
2096 845 2455 899 sacerdotium
2489 884 2503 905 ,
2563 843 2765 896 Christi
2800 843 2981 896 ovium
3034 843 3216 895 varius
3257 843 3400 896 aries
3427 886 3441 905 ,

1878 936 2071 990 divinae
2115 935 2237 991 fidei
2274 935 2527 1004 magister
2572 933 2831 1002 inclytus;
2890 935 3099 1003 magnis
3129 944 3183 988 et
3212 934 3365 989 vivus
3393 946 3448 987 et

1878 1038 1997 1095 post
2030 1029 2234 1082 obitum
2284 1027 2565 1081 miraculis
2607 1026 2824 1090 clarus;
2859 1036 2981 1096 post
3010 1026 3331 1090 conscitam,
3386 1036 3445 1076 ut

1876 1118 2078 1170 dictum
2112 1128 2218 1180 est,
2248 1114 2465 1171 Juliano
2499 1116 2610 1171 Deo
2636 1115 2822 1169 odibili
2844 1154 2859 1179 ,
2884 1115 3002 1184 ejus
3031 1116 3283 1184 precibus
3311 1130 3448 1167 mor-

1881 1217 1982 1262 tem
2008 1226 2019 1272 ;
2052 1209 2148 1275 illi,
2178 1210 2425 1278 inquam,
2454 1208 2546 1277 qui
2578 1223 2746 1262 cornu
2791 1208 2843 1261 in
2873 1206 3037 1261 altum
3078 1207 3371 1271 extulerat,
3397 1216 3449 1257 i-t

1879 1300 2140 1354 adversus
2188 1301 2354 1353 Deum
2394 1300 2609 1355 locutus
2660 1300 2834 1353 fuerat
2888 1300 3261 1369 iniquitatem;
3295 1301 3451 1365 cujus

1882 1389 1958 1459 (7)
1991 1406 2121 1443 avus
2155 1389 2369 1453 Valens,
2406 1390 2627 1460 indigne
2648 1406 2943 1460 purpuram
2968 1390 3298 1459 imperialem
3329 1406 3454 1445 sus-

1879 1480 2042 1545 cepit,
2076 1481 2503 1550 Arianorumque
2528 1495 2696 1549 pravo
2750 1481 2991 1551 dogmati
3026 1492 3284 1551 patronus
3314 1480 3446 1542 fuit,

1882 1573 1946 1624 ad
1974 1572 2234 1626 illustrem
2272 1582 2511 1627 nostram
2534 1570 2931 1627 Ctesareensem
2961 1574 3319 1643 mctropolim.
3345 1591 3450 1628 ttna

1880 1679 2001 1717 cum
2051 1676 2267 1733 pastore
2313 1665 2502 1719 urbem
2552 1666 2911 1719 subversurus
2942 1666 3109 1719 venit.
3142 1665 3213 1720 Ut
3270 1677 3449 1721 autem

1881 1773 1967 1810 res
1988 1768 2136 1823 gesta
2172 1761 2263 1820 sit,
2295 1766 2350 1810 et
2386 1772 2549 1827 quam
2572 1759 2643 1813 ob
2669 1773 2909 1824 causam,
2938 1774 3041 1812 non
3098 1768 3181 1812 est
3209 1774 3451 1827 praesen-

1882 1849 1949 1901 tis
2011 1848 2264 1915 temporis
2314 1864 2558 1905 narrare.
2597 1850 2704 1905 Sed
2755 1852 2820 1905 ad
2873 1850 3204 1921 propositum
3255 1852 3451 1905 redea-

212 1945 275 1996 ab
302 1944 458 1999 initio
492 1957 813 2013 assectattts,
850 1959 1160 2004 accuratam
1225 1950 1469 2003 notitiam
1503 1949 1578 2018 (4)
1621 1962 1771 2000 acce-
1810 1925 1849 1979 Β
1882 1956 2020 2006 mHS,
2053 1940 2169 2010 eius
2198 1938 2264 1995 ab
2301 1950 2453 1996 utero
2480 1943 2546 1996 ad
2589 1943 2748 1997 finem
2790 1958 2960 2013 usque
3013 1944 3237 1998 virtutes
3268 1959 3454 2013 prosc-

210 2036 401 2104 perim.
432 2036 593 2094 Novit
615 2041 783 2103 enim,
803 2042 947 2095 novit
976 2042 1134 2095 etiam
1167 2042 1335 2094 nubes
1362 2041 1525 2093 soiem
1552 2048 1732 2108 tegere
1758 2055 1775 2105 ;

212 2129 475 2200 longaque
506 2134 751 2201 corporis
782 2135 1053 2188 successio
1078 2133 1173 2202 (5),
1206 2135 1377 2186 bonas
1405 2131 1563 2186 facile
1594 2146 1779 2184 narra-

213 2221 403 2284 tiones.
430 2223 691 2278 oblivioni
730 2226 1038 2277 tradiderit.

276 2312 431 2381 Quod
467 2315 632 2383 igitur
659 2330 882 2383 magnus
927 2316 1018 2369 ille
1070 2317 1379 2387 mundoque
1412 2333 1575 2385 quam
1631 2318 1776 2372 cele-

212 2403 319 2458 bris
345 2403 605 2469 Basilius,
628 2404 782 2459 Pater
815 2416 1020 2472 noster,
1040 2410 1234 2463 absens
1248 2421 1413 2477 esset,
1442 2410 1776 2480 sapientissi-

210 2509 327 2549 mus
357 2496 446 2549 ille
481 2496 745 2566 pontifex,
777 2498 864 2553 ille
895 2501 1198 2555 etelestiutn
1238 2503 1499 2556 virtutum
1548 2504 1774 2567 sodalis,

210 2586 382 2639 clarus
413 2602 669 2644 sermone
697 2594 1183 2661 peuctrabilisque,
1220 2595 1474 2660 magister
1501 2594 1778 2660 Ecclesim,

207 2677 372 2732 solida
404 2691 674 2734 rectorum
698 2684 1006 2752 dogmatum
1038 2687 1310 2751 columna,
1344 2688 1387 2740 is
1413 2687 1512 2757 (6),
1532 2688 1779 2757 inquam,

207 2772 293 2839 qui
322 2774 603 2841 sapienter
647 2776 925 2829 hominum
978 2793 1155 2833 mores
1184 2780 1436 2843 instituit,
1468 2781 1558 2849 qui
1596 2796 1777 2833 rerum

209 2875 455 2919 naturam
489 2866 827 2922 enucleatius
848 2870 1179 2937 eXplanavit,
1213 2871 1303 2938 qui
1342 2869 1772 2924 infensissimnm

206 2956 490 3012 Trinitatis
512 2957 779 3012 Julianum
808 2962 1124 3019 Apostatam
1168 2962 1279 3013 suis
1340 2960 1595 3027 precibus
1651 2974 1779 3027 pro-

206 3050 427 3111 stravit;
454 3049 546 3119 qni
583 3050 816 3104 Valentis
850 3066 911 3103 os
938 3052 1308 3117 hlasphcmnnt
1339 3049 1644 3109 obstruxit;
1682 3048 1773 3115 qui

206 3141 527 3194 Arianorum
547 3156 763 3209 pravam
787 3142 1080 3193 doctrinam
1106 3143 1459 3209 luercsimque
1490 3142 1774 3210 perspicue

1882 2033 2077 2086 cuturi.

2508 2148 2734 2205 CAPUT
2785 2148 2823 2201 Ι.

1979 2241 2339 2295 Adolescentia
2366 2241 2558 2293 Basilii
2595 2252 2643 2295 et
2675 2243 2852 2295 studia
2887 2242 3121 2295 Athenis.
3156 2241 3355 2294 Eubuli

2359 2313 2648 2379 uhilosOpItt'
2678 2313 2965 2365 conversio.

1955 2406 2184 2462 Basilius
2231 2403 2375 2461 solus
2410 2405 2461 2457 in
2507 2414 2671 2466 terra,
2704 2402 2893 2469 aequali
2925 2402 3125 2456 claruit
3164 2411 3276 2456 tum
3321 2403 3451 2465 vita,

1881 2513 2188 2555 sermonum
2223 2504 2419 2550 ornatu
2451 2493 2865 2562 eruditioneque
2897 2493 3116 2556 decora,
3181 2504 3291 2545 tum
3342 2506 3454 2547 scr-

1884 2608 2042 2648 mone
2072 2606 2135 2645 ac
2160 2592 2208 2643 vi
2235 2587 2449 2643 dicendi
2475 2629 2489 2651 ,
2522 2588 2876 2652 doctrinaque
2905 2586 3069 2638 vitam
3108 2583 3457 2637 cxhilarante

1886 2684 2148 2755 sapientia
2187 2683 2369 2735 divina
2405 2680 2540 2749 :qui
2577 2677 2797 2733 Christo
2831 2677 3043 2731 dederit
3093 2675 3299 2739 omnia,
3332 2677 3454 2730 ani-

1891 2789 2064 2835 mam,
2101 2787 2297 2842 corpus
2328 2814 2341 2835 ,
2380 2784 2685 2823 sermonem
2714 2809 2728 2831 ,
2767 2782 2999 2831 manus;
3029 2778 3252 2838 praptcr
3313 2771 3455 2838 qttod

1885 2866 2045 2916 etiam
2078 2876 2319 2915 errorem
2375 2856 2691 2930 gentilium,
2722 2859 2865 2912 velut
2917 2874 3241 2912 aranearum
3296 2860 3452 2923 telas,

1885 2952 2133 3021 disrupit.
2168 2946 2265 3004 Hic
2298 2960 2501 3017 septem
2549 2964 2815 3003 annorum
2869 2950 3061 3011 factus,
3104 2949 3301 3003 litteris
3353 2952 3454 3004 itu-

1886 3047 2129 3101 huendus
2185 3062 2213 3099 a
2279 3045 2595 3113 parentibus
2640 3043 2867 3096 traditur
2924 3042 3022 3112 (8).
3081 3042 3214 3096 Cum
3266 3052 3449 3098 autem

1885 3138 2251 3209 quinquennio
2284 3152 2502 3206 operam
2535 3138 2791 3191 doctrina:
2844 3137 3090 3205 artisque.
3142 3138 3453 3207 praeceptio-

208 3310 345 3376 c_tam
374 3314 403 3350 a
432 3298 821 3376 Nazianzeno:
864 3301 1006 3353 illam
1029 3314 1207 3358 autem
1242 3306 1361 3371 ipso
1390 3321 1492 3357 non
1523 3321 1599 3376 n._~.
1660 3318 1767 3357 ter-
1798 3309 1840 3364 C
1878 3303 2086 3358 .ochius
2122 3297 2560 3376 Nazianzcniudc
2590 3296 2789 3376 Basilio
2819 3299 3114 3376 scribentis
3136 3337 3151 3359 ,
3186 3299 3341 3376 intuli
3364 3317 3455 3353 su-

209 3370 279 3440 tio
315 3384 344 3420 a
383 3381 562 3440 tnorte
591 3369 797 3440 (Basilii
846 3388 985 3425 anno
1044 3369 1425 3440 pronuntiavit.
1460 3369 1598 3436 Quin
1635 3376 1761 3435 imo,

206 3439 248 3492 si
287 3441 354 3491 ab
404 3438 780 3506 Ampltilocltio
808 3444 1005 3509 scripta
1041 3438 1154 3498 inec
1202 3444 1317 3496 Vita
1346 3455 1457 3506 est,
1506 3444 1761 3508 scriptam

208 3522 325 3582 esse
354 3519 571 3582 Oportet
625 3521 741 3575 post
790 3514 947 3565 aliam
995 3529 1145 3565 suam
1170 3516 1492 3573 orationem,
1522 3528 1682 3582 quam
1710 3514 1761 3565 itt

209 3579 341 3651 festo
375 3578 821 3634 Circtttncisionis
857 3584 1060 3633 Domini
1104 3585 1400 3651 eodemque
1428 3578 1597 3636 sancti
1628 3582 1769 3636 Basi-

207 3650 281 3708 lii.
308 3651 372 3724 de
408 3653 600 3724 eodem
644 3652 1012 3704 sacratissimo
1044 3654 1298 3724 mysterio
1316 3650 1623 3724 eodemque
1648 3670 1774 3707 san-

208 3733 293 3774 eto
325 3723 547 3781 habuit;
590 3722 641 3771 itt
691 3736 794 3786 qua
848 3736 966 3773 cum
1015 3723 1301 3789 praclaras
1334 3723 1515 3778 Basilii
1538 3722 1774 3778 Virtutes

208 3790 642 3861 perstrinxisset,
674 3793 1106 3861 itaiproseqttitnr
1144 3811 1156 3845 :
1183 3811 1201 3843 ι
1234 3794 1376 3854 llaec,
1402 3797 1642 3861 inquam,
1664 3812 1775 3845 out-

210 3862 291 3911 nia
328 3860 506 3912 sacris
534 3860 695 3910 divini
730 3860 972 3929 Gregorii
1005 3864 1344 3916 sermonibus
1381 3860 1591 3917 abunde
1621 3865 1767 3915 arhi-

210 3937 320 4005 tror
372 3942 439 4006 ac
460 3930 761 4006 _s:tpien_ter
794 3934 1024 3997 tradita;
1058 3950 1626 4003 supervacanetttnque
1650 3936 1767 3986 exi-

208 3995 684 4071 stimavi_longiori
718 4001 767 4054 in
811 3995 1214 4071 prteseutiaritm
1252 4008 1497 4059 oratione
1536 3995 1770 4057 dissere-

209 4083 283 4120 re.
344 4087 363 4119 ι
386 4139 397 4144 _
430 4065 568 4133 Cur,
601 4065 822 4134 amabo,
848 4074 889 4125 si
924 4076 1094 4127 Vitam
1129 4076 1305 4128 Basdii
1337 4076 1767 4144 Amphilochius,

209 4139 534 4213 ιιιιιθᾼΙιειιιε
588 4144 883 4213 orationem
949 4146 1221 4204 ΙιιιΙ)ιι;ιιιι,
1280 4139 1591 4213 scripserit;
1646 4160 1767 4198 cum

210 4211 542 4263 mentionem
590 4210 931 4279 Gregorium}:
995 4217 1257 4268 oratimtis
1324 4210 1558 4275 faceret,
1617 4217 1763 4268 nullo

209 4283 375 4354 verbo
400 4281 627 4354 addidit.
645 4297 701 4335 se
734 4299 943 4351 quoque
974 4286 1037 4337 de
1072 4285 1249 4337 Basilii
1272 4288 1424 4340 Actis
1456 4287 1759 4354 scripsisse,

209 4352 349 4425 quod
417 4350 1096 4425 maximeconvenienset
1127 4366 1482 4423 opportunum
1538 4350 1763 4425 tetttpori

210 4422 553 4488 orationique
585 4422 904 4477 videbatur?
958 4422 1243 4480 Dicendum
1296 4427 1475 4493 itaqoe
1513 4429 1617 4480 crit
1654 4422 1763 4479 'att-

210 4501 412 4563 ctorem
446 4530 462 4553 ,
493 4502 616 4563 post
652 4492 843 4545 festum
877 4496 1314 4549 Circuittcisionis
1346 4492 1401 4549 et
1452 4499 1769 4563 pronuntia-

1877 3390 1972 3441 pra
2001 3414 2015 3436 ,
2052 3386 2178 3427 ante
2234 3373 2378 3425 hunc
2438 3369 2584 3423 illum
2637 3368 2924 3437 scripsisse
2950 3410 2965 3433 ,
2998 3385 3061 3422 ex
3100 3384 3210 3438 quo
3242 3370 3448 3440 reliqua

1877 3454 2176 3511 sequuntur
2206 3442 2460 3511 absurda.

1950 3508 2026 3583 (3)
2060 3510 2493 3583 Videturhicde
2531 3508 2637 3583 vita
2692 3508 2875 3583 functo
2906 3508 3285 3583 loquiauctor,
3321 3526 3447 3565 cum

1882 3578 2059 3639 tamen
2087 3596 2243 3635 verus
2264 3578 2672 3649 Amphilochius
2698 3580 2883 3649 paucis
2908 3580 3180 3633 mensibus
3204 3580 3451 3649 Nysseno

1882 3654 2275 3725 supervixerit;
2336 3651 2477 3725 quod
2536 3649 2580 3703 si
2633 3648 2717 3701 hic
2769 3648 2969 3725 ultimis
3014 3648 3449 3725 vita-mensibus

1882 3720 2182 3792 scripserit,
2212 3721 2484 3789 oportebit
2511 3734 2632 3773 eum
2684 3720 3090 3786 quatuordccitn
3124 3722 3280 3775 anuis
3330 3733 3453 3787 post

1882 3796 2066 3852 Basilii
2098 3806 2324 3847 mortem
2363 3792 2671 3859 scripsisse,
2707 3791 2848 3858 quod
2886 3791 3022 3844 male
3057 3792 3295 3845 cohaeret
3323 3807 3447 3846 cum

1884 3866 2215 3936 prmfationis
2250 3862 2420 3914 initio.

1951 3938 2026 4005 (4)
2086 3935 2336 4005 Potuitne
2397 3931 2567 4005 magis
2617 3939 2921 4005 accuratam
2963 3931 3160 3983 habere
3197 3931 3447 4005 notitiam

1878 4000 2544 4075 pseudo-Amphilochius,
2575 4015 2735 4066 quam
2765 4000 3135 4075 Nazianzenus
3168 4010 3266 4075 aut
3309 4000 3450 4072 Nys-

1880 4070 2078 4131 senus?
2119 4073 2367 4126 Potuitne
2400 4070 2773 4124 Nazianzenus
2797 4071 2997 4139 aliquid
3030 4070 3298 4138 gravioris
3335 4070 3449 4125 tito-

1883 4142 2348 4211 tnenti'prteterirc
2379 4142 2401 4192 ?

1944 4218 2025 4286 (5)
2052 4210 2301 4269 Potuitne
2332 4212 2486 4286 longa
2514 4220 2960 4286 temporumcsse
2979 4211 3271 4286 successio,
3295 4210 3450 4286 inter

1872 4279 2131 4341 Basiliutn
2162 4295 2213 4337 et
2250 4282 2706 4349 Amphilochium,
2745 4283 2831 4345 qui
2866 4284 3027 4332 cmcvi
3057 4279 3316 4333 fuerunt?

1946 4360 2020 4427 (6)
2072 4358 2198 4427 Huic
2228 4365 2283 4407 et
2310 4369 2455 4427 _qtt_;e
2511 4362 2837 4427 sequuntur,
2866 4352 3115 4427 videntur
3152 4366 3343 4418 magna
3380 4366 3443 4402 ex

1875 4420 2029 4498 parte
2072 4443 2102 4481 e
2134 4423 2687 4498 Memris‘dcsutnpta,
2722 4420 3077 4498 vcllpucitnle
3101 4431 3252 4473 aucta
3297 4432 3445 4498 sunt.

1947 4500 2020 4568 (7)
2058 4498 2245 4553 Grmce
2270 4488 2948 4568 Obdkrjgosoutou'oao;
3008 4488 3177 4568 Ursus
3227 4492 3448 4568 subdia-

212 4568 332 4635 tum
355 4556 884 4629 Basiliiencmnium,
920 4568 985 4618 ad
1019 4568 1175 4635 hujus
1208 4568 1381 4621 Vitam
1422 4556 1767 4634 prolixiorem
1802 4556 1845 4609 Ι)
1877 4556 2069 4629 conus,
2105 4568 2311 4635 primus
2346 4556 2730 4635 Atlipitilqcitlb
2764 4560 3049 4635 interpres,
3076 4562 3204 4635 "haec
3236 4561 3444 4623 omisit,

212 4632 558 4706 scribendam
598 4636 928 4700 accessisse,
986 4632 1211 4704 ideoque
1262 4638 1378 4706 ejus
1425 4632 1757 4706 intentionem

213 4713 313 4772 non
357 4702 576 4753 fecisse.
609 4706 676 4754 At
732 4719 796 4756 eo
836 4719 961 4758 Casu
1011 4702 1305 4772 oportebit'
1334 4711 1531 4761 luctum
1576 4704 1765 4759 Basilii

213 4768 498 4844 funebrem
527 4808 543 4829 ,
579 4788 606 4844 ιι
654 4788 759 4837 quo
785 4768 1081 4831 desumitur
1106 4781 1384 4832 exordium
1417 4820 1430 4844 ,
1460 4793 1553 4843 per
1606 4778 1767 4842 quin-

212 4840 507 4919 qttett_ttitttn
542 4841 823 4919 durasse:
861 4848 1001 4912 quod
1049 4851 1378 4916 paradoxum
1418 4840 1524 4902 est.
1580 4840 1644 4899 Et
1675 4847 1767 4913 qui

213 4912 450 4984 potuitra
484 4908 572 4961 tali
628 4912 767 4963 luctu
825 4908 981 4967 verus
1012 4908 1416 4984 Amphilochius
1462 4908 1762 4971 orationem

213 4981 488 5055 exordiri,
533 4988 781 5048 tanquam
844 4984 895 5036 itt
950 5000 1067 5037 eam
1109 4981 1275 5055 usque
1322 4990 1460 5041 diem
1502 4990 1762 5051 durante;

214 5066 332 5103 cum
378 5052 552 5103 multo
587 5064 751 5117 ante,
807 5055 857 5105 in
907 5056 1151 5108 oratione
1192 5052 1271 5111 ’de
1320 5058 1763 5120 Circumeisione,

214 5121 364 5187 quasi
394 5123 572 5174 omnis
603 5125 801 5196 doloris
840 5127 1066 5188 oblitus,
1097 5126 1207 5180 hec
1242 5130 1361 5180 laeta
1393 5130 1551 5181 verba
1584 5130 1759 5196 palam

217 5204 533 5259 usurpasset
562 5211 574 5245 :
615 5213 633 5243 ι
664 5194 769 5248 Nos
799 5198 1011 5250 interitu
1045 5199 1207 5250 divini
1248 5198 1419 5251 Patris
1452 5194 1765 5251 tnettt'uriant

219 5261 737 5336 hodie'ltonoretntts
772 5268 995 5322 eattticis
1019 5308 1034 5331 ,
1079 5270 1442 5335 divittitusquc
1488 5269 1764 5336 ittspiratis

221 5330 471 5409 laudibus
507 5335 749 5409 magistri
793 5330 1027 5392 virtutes
1070 5340 1332 5409 condiguo
1359 5330 1769 5407 prosequamur

224 5400 434 5477 plausu.
472 5422 491 5453 ι
528 5400 876 5477 Hinc__itaque
907 5419 1074 5477 patet,
1103 5400 1392 5463 exordium.
1414 5412 1513 5463 hoc
1545 5400 1769 5477 Amphi-

217 5470 390 5524 locltio
424 5477 602 5542 inepte
630 5470 877 5530 allicttitn.

288 5541 368 5606 ('3)
410 5541 650 5597 Excusat
680 5561 740 5598 se
782 5544 1152 5605 Nazianzenus
1196 5550 1349 5605 initio
1390 5550 1648 5605 orationis
1678 5548 1772 5613 20,

217 5614 355 5679 quod
398 5632 415 5661 ι
451 5616 850 5689 multohserius
899 5634 1055 5685 quam
1092 5632 1298 5687 tempus
1325 5624 1659 5689 postulabat,
1708 5636 1772 5675 ac

220 5686 575 5761 post-multos
607 5686 760 5749 alios,
787 5690 874 5755 qui
908 5705 992 5742 res
1026 5686 1211 5745 Basilii
1245 5686 1496 5757 pri-vatim
1534 5694 1770 5759 publice-

220 5768 322 5819 que
350 5753 597 5806 laudihtts
619 5753 894 5819 ornarunt,
931 5779 949 5811 ›
985 5765 1048 5813 ad
1080 5778 1199 5815 eum
1236 5753 1559 5816 I'atttlandtttt't
1584 5777 1767 5816 acces—

221 5826 365 5876 δενίι·
396 5829 530 5890 Ωιηίι
569 5840 693 5878 Vcro
728 5831 826 5880 huc
866 5831 979 5884 loco
1011 5837 1332 5886 tttcntioneat
1380 5833 1504 5887 facit
1537 5836 1763 5902 Αιιψιιιν

296 5944 367 6006 (.4)
403 5942 414 5993 Ι
450 5941 574 5992 Cor.
610 5954 697 6002 XV,
734 5940 782 5993 θ.

1885 4640 1968 4693 vel
2000 4628 2126 4705 quia
2164 4636 2337 4705 minus
2366 4628 2732 4705 itttcllcxit,vel
2760 4628 3261 4705 quia:tttantfestum
3285 4645 3450 4705 agno—

1884 4712 1963 4763 vit
1985 4701 2245 4764 errorem.
2295 4704 2458 4755 Auum
2491 4704 2649 4753 vertit
2684 4701 3058 4754 Combelisius.
3094 4701 3450 4763 \‘erumbaio;

1885 4779 2201 4833 avunculum
2248 4774 2421 4841 potius
2485 4771 2568 4824 vel
2620 4782 2865 4838 patruum
2909 4769 3193 4837 significat.
3251 4771 3452 4824 Deinde

1886 4850 2023 4903 idem
2051 4844 2405 4901 Combetisius
2422 4842 2771 4910 conjectando
2803 4842 3095 4910 intermgat
3116 4882 3131 4905 ,
3164 4856 3230 4895 an
3258 4853 3449 4893 natura

1889 4923 2010 4973 talis
2058 4916 2240 4975 fuerit,
2268 4913 2459 4967 saltem
2491 4909 2555 4965 ex
2603 4910 2817 4963 matre?
2845 4909 2912 4959 At
2938 4926 3036 4977 ego
3065 4912 3265 4979 pariter
3295 4913 3451 4962 dubi-

1891 4991 2048 5044 tando
2077 4989 2381 5053 interrogo,
2411 4998 2514 5052 qua
2546 4982 2755 5053 ratione
2792 4979 3047 5053 Basilina,
3078 4980 3285 5053 (Juliani
3332 4998 3449 5032 nta-

1890 5071 1989 5123 ter,
2018 5057 2121 5109 lilia
2151 5067 2243 5109 aut
2276 5049 2445 5108 ἔοι-ον’
2468 5054 2628 5105 luerit
2659 5049 2923 5123 Valentis,
2950 5064 3005 5103 ttt
3037 5052 3312 5123 hicgsen‘su
3342 5055 3452 5123 sal-

1890 5120 1993 5183 tem
2034 5128 2213 5195 aliquo
2241 5126 2381 5187 Θεῖος
2415 5125 2517 5177 dici
2562 5123 2751 5195 possit.
2787 5120 3450 5195 Sedchttl'ugitntiontbe-

1889 5202 2039 5253 lisius
2063 5189 2366 5251 adsensum
2400 5192 2822 5259 tnetaphoricum
2847 5231 2861 5253 ,
2894 5194 3147 5257 dicitque,
3173 5189 3447 5243 Valentem

1887 5270 2081 5323 Juliani
2112 5268 2434 5321 avunculum
2469 5274 2561 5315 aut
2594 5278 2753 5314 avum
2782 5263 2993 5322 vocari,
3031 5279 3135 5313 ttott
3168 5261 3288 5329 quia
3323 5277 3447 5312 eum

1889 5338 2165 5393 afﬁnitatis
2202 5350 2291 5389 aut
2317 5334 2797 5401 consanguinitatis
2824 5333 2988 5398 gradu
3013 5375 3026 5392 ,
3068 5334 3157 5384 sed
3187 5333 3307 5397 quia
3336 5348 3447 5381 ma—

1891 5410 2002 5463 litia
2043 5424 2095 5463 et
2128 5413 2178 5462 iit
2210 5408 2552 5459 Christianos
2574 5406 2773 5455 szevitia
2799 5404 3091 5468 jirteccssit.
3122 5401 3315 5454 Verum
3342 5416 3448 5469 Qun

1890 5483 2135 5547 exemplo
2166 5478 2558 5530 monstrabitur
2593 5475 2712 5525 talis
2765 5475 3079 5547 tttctaphora
3110 5473 3160 5523 itt
3194 5487 3293 5547 usu
3335 5489 3445 5547 nn—

1891 5544 2059 5619 quam
2084 5550 2278 5603 fuisse?
2316 5548 2423 5614 Ego
2466 5548 2717 5619 existimo
2772 5544 3036 5595 inscitiam
3090 5545 3450 5610 pseudo-Atu-

1892 5612 2144 5691 philocltii
2184 5622 2307 5673 hinc
2331 5612 2479 5684 argui
2516 5612 2814 5691 manifeste,

1964 5692 2042 5761 (8)
2108 5692 2441 5761 Quibttsttattt
2497 5700 2622 5735 Vero
2694 5684 2920 5761 traditus
2976 5694 3071 5761 cst_
3112 5699 3145 5761 _a
3208 5692 3447 5761 paretttt-

1892 5754 2033 5820 bus?
2089 5754 2201 5813 Non
2256 5759 2388 5809 alios
2444 5759 2878 5822 prteceplorcsin
2928 5754 3154 5819 pueritia
3179 5766 3233 5805 et
3269 5754 3449 5804 adole-

1893 5833 2098 5889 scentia
2136 5832 2365 5884 Basilius
2395 5828 2579 5880 habuit
2608 5842 2766 5890 quant
2815 5836 3066 5891 parentes
3101 5838 3260 5885 suos;
3300 5834 3356 5875 ut
3382 5839 3447 5873 ex
