4212 6516
750 473 932 517 CCXCVI

2097 457 2621 514 PROLI‘LGOMENA.

750 574 912 632 nibus
944 572 1237 645 posuisset,
1284 587 1384 628 nec
1415 576 1467 627 in
1503 573 1581 628 eis
1614 572 1913 627 molliorem
1942 587 2000 624 se
2032 571 2307 625 cxhihuis-
2348 576 2388 631 Α
2420 571 2520 624 hoc
2544 578 2888 631 consecutus,
2916 570 3110 625 mansit
3135 570 3263 636 illic,
3295 585 3414 628 sese
3441 571 3719 628 oblectans
3752 572 3981 627 medita-

750 672 855 730 set,
890 664 1178 735 plurimum
1218 665 1459 719 scientia:
1488 664 1875 735 phil050phiea:
1930 662 2183 725 fructum,
2220 676 2312 714 na-

752 768 889 813 turar
906 765 960 813 et
985 757 1181 829 ingenii
1216 756 1492 823 facilitate,
1516 757 1884 825 consequitur.

821 849 1033 907 Relicta
1061 852 1223 922 igitur
1255 851 1592 920 postmodum
1621 850 1795 920 patria
1840 849 1977 917 (erat
2004 849 2146 901 enim
2175 846 2315 916 (lap-

750 942 925 1012 padox
954 942 1195 1012 genere),
1224 940 1541 1012 eloquentiae
1570 951 1795 996 matrem
1819 940 2058 994 Athenas
2103 936 2179 1007 (9)
2226 951 2316 1004 pe—

752 1036 845 1102 tit;
879 1033 1153 1104 multaque
1181 1048 1302 1089 eum
1334 1034 1605 1099 castitate,
1634 1041 1743 1085 tum
1772 1029 2101 1085 continentia
2140 1035 2195 1083 et
2226 1042 2316 1081 so-

748 1128 980 1181 brietate
1002 1136 1250 1193 ornatus,
1302 1128 1540 1196 profante
1586 1135 1641 1180 et
1668 1124 1990 1180 Graecanica:
2041 1123 2315 1191 sapientia:

750 1226 1131 1286 praeceptorem
1194 1216 1325 1283 adit,
1385 1217 1650 1273 Eubulum
1702 1216 1915 1270 nomine
1950 1214 2099 1285 (10);
2133 1217 2317 1283 sicque

751 1307 989 1377 seipsum
1017 1307 1317 1378 disciplinis
1345 1308 1583 1373 tradidit,
1618 1316 1674 1360 ut
1702 1318 1846 1361 esset
1875 1317 1983 1360 tnm
2014 1315 2312 1375 praecepto-

750 1400 921 1462 ribus,
948 1408 1060 1453 tum
1095 1399 1479 1469 condiscipulis
1502 1400 1868 1455 admirationi.
1897 1400 2142 1455 Fuerunt
2165 1399 2312 1453 enim

748 1487 1043 1542 studiorum
1072 1488 1203 1543 socii
1235 1486 1457 1558 Magnus
1512 1487 1827 1559 Gregorius,
1864 1488 2041 1543 factus
2076 1487 2316 1541 Nazian-

748 1596 917 1636 zenus
946 1582 1230 1650 episcopus
1257 1582 1389 1653 (ll),
1418 1583 1507 1651 qui
1544 1591 1598 1638 et
1649 1582 1807 1636 annis
1859 1582 2081 1636 circiter
2114 1580 2319 1633 duode-

748 1674 855 1727 cim
884 1673 1193 1743 apostolica:
1226 1673 1371 1729 sedis
1421 1674 1539 1744 (12)
1572 1672 1932 1744 gubernacula
1967 1672 2168 1737 tenuit;
2222 1669 2318 1725 Ju—

749 1764 927 1818 lianus
959 1778 1200 1833 quoque,
1251 1779 1356 1817 non
1396 1764 1469 1818 ita
1495 1765 1699 1833 pridem
1723 1764 2062 1819 Christianus
2096 1763 2233 1833 (l5),
2266 1771 2319 1816 et

747 1851 1002 1909 Libanius
1032 1853 1167 1922 (14).
1208 1852 1299 1907 Sic
1335 1866 1511 1909 autem
1557 1854 1809 1909 omnibus
1863 1854 2194 1909 admirabilis
2233 1853 2315 1905 vir

2420 663 2564 717 tione
2596 662 2903 716 divinorum
2939 663 3272 733 eloquiorum
3302 703 3318 729 ,
3366 680 3503 733 aqua
3535 674 3590 719 et
3626 664 3871 719 oleribus
3899 664 3983 718 vi-

2418 756 2632 809 ctitans.
2679 758 2835 809 Anno
2870 765 3046 809 autem
3099 755 3307 825 integro
3341 758 3537 810 ibidem
3585 765 3983 819 commoratus,

2419 848 2747 915 verbumque
2765 847 3008 902 veritatis
3035 846 3138 901 [ide
3161 847 3529 911 considerans,
3562 847 3986 918 intelligensque

2417 938 2559 1007 quod
2594 939 2701 1001 illa,
2740 941 2785 994 si
2826 954 2943 994 eam
2971 939 3199 995 velimus
3229 942 3479 1007 serutari,
3516 941 3759 1003 lluctuet,
3796 945 3986 1011 petivit

2419 1047 2476 1087 se
2507 1031 2702 1086 dimitti
2735 1031 3160 1104 Hierosolymam
3192 1033 3301 1085 vati
3361 1046 3521 1086 causa
3556 1075 3571 1098 ,
3612 1048 3676 1087 ac
3706 1034 3825 1102 ejus
3881 1034 3983 1089 loci

2419 1123 2785 1190 inspecturum
2835 1120 3113 1176 miracula.
3169 1121 3239 1175 At
3287 1120 3396 1183 ille,
3445 1132 3768 1191 apprecatus
3824 1124 3983 1188 bene,

2418 1211 2619 1267 dimisit
2642 1227 2781 1265 eum.

2486 1302 2723 1358 Rediens
2770 1311 2947 1356 autem
2995 1302 3107 1373 (18)
3159 1304 3245 1358 ubi
3294 1303 3607 1360 Graecorum
3651 1306 3985 1376 philosophia

2420 1395 2594 1450 fuerat
2620 1396 2921 1460 institutus,
2975 1399 3137 1465 coepit
3172 1398 3354 1452 verbis
3390 1398 3609 1453 ﬂectere
3636 1399 3841 1456 multos
3866 1404 3986 1472 phi-

2419 1488 2709 1557 loSOphos,
2742 1488 3067 1558 Christoque
3111 1490 3509 1546 multitudinem
3568 1493 3831 1562 gentium,
3892 1496 3989 1549 de-

2421 1592 2718 1635 monstrata
2768 1582 2845 1636 eis
2878 1580 3069 1635 salutis
3111 1583 3195 1636 via
3225 1622 3241 1648 ,
3268 1582 3485 1640 oll‘erre.
3517 1583 3777 1651 Quaesivit
3806 1597 3985 1639 autem

2422 1682 2474 1727 et
2501 1684 2880 1742 pmceptorem
2915 1688 3071 1727 suum
3114 1672 3378 1729 Enbulum
3425 1678 3495 1747 (is
3520 1678 3663 1731 enim
3692 1678 3796 1732 dux
3834 1681 3984 1733 verbi

2421 1774 2475 1819 et
2502 1765 2815 1835 eloquentia:
2844 1780 3045 1835 praeses
3094 1765 3255 1835 erat),
3288 1782 3395 1835 quo
3444 1769 3496 1822 in
3530 1768 3776 1823 laborum
3816 1769 3988 1837 ipsius

2422 1859 2932 1920 remunerationem,
2997 1857 3280 1928 inculpata:
3331 1872 3451 1912 eum
3517 1860 3637 1913 ﬁdei
3699 1862 3988 1917 admovere

746 1944 925 2015 posuit
947 1944 1001 1997 in
1027 1945 1191 1998 corde
1214 1960 1311 2001 suo
1330 1960 1432 2000 non
1452 1960 1666 2001 sumere
1695 1960 1886 2014 panem
1908 1953 1962 1999 et
1978 1946 2155 1999 vinum
2181 1945 2313 2015 (15),
2348 1943 2389 1996 Β
2421 1956 2685 2013 tentaret;
2716 1950 2790 2003 sic
2815 1951 2990 2019 plane,
3014 1962 3071 2003 ut
3099 1966 3163 2005 eo
3202 1960 3404 2005 rectam
3435 1951 3500 2002 ad
3520 1950 3676 2005 (idem
3704 1962 3988 2018 currente,

746 2037 918 2089 donec
968 2034 1256 2089 assistente
1304 2050 1539 2104 superna
1597 2033 2182 2099 Providentia,divina2
2232 2049 2313 2089 sa-

744 2122 963 2193 pientia:
995 2138 1191 2177 arcana
1232 2132 1563 2193 penetraret.
1622 2122 1998 2180 Commoratus
2044 2134 2222 2179 autem
2258 2126 2309 2178 in

742 2214 1043 2285 disciplinis
1064 2216 1225 2269 annis
1254 2214 1561 2283 quindecim
1591 2255 1607 2283 ,
1632 2230 1752 2271 cum
1784 2216 2156 2271 Graecanicam
2187 2231 2308 2270 om-

745 2324 867 2363 nem
894 2308 1213 2378 sapientiam
1236 2307 1303 2362 ad
1332 2306 1492 2362 linem
1524 2308 2309 2372 decurrisset,astronomiam-

745 2414 851 2470 que
878 2408 934 2454 et
980 2400 1360 2468 geometriam,
1396 2414 1461 2455 ac
1488 2400 1694 2469 Optima
1723 2414 1952 2469 qumque
1981 2397 2306 2469 collegisset,

746 2509 812 2549 ac
837 2508 938 2549 nec
966 2493 1033 2549 iis
1059 2503 1235 2549 tamen
1261 2492 1369 2547 ullo
1397 2493 1555 2548 modo
1576 2492 1815 2548 omnium
1853 2492 2167 2549 Creatorem
2197 2492 2313 2563 (16)

742 2586 990 2641 invenire
1038 2595 1254 2655 posset;
1290 2584 1524 2655 quadam
1585 2594 1744 2641 nocte
1792 2584 2039 2655 vigilanti
2102 2586 2316 2641 divinus

743 2679 995 2746 splendor
1033 2678 1195 2743 infit,
1240 2686 1299 2733 ut
1355 2679 1613 2749 cujusque
1662 2678 1939 2751 religionis
1988 2680 2313 2747 scripturam

742 2779 1087 2841 percurreret
1125 2771 1262 2843 (17).
1324 2769 1566 2841 Surgens
1621 2786 1753 2842 ergo
1803 2772 2080 2841 profectus
2126 2780 2209 2824 est
2259 2770 2313 2824 in

739 2860 1031 2934 Egyptum
1054 2902 1073 2931 ,
1109 2871 1165 2918 et
1211 2864 1474 2919 accedens
1505 2862 1571 2916 ad
1599 2863 1885 2933 quemdam
1935 2860 2320 2915 archimandri-

743 2964 853 3011 tam
875 2995 892 3023 ,
920 2955 1279 3026 Porphyrium
1314 2957 1532 3013 nomine
1555 2997 1573 3022 ,
1605 2956 1796 3028 petivit
1833 2953 1935 3009 sibi
1993 2954 2111 3007 dari
2148 2952 2316 3008 libros

740 3063 949 3118 sacros,
995 3050 1190 3119 quibus
1219 3050 1402 3107 divina
1459 3050 1708 3121 dogmata
1751 3048 2102 3121 perdisceret.
2141 3045 2313 3102 Porro

2420 2057 2517 2096 ceu
2559 2042 2869 2111 magistrum
2914 2052 3269 2113 sequerentur
3296 2051 3558 2113 quotquot
3603 2044 3907 2114 philosophi
3934 2049 3987 2103 in

2422 2149 2540 2189 eam
2593 2136 3006 2190 concessissent.
3064 2136 3197 2191 Cum
3243 2147 3419 2191 autem
3472 2136 3525 2191 in
3562 2136 3815 2191 omnibus
3862 2155 3986 2194 eum

2423 2228 2621 2284 scholis
2670 2226 3020 2293 requisisset,
3074 2230 3294 2286 offendit
3348 2230 3399 2284 in
3451 2228 3708 2283 suburbio
3752 2230 3985 2298 quodam

2416 2320 2776 2385 disputantem
2811 2356 2827 2381 ,
2867 2320 3025 2372 sociis
3057 2335 3270 2389 quoque
3303 2322 3424 2375 aliis
3450 2320 3783 2391 philosophis
3810 2336 3824 2371 ε
3856 2319 3988 2371 nihil

2414 2409 2558 2463 enim
2592 2408 2734 2462 aliud
2768 2409 3082 2475 studebant,
3106 2427 3266 2481 quam
3294 2422 3351 2467 ut
3372 2414 3614 2469 dicerent
3649 2423 3704 2469 et
3736 2412 3991 2467 audirent

2413 2500 2617 2570 aliquid
2648 2499 2796 2554 novi.

2485 2592 2617 2648 Cum
2651 2608 2779 2663 ergo
2803 2593 3115 2653 dissereret.
3144 2594 3356 2649 instans
3405 2594 3804 2665 imminensque
3836 2596 3983 2650 Basi-

2414 2684 2538 2746 lius,
2572 2684 2744 2752 ipsum
2780 2686 3059 2753 corripuit.
3099 2684 3236 2740 Tum
3262 2686 3455 2756 aliquis
3486 2702 3673 2742 eorum
3699 2689 3791 2758 qui
3829 2699 3989 2743 erant

2413 2790 2535 2829 cum
2561 2776 2695 2844 ipso,
2735 2776 2802 2829 ad
2830 2791 2952 2831 eum
2984 2795 3001 2832 :
3042 2794 3059 2827 ι
3097 2778 3369 2846 Corripuit
3406 2789 3459 2834 te
3489 2781 3704 2848 quidam
3737 2820 3753 2843 ,
3790 2797 3825 2835 ο
3858 2782 3982 2850 phi-

2415 2867 2638 2936 losophe
2679 2887 2698 2921 ι
2732 2868 2800 2921 At
2829 2867 2919 2923 ille
2976 2883 2991 2922 :
3033 2887 3051 2921 ι
3092 2869 3187 2924 Vel
3220 2872 3378 2936 Deus,
3404 2873 3488 2925 vel
3518 2872 3764 2926 Basilius.
3792 2890 3812 2923 ι
3848 2872 3983 2927 Cum

2412 2974 2541 3032 ergo
2577 2975 2699 3015 eum
2730 2962 3037 3031 agnovisset
3068 3002 3083 3023 ,
3112 2975 3310 3030 eosque
3339 2963 3429 3031 qui
3464 2963 3689 3015 aderant
3738 2963 3983 3019 dimisis—

2414 3060 2534 3116 set,
2566 3051 2769 3106 mansit
2805 3066 2926 3106 cum
2958 3051 3191 3117 Basilio,
3225 3066 3290 3107 ac
3329 3061 3440 3109 tres
3458 3053 3574 3109 dies
3600 3052 3763 3122 jejuni
3792 3068 3985 3124 perse-

742 3259 914 3333 ipsius
937 3256 1266 3333 ANazianzeni
1301 3256 1608 3313 testimonio
1648 3257 1844 3313 dicitur
1876 3261 1929 3313 in
1965 3258 2113 3326 Vita,
2148 3275 2297 3315 num.
2327 3262 2371 3321 c
2405 3257 2604 3333 cedens
2661 3256 3028 3333 Nazianzenn‘
3068 3273 3238 3333 annos
3290 3259 3572 3317 duodecim
3610 3301 3626 3326 ,
3678 3262 3768 3333 qui
3839 3263 3983 3319 Con-

739 3329 1061 3472 975)“i‘ion
1089 3405 1237 3472 recte
1268 3396 1456 3472 saltem
1495 3395 1734 3472 Athenas
1762 3397 2126 3472 petttg,__naesit
2156 3398 2301 3472 enim

740 3468 1047 3541 aliquandiu
1075 3468 1562 3536 Constantinopoli.
1596 3468 1706 3541 Nec
1749 3468 2009 3541 credibile
2041 3477 2145 3541 est.
2171 3469 2303 3541 duo:

741 3536 967 3596 «lennem
1002 3541 1171 3611 patria
1198 3541 1516 3601 excessisse,
1551 3539 1694 3606 quod
1718 3548 1895 3594 tamen
1924 3538 2010 3593 hic
2044 3536 2301 3593 atlirmari

740 3614 1215 3751 νὶίέἳῖῗίῢυιιιιιυηι
1247 3691 1276 3731 a
1314 3678 1480 3751 nullo
1504 3678 1611 3732 alio
1656 3677 2175 3751 in‘cr-mhe9ienses
2201 3679 2299 3734 do-

740 3747 918 3805 cto‘res
939 3759 1275 3804 numeratum
1311 3748 1540 3819 reperio,
1572 3747 1764 3803 nedum
1796 3748 1936 3802 inter
1963 3747 2147 3803 Basilii
2187 3765 2301 3803 ma-

778 3822 960 3876 istros.

737 3838 1241 3961 εἰἩῗῖὶῖ]ιηἐςτιτίιις»
1268 3887 1641 3961 Nazianzenus
1668 3903 1697 3961 a
1720 3887 1915 3961 patria,
1950 3901 2054 3943 non
2084 3885 2164 3961 ab
2191 3885 2306 3955 epi-

739 3957 960 4031 scopatu
1012 3957 1207 4024 dictus,
1238 3959 1519 4031 ordinatus
1550 3957 1768 4027 quidem
1797 3959 1974 4013 fuerat
2010 3957 2300 4031 episcopus

740 4026 1075 4086 Sasimorum
1104 4072 1119 4095 ,
1148 4032 1241 4085 sed
1272 4030 1427 4083 titulo
1461 4026 1656 4094 tenus;
1698 4032 1867 4099 patris
1899 4026 2076 4084 autem
2113 4029 2198 4099 sui
2224 4026 2304 4080 vi-

738 4103 920 4157 carius
951 4102 1211 4153 duntaxat
1241 4100 1523 4165 Nazianzi,
1559 4098 1713 4152 venit
1758 4099 1883 4153 inde
1922 4098 2304 4153 Constantium-

740 4172 923 4235 oolim,
962 4171 1160 4225 labenti
1186 4169 1435 4224 Ecclesia
1461 4167 1855 4232 subventurus;
1897 4170 1982 4223 ubi
2016 4169 2173 4221 Iidem
2212 4183 2303 4220 or-

739 4235 1031 4297 thodoxam
1081 4241 1133 4295 in
1169 4255 1264 4296 sua
1290 4240 1573 4293 Anastasio
1605 4240 1983 4305 resuscitavit;
2012 4240 2297 4307 episcopa-

740 4312 842 4366 ii-m
871 4327 998 4365 vero
1024 4314 1273 4366 thr0num
1290 4326 1394 4365 non
1429 4309 1527 4365 nisi
1557 4310 1742 4380 paucis
1773 4312 2047 4380 mensibus
2076 4309 2295 4362 insedit.

740 4383 923 4451 Neque
946 4398 1099 4437 error
1136 4392 1243 4435 tam
1290 4381 1470 4452 gravis
1506 4378 1574 4452 in
1620 4378 2001 4452 Amphilochio
2039 4380 2290 4452 egeusari

740 4446 934 4520 potest,
966 4446 1629 4505 Memeorum'auctoritate
1652 4488 1667 4515 ,
1700 4446 1861 4520 quam
1892 4446 2047 4520 affert
2062 4449 2297 4520 Combe-

740 4518 904 4577 iisius.
931 4522 1187 4589 Quamvis
1220 4536 1281 4574 ea
1314 4521 1397 4574 die
1426 4520 1494 4575 50
1553 4518 1817 4587 Januarii,
1847 4518 2133 4574 duodecim
2158 4518 2294 4572 Con-

738 4588 1197 4663 stantintipolitani
1252 4591 1593 4660 episcopatus
1656 4606 1828 4645 annos
1879 4589 2146 4663 Gregorio
2196 4588 2296 4641 tri-

738 4669 925 4729 buant,
973 4658 1261 4731 potuerunt
1290 4658 1502 4716 eorum
1534 4669 1780 4715 auctores
1810 4675 2014 4731 errare,
2056 4658 2146 4711 ditt
2175 4667 2294 4725 post

740 4748 849 4785 rem
882 4730 1083 4799 gestam
1112 4735 1450 4787 scribentes:
1487 4731 1580 4785 sed
1626 4745 1809 4785 errare
1836 4730 1892 4785 in
1942 4745 2007 4784 eo
2037 4742 2144 4781 non
2198 4742 2295 4796 po-

738 4798 929 4858 tuisset
978 4802 1429 4872 Amphilochius,
1486 4811 1598 4855 tum
1667 4802 1926 4872 temporis
1992 4798 2293 4872 leoniensis

733 4875 1038 4942 episc0pus,
1086 4870 1175 4941 qui
1212 4886 1347 4939 pene
1381 4887 1563 4927 coram
1596 4870 1773 4942 oculis
1804 4871 1921 4924 suis
1951 4871 2134 4924 omnia
2165 4882 2293 4942 spe-

734 4938 938 5011 ctavit,
987 4938 1117 5012 qua!
1155 4938 1296 4995 circa
1353 4943 1715 5012 episcopatum
1736 4938 2292 5012 Constantinopolita-

735 5029 861 5065 num
889 5010 1037 5082 gesta
1064 5022 1190 5067 sunt
1234 5028 1261 5065 a
1288 5010 1568 5082 gregario.
1600 5010 1784 5081 Itaque
1814 5010 1896 5063 vel
1933 5012 2292 5082 pseudo-Ant-

732 5079 1034 5150 pliiloeliius
1062 5099 1245 5138 errare
1275 5079 1477 5136 Mentha
1508 5082 1632 5134 fecit
1658 5123 1673 5143 ,
1700 5079 1749 5135 si
1782 5081 1929 5147 prius
1965 5079 2245 5147 scripserit
2272 5096 2287 5145 ;

736 5154 817 5206 vel
838 5155 881 5208 si
912 5154 1109 5219 serius,
1135 5167 1373 5211 errorem
1400 5168 1467 5208 ex
1494 5150 1706 5205 Meuwis
1753 5153 1804 5205 in
1836 5165 1929 5206 sua
1966 5150 2165 5217 scripta
2200 5165 2291 5205 re-

736 5223 871 5278 tulit.

803 5295 911 5364 (ίὲ)
940 5293 1224 5349 Cathedra:
1246 5293 1551 5363 apostolica:
1579 5288 1926 5364 nomiuehic
1965 5286 2287 5359 intelligitur

731 5362 1341 5433 Constantinopolitana,
1385 5373 1647 5433 quatenus
1698 5363 1755 5417 S.
1798 5362 2042 5433 And-reas
2074 5370 2285 5433 aposto-

732 5435 815 5488 lus
862 5431 1212 5504 Byzantinam
1256 5431 1547 5488 Ecclesiam
1597 5432 1846 5504 fundasse
1875 5431 2115 5504 creditur
2149 5431 2280 5504 :_sed

729 5504 853 5573 quia
881 5500 990 5558 haec
1012 5506 1217 5572 opinio,
1244 5505 1418 5573 ignota
1449 5502 1638 5571 priscis
1664 5503 1896 5565 saeculis,
1930 5516 2032 5553 non
2065 5500 2167 5553 nisi
2193 5501 2280 5551 diu

733 5587 853 5642 post
926 5575 1198 5628 fundatam
1268 5574 1781 5640 ConstantinopMi-n
1838 5573 1984 5625 credi
2067 5574 2279 5642 C(Bptlr,

733 5641 1215 5712 pseudo-Durothei
1262 5646 1646 5697 cmtnncntario
1676 5644 1861 5712 nixa,
1912 5643 1985 5693 uti
2045 5641 2283 5693 usmndit

730 5711 1023 5784 Januingns
1052 5715 1085 5766 4
1129 5713 1269 5767 .iunii
1302 5713 1328 5785 §
1362 5715 1395 5766 5
1426 5725 1478 5766 et
1506 5715 1538 5764 ti
1569 5714 1634 5766 de
1663 5711 1718 5764 S.
1760 5712 2132 5785 hletropliane,
2155 5723 2279 5764 ante

730 5801 887 5849 quem
923 5782 1097 5838 nullus
1147 5782 1401 5853 probatur
1436 5784 1715 5850 episcopus
1765 5782 2004 5850 Byzantii
2064 5783 2275 5845 fuisse;

730 5866 951 5925 apparet
1015 5852 1157 5909 hac,
1195 5871 1298 5907 non
1366 5869 1489 5908 csse
1544 5852 1962 5921 Antpltiluchti;
2031 5852 2281 5917 idemque

731 5928 920 5993 probat
973 5927 1324 5997 gravissimus
1380 5940 1563 5990 error,
1617 5939 1679 5976 ea
1728 5925 1781 5978 in
1836 5925 2093 5976 cathedra
2149 5936 2250 5975 con

2403 3327 2889 3405 stantinopolitanze
2908 3329 3162 3384 Ecclesia
3186 3345 3369 3385 curam
3388 3343 3445 3387 ut
3466 3327 3735 3389 summum
3756 3336 3975 3391 triennii

2402 3404 2588 3466 gessit.
2616 3463 2633 3466 _
2647 3463 2663 3466 _
2703 3464 2711 3466 _
2951 3424 2956 3429 ~

2472 3463 2838 3540 (1;)Melius,
2894 3465 3079 3521 saltem
3131 3471 3427 3540 quoadiad
3486 3472 3786 3540 historiam,
3848 3492 3971 3531 ver-

2400 3533 3087 3610 tit'lirsus__sulntiaconns,
3141 3533 3281 3604 apud
3326 3539 3684 3610 Rosweydum
3716 3582 3731 3604 ,
3774 3533 3978 3603 'dicens

2401 3607 2542 3731 ign-qd
2599 3605 2884 3670 Julianus,
2946 3609 3013 3662 ad
3076 3607 3239 3663 breve
3313 3605 3567 3681 tempus,
3625 3613 3972 3671 Christianus

2427 3695 2475 3731 ut

2427 3687 2505 3732 utt

2617 3745 2874 3828 [.ibanuts
2901 3786 2929 3828 ,ι
2955 3761 3052 3803 nec
3082 3750 3477 3828 condiscipulus
3508 3790 3524 3814 ,
3560 3765 3657 3805 nec
3698 3754 3971 3828 magister

2402 3816 2714 3890 Basiliifnit
2735 3818 2963 3890 Athenis
2994 3836 3013 3890 :7
3051 3822 3143 3874 sed
3172 3816 3353 3890 aliqua
3396 3822 3535 3877 inter
3563 3837 3655 3877 eos
3689 3816 3968 3879 Constan-

2405 3888 2627 3953 tin0poli
2661 3887 2967 3940 intercessit
2994 3887 3356 3948 familiaritas.

2476 3956 2585 4022 (lii)
2639 3954 2695 4008 Si
2726 3956 2898 4009 solum
2953 3957 3199 4023 dixisset,
3251 3980 3270 4013 ι
3319 3977 3422 4017 non
3477 3977 3690 4020 sumere
3723 3961 3910 4017 vinum
3946 3982 3963 4014 ι

2407 4023 2881 4107 tolerabileiforet;
2917 4030 3179 4093 potuisset
3205 4032 3349 4087 enim
3387 4048 3528 4107 aqua
3577 4035 3689 4088 sola
3742 4045 3795 4087 et
3828 4050 3967 4104 pane

2404 4104 2567 4177 vitam
2582 4106 2897 4177 sustentare
2924 4112 2937 4147 :
2962 4109 3145 4177 verum
3172 4115 3291 4156 cum
3342 4104 3495 4177 panis
3513 4119 3684 4177 usum
3706 4143 3723 4167 ,
3750 4114 3966 4160 susten-

2406 4173 2597 4243 tationi
2635 4173 2743 4245 tam
2794 4173 3164 4245 necessarium
3199 4209 3214 4232 ,
3262 4174 3575 4245 excluserit,
3600 4174 3814 4245 videtnr
3856 4192 3953 4245 pro

2403 4240 2639 4310 positum
2689 4237 2831 4310 istud
2888 4251 2984 4291 seu
3017 4248 3201 4291 votum
3235 4250 3342 4296 tam
3377 4244 3725 4298 indiscretum
3760 4237 3929 4301 fuiése
3954 4284 3970 4310 ,

2407 4306 2465 4362 ut
2498 4309 2549 4361 in
2579 4306 2834 4361 Basilimn
2859 4310 3055 4361 cadere
3079 4323 3183 4363 non
3207 4312 3460 4377 potuerit.

2472 4379 2582 4448 (lli)
2636 4377 2973 4433 Perabsnrde
3029 4380 3321 4448 tlngeretur
3370 4381 3456 4436 hic
3512 4379 3786 4446 Basilius,
3845 4397 3969 4438 cum

2401 4448 2628 4521 Athenis
2655 4457 2818 4521 esset,
2839 4448 3082 4521 omnium
3109 4448 3426 4507 Creatorem
3460 4452 3741 4519 ignorasse
3770 4471 3784 4507 :
3812 4454 3970 4521 quip-

2402 4533 2468 4601 pe
2506 4519 2601 4601 qui.
2625 4518 2798 4601 prima
2831 4518 2951 4601 ﬁdei
2988 4523 3275 4601 mysteria,
3304 4531 3359 4576 ut
3388 4523 3438 4576 in
3485 4521 3602 4575 Vita
3622 4522 3756 4590 ejus,
3792 4518 3970 4601 capite

2407 4588 2459 4653 1,
2499 4588 2718 4653 dicitur,
2750 4595 2803 4639 et
2838 4604 2865 4638 ει
2899 4587 3136 4644 Macrina
3195 4594 3311 4645 avia
3340 4608 3457 4657 sua,
3485 4603 3538 4647 et
3571 4608 3599 4645 a
3627 4587 3801 4648 matre
3846 4587 3972 4650 Em—

2403 4658 2560 4732 nieiia
2615 4671 2746 4726 puer
2787 4658 3214 4732 didicerat,uec
3268 4678 3505 4732 unquam
3562 4664 3963 4719 inunutaverat.

2400 4729 2744 4801 Quapropter
2771 4728 3233 4801 sic‘Combetisius
3280 4728 3452 4786 locum
3484 4734 3763 4801 explicuit,
3804 4746 3863 4790 ut
3910 4738 3962 4789 in

2398 4799 2637 4866 profanis
2658 4797 2912 4871 scientiis
2940 4800 3074 4852 nihil
3103 4802 3407 4865 invenerit,
3449 4797 3592 4871 quod
3624 4806 3689 4857 ad
3723 4807 3816 4859 Dei
3845 4806 3961 4859 cul-

2398 4878 2506 4950 tum
2539 4870 2879 4950 perduceret,
2912 4871 3165 4938 quamvis
3209 4870 3523 4928 Creatorem
3572 4876 3817 4929 omnium
3864 4891 3969 4930 non

2396 4947 2693 5006 ignoraret.

2465 5008 2575 5079 (l7)
2604 5006 2731 5079 prsi
2788 5008 3159 5078 interpretatio
3201 5011 3382 5074 habet,
3416 5031 3433 5064 ι
3478 5022 3535 5069 ut
3591 5024 3792 5068 nostra:
3836 5014 3967 5069 reli-

2395 5077 2569 5147 gionis
2598 5077 3306 5157 Scripturainpercurreret
3343 5100 3356 5136 :
3393 5102 3411 5135 ι
3446 5087 3539 5139 sed
3569 5088 3634 5139 ad
3671 5085 3774 5157 hoc
3819 5101 3956 5157 opus

2394 5164 2499 5221 non
2529 5159 2651 5221 erat
2693 5159 2750 5200 ut
2784 5149 2958 5221 abiret
3003 5151 3055 5204 in
3087 5150 3405 5220 Egyptum,
3437 5170 3554 5209 eam
3609 5149 3878 5221 petiturus
3928 5174 3957 5211 a

2392 5215 2692 5289 Porphyrio
2733 5215 3457 5284 archimandritas,"necdum
3512 5215 3730 5277 aliunde
3784 5239 3958 5283 noto:

2394 5303 2517 5367 riam
2556 5290 2698 5367 illam
2725 5290 2952 5367 Athenis
2981 5291 3087 5367 sibi
3117 5306 3432 5367 comparare
3456 5304 3689 5365 poterat,
3715 5310 3823 5367 quo
3838 5313 3961 5352 cum

2394 5358 2556 5434 impio
2587 5357 2803 5434 Juliano
2858 5360 2923 5412 ad
2978 5357 3431 5434 legendos'libros
3456 5357 3650 5420 saeros
3680 5357 3958 5434 acceSsit;

2391 5432 2483 5481 sed
2510 5441 2648 5506 et_ex
2690 5432 2849 5506 domo
2875 5440 3097 5506 paterna
3124 5431 3325 5506 habere
3351 5435 3685 5503 Seripturam
3718 5431 3960 5506 poterat,

2391 5516 2454 5553 ea
2495 5501 2637 5554 enim
2668 5502 2914 5553 utebatur
2947 5502 3225 5561 Einmelia.
3268 5506 3333 5557 ad
3359 5501 3732 5567 instruendam
3771 5501 3966 5565 Macri-

2391 5585 2513 5641 nam
2540 5572 2700 5641 liliam
2740 5587 2912 5634 suam,
2946 5582 3081 5625 teste
3111 5571 3355 5641 Nysseno
3392 5577 3441 5627 in
3490 5573 3636 5629 Vita.

2460 5640 2569 5716 (l8)
2597 5640 2999 5716 Peregrinatum
3036 5656 3094 5695 se
3121 5640 3321 5716 essein
3361 5644 3649 5716 {Egyptmu
3680 5658 3734 5700 et
3768 5648 3961 5703 Hiero-

2392 5713 2674 5787 solymam,
2706 5721 2936 5787 testatur
2966 5714 3076 5778 ipse
3127 5711 3356 5768 Basdius
3384 5711 3563 5784 epfitl
3598 5736 3611 5771 :
3643 5720 3737 5771 sed
3771 5735 3955 5787 postea

2391 5782 2617 5857 rediisse
2648 5782 2830 5857 ipsum
2845 5781 3115 5857 Athenas,
3172 5797 3395 5851 apparet
3421 5781 3720 5844 manifeste
3745 5781 3959 5857 falsum,

2390 5853 2751 5906 consideranti
2795 5848 2965 5905 Vitam
2991 5868 3158 5923 supra
3184 5848 3387 5910 datam.
