4212 6506
620 431 978 489 EXCERPTA
1026 432 1113 487 EX
1156 432 1357 488 ACTIS
1398 435 1456 488 S.
1488 434 1730 489 BASlLll
1771 434 2529 490 BOLLANDIANIS.—-VITA
2566 436 3006 493 APOCRYPHA.

3215 453 3423 494 CC‘CV‘I

200 572 442 611 verantes
469 554 609 625 (19),
641 568 828 608 mutuo
868 555 1240 612 conferebant.
1274 552 1629 622 Interrogavit
1653 558 1757 610 ita-
1788 558 1834 615 Α
1864 555 2108 611 bonitate
2135 592 2151 612 .
2208 554 2276 611 iis
2323 558 2415 626 qui
2462 565 2726 611 venerunt
2772 557 2914 614 circa
2975 556 3165 611 horam
3202 554 3427 609 undeci-

199 666 294 716 que
328 649 569 701 Eubulus
604 644 859 699 Basilium
890 665 903 702 :
934 667 951 698 α
984 648 1112 712 Qua":
1139 655 1222 698 est
1248 646 1485 701 deﬁnitio
1524 647 1759 713 philoso-

196 740 479 811 phia:(20),
506 739 707 794 Basili?
744 758 763 792 ι
800 741 899 809 Qui
930 742 1032 795 ait:
1070 755 1089 789 ι
1124 738 1299 794 l’rima
1329 739 1570 793 deﬁnitio
1597 743 1761 808 philo-

194 834 432 902 sophiae,
489 832 771 889 meditatio
828 832 1037 888 mortis.
1095 850 1114 884 ι
1169 832 1259 887 Ille
1304 846 1430 886 vero
1486 832 1761 889 admirans

193 930 301 981 ait:
326 945 344 978 r
378 926 515 993 Quis
549 935 634 984 est
671 925 940 981 mundus?
964 943 981 975 ι
1004 922 1331 994 Respondit:
1372 942 1391 973 ι
1430 923 1522 977 Ille
1548 925 1636 993 qui
1680 936 1764 981 est

196 1034 349 1086 supra
389 1022 677 1076 mundum.
716 1020 782 1072 Et
812 1017 1030 1087 quidem
1065 1020 1248 1073 dulces
1282 1026 1405 1070 sunt
1435 1020 1617 1073 mundi
1644 1035 1761 1075 scr-

196 1125 379 1168 mones
410 1151 430 1181 ,
496 1114 614 1181 ipse
664 1124 793 1165 vero
835 1114 1067 1166 mundus
1107 1112 1458 1166 vehementer
1503 1127 1757 1175 amarus,

193 1208 403 1274 quando
427 1206 552 1276 quis
576 1203 749 1257 eidem
770 1206 935 1259 animi
972 1202 1165 1256 vitiosa
1234 1202 1516 1260 affectione
1579 1204 1761 1257 adhre-

195 1298 322 1353 serit
355 1317 367 1352 :
403 1306 459 1349 et
505 1295 609 1350 alia
642 1304 724 1350 est
775 1295 1023 1362 voluptas
1072 1296 1316 1364 corporis
1340 1335 1355 1358 ,
1412 1295 1516 1348 alia
1551 1302 1762 1349 natura:

196 1387 530 1455 incorporea:
559 1400 690 1440 :nee
706 1385 817 1441 ﬁeri
841 1392 1039 1451 potest,
1070 1394 1128 1438 ut
1148 1386 1309 1439 simul
1339 1384 1533 1452 aliquis
1553 1394 1761 1438 utram-

194 1495 294 1549 que
322 1479 565 1534 habeat:
599 1494 720 1532 nam
748 1493 905 1534 nemo
933 1487 1110 1549 potest
1134 1477 1344 1531 duobus
1393 1475 1626 1529 dominis
1653 1492 1764 1530 ser-

196 1575 331 1629 vire.
388 1573 707 1640 Caterum,
745 1585 1005 1643 quantum
1062 1584 1387 1639 possumus,
1454 1568 1766 1636 lrangsmus

194 1664 571 1723 esurientibus
617 1666 855 1721 scientiae
884 1676 1110 1731 panem;
1144 1669 1197 1717 et
1225 1676 1352 1726 eos,
1380 1659 1472 1730 qui
1506 1660 1640 1714 citra
1682 1658 1766 1711 vi-

197 1760 326 1814 tium
352 1770 413 1816 et
446 1758 657 1828 culpam
698 1764 827 1809 sunt
854 1755 971 1808 sine
1001 1762 1140 1809 tecto
1163 1794 1179 1820 ,
1214 1769 1313 1823 per
1364 1752 1617 1805 virtutem
1667 1750 1767 1804 sub

195 1862 397 1909 tectum
430 1852 707 1906 ducamus.
733 1848 885 1915 Quod
917 1847 960 1902 si
999 1848 1163 1904 etiam
1188 1844 1482 1899 viderimus
1514 1844 1711 1899 nudum
1739 1881 1757 1907 ,

1867 662 2007 700 mam
2043 688 2059 711 ,
2113 645 2371 715 :equalem
2446 648 2746 703 mercedem
2816 647 3022 701 tribuit.
3088 646 3320 703 Donabit
3376 657 3433 703 et

1866 738 1978 807 ipse
2021 739 2408 810 pmnitentibus
2460 742 2614 796 nobis
2643 780 2659 805 ,
2708 749 2758 795 et
2812 754 2879 795 ex
2939 753 3077 809 aqua
3131 748 3187 796 et
3236 740 3429 809 spiritu

1866 836 2325 902 regenerationem
2382 834 2848 905 suscipientibus,
2906 848 3026 904 qua:
3078 847 3177 888 nec
3241 832 3433 889 oculus

1863 926 2015 989 vidit,
2060 943 2160 983 nec
2199 926 2346 980 auris
2398 926 2641 991 audivit,
2687 938 2787 980 nec
2822 924 2874 978 in
2910 939 3004 979 cor
3050 922 3285 979 hominis
3337 938 3431 978 as-

1862 1020 2180 1085 cenderunt,
2217 1033 2340 1090 qua:
2399 1022 2721 1087 pneparavit
2753 1019 2894 1074 Deus
2949 1016 3017 1072 iis
3063 1016 3154 1088 qui
3204 1016 3433 1086 diligunt

1865 1110 2037 1179 ipsum
2067 1114 2167 1183 (a).
2198 1133 2217 1167 ι

1936 1200 2173 1257 Eubulus
2213 1219 2366 1274 ergo,
2412 1217 2535 1258 cum
2582 1202 2636 1256 in
2666 1203 2905 1257 animum
2958 1201 3076 1257 haec
3108 1200 3432 1265 induxisset,

1866 1292 1941 1347 ait
1977 1292 2093 1363 (2t)
2130 1311 2142 1347 :
2185 1314 2201 1345 ι
2239 1296 2513 1351 Conemur
2558 1293 2743 1363 igitur,
2778 1292 2963 1360 Basili,
2991 1293 3134 1365 quod
3167 1301 3223 1348 tu
3252 1293 3429 1363 iubes.

1870 1384 2065 1439 Verum
2097 1385 2209 1439 lucc
2233 1388 2449 1455 quidem
2475 1385 2541 1440 ad
2566 1385 2829 1441 rationem
2862 1386 3191 1454 paenitentiae
3220 1394 3435 1457 specta-

1864 1477 2083 1542 verint,
2112 1477 2269 1531 modo
2318 1489 2499 1533 autem
2552 1476 2683 1532 mihi
2729 1476 2983 1545 eloquere
3014 1517 3030 1541 ,
3089 1479 3233 1545 quod
3264 1489 3435 1547 nuper

1865 1570 2261 1639 percunctahar
2304 1568 2540 1621 divinum
2574 1576 2974 1625 sacramentum
3008 1567 3144 1639 (22),
3176 1570 3320 1638 quod
3348 1567 3433 1622 ni-

1869 1662 2061 1715 mirum
2094 1660 2161 1714 ad
2190 1661 2376 1716 urbem
2412 1660 2930 1732 Ilicrosolymorum,
2977 1660 3195 1730 quidam
3252 1659 3438 1715 illuce-

1868 1768 2020 1811 scere
2039 1754 2222 1819 aiunt;
2242 1753 2379 1809 forte
2395 1767 2526 1809 vero
2542 1768 2750 1809 meeum
2774 1754 3035 1819 lustrans,
3054 1751 3280 1824 alicujus
3305 1767 3437 1809 san-

1870 1846 1942 1899 cti
1980 1845 2427 1902 consuetudinem
2458 1845 2781 1901 obtinneris.
2810 1844 3083 1903 Cancrum
3124 1859 3211 1913 ne,
3246 1842 3436 1907 Basili,

194 1946 505 2015 operiamus
530 1984 546 2009 ,
608 1956 707 1998 nec
762 1914 1109 1997 domesticos
1173 1936 1398 1992 seminis
1458 1935 1769 2007 despexeri-
1800 1914 1845 1975 Β
1873 1933 2055 1991 divina
2112 1938 2363 2008 dogmata
2420 1936 2631 1991 discere
2658 1935 2924 2008 cupienti,
2953 1950 3181 1993 narrare
3210 1933 3435 1992 distule-

194 2053 331 2092 mus.
370 2054 392 2089 ι

260 2126 402 2182 Cum
431 2125 545 2183 hare
579 2126 827 2190 dixisset,
859 2123 1018 2193 eique
1050 2118 1355 2175 Satvatoris
1383 2118 1436 2172 in
1467 2132 1567 2173 nos
1591 2118 1767 2172 media

193 2221 513 2291 ptenitentia
540 2218 950 2290 benignitatem.
977 2229 1068 2270 seu
1103 2213 1155 2267 in
1184 2210 1437 2280 imagine,
1458 2208 1769 2281 parabolice

194 2313 572 2383 expressisset,
608 2320 717 2366 tres
744 2308 964 2364 tabellas
1015 2319 1113 2375 pro
1159 2304 1368 2359 t‘orihus
1403 2301 1569 2356 animi
1604 2298 1768 2354 menti

195 2402 448 2472 proponit
480 2419 495 2454 :
526 2416 685 2453 unam
733 2398 950 2467 quidem
988 2412 1152 2465 supra
1202 2393 1368 2456 fores.
1402 2406 1521 2462 qua:
1547 2391 1763 2447 exhibe-

194 2502 273 2547 ret
304 2494 586 2555 virtutem,
617 2502 806 2557 nempe
838 2486 1176 2557 prudeutiam
1200 2523 1215 2548 ,
1251 2483 1651 2545 fortitudinem,
1683 2481 1769 2550 ju-

194 2585 424 2647 stitiam,
457 2581 899 2653 temperantiam;
942 2580 997 2634 in
1028 2578 1251 2633 sinistra
1282 2591 1410 2632 vero
1435 2586 1587 2647 parte
1614 2578 1771 2631 dece-

198 2677 477 2745 ptionetn;
509 2676 715 2729 circum
743 2674 914 2744 ipsam
955 2680 1136 2726 autem
1166 2669 1657 2740 intemperantiam,
1687 2668 1771 2722 lu-

200 2770 411 2825 xuriam
443 2811 459 2836 ,
517 2768 859 2831 ebrietatem,
892 2764 1299 2835 impudentiam,
1330 2761 1624 2833 pigritiam,
1680 2775 1772 2815 ea-

198 2862 478 2923 lmnniam.
518 2858 936 2930 linguositatem,
958 2856 1344 2920 adulationem,
1384 2864 1439 2909 et
1463 2854 1570 2910 tale
1596 2853 1764 2925 quod-

197 2960 317 3009 dam
347 2954 606 3009 vitiorum
638 2966 863 3008 examen
891 2969 904 3006 :
938 2949 1313 3022 pmnitentiam
1340 2958 1522 3002 autem
1560 2947 1768 3003 decenti

200 3046 405 3109 habitu,
439 3045 563 3099 lene
599 3044 885 3109 ridentem,
920 3042 1167 3096 blandam
1188 3050 1243 3095 et
1270 3050 1640 3104 mansuetam;
1672 3039 1769 3093 ad-

200 3137 470 3191 versarios
503 3136 720 3205 quidem
764 3134 846 3189 sui
882 3132 1059 3203 populi
1110 3134 1494 3203 reprimentem
1516 3170 1532 3195 .
1557 3131 1649 3186 sed
1680 3130 1770 3199 qui

201 3229 494 3285 necessarii
544 3236 748 3284 essent.
791 3225 949 3282 Juxta
996 3226 1137 3282 hanc
1190 3239 1317 3283 vero
1361 3222 1770 3288 abstinentiam,

200 3323 595 3393 sagacitatem,
631 3318 949 3375 modestiam
977 3357 995 3385 ,
1045 3317 1411 3383 honestatem,
1468 3316 1728 3385 pudorem
1756 3354 1771 3379 ,

202 3417 697 3478 humanitatem,ac
728 3414 1019 3467 multorum
1051 3410 1310 3466 bonorum
1343 3408 1577 3478 plebem.
1610 3408 1777 3464 Porro

200 3523 393 3564 sensus
420 3506 583 3577 hujus
609 3506 849 3561 historia:
881 3502 1193 3559 videntibus
1216 3501 1432 3571 quidem
1470 3502 1647 3556 cautio
1672 3510 1772 3569 est,

199 3598 543 3655 audientibus
568 3610 695 3650 vero
729 3595 947 3650 meliora
982 3593 1267 3648 aemulandi
1294 3592 1527 3648 occasio.

273 3712 293 3743 s
324 3692 451 3746 litec
477 3704 607 3745 sane
624 3697 678 3743 et
705 3701 809 3756 ego
826 3686 1016 3742 videns
1040 3686 1339 3741 admiratus
1360 3700 1499 3747 sum,
1528 3692 1581 3739 et
1606 3684 1658 3737 in
1676 3686 1779 3738 hoe

200 3785 396 3839 ductus
424 3798 544 3837 sum
570 3820 586 3845 ,
620 3780 847 3835 Eubule.
904 3779 1041 3835 Sunt
1082 3778 1281 3848 quippe
1326 3778 1378 3831 in
1430 3778 1624 3845 nobis,
1673 3792 1777 3832 non

202 3874 467 3945 imagines
494 3885 669 3943 neque
695 3870 982 3939 aenigmata
1010 3908 1027 3933 ,
1071 3870 1165 3924 sed
1196 3869 1310 3939 ipsa
1346 3867 1550 3939 liquida
1580 3870 1778 3925 veritas

200 3966 265 4017 acl
303 3966 535 4019 salutem
563 3964 857 4018 adducens.
885 3959 1250 4031 Resurgemus
1294 3961 1437 4016 enim
1466 3976 1679 4027 omnes,
1717 3962 1771 4019 hi

202 4060 252 4110 in
277 4057 445 4111 vitam
471 4065 765 4122 aeternam,
796 4062 851 4111 et
876 4054 931 4110 hi
957 4054 1009 4109 in
1042 4054 1393 4124 opprobrium
1420 4062 1473 4108 et
1496 4053 1773 4109 confusio-

204 4163 324 4203 nem
399 4146 844 4214 sempiternam;
906 4154 962 4202 et
1024 4144 1326 4201 astabimus
1372 4154 1497 4199 ante
1544 4143 1777 4198 tribunal

200 4238 427 4304 Christi,
453 4238 909 4305 quemadmodum
936 4239 1134 4295 docent
1161 4252 1259 4293 nos
1287 4235 1613 4306 magniloqui
1646 4250 1774 4303 pro-

200 4330 378 4397 pheta:
405 4368 421 4392 ,
443 4326 608 4381 Isaias
632 4366 648 4392 ,
684 4326 948 4383 Jeremias
975 4370 990 4394 ,
1038 4328 1289 4384 Ezechiel
1315 4367 1331 4393 ,
1362 4341 1521 4397 atque
1554 4326 1773 4390 Daniel;

204 4419 372 4474 David
405 4419 533 4474 item
560 4435 677 4484 rex,
708 4419 1032 4489 divinusque
1082 4419 1310 4487 Paulus;
1346 4428 1469 4491 post
1496 4418 1596 4474 hos
1626 4419 1777 4472 deni-

201 4528 305 4580 que
330 4514 448 4583 ipse
484 4512 739 4565 Dominus
768 4511 923 4567 dator
951 4512 1289 4581 ptenitentia:
1318 4521 1372 4566 et
1398 4521 1775 4566 remunerator

1869 2030 1971 2086 ris.
2003 2049 2021 2081 ι
2044 2031 2111 2083 At
2137 2032 2228 2087 ille
2253 2032 2329 2085 ait
2358 2048 2372 2084 :
2404 2048 2423 2082 ς
2459 2030 2651 2088 Audivi
2683 2032 2748 2086 de
2773 2028 3069 2086 Jerusalem
3105 2048 3120 2087 :
3150 2028 3286 2087 nihil
3307 2045 3441 2085 vero

1876 2123 2055 2177 minus
2079 2124 2341 2179 aestimavi
2367 2139 2527 2194 quant
2558 2122 2755 2180 coelum
2784 2138 2797 2174 :
2832 2131 2892 2177 ut
2915 2136 3089 2193 neque
3118 2122 3298 2177 villam
3338 2124 3439 2195 ipsi

1872 2217 2109 2271 vicinam
2136 2217 2352 2269 nomine
2376 2217 2712 2283 Bethlehem,
2744 2232 2865 2287 qua:
2898 2213 3295 2272 mentientium
3317 2228 3443 2270 ocu-

1870 2309 2043 2364 lorum
2068 2307 2294 2363 decussa
2319 2307 2554 2377 caligine
2586 2309 2885 2379 iisdemque
2916 2307 3208 2375 mundatis,
3240 2304 3307 2361 ad
3329 2318 3446 2359 mc-

1872 2403 2056 2459 linrem
2096 2402 2220 2457 vitae
2265 2401 2526 2456 rationem
2557 2400 2834 2470 vitamque
2861 2401 3223 2465 verissimam,
3267 2407 3449 2454 trans-

1872 2503 2077 2549 mutata
2119 2504 2221 2550 est.
2278 2492 2431 2563 Quod
2460 2506 2625 2563 porro
2655 2492 2817 2546 unius
2853 2490 2944 2546 Dei
2980 2488 3219 2547 cultores
3248 2529 3265 2555 ,
3299 2489 3443 2544 antl-

1872 2587 2090 2656 quiores
2121 2586 2232 2641 sint
2263 2586 2467 2642 Graecis
2496 2596 2547 2642 et
2590 2583 2861 2640 universis
2915 2581 3248 2649 nationibus,
3282 2581 3447 2637 doce-

1873 2691 1993 2731 mus
2021 2690 2148 2731 vere
2177 2691 2241 2730 ex
2275 2677 2473 2731 divinis
2506 2675 2759 2744 eloquiis.
2807 2675 2942 2731 Nam
2977 2690 3006 2730 a
3036 2674 3271 2746 primum
3324 2672 3446 2744 pla-

1872 2778 2045 2825 smato
2062 2769 2279 2825 homine
2305 2768 2523 2825 nomine
2541 2771 2736 2832 Adam,
2759 2769 3010 2839 adusque
3034 2768 3144 2822 Noe
3176 2778 3442 2837 tempora,

1872 2865 1972 2919 sub
2010 2877 2118 2933 quo
2171 2862 2474 2928 diluvium,
2512 2862 2731 2917 luerunt
2767 2863 2951 2917 decem
3011 2857 3392 2930 generationes
3421 2897 3439 2923 ,

1873 2955 1999 3010 anni
2035 2970 2313 3011 secessu.
2346 2954 2558 3009 Pariter
2590 2968 2805 3024 quoque
2856 2967 2885 3005 a
2933 2952 3134 3007 diluvio
3164 2964 3333 3022 usque
3377 2949 3448 3005 ad

1872 3046 2166 3110 Abraham,
2192 3045 2575 3113 generationes
2598 3044 2809 3107 decem,
2837 3042 2962 3096 anni
2987 3055 3121 3096 uvru
3142 3059 3157 3103 ;
3176 3039 3441 3095 Abrahatr

1874 3144 2052 3189 autem
2109 3145 2229 3190 erat
2284 3150 2551 3189 annorum
2584 3149 2745 3199 Lxxv,
2778 3149 2899 3187 eum
2951 3150 3017 3188 ex
3064 3129 3446 3202 Mesopotamia

1882 3228 2287 3299 transmigravit
2341 3229 2395 3283 in
2448 3236 2648 3284 terram
2684 3226 2943 3283 Chanaan
2968 3269 2984 3295 ,
3021 3227 3106 3281 ubi
3143 3226 3303 3280 annis
3340 3239 3447 3279 xxv

1880 3322 2215 3390 demoratus,
2250 3322 2643 3394 genuitlsaac;
2682 3320 2832 3376 lsaae
2862 3330 3040 3375 autem
3081 3334 3200 3373 cum
3226 3317 3451 3373 vixisset

1878 3427 2053 3470 annos
2076 3416 2379 3485 sexaginta,
2413 3416 2548 3469 duos
2575 3410 2850 3485 progignit
2879 3413 3040 3467 lilios.
3083 3411 3155 3464 Ex
3202 3411 3268 3465 iis
3319 3423 3449 3463 vero

1878 3504 2063 3571 Jaeoh,
2102 3522 2363 3561 annorum
2426 3507 2599 3560 t‘actns
2674 3520 2838 3570 cxxx,
2894 3502 3169 3557 descendit
3196 3500 3249 3552 in
3275 3497 3445 3569 Egy-

1881 3608 2027 3669 ptum
2098 3614 2219 3654 eum
2281 3597 2561 3653 duodecim
2640 3596 2767 3651 [iliis
2821 3604 2877 3649 et
2930 3592 3214 3653 nepotibus
3289 3589 3404 3644 suis

1881 3707 2110 3746 numero
2140 3706 2297 3745 LXXV.

1958 3801 1976 3834 ι
1996 3782 2127 3835 Cum
2149 3792 2324 3837 autem
2348 3780 2617 3837 Abraham
2637 3790 2688 3835 et
2710 3779 2823 3848 ejus
2849 3794 3030 3835 semen
3060 3775 3448 3833 fuissetaeeola

1882 3872 1934 3928 in
1965 3883 2109 3928 terra
2142 3871 2358 3945 Egypti
2391 3871 2546 3927 annis
2593 3887 2748 3937 ccxv,
2780 3872 3082 3939 fuissetque
3118 3866 3447 3936 multiplica—

1883 3976 2015 4032 tum,
2053 3964 2104 4019 in
2137 3965 2309 4019 tribus
2344 3962 2627 4018 duodecim
2658 3962 2926 4017 censitum
2977 3970 3080 4025 est,
3115 3968 3171 4012 et
3204 3958 3257 4012 in
3290 3972 3452 4012 sexa-

1880 4058 2032 4128 ginta
2065 4058 2301 4111 virorum
2337 4055 2503 4109 millia
2539 4063 2928 4124 eomputatum.
2955 4053 3021 4109 Et
3050 4052 3262 4122 quidem
3315 4050 3447 4107 Levi

1879 4152 2170 4218 abnepotes
2198 4148 2415 4201 fuerunt
2465 4145 2681 4217 Moyses
2716 4154 2771 4200 et
2796 4144 3012 4211 Aaron,
3070 4158 3302 4215 quorum
3358 4143 3451 4198 hic

1879 4240 2095 4311 quidem
2140 4237 2443 4293 sacerdotio
2501 4236 2761 4306 praelatus
2786 4246 2904 4302 est;
2938 4236 3149 4308 Moyses
3178 4244 3357 4288 autern
3383 4233 3450 4287 ad

1879 4332 2235 4401 principatum
2296 4337 2604 4399 provectus.
2643 4327 2692 4383 ls
2745 4342 2886 4381 anno
2939 4329 3061 4381 vitae
3107 4340 3248 4378 Lxxx
3302 4339 3450 4379 mare

1884 4424 2124 4478 Rubrum
2156 4423 2351 4488 calcat,
2376 4431 2429 4476 et
2453 4421 2633 4477 educit
2663 4419 2918 4491 p0pnlum
2947 4420 3013 4473 de
3042 4416 3297 4490 Egypto.
3328 4417 3452 4471 Flo-

1882 4516 1991 4569 ruit
2026 4514 2114 4568 hic
2143 4513 2356 4584 Moyses
2386 4512 2723 4584 temporibus
2761 4508 2967 4575 Inachi,
3015 4510 3105 4579 qui
3156 4508 3361 4579 primus
3396 4508 3449 4560 in

201 4606 442 4674 ejusdem
469 4643 484 4667 ,
514 4603 835 4672 perquisivit
855 4618 1009 4658 Ovem
1041 4602 1339 4673 perditam;
1374 4603 1463 4670 qui
1499 4618 1617 4657 Cum
1644 4602 1773 4656 ῐηυΙ·
1807 4620 1849 4675 ι)
1879 4608 2084 4662 Grmr-ia
2115 4607 2373 4670 regnavit.
2399 4604 2491 4659 Sic
2514 4612 2635 4658 sunt
2663 4600 2831 4655 ,ιιιάωί
2860 4600 3195 4670 antiquiores
3221 4599 3448 4654 Graecis.

204 4700 271 4752 tis
304 4697 512 4753 divitiis
558 4696 678 4751 sinu
732 4705 958 4764 paterno
1006 4698 1336 4749 abstractum
1373 4694 1561 4758 lilium,
1600 4696 1775 4763 iisque

205 4791 482 4845 luxuriose
508 4787 807 4856 absumptis
856 4797 1039 4857 postea
1070 4788 1385 4842 redeuntem
1422 4797 1476 4840 et
1511 4787 1653 4841 fame
1690 4798 1771 4841 ta-

206 4882 514 4936 bescentem
546 4919 561 4944 ,
597 4878 808 4934 sincere
848 4879 1221 4946 amplexatur;
1258 4879 1555 4934 honestans
1598 4878 1773 4948 splen-

207 4976 330 5028 dida
360 4984 514 5029 veste
539 5014 553 5035 .
581 4982 636 5028 et
664 4971 865 5027 annulo
899 4972 1163 5042 epuloque
1188 4973 1407 5043 Opiparo
1435 4987 1450 5024 :
1486 4972 1593 5026 lilio
1626 4974 1773 5036 item,

206 5067 295 5135 qui
323 5066 455 5120 nihil
483 5073 1036 5134 peceaverat,auetor
1057 5073 1159 5128 est,
1185 5077 1243 5118 ut
1269 5080 1333 5119 ne
1364 5065 1501 5119 lerat
1537 5064 1775 5133 indigne,

208 5163 300 5216 εδει
334 5159 611 5227 indulgeat
650 5172 708 5213 ut
748 5159 922 5213 lratri.
973 5158 1062 5213 Sic
1098 5159 1261 5212 nimia
1292 5159 1547 5214 Dominus
1572 5158 1773 5213 ell'usus

275 5298 384 5367 (l9)
422 5294 763 5351 Fuisscthcec
790 5313 893 5349 non
926 5310 1083 5366 parva
1104 5296 1400 5365 philosophi
1446 5295 1779 5349 inurhanitas

213 5370 253 5420 si
304 5368 573 5434 hospitem
623 5367 688 5417 ad
750 5380 808 5419 se
847 5381 1067 5435 peregre
1110 5367 1507 5426 advenientem.
1538 5367 1774 5418 triduutu

207 5439 450 5505 ieiunare
505 5435 863 5508 permisisset.
909 5438 973 5490 lit
1025 5436 1146 5503 quis
1192 5438 1418 5497 credat,
1461 5437 1526 5508 ab
1558 5438 1773 5508 ethnico

214 5505 580 5590 philosopho,“
607 5514 813 5559 tantum
868 5520 1087 5575 repente
1130 5518 1449 5577 conceptum
1497 5505 1770 5574 jejunandi

212 5578 533 5632 desiderium
556 5578 580 5630 ?

281 5650 390 5720 (20)
450 5648 678 5720 Erudite
715 5648 949 5720 ostendit
995 5647 1347 5720 Comhel'isins
1379 5687 1393 5709 ,
1428 5656 1596 5699 totum
1635 5646 1775 5720 hunc

215 5717 390 5774 Basilii
433 5733 556 5773 cum
595 5718 801 5773 Eubnlo
833 5734 1133 5773 sermonem
1160 5757 1175 5777 .
1225 5719 1500 5770 luridatum
1548 5731 1667 5769 esse
1722 5717 1770 5768 in

218 5787 553 5861 philosophia
587 5786 864 5847 Platonica
896 5799 949 5845 et
976 5804 1127 5844 sacra
1165 5786 1460 5855 Sctiptura.
1498 5789 1565 5842 At
1595 5802 1659 5841 uc
1694 5787 1771 5841 vcl

267 5910 342 5984 (α)
371 5910 391 5968 1
418 5910 543 5968 Cor.
568 5922 627 5969 ιι,
657 5906 713 5963 9.

1884 4714 1980 4751 nec
2012 4698 2156 4767 leges
2180 4697 2379 4750 habent
2414 4694 2595 4747 minus
2634 4702 2865 4747 veteres.
2898 4691 3051 4757 Quod
3095 4690 3239 4743 enim
3282 4688 3450 4743 Deum

1882 4804 2043 4843 unum
2074 4789 2315 4841 colerent
2344 4793 2801 4854 eteognoseerent
2825 4822 2841 4846 ,
2874 4792 3099 4852 paterna
3125 4789 3453 4850 acceperunt

1885 4882 2169 4935 traditione
2202 4897 2217 4933 :
2254 4877 2521 4947 legislatio
2551 4883 2731 4931 autem
2754 4916 2768 4941 ,
2802 4883 2921 4945 post
2958 4881 3069 4929 tres
3118 4872 3233 4929 dies
3271 4869 3450 4941 profe-

1881 4974 2079 5029 ctionis
2121 4986 2185 5025 ex
2220 4970 2452 5041 [Egypto
2474 4968 2654 5023 divina
2680 4981 2812 5023 voce
2842 4968 3017 5022 datur.
3050 4966 3240 5022 Morati
3270 4976 3448 5020 autem

1880 5074 2007 5121 sunt
2040 5066 2093 5118 in
2128 5065 2344 5118 deserto
2398 5061 2557 5115 annis
2586 5061 2959 5131 quadraginta.
3007 5061 3119 5116 Sub
3146 5060 3271 5116 Iesu
3301 5058 3451 5129 prin-

1881 5158 1999 5226 cipe
2040 5155 2255 5209 luerunt
2306 5153 2463 5208 annis
2499 5168 2640 5219 xxv;
2688 5152 2788 5208 sub
2813 5151 3089 5222 judieihus
3130 5166 3261 5205 vero
3293 5148 3453 5203 annis

1882 5291 1961 5345 sic
1994 5291 2123 5346 mihi
2160 5289 2504 5356 persuadebit
2527 5333 2540 5353 ,
2579 5306 2699 5345 eum
2730 5303 2968 5359 unquam
2995 5304 3024 5342 a
3056 5288 3272 5359 Basilio
3319 5302 3443 5355 pro-

1882 5361 2069 5424 latum.
2089 5372 2179 5415 aut
2196 5362 2326 5415 satis
2342 5371 2461 5428 apte
2479 5363 2546 5415 ad
2561 5371 2797 5415 mentem
2815 5356 2987 5415 sancti
3004 5374 3123 5413 esse
3140 5356 3442 5412 eoulietum.

1952 5435 2062 5505 εει)
2124 5433 2393 5485 Lacunam
2463 5432 2550 5505 hic
2620 5447 2867 5505 magnam
2903 5430 3166 5505 _implev_it
3226 5428 3446 5505 Combe;-

1880 5497 2067 5565 tisius',
2126 5517 2186 5556 ex
2253 5517 2357 5554 uno
2423 5497 2735 5570 antiquiori'
2782 5500 2952 5569 Regio
3011 5497 3206 5555 codice
3246 5538 3261 5563 ,
3324 5497 3444 5553 reli-

1883 5576 2004 5640 quis
2038 5572 2473 5627 desiderantibus
2506 5574 2819 5627 describens
2862 5572 3093 5626 alteram
3130 5579 3337 5639 partem
3361 5584 3445 5621 ca—

1889 5646 2179 5697 techeseos.

1960 5714 2071 5783 (εἳ)
2126 5712 2457 5783 Baptismum
2490 5711 2763 5783 intelligit,
2798 5726 2955 5781 quem
2987 5710 3201 5778 quidem
3233 5706 3451 5783 ζει-οω-

1883 5781 2144 5859 unum!
2184 5784 2233 5837 in
2266 5781 2500 5840 Jordane
2527 5781 2836 5843 devotionis
2865 5798 3024 5839 causa
3062 5782 3449 5853 suscipiebant.
