4212 6496
758 434 983 475 CCXCVII!

2118 426 2639 483 PllOLEGOMENA.

763 555 979 595 ccccuv
1011 540 1075 594 ad
1126 557 1294 610 usque
1344 559 1561 614 regnum
1614 547 1789 600 Saulis
1819 588 1831 608 ,
1867 566 1956 617 qui
2005 554 2205 621 primus
2248 552 2319 604 illi
2352 556 2396 610 Α
2425 552 2515 618 qui
2548 561 2649 603 est.
2685 549 2818 615 Quid
2868 548 3025 618 igitur
3057 542 3429 613 evangelista?
3465 544 3529 597 1η
3571 538 3824 611 principio
3873 549 3982 591 erat

762 630 956 697 populo
994 646 1082 684 rex
1111 640 1325 686 creatus
1356 644 1468 699 est;
1497 637 1597 689 sub
1628 651 1753 705 quo,
1777 654 1919 690 anno
1973 644 2087 709 prin
2111 657 2142 694 ο
2171 642 2317 708 regni

759 719 950 786 ipsius,
989 735 1214 789 magnus
1243 721 1409 775 David
1443 734 1604 780 natus
1632 736 1732 779 est.
1770 725 2030 783 Similiter
2056 731 2122 783 ab
2150 731 2318 782 Abra-

762 810 885 861 ham
936 826 1104 880 usque
1160 814 1225 866 ad
1284 814 1538 868 Davidem
1590 820 1963 886 generationes
2024 837 2135 885 xw,
2194 824 2319 875 anni

759 916 947 954 nutv.
983 903 1024 954 A
1060 902 1261 959 Davide
1294 915 1473 959 autem
1502 924 1670 977 usque
1699 908 1765 961 ad
1794 912 2319 982 transniigrationem

760 990 1069 1060 Babylonis,
1122 996 1498 1064 generationes
1543 1013 1652 1061 xrv,
1681 1002 1805 1053 anni
1847 1016 1959 1053 nix.
1994 1006 2037 1057 A
2070 1007 2323 1058 transmi-

758 1085 1003 1145 gratione
1049 1101 1177 1139 vero
1230 1084 1526 1155 Babylonis
1581 1105 1749 1158 usque
1785 1092 1850 1145 ad
1907 1092 2145 1160 Darium,
2198 1098 2320 1150 anni

758 1188 888 1227 λιν.
922 1178 966 1228 Α
1017 1190 1182 1243 regno
1217 1184 1394 1237 autem
1428 1182 1570 1235 Darii
1608 1198 1777 1252 usque
1818 1184 1884 1237 ad
1915 1182 2097 1239 Jesum
2153 1186 2321 1241 lilium

758 1262 1004 1331 Josedec,
1036 1268 1160 1321 anni
1204 1284 1349 1324 xux.
1385 1276 1425 1325 A
1478 1273 1599 1327 Jesu
1656 1275 1764 1329 lilio
1799 1274 2025 1331 Josedec
2058 1292 2226 1348 usque
2256 1282 2322 1334 ad

757 1354 958 1419 Jesum,
1002 1358 1091 1426 qui
1120 1360 1317 1416 dicitur
1351 1364 1614 1429 Christus,
1650 1368 1776 1420 anni
1802 1382 2131 1435 ccccxxxrv;
2165 1372 2321 1425 simul

760 1456 941 1501 autem
995 1456 1393 1519 computando,
1429 1457 1720 1510 secundum
1759 1459 1952 1513 seriem
2002 1471 2322 1532 temporum,

762 1536 1066 1596 invenimus
1116 1542 1183 1596 ab
1226 1544 1443 1599 homine
1470 1547 1703 1615 primum
1750 1550 2001 1621 formato,
2032 1570 2202 1625 usque
2257 1559 2323 1610 ad

758 1628 1059 1693 Christum,
1088 1648 1258 1688 annos
1286 1651 1617 1695 IMIIHHLX.

836 1736 855 1768 ι
901 1717 1155 1775 Nascitur
1208 1724 1391 1795 itaque
1446 1730 1702 1786 Dominus
1736 1733 1891 1787 Jesus
1950 1734 2200 1791 Christus
2257 1752 2324 1791 ex

764 1809 905 1864 tribu
936 1809 1094 1879 Juda,
1127 1829 1192 1869 ex
1234 1819 1440 1872 semine
1485 1819 1672 1886 David,
1711 1826 1851 1892 quod
1876 1838 2084 1896 spectat
2120 1828 2182 1881 ad
2208 1843 2325 1883 car-

2434 642 2661 695 Verbum
2709 640 2781 710 (a)
2822 659 2833 691 :
2879 641 3001 707 quia
3062 635 3190 689 nihil
3232 634 3373 687 aliud
3405 646 3540 700 erat,
3577 642 3768 705 praeter
3810 631 3983 697 ipsum

2422 736 2512 803 qui
2559 746 2641 789 est
2694 749 2758 787 ex
2798 730 2976 794 Patre,
3010 728 3099 800 qui
3131 741 3344 795 semper
3384 737 3499 791 est,
3536 729 3736 781 habens
3762 729 3987 777 coaeter-

2422 842 2550 881 num
2611 823 2868 894 Spiritum
2927 831 3194 877 sanctum.
3231 819 3359 871 Erat
3414 818 3468 871 in
3507 818 3788 888 principio.
3845 811 3987 878 Quid

2423 920 2552 973 mihi
2571 928 2893 971 anuumeras
2921 914 3152 967 saecula?
3181 912 3309 967 Erat
3336 910 3447 977 ipse
3473 910 3525 963 in
3549 907 3843 979 principio:
3863 909 3989 959 sunt

2422 1009 2602 1061 omnia
2638 1014 2757 1077 post
2798 1006 2969 1073 ipsum
3002 1042 3017 1065 ,
3060 1004 3322 1071 siquidem
3356 1008 3410 1054 et
3444 1004 3623 1055 omnia
3661 1014 3755 1070 per
3786 999 3985 1067 ipsum.

2426 1096 2491 1149 In
2521 1096 2778 1165 principio
2802 1106 2913 1147 erat
2949 1092 3189 1146 Verbum.
3221 1093 3369 1157 Erat,
3398 1104 3569 1158 neque
3588 1088 3989 1159 proferebatur.

2424 1186 2661 1244 Verbum
2714 1196 2868 1248 erat,
2926 1199 3022 1237 nec
3083 1185 3305 1253 syllabis
3356 1182 3801 1247 componebatur.
3860 1178 3991 1232 Erat

2428 1280 2664 1335 Verbum
2702 1277 2852 1339 illud,
2881 1290 2979 1329 nec
3017 1274 3117 1326 fuit
3152 1274 3348 1343 linguae
3396 1272 3606 1326 (luxus:
3644 1272 3790 1325 solus
3821 1270 3990 1324 Filius

2425 1371 2835 1441 unigenitusque
2872 1377 2925 1420 et
2957 1365 3156 1418 veritas
3186 1378 3215 1416 a
3253 1363 3431 1427 Patre,
3466 1360 3610 1416 nulla
3643 1362 3992 1430 corruptione

2426 1464 2657 1531 genitus.
2695 1458 3153 1525 Quemadmodum
3189 1455 3411 1509 verbum
3432 1463 3673 1509 nostrum
3698 1461 3751 1505 et
3783 1468 3989 1515 sermo,

2427 1555 2479 1607 iu
2529 1554 2701 1607 lucem
2735 1548 2937 1618 profert
2972 1548 3146 1601 latens
3172 1544 3337 1599 animi
3362 1544 3645 1597 consilium
3667 1580 3681 1604 ,
3712 1544 3782 1592 ita
3814 1551 3869 1593 et
3900 1544 3990 1595 Dei

2424 1644 2591 1699 Filius
2614 1640 2882 1697 occultum
2909 1639 2961 1693 in
2988 1639 3147 1693 Patre
3174 1633 3536 1689 manilestavit
3574 1632 3688 1686 orbi
3720 1640 3989 1685 terrarum

2427 1744 2791 1806 prazmternum
2824 1740 3249 1785 sacramentum.
3279 1724 3739 1795 Quemadmodum
3764 1724 3989 1777 verbum

2427 1826 2743 1897 procedens,
2778 1839 2875 1878 nec
2907 1825 3171 1879 dicentem
3204 1824 3403 1877 nudum
3438 1819 3710 1889 relinquit,
3742 1828 3796 1872 et
3828 1816 3995 1885 replet

760 1916 904 1963 nem,
937 1904 1037 1955 sub
1064 1904 1223 1958 linem
1257 1906 1464 1963 dierum
1513 1910 1985 1980 sesquimillesimo
2013 1932 2175 1981 anno,
2198 1922 2397 1977 xxrv'B
2429 1915 2733 1970 audientem
2772 1912 2872 1982 (sic
2910 1913 3052 1967 enim
3092 1910 3202 1964 adit
3232 1913 3564 1975 audientem,
3594 1918 3651 1962 ut
3680 1925 3785 1962 non
3821 1909 3993 1961 disce-

758 1994 982 2063 Augusti
1014 1995 1382 2065 imperatoris,
1412 2015 1598 2057 mense
1657 2005 1956 2069 Decembri,
2017 2023 2124 2060 xxv
2162 2009 2326 2079 ipsius

759 2087 868 2157 (Ξὸ)
901 2087 1215 2145 Indictionis
1256 2108 1286 2146 χ
1343 2094 1427 2148 die
1458 2108 1633 2149 sexta.
1665 2100 1706 2149 A
1741 2097 1943 2153 Christi
1984 2113 2150 2168 porro
2186 2104 2327 2157 nati-

759 2180 947 2246 vitate,
984 2198 1154 2251 usque
1188 2186 1254 2239 ad
1291 2185 1704 2242 Constantinum
1734 2189 1983 2259 Magnum
2036 2192 2328 2264 imperato-

761 2285 868 2324 rem
889 2280 943 2324 et
964 2272 1137 2326 virum
1172 2274 1506 2345 religiosum,
1538 2278 1757 2333 fuerunt
1804 2281 1932 2335 anni
1963 2299 2141 2339 ccux.
2192 2285 2323 2340 Cum

757 2378 883 2432 ergo
910 2362 1092 2419 Judrea
1122 2379 1252 2435 gens
1286 2376 1435 2423 tanto
1493 2382 1733 2441 tempore
1766 2372 1837 2428 sit
1870 2377 2163 2445 antiquior,
2190 2391 2323 2445 quo-

760 2457 916 2510 modo
967 2473 1072 2515 non
1117 2461 1333 2515 erubuit
1359 2462 1529 2527 Plato,
1568 2466 1800 2533 primum
1840 2478 1893 2523 et
1922 2469 2211 2523 secundum
2242 2469 2323 2523 di-

758 2548 956 2601 luvium
1008 2554 1307 2606 cnarrans?
1360 2554 1641 2619 Quondam
1686 2573 1845 2623 porro
1900 2569 2088 2613 natura
2118 2572 2322 2626 nostra,

757 2639 1011 2694 universo
1047 2644 1252 2709 totique
1280 2643 1353 2696 illi
1392 2646 1819 2703 accensebatur:
1848 2665 2067 2705 eramus
2098 2654 2243 2708 enim
2270 2664 2323 2707 et

759 2731 883 2799 ipsi,
926 2732 978 2786 in
1007 2734 1358 2789 rationalium
1381 2738 1562 2791 ovium
1595 2742 1909 2796 centenario
1926 2744 2320 2812 comprehensi.

760 2822 1045 2893 l‘ostquam
1080 2840 1207 2882 vero
1254 2844 1355 2882 una
1390 2829 1478 2883 illa
1510 2831 1624 2886 ovis
1648 2874 1662 2898 ,
1706 2844 1896 2888 natura
1929 2846 2111 2890 nostra
2139 2876 2154 2901 ,
2206 2852 2323 2892 ser-

757 2914 932 2976 pentis
966 2914 1182 2985 fraude,
1242 2918 1450 2975 coalesti
1504 2924 1740 2977 statione
1782 2924 1999 2995 depulsa
2041 2939 2156 2995 est,
2220 2945 2324 2985 non

758 3006 985 3075 amplius
1012 3008 1152 3064 idem
1186 3010 1278 3066 ille
1320 3027 1580 3068 numerus
1610 3016 1661 3068 in
1695 3031 1860 3085 grege
1889 3032 1993 3072 non
2024 3022 2324 3074 errantium

758 3113 1105 3162 memoratur,
1140 3104 1232 3155 sed
1253 3105 1599 3159 nominantur
1618 3109 1903 3176 nonaginta
1934 3124 2144 3164 novem.
2172 3111 2327 3166 Venit

757 3189 916 3256 igitur
931 3189 1197 3253 Christus,
1225 3193 1391 3247 Filius
1416 3196 1506 3249 Dei
1532 3198 1662 3260 vivi,
1684 3214 1925 3265 qmerere
1943 3210 1994 3254 et
2015 3204 2219 3254 salvum
2245 3203 2325 3253 fa-

2428 2012 2519 2062 dat
2575 2022 2605 2060 a
2658 2005 2945 2078 discenle),
2988 2007 3059 2059 ita
3091 2012 3145 2056 et
3178 2002 3291 2054 Divi
3325 2002 3579 2060 Verbum.
3610 2001 3751 2068 quod
3802 2012 3889 2054 est
3942 2003 3993 2053 in

2425 2100 2583 2154 Patre
2638 2098 2705 2155 ob
2739 2110 2945 2152 natura;
2974 2094 3437 2154 communionem,
3489 2093 3752 2159 nobisque
3784 2095 3993 2143 unitum

2424 2202 2641 2261 propter
2669 2190 3196 2262 gratiaelargitatem,
3224 2186 3489 2240 exsistens
3521 2185 3681 2246 Deus,
3706 2184 3853 2251 quod
3874 2199 3996 2251 spc-

2424 2292 2536 2337 ctat
2582 2284 2649 2338 ad
2706 2295 2988 2347 naturam;
3044 2280 3276 2334 Verbum
3323 2288 3499 2333 autem
3533 2276 3890 2347 appellatione
3942 2286 3997 2329 ct

2426 2371 2767 2439 cognomine.

2502 2480 2519 2511 ε
2560 2460 3018 2528 Quemadmodum
3052 2460 3193 2514 enim
3225 2458 3617 2520 Joannes,cum
3639 2467 3832 2510 natura
3856 2465 3997 2509 essvt

2427 2553 2588 2607 homo
2622 2592 2636 2616 ,
2698 2554 2905 2605 ratione
2955 2561 3133 2605 tamen
3167 2550 3563 2621 przedicationis
3598 2564 3698 2600 vox
3754 2547 3997 2599 clamans

2427 2654 2651 2698 vocatus
2678 2654 2760 2697 est
2800 2644 2905 2711 (li);
2933 2644 3002 2696 ita
3034 2657 3088 2696 et
3126 2642 3218 2696 Dei
3251 2641 3439 2703 Filius,
3479 2639 3618 2692 Dcus
3640 2638 3703 2691 de
3736 2636 3869 2697 Deo,
3902 2652 3996 2706 ap-

2426 2734 2657 2802 pellatus
2718 2748 2802 2788 est
2833 2734 3069 2787 Verbum
3100 2774 3115 2795 ,
3151 2745 3370 2802 propter
3405 2732 3625 2785 liberam
3671 2746 3701 2783 a
3760 2729 3997 2786 lluxioue

2428 2828 2862 2897 generationem.
2906 2825 2970 2882 In
3016 2827 3270 2895 principio
3299 2835 3406 2879 erat
3440 2823 3683 2889 Verbum,
3720 2825 3996 2893 haudqua-

2431 2936 2591 2990 quam
2638 2936 2769 2975 vero
2808 2918 3039 2975 Verbum
3080 2933 3183 2974 non
3231 2918 3554 2972 subsistens.
3590 2917 3764 2971 Verba
3804 2917 3909 2969 alia
3944 2927 3998 2969 et

2430 3028 2710 3068 sermones
2736 3013 2825 3067 Dei
2851 3055 2865 3075 ,
2897 3022 3162 3082 pracepta
3188 3020 3309 3064 sunt
3343 3019 3396 3065 et
3420 3009 3832 3081 iustiﬁcationes
3863 3025 3880 3073 ;
3941 3018 3997 3059 at

2431 3106 2737 3173 unigenitus
2767 3105 2935 3159 Filius
2965 3120 3140 3158 sermo
3160 3113 3262 3166 est,
3298 3119 3401 3157 non
3427 3101 3650 3172 syllabis
3672 3103 3991 3152 verborum-

2428 3212 2532 3261 que
2556 3211 2687 3249 sono
2721 3196 3098 3262 pronuntiatus
3132 3234 3146 3256 ,
3191 3197 3282 3246 sed
3308 3208 3485 3247 sermo
3524 3202 3575 3244 et
3598 3192 3840 3251 verbum,
3869 3204 3992 3242 ver—

754 3278 1032 3347 cerequod
1053 3280 1288 3347 perierat
1319 3299 1330 3334 :
1370 3291 1531 3349 utque
1556 3298 1734 3336 rerum
1768 3300 1870 3337 non
1895 3287 2310 3338 consistentium
2347 3292 2389 3351 C
2425 3286 2617 3338 borum
2652 3285 2827 3338 fontes
2858 3284 3126 3353 largiens;
3157 3283 3609 3351 quemadmodum
3641 3281 3753 3335 ait:
3786 3279 3841 3333 Si
3867 3281 3989 3349 quis

752 3368 988 3422 vanitate
1040 3370 1304 3437 perditum
1359 3370 1628 3425 hominem
1687 3374 1927 3427 humeris
1985 3375 2317 3443 impositum,

759 3462 1149 3516 exsistentibus
1182 3461 1340 3517 rebus
1372 3464 1621 3533 verisque
1674 3467 2003 3533 postliminio
2057 3470 2317 3534 redderet,

751 3566 862 3618 quo
898 3567 1112 3605 rursum
1138 3552 1443 3609 Dominicus
1474 3570 1728 3611 numerus
1758 3572 1891 3612 unus
1921 3557 2089 3612 ﬁeret.
2116 3557 2319 3614 Idcirco

755 3643 1033 3713 Evangelii
1082 3647 1316 3715 scriptor
1361 3648 1620 3713 Joannes,
1646 3660 1929 3719 paternam
1963 3652 2316 3720 piscationem

752 3738 1042 3805 omniaque
1077 3749 1256 3792 creata
1317 3740 1667 3808 relinquens,
1723 3758 1901 3797 aerem
1960 3744 2088 3797 item
2133 3745 2323 3797 transi-

753 3826 890 3881 liens
919 3867 934 3891 ,
967 3843 1065 3882 nec
1109 3829 1276 3883 solem
1314 3840 1555 3884 moratus
1608 3848 1707 3886 nec
1742 3833 1962 3899 lunam;
2024 3836 2321 3890 celsissima

753 3934 883 3972 vero
912 3920 1035 3975 cmli
1066 3936 1348 3990 superans,
1404 3932 1757 3993 temporaque
1795 3935 2210 3995 prastergressus
2236 3940 2321 3984 est

755 4019 808 4060 et
840 4010 1067 4076 srecula;
1124 4010 1217 4064 sed
1263 4019 1317 4065 et
1373 4009 1618 4079 Moyses,
1655 4012 1920 4081 principio
1948 4011 2037 4065 illo
2067 4012 2266 4066 omisso
2302 4031 2313 4065 :

756 4114 860 4151 non
906 4100 1047 4151 enim
1104 4100 1260 4161 dixit,
1299 4101 1349 4153 in
1384 4102 1647 4171 principio
1681 4101 1812 4156 fecit
1836 4145 1851 4170 ,
1886 4110 1943 4154 ut
1981 4102 2069 4170 qui
2104 4116 2205 4155 non
2240 4102 2321 4155 in—

754 4189 905 4242 duxit
932 4201 1276 4253 creaturam;
1318 4192 1411 4245 sed
1467 4203 1766 4247 creatorem
1828 4193 2185 4248 aununtiavit.
2220 4192 2320 4248 Ubi

754 4281 899 4333 enim
926 4290 1007 4335 est
1034 4290 1314 4345 creatura,
1352 4282 1619 4351 quispiam
1654 4284 1816 4348 fecit;
1857 4284 1945 4339 ubi
2001 4301 2129 4339 vero
2160 4300 2322 4355 gene-

759 4371 898 4425 ratio
929 4382 1067 4439 erat,
1101 4388 1165 4427 ex
1197 4388 1261 4427 eo
1291 4374 1382 4443 qui
1425 4384 1523 4427 est.
1560 4376 1659 4441 Qui
1685 4376 1827 4430 enim
1854 4387 1955 4441 est,
1990 4393 2108 4431 eum
2142 4378 2325 4447 genuit

2427 3378 2578 3430 audit
2604 3392 2880 3432 sermones
2925 3392 3094 3440 meos,
3127 3377 3287 3429 habet
3314 3376 3476 3428 vitam
3512 3384 3792 3428 aeternam.
3857 3372 3992 3426 Cum

2425 3465 2659 3520 Joannes
2691 3468 2854 3530 dicat,
2886 3466 2952 3519 In
2982 3468 3272 3535 principio;
3311 3466 3505 3519 Paulus
3519 3480 3665 3525 vero,
3691 3463 3992 3518 Secundum

2425 3572 2656 3618 carnem,
2684 3557 2770 3624 qui
2806 3568 2879 3608 est
2903 3573 3056 3621 super
3084 3557 3261 3607 omnia
3315 3555 3451 3608 Deus
3483 3556 3583 3623 (c);
3625 3553 3816 3607 Petrus
3861 3570 3993 3622 quo-

2426 3662 2533 3715 que
2565 3668 2578 3703 :
2608 3647 2684 3700 Tu
2716 3666 2766 3701 ea
2791 3647 3029 3701 Christus
3062 3647 3234 3701 Filius
3266 3648 3359 3700 Dei
3378 3648 3476 3700 vivi
3503 3646 3612 3717 (d);
3644 3646 3808 3701 David
3829 3663 3989 3701 vero:

2433 3741 2511 3795 Tu
2543 3753 2715 3794 autem
2751 3743 2884 3794 idem
2910 3742 3016 3810 ipse
3044 3758 3117 3803 es,
3151 3753 3197 3793 et
3224 3741 3349 3792 mmi
3378 3741 3456 3793 tui
3490 3757 3592 3793 non
3620 3741 3863 3809 deﬁcient
3884 3742 3986 3811 (e);

2428 3843 2480 3888 et
2530 3835 2641 3903 ipse
2676 3834 2930 3888 Dominus
2969 3851 2981 3887 :
3026 3834 3138 3903 Ego
3171 3850 3286 3885 sum
3319 3832 3409 3885 lux
3442 3836 3644 3900 mundi,
3668 3844 3722 3890 et
3769 3837 3988 3897 veritas,

2428 3936 2481 3978 et
2510 3928 2705 3979 ostium
2737 3927 2879 3997 regni
2904 3925 3160 3979 coelorum
3207 3926 3295 3996 (ι).
3328 3926 3382 3979 Si
3416 3941 3543 3996 ergo
3574 3936 3656 3982 est
3677 3928 3804 3997 quid
3833 3941 3985 3979 crea-

2431 4022 2566 4075 tum,
2619 4017 2886 4082 quomodo
2912 4024 2993 4067 est
3036 4024 3224 4068 auctor
3267 4024 3320 4068 et
3346 4026 3557 4069 creator
3582 4027 3881 4083 temporum
3938 4022 3991 4066 et

2432 4107 2796 4158 smculorutu?
2825 4106 3015 4161 Omnia
3057 4122 3147 4174 per
3179 4109 3347 4175 ipsum
3380 4107 3519 4174 facta
3564 4116 3679 4159 sunt
3712 4105 3808 4173 (g).
3856 4103 3989 4157 Nam

2432 4206 2585 4249 sexta
2617 4198 2702 4251 die
2756 4198 2963 4251 creavit
3003 4197 3298 4261 hominem,
3343 4212 3447 4265 qua
3477 4196 3638 4248 etiam
3674 4193 3803 4248 fecit
3852 4209 3988 4263 qua-

2431 4289 2689 4356 drupedia
2720 4299 2773 4342 et
2795 4290 3001 4357 reptilia
3026 4308 3040 4354 ;
3070 4291 3251 4357 quinta
3276 4298 3452 4341 autem
3491 4286 3727 4339 volatilia
3756 4287 3902 4349 caeli,
3936 4297 3991 4341 et

2430 4380 2604 4445 pisces
2634 4379 2829 4441 maris;
2859 4387 3074 4446 quarta,
3108 4378 3273 4429 solem
3293 4386 3345 4430 et
3374 4375 3583 4441 lunam;
3622 4376 3801 4441 tertia,
3822 4390 3988 4444 aquas

826 4551 941 4622 (23)
993 4551 1049 4606 In
1100 4552 1242 4606 hunc
1295 4551 1473 4606 locum
1524 4553 1594 4606 ita
1632 4562 2033 4609 commentatur
2062 4554 2332 4608 Combcll-
2366 4559 2408 4611 D
2438 4555 2654 4619 cimam,
2688 4562 2745 4607 ut
2778 4567 2838 4605 ex
2866 4552 3213 4607 Genebrardo
3234 4561 3287 4607 et
3317 4551 3435 4605 aliis
3460 4553 3684 4621 quisque
3715 4551 3873 4605 facile
3894 4566 3986 4605 co-

759 4625 915 4678 sius:
958 4642 975 4673 ‹
1013 4622 1314 4676 Absurdius
1366 4633 1471 4685 est,
1504 4638 1662 4693 quam
1709 4633 1765 4677 ut
1792 4624 1913 4691 quis
1948 4625 2213 4677 tantillum
2248 4641 2335 4679 sa-

758 4696 908 4761 piens
940 4695 1007 4747 de
1036 4693 1485 4747 Constantiniana
1520 4697 1618 4748 hoc
1649 4694 1945 4747 lndictione
1970 4696 2209 4761 potuerit
2242 4711 2332 4752 ac-

757 4764 1124 4831 ciperezquia
1179 4764 1318 4818 hanc
1368 4763 1567 4817 Christi
1623 4764 1877 4817 nativitas
1926 4765 2203 4830 prtecessit
2239 4782 2333 4823 ccc

756 4834 975 4887 circiter
1006 4833 1165 4887 annis
1206 4852 1219 4886 :
1260 4850 1322 4888 ac
1360 4849 1534 4900 neque
1558 4834 1625 4888 de
1656 4834 1797 4896 aliis,
1827 4834 1871 4888 si
1908 4849 2027 4901 quae
2075 4833 2155 4887 vel
2192 4842 2330 4891 veri-

758 4913 863 4955 tate
907 4914 1229 4956 asseruntur
1270 4905 1353 4957 vel
1386 4903 1790 4972 conlinguntur,
1828 4916 1950 4971 puta
2000 4907 2326 4974 Augustana,

754 4974 1082 5035 Antoniana,
1125 4982 1229 5025 etc.
1266 4973 1636 5041 Perspicacius
1669 4989 1794 5043 ergo
1838 4975 2062 5027 intuenti
2090 5013 2103 5035 ,
2144 4978 2325 5032 statim

755 5044 1057 5099 occurrerit
1106 5044 1334 5098 lndictio
1363 5043 1588 5097 Judaica
1610 5084 1625 5108 ,
1657 5060 1815 5112 quam
1853 5045 1953 5097 sibi
1987 5054 2191 5106 auctor,
2246 5047 2326 5099 in-

756 5114 1381 5185 starConstautinianze,
1410 5116 1686 5185 conﬁngat
1713 5124 1764 5168 et
1796 5125 2063 5185 numeret,
2089 5130 2117 5166 a
2150 5120 2325 5181 perle-

756 5198 844 5235 cta
875 5184 1196 5237 liberatione
1225 5182 1533 5237 Judaeorum
1580 5182 1617 5235 a'
1640 5185 1903 5237 servitute
1937 5184 2273 5238 Macedonica
2305 5206 2318 5251 ;

757 5254 1027 5321 quomodo
1073 5254 1459 5308 Constantinus
1492 5262 1545 5306 et
1596 5252 1787 5307 Patres
1823 5252 2046 5322 Nicami,
2075 5270 2324 5309 numera-

758 5336 867 5375 tam
900 5324 1182 5378 voluerunt
1202 5322 1704 5377 Constantinianam
1742 5323 1921 5384 illam,
1971 5340 1999 5376 a
2058 5324 2321 5380 vindicata

762 5394 1076 5448 Christiana
1137 5394 1392 5463 religione
1451 5402 1505 5463 et
1567 5394 1851 5463 exstincto
1884 5393 2158 5445 Maxentio
2194 5416 2203 5447 :
2246 5398 2323 5450 sic

758 5470 902 5517 enim
940 5462 1425 5518 invenietur’natus
1458 5462 1716 5519 Dominus
1743 5464 1807 5517 ad
1838 5462 2188 5519 ludiCtiouem
2226 5467 2319 5520 de-

830 5638 901 5725 ςᾳ)
932 5636 1095 5725 :l'oan.
1124 5656 1163 5702 1,

830 5712 902 5780 (ὁ)
931 5709 1095 5761 Marc.
1126 5727 1164 5772 ι,
1193 5712 1245 5762 5.

830 5786 899 5845 (ε)
940 5782 1093 5833 liom.
1122 5796 1196 5843 lx,
1226 5782 1277 5834 5.

828 5856 904 5924 ut)
938 5849 1128 5909 Matth.
1162 5868 1269 5915 xvs,
1310 5854 1384 5906 lli.

2442 4628 2705 4692 gnoverit.
2758 4622 2967 4687 Ubique
2998 4624 3397 4691 Amphilochius
3431 4625 3562 4675 scite
3607 4623 3809 4674 alludit.
3854 4639 3873 4672 ι
3910 4622 3983 4675 ita

2438 4696 2809 4749 Combelisius.
2857 4694 3069 4755 Verum,
3123 4708 3242 4744 cum
3288 4693 3479 4746 eruditi
3513 4694 3752 4760 plerique
3791 4706 3986 4744 conve-

2438 4768 2608 4829 niant,
2657 4766 2906 4831 exiguum
2937 4774 3027 4815 aut
3053 4762 3251 4815 nullum
3290 4773 3412 4816 ante
3439 4760 3774 4816 Constantini
3806 4760 3983 4831 Magni

2440 4845 2678 4903 tempora
2712 4830 3060 4887 lntlictionum
3092 4849 3240 4886 usum
3269 4833 3449 4903 fuisse,
3496 4830 3675 4903 nescio
3701 4830 3982 4903 undeMa—

2435 4900 2746 4959 cedonicam
2783 4904 3127 4956 ludictiuuem
3150 4943 3162 4967 ,
3197 4913 3289 4955 aut
3314 4902 3586 4955 Judaicam
3630 4900 3985 4955 Combelisius

2435 4977 2703 5042 acceperit
2730 4976 2752 5027 ?
2790 4974 2943 5026 Certe
2974 4971 3209 5025 Basilius
3235 4970 3733 5039 ct'Amphilochius,
3767 4972 3811 5024 si
3840 4970 3985 5027 ludi-

2434 5045 2667 5097 ctiouem
2730 5044 2987 5111 aliquam,
3034 5046 3174 5096 inter
3222 5042 3633 5110 computandum
3662 5082 3676 5103 ,
3708 5043 3985 5095 nominare

2434 5115 2761 5177 voluissent;
2799 5128 2903 5165 non
2945 5113 3102 5166 aliam
3156 5114 3543 5173 nominassent,
3574 5122 3770 5178 praeter
3798 5112 3982 5181 vulga-

2433 5198 2543 5235 rem
2590 5194 2642 5237 et
2690 5183 3187 5236 Constantinianam
3222 5223 3233 5243 ,
3274 5196 3433 5249 quam
3475 5182 3643 5234 solam
3697 5192 3978 5234 noverant.

2430 5253 2680 5307 Errorem
2719 5255 2901 5319 itaque
2948 5254 3281 5307 ascribamus
3303 5251 3599 5305 oscitantiae
3633 5254 3984 5318 pseudo-Am—

2430 5324 2709 5391 pliiluchii,
2748 5324 2877 5376 nihil
2923 5324 3061 5375 inter
3095 5326 3269 5393 priora
3300 5331 3353 5374 et
3391 5332 3756 5393 suatempora
3789 5321 3984 5374 discer-

2428 5396 2637 5455 ueutis;
2670 5404 2725 5445 ut
2754 5394 2957 5461 reliqua
2990 5392 3147 5463 hujus
3192 5392 3553 5462 chronologia:
3585 5392 3818 5447 absurda
3845 5406 3982 5461 pra--

2432 5474 2719 5516 lCl‘L'illllUS.

2508 5642 2573 5707 (θ)
2605 5640 2741 5693 Psal.
2770 5657 2840 5701 Cl,
2866 5640 2953 5692 28.

2500 5714 2568 5777 (Γ)
2598 5711 2749 5764 Joan.
2782 5728 2897 5771 vm,
2944 5707 3039 5772 1‘2;
3068 5724 3177 5772 xw,
3207 5707 3268 5773 6;
3300 5724 3349 5772 χ,
3378 5709 3429 5762 υ,

2499 5784 2568 5851 (g)
2601 5780 2749 5836 Joau.
2784 5798 2817 5848 t,
2848 5782 2900 5837 5.
