  <div class='ocr_page' id='page_1' title='image "/cluster/home/n/w/nwhite01/storage/ocr_20150623/29/uva.x004321530/322.png"; bbox 0 0 4212 6514; ppageno 0'>
   <div class='ocr_carea' id='block_1_1' title="bbox 628 458 2986 545">
    <p class='ocr_par' dir='ltr' id='par_1_1' title="bbox 628 458 2986 545">
     <span class='ocr_line' id='line_1_1' title="bbox 628 458 2986 545; baseline -0.013 -3"><span class='ocrx_word' id='word_1_1' title='bbox 628 486 1001 545; x_wconf 78' lang='lat' dir='ltr'><strong>EXCERPTA</strong></span> <span class='ocrx_word' id='word_1_2' title='bbox 1044 484 1132 538; x_wconf 78' lang='lat' dir='ltr'><strong>EX</strong></span> <span class='ocrx_word' id='word_1_3' title='bbox 1172 482 1372 538; x_wconf 78' lang='lat' dir='ltr'><strong>ACTIS</strong></span> <span class='ocrx_word' id='word_1_4' title='bbox 1408 477 1726 536; x_wconf 84' lang='lat' dir='ltr'><strong>S.BASILII</strong></span> <span class='ocrx_word' id='word_1_5' title='bbox 1770 464 2539 529; x_wconf 52' lang='lat' dir='ltr'><strong>BOLLANDlANSu—VITA</strong></span> <span class='ocrx_word' id='word_1_6' title='bbox 2570 458 2986 517; x_wconf 80' lang='lat' dir='ltr'><strong>APOCRYPIIA</strong></span> 
     </span>
    </p>
   </div>
   <div class='ocr_carea' id='block_1_2' title="bbox 3244 470 3429 510">
    <p class='ocr_par' dir='ltr' id='par_1_2' title="bbox 3244 470 3429 510">
     <span class='ocr_line' id='line_1_2' title="bbox 3244 470 3429 510; baseline -0.005 0"><span class='ocrx_word' id='word_1_7' title='bbox 3244 470 3429 510; x_wconf 72' lang='lat' dir='ltr'><strong>CCXCIX</strong></span> 
     </span>
    </p>
   </div>
   <div class='ocr_carea' id='block_1_3' title="bbox 200 573 3431 675">
    <p class='ocr_par' dir='ltr' id='par_1_3' title="bbox 200 573 3431 675">
     <span class='ocr_line' id='line_1_3' title="bbox 200 573 3431 675; baseline -0.011 -14"><span class='ocrx_word' id='word_1_8' title='bbox 200 606 403 673; x_wconf 91' lang='lat' dir='ltr'><strong>divisit,</strong></span> <span class='ocrx_word' id='word_1_9' title='bbox 444 606 678 675; x_wconf 78' lang='lat' dir='ltr'><strong>fecitque</strong></span> <span class='ocrx_word' id='word_1_10' title='bbox 706 616 762 659; x_wconf 92' lang='lat' dir='ltr'><strong>ut</strong></span> <span class='ocrx_word' id='word_1_11' title='bbox 786 606 935 660; x_wconf 87' lang='lat' dir='ltr'><strong>arida</strong></span> <span class='ocrx_word' id='word_1_12' title='bbox 962 609 1283 672; x_wconf 87' lang='lat' dir='ltr'><strong>appareret;</strong></span> <span class='ocrx_word' id='word_1_13' title='bbox 1310 597 1566 664; x_wconf 89' lang='lat' dir='ltr'><strong>secunda,</strong></span> <span class='ocrx_word' id='word_1_14' title='bbox 1600 596 1765 649; x_wconf 90' lang='lat' dir='ltr'><strong>hocce</strong></span> <span class='ocrx_word' id='word_1_15' title='bbox 1792 599 1841 656; x_wconf 77' lang='grc' dir='ltr'>Α</span> <span class='ocrx_word' id='word_1_16' title='bbox 1869 589 2080 654; x_wconf 80' lang='lat' dir='ltr'><strong>eﬁ‘udit,</strong></span> <span class='ocrx_word' id='word_1_17' title='bbox 2112 598 2271 658; x_wconf 88' lang='lat' dir='ltr'><strong>teque</strong></span> <span class='ocrx_word' id='word_1_18' title='bbox 2325 587 2393 639; x_wconf 80' lang='lat' dir='ltr'><strong>ab</strong></span> <span class='ocrx_word' id='word_1_19' title='bbox 2420 594 2601 637; x_wconf 85' lang='lat' dir='ltr'><strong>errore</strong></span> <span class='ocrx_word' id='word_1_20' title='bbox 2645 579 2873 649; x_wconf 89' lang='lat' dir='ltr'><strong>plurium</strong></span> <span class='ocrx_word' id='word_1_21' title='bbox 2906 576 3131 630; x_wconf 85' lang='lat' dir='ltr'><strong>deorum</strong></span> <span class='ocrx_word' id='word_1_22' title='bbox 3170 573 3221 626; x_wconf 94' lang='lat' dir='ltr'><strong>in</strong></span> <span class='ocrx_word' id='word_1_23' title='bbox 3248 573 3431 641; x_wconf 79' lang='lat' dir='ltr'><strong>cogni-</strong></span> 
     </span>
    </p>
   </div>
   <div class='ocr_carea' id='block_1_4' title="bbox 200 686 1760 766">
    <p class='ocr_par' dir='ltr' id='par_1_4' title="bbox 200 686 1760 766">
     <span class='ocr_line' id='line_1_4' title="bbox 200 686 1760 766; baseline -0.009 -15"><span class='ocrx_word' id='word_1_24' title='bbox 200 699 628 763; x_wconf 88' lang='lat' dir='ltr'><strong>ﬁrmamentum,</strong></span> <span class='ocrx_word' id='word_1_25' title='bbox 662 697 806 766; x_wconf 88' lang='lat' dir='ltr'><strong>quod</strong></span> <span class='ocrx_word' id='word_1_26' title='bbox 842 695 1000 764; x_wconf 85' lang='lat' dir='ltr'><strong>capiti</strong></span> <span class='ocrx_word' id='word_1_27' title='bbox 1038 692 1405 763; x_wconf 86' lang='lat' dir='ltr'><strong>supereminet</strong></span> <span class='ocrx_word' id='word_1_28' title='bbox 1436 731 1449 755; x_wconf 92' lang='lat'><strong>,</strong></span> <span class='ocrx_word' id='word_1_29' title='bbox 1483 686 1760 749; x_wconf 82' lang='lat' dir='ltr'><strong>condidit;</strong></span> 
     </span>
    </p>
   </div>
   <div class='ocr_carea' id='block_1_5' title="bbox 204 780 1763 859">
    <p class='ocr_par' dir='ltr' id='par_1_5' title="bbox 204 780 1763 859">
     <span class='ocr_line' id='line_1_5' title="bbox 204 780 1763 859; baseline -0.008 -17"><span class='ocrx_word' id='word_1_30' title='bbox 204 791 377 859; x_wconf 90' lang='lat' dir='ltr'><strong>prima</strong></span> <span class='ocrx_word' id='word_1_31' title='bbox 404 790 656 858; x_wconf 87' lang='lat' dir='ltr'><strong>denique,</strong></span> <span class='ocrx_word' id='word_1_32' title='bbox 683 788 877 843; x_wconf 65' lang='lat' dir='ltr'><strong>caelum</strong></span> <span class='ocrx_word' id='word_1_33' title='bbox 901 795 957 840; x_wconf 91' lang='lat' dir='ltr'><strong>et</strong></span> <span class='ocrx_word' id='word_1_34' title='bbox 985 794 1181 839; x_wconf 89' lang='lat' dir='ltr'><strong>terram</strong></span> <span class='ocrx_word' id='word_1_35' title='bbox 1209 781 1424 836; x_wconf 89' lang='lat' dir='ltr'><strong>deduxit</strong></span> <span class='ocrx_word' id='word_1_36' title='bbox 1444 780 1495 831; x_wconf 91' lang='lat' dir='ltr'><strong>in</strong></span> <span class='ocrx_word' id='word_1_37' title='bbox 1520 787 1763 831; x_wconf 89' lang='lat' dir='ltr'><strong>naturam</strong></span> 
     </span>
    </p>
   </div>
   <div class='ocr_carea' id='block_1_6' title="bbox 201 873 1767 945">
    <p class='ocr_par' dir='ltr' id='par_1_6' title="bbox 201 873 1767 945">
     <span class='ocr_line' id='line_1_6' title="bbox 201 873 1767 945; baseline -0.007 -14"><span class='ocrx_word' id='word_1_38' title='bbox 201 896 379 935; x_wconf 89' lang='lat' dir='ltr'><strong>rerum</strong></span> <span class='ocrx_word' id='word_1_39' title='bbox 408 898 422 945; x_wconf 91' lang='lat'><strong>;</strong></span> <span class='ocrx_word' id='word_1_40' title='bbox 462 881 587 936; x_wconf 86' lang='lat' dir='ltr'><strong>fecit</strong></span> <span class='ocrx_word' id='word_1_41' title='bbox 638 883 809 935; x_wconf 92' lang='lat' dir='ltr'><strong>lucem</strong></span> <span class='ocrx_word' id='word_1_42' title='bbox 838 920 852 944; x_wconf 98' lang='lat'><strong>,</strong></span> <span class='ocrx_word' id='word_1_43' title='bbox 883 880 1024 932; x_wconf 91' lang='lat' dir='ltr'><strong>diem</strong></span> <span class='ocrx_word' id='word_1_44' title='bbox 1058 876 1276 938; x_wconf 79' lang='lat' dir='ltr'><strong>statuit,</strong></span> <span class='ocrx_word' id='word_1_45' title='bbox 1309 873 1515 927; x_wconf 91' lang='lat' dir='ltr'><strong>initium</strong></span> <span class='ocrx_word' id='word_1_46' title='bbox 1562 880 1767 937; x_wconf 82' lang='lat' dir='ltr'><strong>tempo-</strong></span> 
     </span>
    </p>
   </div>
   <div class='ocr_carea' id='block_1_7' title="bbox 205 959 1766 1040">
    <p class='ocr_par' dir='ltr' id='par_1_7' title="bbox 205 959 1766 1040">
     <span class='ocr_line' id='line_1_7' title="bbox 205 959 1766 1040; baseline -0.009 -16"><span class='ocrx_word' id='word_1_47' title='bbox 205 988 324 1025; x_wconf 85' lang='lat' dir='ltr'><strong>rum</strong></span> <span class='ocrx_word' id='word_1_48' title='bbox 376 972 639 1026; x_wconf 89' lang='lat' dir='ltr'><strong>deﬁnivit.</strong></span> <span class='ocrx_word' id='word_1_49' title='bbox 674 972 732 1026; x_wconf 88' lang='lat' dir='ltr'><strong>Si</strong></span> <span class='ocrx_word' id='word_1_50' title='bbox 779 971 945 1040; x_wconf 77' lang='lat' dir='ltr'><strong>igitur</strong></span> <span class='ocrx_word' id='word_1_51' title='bbox 980 978 1066 1023; x_wconf 90' lang='lat' dir='ltr'><strong>est</strong></span> <span class='ocrx_word' id='word_1_52' title='bbox 1090 975 1361 1028; x_wconf 82' lang='lat' dir='ltr'><strong>creatura,</strong></span> <span class='ocrx_word' id='word_1_53' title='bbox 1414 961 1490 1015; x_wconf 88' lang='lat' dir='ltr'><strong>illi</strong></span> <span class='ocrx_word' id='word_1_54' title='bbox 1545 959 1766 1029; x_wconf 83' lang='lat' dir='ltr'><strong>assigna</strong></span> 
     </span>
    </p>
   </div>
   <div class='ocr_carea' id='block_1_8' title="bbox 202 1050 1763 1135">
    <p class='ocr_par' dir='ltr' id='par_1_8' title="bbox 202 1050 1763 1135">
     <span class='ocr_line' id='line_1_8' title="bbox 202 1050 1763 1135; baseline -0.01 -18"><span class='ocrx_word' id='word_1_55' title='bbox 202 1076 415 1135; x_wconf 83' lang='lat' dir='ltr'><strong>tempus</strong></span> <span class='ocrx_word' id='word_1_56' title='bbox 444 1084 457 1131; x_wconf 91' lang='lat'>;</span> <span class='ocrx_word' id='word_1_57' title='bbox 490 1075 651 1132; x_wconf 85' lang='lat' dir='ltr'><strong>atque</strong></span> <span class='ocrx_word' id='word_1_58' title='bbox 677 1064 749 1118; x_wconf 90' lang='lat' dir='ltr'><strong>ita</strong></span> <span class='ocrx_word' id='word_1_59' title='bbox 771 1063 959 1118; x_wconf 90' lang='lat' dir='ltr'><strong>eodem</strong></span> <span class='ocrx_word' id='word_1_60' title='bbox 983 1076 1102 1115; x_wconf 92' lang='lat' dir='ltr'><strong>cum</strong></span> <span class='ocrx_word' id='word_1_61' title='bbox 1124 1057 1319 1113; x_wconf 83' lang='lat' dir='ltr'><strong>creatis</strong></span> <span class='ocrx_word' id='word_1_62' title='bbox 1341 1053 1538 1108; x_wconf 84' lang='lat' dir='ltr'><strong>habeto</strong></span> <span class='ocrx_word' id='word_1_63' title='bbox 1558 1050 1763 1105; x_wconf 91' lang='lat' dir='ltr'><strong>ordine.</strong></span> 
     </span>
    </p>
   </div>
   <div class='ocr_carea' id='block_1_9' title="bbox 206 1141 1768 1225">
    <p class='ocr_par' dir='ltr' id='par_1_9' title="bbox 206 1141 1768 1225">
     <span class='ocr_line' id='line_1_9' title="bbox 206 1141 1768 1225; baseline -0.011 -15"><span class='ocrx_word' id='word_1_64' title='bbox 206 1156 339 1210; x_wconf 85' lang='lat' dir='ltr'><strong>Nam</strong></span> <span class='ocrx_word' id='word_1_65' title='bbox 369 1158 512 1225; x_wconf 90' lang='lat' dir='ltr'><strong>quod</strong></span> <span class='ocrx_word' id='word_1_66' title='bbox 544 1158 658 1209; x_wconf 89' lang='lat' dir='ltr'><strong>sine</strong></span> <span class='ocrx_word' id='word_1_67' title='bbox 687 1164 929 1224; x_wconf 87' lang='lat' dir='ltr'><strong>tempore</strong></span> <span class='ocrx_word' id='word_1_68' title='bbox 953 1160 1037 1207; x_wconf 91' lang='lat' dir='ltr'><strong>est</strong></span> <span class='ocrx_word' id='word_1_69' title='bbox 1063 1191 1079 1216; x_wconf 94' lang='lat'><strong>,</strong></span> <span class='ocrx_word' id='word_1_70' title='bbox 1120 1151 1416 1203; x_wconf 87' lang='lat' dir='ltr'><strong>increatum</strong></span> <span class='ocrx_word' id='word_1_71' title='bbox 1454 1152 1575 1207; x_wconf 86' lang='lat' dir='ltr'><strong>est;</strong></span> <span class='ocrx_word' id='word_1_72' title='bbox 1626 1141 1768 1210; x_wconf 91' lang='lat' dir='ltr'><strong>quod</strong></span> 
     </span>
    </p>
   </div>
   <div class='ocr_carea' id='block_1_10' title="bbox 202 1234 1767 1318">
    <p class='ocr_par' dir='ltr' id='par_1_10' title="bbox 202 1234 1767 1318">
     <span class='ocr_line' id='line_1_10' title="bbox 202 1234 1767 1318; baseline -0.012 -19"><span class='ocrx_word' id='word_1_73' title='bbox 202 1263 329 1302; x_wconf 85' lang='lat' dir='ltr'><strong>vero</strong></span> <span class='ocrx_word' id='word_1_74' title='bbox 352 1260 433 1302; x_wconf 91' lang='lat' dir='ltr'><strong>est</strong></span> <span class='ocrx_word' id='word_1_75' title='bbox 457 1249 657 1317; x_wconf 81' lang='lat' dir='ltr'><strong>absque</strong></span> <span class='ocrx_word' id='word_1_76' title='bbox 688 1247 968 1318; x_wconf 88' lang='lat' dir='ltr'><strong>principio,</strong></span> <span class='ocrx_word' id='word_1_77' title='bbox 987 1254 1241 1297; x_wconf 58' lang='lat' dir='ltr'><strong>aeternum</strong></span> <span class='ocrx_word' id='word_1_78' title='bbox 1268 1248 1351 1292; x_wconf 88' lang='lat' dir='ltr'><strong>est</strong></span> <span class='ocrx_word' id='word_1_79' title='bbox 1381 1256 1396 1291; x_wconf 84' lang='lat'><strong>:</strong></span> <span class='ocrx_word' id='word_1_80' title='bbox 1425 1234 1571 1290; x_wconf 89' lang='lat' dir='ltr'><strong>solus</strong></span> <span class='ocrx_word' id='word_1_81' title='bbox 1589 1240 1767 1284; x_wconf 88' lang='lat' dir='ltr'><strong>autem</strong></span> 
     </span>
    </p>
   </div>
   <div class='ocr_carea' id='block_1_11' title="bbox 205 1320 1766 1403">
    <p class='ocr_par' dir='ltr' id='par_1_11' title="bbox 205 1320 1766 1403">
     <span class='ocr_line' id='line_1_11' title="bbox 205 1320 1766 1403; baseline -0.011 -13"><span class='ocrx_word' id='word_1_82' title='bbox 205 1337 345 1391; x_wconf 89' lang='lat' dir='ltr'><strong>Deus</strong></span> <span class='ocrx_word' id='word_1_83' title='bbox 368 1348 453 1392; x_wconf 89' lang='lat' dir='ltr'><strong>est</strong></span> <span class='ocrx_word' id='word_1_84' title='bbox 478 1348 735 1403; x_wconf 73' lang='lat' dir='ltr'><strong>:eternus,</strong></span> <span class='ocrx_word' id='word_1_85' title='bbox 762 1337 958 1391; x_wconf 90' lang='lat' dir='ltr'><strong>deitate</strong></span> <span class='ocrx_word' id='word_1_86' title='bbox 994 1330 1336 1401; x_wconf 89' lang='lat' dir='ltr'><strong>inseparabili</strong></span> <span class='ocrx_word' id='word_1_87' title='bbox 1365 1329 1417 1382; x_wconf 91' lang='lat' dir='ltr'><strong>in</strong></span> <span class='ocrx_word' id='word_1_88' title='bbox 1453 1325 1623 1379; x_wconf 87' lang='lat' dir='ltr'><strong>tribus</strong></span> <span class='ocrx_word' id='word_1_89' title='bbox 1646 1320 1766 1375; x_wconf 90' lang='lat' dir='ltr'><strong>sub-</strong></span> 
     </span>
    </p>
   </div>
   <div class='ocr_carea' id='block_1_12' title="bbox 204 1418 1763 1499">
    <p class='ocr_par' dir='ltr' id='par_1_12' title="bbox 204 1418 1763 1499">
     <span class='ocr_line' id='line_1_12' title="bbox 204 1418 1763 1499; baseline -0.013 -16"><span class='ocrx_word' id='word_1_90' title='bbox 204 1430 473 1484; x_wconf 87' lang='lat' dir='ltr'><strong>sistentiis</strong></span> <span class='ocrx_word' id='word_1_91' title='bbox 504 1449 516 1484; x_wconf 94' lang='lat'>:</span> <span class='ocrx_word' id='word_1_92' title='bbox 549 1440 675 1484; x_wconf 88' lang='lat' dir='ltr'><strong>sunt</strong></span> <span class='ocrx_word' id='word_1_93' title='bbox 712 1444 841 1499; x_wconf 92' lang='lat' dir='ltr'><strong>ergo</strong></span> <span class='ocrx_word' id='word_1_94' title='bbox 870 1427 971 1481; x_wconf 87' lang='lat' dir='ltr'><strong>tria</strong></span> <span class='ocrx_word' id='word_1_95' title='bbox 993 1436 1200 1487; x_wconf 89' lang='lat' dir='ltr'><strong>sancta,</strong></span> <span class='ocrx_word' id='word_1_96' title='bbox 1228 1422 1331 1476; x_wconf 88' lang='lat' dir='ltr'><strong>tria</strong></span> <span class='ocrx_word' id='word_1_97' title='bbox 1364 1418 1524 1474; x_wconf 91' lang='lat' dir='ltr'><strong>simul</strong></span> <span class='ocrx_word' id='word_1_98' title='bbox 1556 1421 1763 1475; x_wconf 90' lang='lat' dir='ltr'><strong>sancta,</strong></span> 
     </span>
    </p>
   </div>
   <div class='ocr_carea' id='block_1_13' title="bbox 206 1503 1765 1586">
    <p class='ocr_par' dir='ltr' id='par_1_13' title="bbox 206 1503 1765 1586">
     <span class='ocr_line' id='line_1_13' title="bbox 206 1503 1765 1586; baseline -0.011 -13"><span class='ocrx_word' id='word_1_99' title='bbox 206 1523 307 1575; x_wconf 86' lang='lat' dir='ltr'><strong>tria</strong></span> <span class='ocrx_word' id='word_1_100' title='bbox 351 1532 554 1575; x_wconf 58' lang='lat' dir='ltr'><strong>aeterna</strong></span> <span class='ocrx_word' id='word_1_101' title='bbox 588 1560 603 1586; x_wconf 92' lang='lat'><strong>,</strong></span> <span class='ocrx_word' id='word_1_102' title='bbox 639 1522 738 1574; x_wconf 90' lang='lat' dir='ltr'><strong>tria</strong></span> <span class='ocrx_word' id='word_1_103' title='bbox 769 1527 1035 1575; x_wconf 68' lang='lat' dir='ltr'><strong>coazterna</strong></span> <span class='ocrx_word' id='word_1_104' title='bbox 1065 1558 1080 1583; x_wconf 91' lang='lat'><strong>,</strong></span> <span class='ocrx_word' id='word_1_105' title='bbox 1116 1516 1215 1569; x_wconf 90' lang='lat' dir='ltr'><strong>tria</strong></span> <span class='ocrx_word' id='word_1_106' title='bbox 1262 1503 1765 1568; x_wconf 88' lang='lat' dir='ltr'><strong>consubstantialia,</strong></span> 
     </span>
    </p>
   </div>
   <div class='ocr_carea' id='block_1_14' title="bbox 204 1592 1772 1675">
    <p class='ocr_par' dir='ltr' id='par_1_14' title="bbox 204 1592 1772 1675">
     <span class='ocr_line' id='line_1_14' title="bbox 204 1592 1772 1675; baseline -0.011 -12"><span class='ocrx_word' id='word_1_107' title='bbox 204 1611 304 1665; x_wconf 91' lang='lat' dir='ltr'><strong>tria</strong></span> <span class='ocrx_word' id='word_1_108' title='bbox 336 1610 571 1665; x_wconf 77' lang='lat' dir='ltr'><strong>efﬁcacia</strong></span> <span class='ocrx_word' id='word_1_109' title='bbox 597 1648 613 1675; x_wconf 93' lang='lat'><strong>,</strong></span> <span class='ocrx_word' id='word_1_110' title='bbox 642 1609 740 1662; x_wconf 90' lang='lat' dir='ltr'><strong>tria</strong></span> <span class='ocrx_word' id='word_1_111' title='bbox 770 1606 1135 1672; x_wconf 82' lang='lat' dir='ltr'><strong>subsistentia,</strong></span> <span class='ocrx_word' id='word_1_112' title='bbox 1166 1604 1269 1659; x_wconf 90' lang='lat' dir='ltr'><strong>sibi</strong></span> <span class='ocrx_word' id='word_1_113' title='bbox 1303 1603 1532 1656; x_wconf 80' lang='lat' dir='ltr'><strong>invicem</strong></span> <span class='ocrx_word' id='word_1_114' title='bbox 1562 1592 1772 1651; x_wconf 83' lang='lat' dir='ltr'><strong>coexsi-</strong></span> 
     </span>
    </p>
   </div>
   <div class='ocr_carea' id='block_1_15' title="bbox 204 1688 1774 1757">
    <p class='ocr_par' dir='ltr' id='par_1_15' title="bbox 204 1688 1774 1757">
     <span class='ocr_line' id='line_1_15' title="bbox 204 1688 1774 1757; baseline -0.011 -2"><span class='ocrx_word' id='word_1_115' title='bbox 204 1701 425 1756; x_wconf 89' lang='lat' dir='ltr'><strong>stentia.</strong></span> <span class='ocrx_word' id='word_1_116' title='bbox 462 1700 700 1753; x_wconf 81' lang='lat' dir='ltr'><strong>Vocatur</strong></span> <span class='ocrx_word' id='word_1_117' title='bbox 747 1698 861 1753; x_wconf 69' lang='lat' dir='ltr'><strong>hrec</strong></span> <span class='ocrx_word' id='word_1_118' title='bbox 887 1696 1126 1751; x_wconf 87' lang='lat' dir='ltr'><strong>Trinitas</strong></span> <span class='ocrx_word' id='word_1_119' title='bbox 1160 1702 1381 1757; x_wconf 90' lang='lat' dir='ltr'><strong>sancta;</strong></span> <span class='ocrx_word' id='word_1_120' title='bbox 1420 1703 1527 1744; x_wconf 90' lang='lat' dir='ltr'><strong>una</strong></span> <span class='ocrx_word' id='word_1_121' title='bbox 1562 1688 1774 1742; x_wconf 88' lang='lat' dir='ltr'><strong>harmo-</strong></span> 
     </span>
    </p>
   </div>
   <div class='ocr_carea' id='block_1_16' title="bbox 206 1777 1771 1857">
    <p class='ocr_par' dir='ltr' id='par_1_16' title="bbox 206 1777 1771 1857">
     <span class='ocr_line' id='line_1_16' title="bbox 206 1777 1771 1857; baseline -0.011 -11"><span class='ocrx_word' id='word_1_122' title='bbox 206 1794 315 1856; x_wconf 87' lang='lat' dir='ltr'><strong>nia,</strong></span> <span class='ocrx_word' id='word_1_123' title='bbox 354 1806 461 1845; x_wconf 89' lang='lat' dir='ltr'><strong>una</strong></span> <span class='ocrx_word' id='word_1_124' title='bbox 488 1791 682 1856; x_wconf 89' lang='lat' dir='ltr'><strong>deitas,</strong></span> <span class='ocrx_word' id='word_1_125' title='bbox 710 1790 948 1857; x_wconf 84' lang='lat' dir='ltr'><strong>eiusdem</strong></span> <span class='ocrx_word' id='word_1_126' title='bbox 970 1788 1240 1849; x_wconf 59' lang='lat' dir='ltr'><strong>essentia,</strong></span> <span class='ocrx_word' id='word_1_127' title='bbox 1271 1784 1511 1853; x_wconf 85' lang='lat' dir='ltr'><strong>ejusdem</strong></span> <span class='ocrx_word' id='word_1_128' title='bbox 1540 1777 1771 1841; x_wconf 89' lang='lat' dir='ltr'><strong>virtutis,</strong></span> 
     </span>
    </p>
   </div>
   <div class='ocr_carea' id='block_1_17' title="bbox 205 1864 1770 1954">
    <p class='ocr_par' dir='ltr' id='par_1_17' title="bbox 205 1864 1770 1954">
     <span class='ocr_line' id='line_1_17' title="bbox 205 1864 1770 1954; baseline -0.013 -17"><span class='ocrx_word' id='word_1_129' title='bbox 205 1884 451 1954; x_wconf 80' lang='lat' dir='ltr'><strong>ejusdem</strong></span> <span class='ocrx_word' id='word_1_130' title='bbox 495 1881 811 1937; x_wconf 66' lang='lat' dir='ltr'><strong>substantia:</strong></span> <span class='ocrx_word' id='word_1_131' title='bbox 860 1894 923 1934; x_wconf 93' lang='lat' dir='ltr'><strong>ac</strong></span> <span class='ocrx_word' id='word_1_132' title='bbox 977 1888 1183 1933; x_wconf 75' lang='lat' dir='ltr'><strong>natum</strong></span> <span class='ocrx_word' id='word_1_133' title='bbox 1216 1874 1449 1929; x_wconf 88' lang='lat' dir='ltr'><strong>:similis</strong></span> <span class='ocrx_word' id='word_1_134' title='bbox 1472 1884 1538 1925; x_wconf 81' lang='lat' dir='ltr'><strong>ex</strong></span> <span class='ocrx_word' id='word_1_135' title='bbox 1569 1864 1770 1930; x_wconf 91' lang='lat' dir='ltr'><strong>simili,</strong></span> 
     </span>
    </p>
   </div>
   <div class='ocr_carea' id='block_1_18' title="bbox 212 1936 1847 2043">
    <p class='ocr_par' dir='ltr' id='par_1_18' title="bbox 212 1936 1847 2043">
     <span class='ocr_line' id='line_1_18' title="bbox 212 1936 1847 2043; baseline -0.011 -14"><span class='ocrx_word' id='word_1_136' title='bbox 212 1936 472 2043; x_wconf 58' lang='lat' dir='ltr'><strong>aequalem</strong></span> <span class='ocrx_word' id='word_1_137' title='bbox 501 1973 675 2029; x_wconf 86' lang='lat' dir='ltr'><strong>Patris</strong></span> <span class='ocrx_word' id='word_1_138' title='bbox 723 1982 776 2028; x_wconf 93' lang='lat' dir='ltr'><strong>et</strong></span> <span class='ocrx_word' id='word_1_139' title='bbox 806 1972 927 2027; x_wconf 87' lang='lat' dir='ltr'><strong>Filii</strong></span> <span class='ocrx_word' id='word_1_140' title='bbox 970 1981 1024 2025; x_wconf 89' lang='lat' dir='ltr'><strong>et</strong></span> <span class='ocrx_word' id='word_1_141' title='bbox 1053 1969 1289 2039; x_wconf 89' lang='lat' dir='ltr'><strong>Spiritus</strong></span> <span class='ocrx_word' id='word_1_142' title='bbox 1326 1964 1501 2020; x_wconf 87' lang='lat' dir='ltr'><strong>sancti</strong></span> <span class='ocrx_word' id='word_1_143' title='bbox 1542 1959 1771 2031; x_wconf 75' lang='lat' dir='ltr'><strong>gratiam</strong></span> <span class='ocrx_word' id='word_1_144' title='bbox 1804 1936 1847 1992; x_wconf 76' lang='grc' dir='ltr'><strong>Β</strong></span> 
     </span>
    </p>
   </div>
   <div class='ocr_carea' id='block_1_19' title="bbox 210 2058 1773 2133">
    <p class='ocr_par' dir='ltr' id='par_1_19' title="bbox 210 2058 1773 2133">
     <span class='ocr_line' id='line_1_19' title="bbox 210 2058 1773 2133; baseline -0.009 -13"><span class='ocrx_word' id='word_1_145' title='bbox 210 2066 438 2133; x_wconf 79' lang='lat' dir='ltr'><strong>faciens,</strong></span> <span class='ocrx_word' id='word_1_146' title='bbox 468 2081 630 2121; x_wconf 88' lang='lat' dir='ltr'><strong>unam</strong></span> <span class='ocrx_word' id='word_1_147' title='bbox 679 2064 1033 2121; x_wconf 89' lang='lat' dir='ltr'><strong>substantiam</strong></span> <span class='ocrx_word' id='word_1_148' title='bbox 1052 2101 1065 2125; x_wconf 93' lang='lat'><strong>,</strong></span> <span class='ocrx_word' id='word_1_149' title='bbox 1094 2074 1257 2114; x_wconf 90' lang='lat' dir='ltr'><strong>unam</strong></span> <span class='ocrx_word' id='word_1_150' title='bbox 1286 2058 1565 2121; x_wconf 84' lang='lat' dir='ltr'><strong>deitatem,</strong></span> <span class='ocrx_word' id='word_1_151' title='bbox 1610 2066 1773 2107; x_wconf 88' lang='lat' dir='ltr'><strong>unam</strong></span> 
     </span>
    </p>
   </div>
   <div class='ocr_carea' id='block_1_20' title="bbox 207 2151 1773 2221">
    <p class='ocr_par' dir='ltr' id='par_1_20' title="bbox 207 2151 1773 2221">
     <span class='ocr_line' id='line_1_20' title="bbox 207 2151 1773 2221; baseline -0.011 -10"><span class='ocrx_word' id='word_1_152' title='bbox 207 2159 634 2213; x_wconf 86' lang='lat' dir='ltr'><strong>dominationem</strong></span> <span class='ocrx_word' id='word_1_153' title='bbox 667 2198 681 2221; x_wconf 93' lang='lat'><strong>,</strong></span> <span class='ocrx_word' id='word_1_154' title='bbox 711 2168 874 2207; x_wconf 89' lang='lat' dir='ltr'><strong>unam</strong></span> <span class='ocrx_word' id='word_1_155' title='bbox 899 2151 1255 2217; x_wconf 85' lang='lat' dir='ltr'><strong>voluntatem,</strong></span> <span class='ocrx_word' id='word_1_156' title='bbox 1310 2162 1475 2202; x_wconf 91' lang='lat' dir='ltr'><strong>unum</strong></span> <span class='ocrx_word' id='word_1_157' title='bbox 1522 2158 1773 2215; x_wconf 78' lang='lat' dir='ltr'><strong>regnum,</strong></span> 
     </span>
    </p>
   </div>
   <div class='ocr_carea' id='block_1_21' title="bbox 207 2233 1777 2309">
    <p class='ocr_par' dir='ltr' id='par_1_21' title="bbox 207 2233 1777 2309">
     <span class='ocr_line' id='line_1_21' title="bbox 207 2233 1777 2309; baseline -0.01 -8"><span class='ocrx_word' id='word_1_158' title='bbox 207 2265 367 2301; x_wconf 89' lang='lat' dir='ltr'><strong>unam</strong></span> <span class='ocrx_word' id='word_1_159' title='bbox 410 2248 728 2309; x_wconf 87' lang='lat' dir='ltr'><strong>Ecclesiam,</strong></span> <span class='ocrx_word' id='word_1_160' title='bbox 763 2258 924 2298; x_wconf 91' lang='lat' dir='ltr'><strong>unam</strong></span> <span class='ocrx_word' id='word_1_161' title='bbox 957 2242 1138 2308; x_wconf 88' lang='lat' dir='ltr'><strong>ﬁdem,</strong></span> <span class='ocrx_word' id='word_1_162' title='bbox 1167 2255 1331 2295; x_wconf 88' lang='lat' dir='ltr'><strong>unum</strong></span> <span class='ocrx_word' id='word_1_163' title='bbox 1367 2238 1656 2308; x_wconf 87' lang='lat' dir='ltr'><strong>baptisma.</strong></span> <span class='ocrx_word' id='word_1_164' title='bbox 1682 2233 1777 2288; x_wconf 84' lang='lat' dir='ltr'><strong>Est</strong></span> 
     </span>
    </p>
   </div>
   <div class='ocr_carea' id='block_1_22' title="bbox 206 2326 1776 2396">
    <p class='ocr_par' dir='ltr' id='par_1_22' title="bbox 206 2326 1776 2396">
     <span class='ocr_line' id='line_1_22' title="bbox 206 2326 1776 2396; baseline -0.01 -2"><span class='ocrx_word' id='word_1_165' title='bbox 206 2342 295 2395; x_wconf 90' lang='lat' dir='ltr'><strong>hic</strong></span> <span class='ocrx_word' id='word_1_166' title='bbox 324 2341 463 2394; x_wconf 89' lang='lat' dir='ltr'><strong>Deus</strong></span> <span class='ocrx_word' id='word_1_167' title='bbox 496 2339 869 2391; x_wconf 88' lang='lat' dir='ltr'><strong>universorum</strong></span> <span class='ocrx_word' id='word_1_168' title='bbox 899 2352 913 2389; x_wconf 91' lang='lat'><strong>:</strong></span> <span class='ocrx_word' id='word_1_169' title='bbox 942 2334 1031 2389; x_wconf 91' lang='lat' dir='ltr'><strong>hic</strong></span> <span class='ocrx_word' id='word_1_170' title='bbox 1062 2332 1263 2387; x_wconf 88' lang='lat' dir='ltr'><strong>Christi</strong></span> <span class='ocrx_word' id='word_1_171' title='bbox 1291 2330 1472 2396; x_wconf 89' lang='lat' dir='ltr'><strong>Pater,</strong></span> <span class='ocrx_word' id='word_1_172' title='bbox 1504 2329 1593 2383; x_wconf 89' lang='lat' dir='ltr'><strong>hic</strong></span> <span class='ocrx_word' id='word_1_173' title='bbox 1618 2326 1776 2381; x_wconf 75' lang='lat' dir='ltr'><strong>.lesus</strong></span> 
     </span>
    </p>
   </div>
   <div class='ocr_carea' id='block_1_23' title="bbox 209 2417 1777 2485">
    <p class='ocr_par' dir='ltr' id='par_1_23' title="bbox 209 2417 1777 2485">
     <span class='ocr_line' id='line_1_23' title="bbox 209 2417 1777 2485; baseline -0.008 0"><span class='ocrx_word' id='word_1_174' title='bbox 209 2432 457 2485; x_wconf 78' lang='lat' dir='ltr'><strong>Christus</strong></span> <span class='ocrx_word' id='word_1_175' title='bbox 495 2444 671 2483; x_wconf 87' lang='lat' dir='ltr'><strong>:unus</strong></span> <span class='ocrx_word' id='word_1_176' title='bbox 713 2428 801 2483; x_wconf 91' lang='lat' dir='ltr'><strong>ille</strong></span> <span class='ocrx_word' id='word_1_177' title='bbox 843 2429 909 2481; x_wconf 90' lang='lat' dir='ltr'><strong>de</strong></span> <span class='ocrx_word' id='word_1_178' title='bbox 962 2435 1149 2481; x_wconf 88' lang='lat' dir='ltr'><strong>sancta</strong></span> <span class='ocrx_word' id='word_1_179' title='bbox 1186 2424 1451 2477; x_wconf 89' lang='lat' dir='ltr'><strong>Trinitate</strong></span> <span class='ocrx_word' id='word_1_180' title='bbox 1485 2439 1498 2473; x_wconf 86' lang='lat'><strong>:</strong></span> <span class='ocrx_word' id='word_1_181' title='bbox 1547 2420 1638 2474; x_wconf 90' lang='lat' dir='ltr'><strong>hic</strong></span> <span class='ocrx_word' id='word_1_182' title='bbox 1690 2417 1777 2472; x_wconf 89' lang='lat' dir='ltr'><strong>ille</strong></span> 
     </span>
    </p>
   </div>
   <div class='ocr_carea' id='block_1_24' title="bbox 207 2509 1775 2588">
    <p class='ocr_par' dir='ltr' id='par_1_24' title="bbox 207 2509 1775 2588">
     <span class='ocr_line' id='line_1_24' title="bbox 207 2509 1775 2588; baseline -0.006 -17"><span class='ocrx_word' id='word_1_183' title='bbox 207 2520 297 2588; x_wconf 80' lang='lat' dir='ltr'><strong>qui</strong></span> <span class='ocrx_word' id='word_1_184' title='bbox 336 2520 611 2572; x_wconf 88' lang='lat' dir='ltr'><strong>descendit</strong></span> <span class='ocrx_word' id='word_1_185' title='bbox 640 2527 694 2573; x_wconf 94' lang='lat' dir='ltr'><strong>et</strong></span> <span class='ocrx_word' id='word_1_186' title='bbox 722 2516 965 2572; x_wconf 89' lang='lat' dir='ltr'><strong>ascendit</strong></span> <span class='ocrx_word' id='word_1_187' title='bbox 998 2556 1013 2582; x_wconf 90' lang='lat'><strong>,</strong></span> <span class='ocrx_word' id='word_1_188' title='bbox 1062 2515 1262 2585; x_wconf 89' lang='lat' dir='ltr'><strong>quique</strong></span> <span class='ocrx_word' id='word_1_189' title='bbox 1293 2511 1545 2568; x_wconf 89' lang='lat' dir='ltr'><strong>considet</strong></span> <span class='ocrx_word' id='word_1_190' title='bbox 1602 2509 1775 2575; x_wconf 86' lang='lat' dir='ltr'><strong>Patri,</strong></span> 
     </span>
    </p>
   </div>
   <div class='ocr_carea' id='block_1_25' title="bbox 210 2610 894 2679">
    <p class='ocr_par' dir='ltr' id='par_1_25' title="bbox 210 2610 894 2679">
     <span class='ocr_line' id='line_1_25' title="bbox 210 2610 894 2679; baseline 0 -16"><span class='ocrx_word' id='word_1_191' title='bbox 210 2626 308 2664; x_wconf 83' lang='lat' dir='ltr'><strong>nec</strong></span> <span class='ocrx_word' id='word_1_192' title='bbox 346 2621 628 2679; x_wconf 83' lang='lat' dir='ltr'><strong>separatur</strong></span> <span class='ocrx_word' id='word_1_193' title='bbox 663 2628 690 2665; x_wconf 89' lang='lat' dir='ltr'><strong>a</strong></span> <span class='ocrx_word' id='word_1_194' title='bbox 715 2610 894 2665; x_wconf 88' lang='lat' dir='ltr'><strong>nobis.</strong></span> 
     </span>
    </p>
   </div>
   <div class='ocr_carea' id='block_1_26' title="bbox 281 2700 1775 2769">
    <p class='ocr_par' dir='ltr' id='par_1_26' title="bbox 281 2700 1775 2769">
     <span class='ocr_line' id='line_1_26' title="bbox 281 2700 1775 2769; baseline -0.004 -14"><span class='ocrx_word' id='word_1_195' title='bbox 281 2721 302 2755; x_wconf 71' lang='grc' dir='ltr'><strong><em>ι</em></strong></span> <span class='ocrx_word' id='word_1_196' title='bbox 339 2702 386 2757; x_wconf 91' lang='lat' dir='ltr'><strong>ls</strong></span> <span class='ocrx_word' id='word_1_197' title='bbox 443 2704 655 2758; x_wconf 86' lang='lat' dir='ltr'><strong>animos</strong></span> <span class='ocrx_word' id='word_1_198' title='bbox 692 2713 907 2758; x_wconf 87' lang='lat' dir='ltr'><strong>nostros</strong></span> <span class='ocrx_word' id='word_1_199' title='bbox 938 2700 1247 2756; x_wconf 88' lang='lat' dir='ltr'><strong>custodiens</strong></span> <span class='ocrx_word' id='word_1_200' title='bbox 1273 2739 1288 2763; x_wconf 94' lang='lat'><strong>,</strong></span> <span class='ocrx_word' id='word_1_201' title='bbox 1320 2712 1470 2769; x_wconf 86' lang='lat' dir='ltr'><strong>spem</strong></span> <span class='ocrx_word' id='word_1_202' title='bbox 1532 2705 1775 2751; x_wconf 90' lang='lat' dir='ltr'><strong>nostram</strong></span> 
     </span>
    </p>
   </div>
   <div class='ocr_carea' id='block_1_27' title="bbox 210 2790 1774 2858">
    <p class='ocr_par' dir='ltr' id='par_1_27' title="bbox 210 2790 1774 2858">
     <span class='ocr_line' id='line_1_27' title="bbox 210 2790 1774 2858; baseline -0.006 -9"><span class='ocrx_word' id='word_1_203' title='bbox 210 2798 587 2852; x_wconf 90' lang='lat' dir='ltr'><strong>inconcussam</strong></span> <span class='ocrx_word' id='word_1_204' title='bbox 620 2796 856 2849; x_wconf 79' lang='lat' dir='ltr'><strong>servavit</strong></span> <span class='ocrx_word' id='word_1_205' title='bbox 908 2803 962 2848; x_wconf 92' lang='lat' dir='ltr'><strong>et</strong></span> <span class='ocrx_word' id='word_1_206' title='bbox 1023 2792 1410 2855; x_wconf 91' lang='lat' dir='ltr'><strong>immortalem,</strong></span> <span class='ocrx_word' id='word_1_207' title='bbox 1442 2790 1712 2858; x_wconf 90' lang='lat' dir='ltr'><strong>simulque</strong></span> <span class='ocrx_word' id='word_1_208' title='bbox 1747 2802 1774 2839; x_wconf 92' lang='lat' dir='ltr'><strong>a</strong></span> 
     </span>
    </p>
   </div>
   <div class='ocr_carea' id='block_1_28' title="bbox 211 2881 1777 2956">
    <p class='ocr_par' dir='ltr' id='par_1_28' title="bbox 211 2881 1777 2956">
     <span class='ocr_line' id='line_1_28' title="bbox 211 2881 1777 2956; baseline -0.007 -15"><span class='ocrx_word' id='word_1_209' title='bbox 211 2889 441 2943; x_wconf 75' lang='lat' dir='ltr'><strong>mortuis</strong></span> <span class='ocrx_word' id='word_1_210' title='bbox 472 2887 708 2956; x_wconf 88' lang='lat' dir='ltr'><strong>peccatis</strong></span> <span class='ocrx_word' id='word_1_211' title='bbox 744 2887 809 2938; x_wconf 88' lang='lat' dir='ltr'><strong>ad</strong></span> <span class='ocrx_word' id='word_1_212' title='bbox 847 2886 1123 2939; x_wconf 66' lang='lat' dir='ltr'><strong>cmlestem</strong></span> <span class='ocrx_word' id='word_1_213' title='bbox 1165 2884 1335 2951; x_wconf 87' lang='lat' dir='ltr'><strong>ipsius</strong></span> <span class='ocrx_word' id='word_1_214' title='bbox 1376 2882 1603 2952; x_wconf 79' lang='lat' dir='ltr'><strong>gloriam</strong></span> <span class='ocrx_word' id='word_1_215' title='bbox 1633 2881 1777 2933; x_wconf 89' lang='lat' dir='ltr'><strong>leva-</strong></span> 
     </span>
    </p>
   </div>
   <div class='ocr_carea' id='block_1_29' title="bbox 211 2974 1775 3049">
    <p class='ocr_par' dir='ltr' id='par_1_29' title="bbox 211 2974 1775 3049">
     <span class='ocr_line' id='line_1_29' title="bbox 211 2974 1775 3049; baseline -0.004 -16"><span class='ocrx_word' id='word_1_216' title='bbox 211 2984 315 3047; x_wconf 91' lang='lat' dir='ltr'><strong>vit,</strong></span> <span class='ocrx_word' id='word_1_217' title='bbox 343 2981 703 3049; x_wconf 84' lang='lat' dir='ltr'><strong>dignatusque</strong></span> <span class='ocrx_word' id='word_1_218' title='bbox 731 2976 833 3029; x_wconf 90' lang='lat' dir='ltr'><strong>fuit</strong></span> <span class='ocrx_word' id='word_1_219' title='bbox 862 3015 878 3034; x_wconf 90' lang='lat'><strong>.</strong></span> <span class='ocrx_word' id='word_1_220' title='bbox 908 2985 967 3030; x_wconf 91' lang='lat' dir='ltr'><strong>ut</strong></span> <span class='ocrx_word' id='word_1_221' title='bbox 996 2977 1047 3028; x_wconf 92' lang='lat' dir='ltr'><strong>in</strong></span> <span class='ocrx_word' id='word_1_222' title='bbox 1080 2976 1312 3030; x_wconf 88' lang='lat' dir='ltr'><strong>nubibus</strong></span> <span class='ocrx_word' id='word_1_223' title='bbox 1338 3015 1353 3040; x_wconf 92' lang='lat'><strong>,</strong></span> <span class='ocrx_word' id='word_1_224' title='bbox 1387 2974 1441 3028; x_wconf 93' lang='lat' dir='ltr'><strong>in</strong></span> <span class='ocrx_word' id='word_1_225' title='bbox 1494 2987 1775 3029; x_wconf 89' lang='lat' dir='ltr'><strong>occursum</strong></span> 
     </span>
    </p>
   </div>
   <div class='ocr_carea' id='block_1_30' title="bbox 211 3066 1779 3144">
    <p class='ocr_par' dir='ltr' id='par_1_30' title="bbox 211 3066 1779 3144">
     <span class='ocr_line' id='line_1_30' title="bbox 211 3066 1779 3144; baseline -0.006 -16"><span class='ocrx_word' id='word_1_226' title='bbox 211 3077 325 3144; x_wconf 89' lang='lat' dir='ltr'><strong>ejus</strong></span> <span class='ocrx_word' id='word_1_227' title='bbox 355 3072 632 3140; x_wconf 90' lang='lat' dir='ltr'><strong>rapiamur</strong></span> <span class='ocrx_word' id='word_1_228' title='bbox 678 3071 729 3123; x_wconf 87' lang='lat' dir='ltr'><strong>in</strong></span> <span class='ocrx_word' id='word_1_229' title='bbox 788 3084 1002 3135; x_wconf 88' lang='lat' dir='ltr'><strong>aerem;</strong></span> <span class='ocrx_word' id='word_1_230' title='bbox 1043 3078 1341 3137; x_wconf 87' lang='lat' dir='ltr'><strong>nostraque</strong></span> <span class='ocrx_word' id='word_1_231' title='bbox 1390 3066 1605 3123; x_wconf 88' lang='lat' dir='ltr'><strong>nomina</strong></span> <span class='ocrx_word' id='word_1_232' title='bbox 1642 3066 1779 3118; x_wconf 91' lang='lat' dir='ltr'><strong>libro</strong></span> 
     </span>
    </p>
   </div>
   <div class='ocr_carea' id='block_1_31' title="bbox 213 3159 1776 3234">
    <p class='ocr_par' dir='ltr' id='par_1_31' title="bbox 213 3159 1776 3234">
     <span class='ocr_line' id='line_1_31' title="bbox 213 3159 1776 3234; baseline -0.004 -18"><span class='ocrx_word' id='word_1_233' title='bbox 213 3170 334 3222; x_wconf 78' lang='lat' dir='ltr'><strong>vita:</strong></span> <span class='ocrx_word' id='word_1_234' title='bbox 364 3164 654 3234; x_wconf 90' lang='lat' dir='ltr'><strong>ascripsit;</strong></span> <span class='ocrx_word' id='word_1_235' title='bbox 682 3164 933 3232; x_wconf 69' lang='lat' dir='ltr'><strong>prmstitit</strong></span> <span class='ocrx_word' id='word_1_236' title='bbox 957 3176 1106 3229; x_wconf 90' lang='lat' dir='ltr'><strong>vero,</strong></span> <span class='ocrx_word' id='word_1_237' title='bbox 1140 3171 1199 3214; x_wconf 94' lang='lat' dir='ltr'><strong>ut</strong></span> <span class='ocrx_word' id='word_1_238' title='bbox 1229 3161 1282 3213; x_wconf 93' lang='lat' dir='ltr'><strong>in</strong></span> <span class='ocrx_word' id='word_1_239' title='bbox 1314 3176 1435 3215; x_wconf 92' lang='lat' dir='ltr'><strong>eum</strong></span> <span class='ocrx_word' id='word_1_240' title='bbox 1469 3159 1776 3220; x_wconf 89' lang='lat' dir='ltr'><strong>credamus,</strong></span> 
     </span>
    </p>
   </div>
   <div class='ocr_carea' id='block_1_32' title="bbox 212 3252 1780 3328">
    <p class='ocr_par' dir='ltr' id='par_1_32' title="bbox 212 3252 1780 3328">
     <span class='ocr_line' id='line_1_32' title="bbox 212 3252 1780 3328; baseline -0.006 -16"><span class='ocrx_word' id='word_1_241' title='bbox 212 3261 299 3328; x_wconf 88' lang='lat' dir='ltr'><strong>qui</strong></span> <span class='ocrx_word' id='word_1_242' title='bbox 334 3275 363 3312; x_wconf 88' lang='lat' dir='ltr'><strong>a</strong></span> <span class='ocrx_word' id='word_1_243' title='bbox 399 3259 629 3312; x_wconf 89' lang='lat' dir='ltr'><strong>mortuis</strong></span> <span class='ocrx_word' id='word_1_244' title='bbox 656 3256 926 3317; x_wconf 80' lang='lat' dir='ltr'><strong>surrexit,</strong></span> <span class='ocrx_word' id='word_1_245' title='bbox 967 3255 1139 3322; x_wconf 91' lang='lat' dir='ltr'><strong>ipsum</strong></span> <span class='ocrx_word' id='word_1_246' title='bbox 1190 3262 1367 3306; x_wconf 89' lang='lat' dir='ltr'><strong>autem</strong></span> <span class='ocrx_word' id='word_1_247' title='bbox 1400 3254 1467 3307; x_wconf 90' lang='lat' dir='ltr'><strong>de</strong></span> <span class='ocrx_word' id='word_1_248' title='bbox 1504 3252 1657 3305; x_wconf 69' lang='lat' dir='ltr'><strong>cmlis</strong></span> <span class='ocrx_word' id='word_1_249' title='bbox 1685 3266 1780 3304; x_wconf 80' lang='lat' dir='ltr'><strong>ex-</strong></span> 
     </span>
    </p>
   </div>
   <div class='ocr_carea' id='block_1_33' title="bbox 211 3340 1779 3420">
    <p class='ocr_par' dir='ltr' id='par_1_33' title="bbox 211 3340 1779 3420">
     <span class='ocr_line' id='line_1_33' title="bbox 211 3340 1779 3420; baseline -0.01 -14"><span class='ocrx_word' id='word_1_250' title='bbox 211 3361 535 3420; x_wconf 75' lang='lat' dir='ltr'><strong>Spectemus,</strong></span> <span class='ocrx_word' id='word_1_251' title='bbox 572 3350 661 3413; x_wconf 88' lang='lat' dir='ltr'><strong>qui</strong></span> <span class='ocrx_word' id='word_1_252' title='bbox 700 3362 913 3401; x_wconf 89' lang='lat' dir='ltr'><strong>sursum</strong></span> <span class='ocrx_word' id='word_1_253' title='bbox 947 3360 1067 3399; x_wconf 90' lang='lat' dir='ltr'><strong>cum</strong></span> <span class='ocrx_word' id='word_1_254' title='bbox 1107 3344 1267 3397; x_wconf 89' lang='lat' dir='ltr'><strong>Patre</strong></span> <span class='ocrx_word' id='word_1_255' title='bbox 1300 3352 1423 3407; x_wconf 88' lang='lat' dir='ltr'><strong>est,</strong></span> <span class='ocrx_word' id='word_1_256' title='bbox 1458 3350 1513 3395; x_wconf 91' lang='lat' dir='ltr'><strong>et</strong></span> <span class='ocrx_word' id='word_1_257' title='bbox 1550 3340 1637 3394; x_wconf 90' lang='lat' dir='ltr'><strong>hic</strong></span> <span class='ocrx_word' id='word_1_258' title='bbox 1694 3347 1779 3392; x_wconf 83' lang='lat' dir='ltr'><strong>est</strong></span> 
     </span>
    </p>
   </div>
   <div class='ocr_carea' id='block_1_34' title="bbox 214 3432 1778 3511">
    <p class='ocr_par' dir='ltr' id='par_1_34' title="bbox 214 3432 1778 3511">
     <span class='ocr_line' id='line_1_34' title="bbox 214 3432 1778 3511; baseline -0.008 -14"><span class='ocrx_word' id='word_1_259' title='bbox 214 3444 494 3497; x_wconf 89' lang='lat' dir='ltr'><strong>nobiscum</strong></span> <span class='ocrx_word' id='word_1_260' title='bbox 527 3481 544 3505; x_wconf 92' lang='lat'><strong>,</strong></span> <span class='ocrx_word' id='word_1_261' title='bbox 574 3440 668 3511; x_wconf 91' lang='lat' dir='ltr'><strong>qui</strong></span> <span class='ocrx_word' id='word_1_262' title='bbox 708 3441 967 3511; x_wconf 85' lang='lat' dir='ltr'><strong>cujusque</strong></span> <span class='ocrx_word' id='word_1_263' title='bbox 1016 3437 1282 3492; x_wconf 90' lang='lat' dir='ltr'><strong>actionem</strong></span> <span class='ocrx_word' id='word_1_264' title='bbox 1338 3445 1392 3491; x_wconf 90' lang='lat' dir='ltr'><strong>et</strong></span> <span class='ocrx_word' id='word_1_265' title='bbox 1431 3434 1552 3489; x_wconf 90' lang='lat' dir='ltr'><strong>ﬁdei</strong></span> <span class='ocrx_word' id='word_1_266' title='bbox 1615 3432 1778 3487; x_wconf 90' lang='lat' dir='ltr'><strong>robur</strong></span> 
     </span>
    </p>
   </div>
   <div class='ocr_carea' id='block_1_35' title="bbox 211 3528 1777 3603">
    <p class='ocr_par' dir='ltr' id='par_1_35' title="bbox 211 3528 1777 3603">
     <span class='ocr_line' id='line_1_35' title="bbox 211 3528 1777 3603; baseline -0.003 -18"><span class='ocrx_word' id='word_1_267' title='bbox 211 3538 372 3593; x_wconf 87' lang='lat' dir='ltr'><strong>videt.</strong></span> <span class='ocrx_word' id='word_1_268' title='bbox 434 3535 543 3590; x_wconf 85' lang='lat' dir='ltr'><strong>Nec</strong></span> <span class='ocrx_word' id='word_1_269' title='bbox 569 3535 708 3589; x_wconf 89' lang='lat' dir='ltr'><strong>enim</strong></span> <span class='ocrx_word' id='word_1_270' title='bbox 741 3574 756 3597; x_wconf 96' lang='lat'><strong>,</strong></span> <span class='ocrx_word' id='word_1_271' title='bbox 817 3534 941 3603; x_wconf 87' lang='lat' dir='ltr'><strong>quia</strong></span> <span class='ocrx_word' id='word_1_272' title='bbox 976 3534 1125 3585; x_wconf 88' lang='lat' dir='ltr'><strong>abest</strong></span> <span class='ocrx_word' id='word_1_273' title='bbox 1160 3544 1326 3584; x_wconf 89' lang='lat' dir='ltr'><strong>carne</strong></span> <span class='ocrx_word' id='word_1_274' title='bbox 1352 3570 1365 3593; x_wconf 95' lang='lat'><strong>,</strong></span> <span class='ocrx_word' id='word_1_275' title='bbox 1415 3528 1617 3582; x_wconf 89' lang='lat' dir='ltr'><strong>idcirco</strong></span> <span class='ocrx_word' id='word_1_276' title='bbox 1670 3542 1777 3580; x_wconf 89' lang='lat' dir='ltr'><strong>non</strong></span> 
     </span>
    </p>
   </div>
   <div class='ocr_carea' id='block_1_36' title="bbox 212 3620 1777 3698">
    <p class='ocr_par' dir='ltr' id='par_1_36' title="bbox 212 3620 1777 3698">
     <span class='ocr_line' id='line_1_36' title="bbox 212 3620 1777 3698; baseline -0.007 -16"><span class='ocrx_word' id='word_1_277' title='bbox 212 3641 535 3698; x_wconf 65' lang='lat' dir='ltr'><strong>prmsentem</strong></span> <span class='ocrx_word' id='word_1_278' title='bbox 581 3625 974 3682; x_wconf 81' lang='lat' dir='ltr'><strong>existimaveris</strong></span> <span class='ocrx_word' id='word_1_279' title='bbox 1004 3640 1016 3685; x_wconf 90' lang='lat'><strong>;</strong></span> <span class='ocrx_word' id='word_1_280' title='bbox 1061 3624 1213 3676; x_wconf 89' lang='lat' dir='ltr'><strong>adest</strong></span> <span class='ocrx_word' id='word_1_281' title='bbox 1248 3622 1393 3675; x_wconf 87' lang='lat' dir='ltr'><strong>enim</strong></span> <span class='ocrx_word' id='word_1_282' title='bbox 1430 3621 1639 3674; x_wconf 90' lang='lat' dir='ltr'><strong>medius</strong></span> <span class='ocrx_word' id='word_1_283' title='bbox 1668 3620 1777 3689; x_wconf 86' lang='lat' dir='ltr'><strong>spi-</strong></span> 
     </span>
    </p>
   </div>
   <div class='ocr_carea' id='block_1_37' title="bbox 215 3710 1780 3785">
    <p class='ocr_par' dir='ltr' id='par_1_37' title="bbox 215 3710 1780 3785">
     <span class='ocr_line' id='line_1_37' title="bbox 215 3710 1780 3785; baseline -0.006 -12"><span class='ocrx_word' id='word_1_284' title='bbox 215 3723 339 3782; x_wconf 90' lang='lat' dir='ltr'><strong>ritu,</strong></span> <span class='ocrx_word' id='word_1_285' title='bbox 372 3720 600 3772; x_wconf 88' lang='lat' dir='ltr'><strong>audiens</strong></span> <span class='ocrx_word' id='word_1_286' title='bbox 628 3732 747 3785; x_wconf 77' lang='lat' dir='ltr'><strong>quae</strong></span> <span class='ocrx_word' id='word_1_287' title='bbox 782 3718 845 3769; x_wconf 88' lang='lat' dir='ltr'><strong>de</strong></span> <span class='ocrx_word' id='word_1_288' title='bbox 870 3716 985 3781; x_wconf 87' lang='lat' dir='ltr'><strong>ipso</strong></span> <span class='ocrx_word' id='word_1_289' title='bbox 1013 3714 1175 3767; x_wconf 87' lang='lat' dir='ltr'><strong>verba</strong></span> <span class='ocrx_word' id='word_1_290' title='bbox 1198 3710 1565 3781; x_wconf 88' lang='lat' dir='ltr'><strong>proferuntur,</strong></span> <span class='ocrx_word' id='word_1_291' title='bbox 1592 3711 1780 3764; x_wconf 88' lang='lat' dir='ltr'><strong>videns</strong></span> 
     </span>
    </p>
   </div>
   <div class='ocr_carea' id='block_1_38' title="bbox 222 3803 1776 3873">
    <p class='ocr_par' dir='ltr' id='par_1_38' title="bbox 222 3803 1776 3873">
     <span class='ocr_line' id='line_1_38' title="bbox 222 3803 1776 3873; baseline -0.006 -11"><span class='ocrx_word' id='word_1_292' title='bbox 222 3823 339 3864; x_wconf 88' lang='lat' dir='ltr'><strong>tuos</strong></span> <span class='ocrx_word' id='word_1_293' title='bbox 374 3809 541 3862; x_wconf 90' lang='lat' dir='ltr'><strong>animi</strong></span> <span class='ocrx_word' id='word_1_294' title='bbox 576 3822 788 3870; x_wconf 89' lang='lat' dir='ltr'><strong>sensus,</strong></span> <span class='ocrx_word' id='word_1_295' title='bbox 826 3815 985 3873; x_wconf 89' lang='lat' dir='ltr'><strong>atque</strong></span> <span class='ocrx_word' id='word_1_296' title='bbox 1016 3803 1178 3857; x_wconf 85' lang='lat' dir='ltr'><strong>corda</strong></span> <span class='ocrx_word' id='word_1_297' title='bbox 1207 3812 1261 3857; x_wconf 90' lang='lat' dir='ltr'><strong>et</strong></span> <span class='ocrx_word' id='word_1_298' title='bbox 1292 3816 1450 3856; x_wconf 85' lang='lat' dir='ltr'><strong>renes</strong></span> <span class='ocrx_word' id='word_1_299' title='bbox 1485 3811 1732 3855; x_wconf 89' lang='lat' dir='ltr'><strong>scrutaus</strong></span> <span class='ocrx_word' id='word_1_300' title='bbox 1764 3817 1776 3852; x_wconf 91' lang='lat'>:</span> 
     </span>
    </p>
   </div>
   <div class='ocr_carea' id='block_1_39' title="bbox 213 3898 1781 3968">
    <p class='ocr_par' dir='ltr' id='par_1_39' title="bbox 213 3898 1781 3968">
     <span class='ocr_line' id='line_1_39' title="bbox 213 3898 1781 3968; baseline -0.003 -17"><span class='ocrx_word' id='word_1_301' title='bbox 213 3902 302 3968; x_wconf 84' lang='lat' dir='ltr'><strong>qui</strong></span> <span class='ocrx_word' id='word_1_302' title='bbox 340 3901 509 3956; x_wconf 89' lang='lat' dir='ltr'><strong>etiam</strong></span> <span class='ocrx_word' id='word_1_303' title='bbox 541 3898 699 3954; x_wconf 90' lang='lat' dir='ltr'><strong>modo</strong></span> <span class='ocrx_word' id='word_1_304' title='bbox 730 3905 1009 3968; x_wconf 88' lang='lat' dir='ltr'><strong>promptus</strong></span> <span class='ocrx_word' id='word_1_305' title='bbox 1046 3905 1145 3962; x_wconf 89' lang='lat' dir='ltr'><strong>est,</strong></span> <span class='ocrx_word' id='word_1_306' title='bbox 1180 3906 1237 3950; x_wconf 93' lang='lat' dir='ltr'><strong>ut</strong></span> <span class='ocrx_word' id='word_1_307' title='bbox 1264 3904 1317 3950; x_wconf 93' lang='lat' dir='ltr'><strong>et</strong></span> <span class='ocrx_word' id='word_1_308' title='bbox 1348 3911 1445 3950; x_wconf 88' lang='lat' dir='ltr'><strong>nos</strong></span> <span class='ocrx_word' id='word_1_309' title='bbox 1487 3908 1781 3963; x_wconf 84' lang='lat' dir='ltr'><strong>omnesque</strong></span> 
     </span>
    </p>
   </div>
   <div class='ocr_carea' id='block_1_40' title="bbox 217 3987 1784 4062">
    <p class='ocr_par' dir='ltr' id='par_1_40' title="bbox 217 3987 1784 4062">
     <span class='ocr_line' id='line_1_40' title="bbox 217 3987 1784 4062; baseline -0.006 -12"><span class='ocrx_word' id='word_1_310' title='bbox 217 3995 482 4057; x_wconf 81' lang='lat' dir='ltr'><strong>homines,</strong></span> <span class='ocrx_word' id='word_1_311' title='bbox 513 3993 602 4062; x_wconf 91' lang='lat' dir='ltr'><strong>qui</strong></span> <span class='ocrx_word' id='word_1_312' title='bbox 630 4000 946 4045; x_wconf 88' lang='lat' dir='ltr'><strong>erraverunt</strong></span> <span class='ocrx_word' id='word_1_313' title='bbox 974 3999 1028 4043; x_wconf 92' lang='lat' dir='ltr'><strong>et</strong></span> <span class='ocrx_word' id='word_1_314' title='bbox 1074 3989 1369 4057; x_wconf 59' lang='lat' dir='ltr'><strong>praenitent,</strong></span> <span class='ocrx_word' id='word_1_315' title='bbox 1404 3988 1548 4042; x_wconf 88' lang='lat' dir='ltr'><strong>Patri</strong></span> <span class='ocrx_word' id='word_1_316' title='bbox 1591 3987 1784 4042; x_wconf 83' lang='lat' dir='ltr'><strong>offerat</strong></span> 
     </span>
    </p>
   </div>
   <div class='ocr_carea' id='block_1_41' title="bbox 220 4078 1783 4155">
    <p class='ocr_par' dir='ltr' id='par_1_41' title="bbox 220 4078 1783 4155">
     <span class='ocr_line' id='line_1_41' title="bbox 220 4078 1783 4155; baseline -0.003 -18"><span class='ocrx_word' id='word_1_317' title='bbox 220 4104 311 4155; x_wconf 78' lang='lat' dir='ltr'><strong>per</strong></span> <span class='ocrx_word' id='word_1_318' title='bbox 358 4102 575 4139; x_wconf 90' lang='lat' dir='ltr'><strong>sacrum</strong></span> <span class='ocrx_word' id='word_1_319' title='bbox 635 4084 943 4152; x_wconf 87' lang='lat' dir='ltr'><strong>baptisma,</strong></span> <span class='ocrx_word' id='word_1_320' title='bbox 997 4082 1248 4147; x_wconf 89' lang='lat' dir='ltr'><strong>dicatque</strong></span> <span class='ocrx_word' id='word_1_321' title='bbox 1308 4095 1321 4131; x_wconf 93' lang='lat'><strong>:</strong></span> <span class='ocrx_word' id='word_1_322' title='bbox 1384 4078 1520 4132; x_wconf 85' lang='lat' dir='ltr'><strong>Ecce</strong></span> <span class='ocrx_word' id='word_1_323' title='bbox 1576 4094 1673 4148; x_wconf 86' lang='lat' dir='ltr'><strong>ego</strong></span> <span class='ocrx_word' id='word_1_324' title='bbox 1729 4089 1783 4133; x_wconf 91' lang='lat' dir='ltr'><strong>et</strong></span> 
     </span>
    </p>
   </div>
   <div class='ocr_carea' id='block_1_42' title="bbox 219 4169 1780 4246">
    <p class='ocr_par' dir='ltr' id='par_1_42' title="bbox 219 4169 1780 4246">
     <span class='ocr_line' id='line_1_42' title="bbox 219 4169 1780 4246; baseline -0.003 -19"><span class='ocrx_word' id='word_1_325' title='bbox 219 4180 389 4246; x_wconf 78' lang='lat' dir='ltr'><strong>pueri,</strong></span> <span class='ocrx_word' id='word_1_326' title='bbox 419 4193 555 4245; x_wconf 88' lang='lat' dir='ltr'><strong>quos</strong></span> <span class='ocrx_word' id='word_1_327' title='bbox 602 4174 731 4227; x_wconf 90' lang='lat' dir='ltr'><strong>mihi</strong></span> <span class='ocrx_word' id='word_1_328' title='bbox 785 4172 926 4227; x_wconf 88' lang='lat' dir='ltr'><strong>Deus</strong></span> <span class='ocrx_word' id='word_1_329' title='bbox 960 4172 1144 4238; x_wconf 88' lang='lat' dir='ltr'><strong>dedit,</strong></span> <span class='ocrx_word' id='word_1_330' title='bbox 1174 4171 1258 4225; x_wconf 88' lang='lat' dir='ltr'><strong>cui</strong></span> <span class='ocrx_word' id='word_1_331' title='bbox 1289 4169 1455 4240; x_wconf 89' lang='lat' dir='ltr'><strong>gloria</strong></span> <span class='ocrx_word' id='word_1_332' title='bbox 1482 4170 1534 4225; x_wconf 90' lang='lat' dir='ltr'><strong>in</strong></span> <span class='ocrx_word' id='word_1_333' title='bbox 1564 4171 1780 4225; x_wconf 66' lang='lat' dir='ltr'><strong>saecula.</strong></span> 
     </span>
    </p>
   </div>
   <div class='ocr_carea' id='block_1_43' title="bbox 221 4273 407 4325">
    <p class='ocr_par' dir='ltr' id='par_1_43' title="bbox 221 4273 407 4325">
     <span class='ocr_line' id='line_1_43' title="bbox 221 4273 407 4325; baseline -0.016 -1"><span class='ocrx_word' id='word_1_334' title='bbox 221 4273 407 4325; x_wconf 72' lang='lat' dir='ltr'><strong>Amen.</strong></span> 
     </span>
    </p>
   </div>
   <div class='ocr_carea' id='block_1_44' title="bbox 290 4352 1783 4425">
    <p class='ocr_par' dir='ltr' id='par_1_44' title="bbox 290 4352 1783 4425">
     <span class='ocr_line' id='line_1_44' title="bbox 290 4352 1783 4425; baseline -0.004 -11"><span class='ocrx_word' id='word_1_335' title='bbox 290 4383 307 4414; x_wconf 74' lang='grc' dir='ltr'><strong><em>ι</em></strong></span> <span class='ocrx_word' id='word_1_336' title='bbox 344 4362 422 4415; x_wconf 84' lang='lat' dir='ltr'><strong>En</strong></span> <span class='ocrx_word' id='word_1_337' title='bbox 463 4360 554 4414; x_wconf 87' lang='lat' dir='ltr'><strong>tibi</strong></span> <span class='ocrx_word' id='word_1_338' title='bbox 609 4358 761 4412; x_wconf 89' lang='lat' dir='ltr'><strong>trado</strong></span> <span class='ocrx_word' id='word_1_339' title='bbox 794 4357 951 4410; x_wconf 91' lang='lat' dir='ltr'><strong>ﬁdem</strong></span> <span class='ocrx_word' id='word_1_340' title='bbox 987 4396 1003 4420; x_wconf 90' lang='lat'><strong>,</strong></span> <span class='ocrx_word' id='word_1_341' title='bbox 1060 4369 1221 4425; x_wconf 90' lang='lat' dir='ltr'><strong>quam</strong></span> <span class='ocrx_word' id='word_1_342' title='bbox 1255 4352 1539 4407; x_wconf 89' lang='lat' dir='ltr'><strong>ediderunt</strong></span> <span class='ocrx_word' id='word_1_343' title='bbox 1572 4363 1625 4408; x_wconf 90' lang='lat' dir='ltr'><strong>et</strong></span> <span class='ocrx_word' id='word_1_344' title='bbox 1679 4367 1783 4408; x_wconf 87' lang='lat' dir='ltr'><strong>una</strong></span> 
     </span>
    </p>
   </div>
   <div class='ocr_carea' id='block_1_45' title="bbox 220 4446 1785 4515">
    <p class='ocr_par' dir='ltr' id='par_1_45' title="bbox 220 4446 1785 4515">
     <span class='ocr_line' id='line_1_45' title="bbox 220 4446 1785 4515; baseline -0.006 -6"><span class='ocrx_word' id='word_1_345' title='bbox 220 4472 344 4510; x_wconf 87' lang='lat' dir='ltr'><strong>voce</strong></span> <span class='ocrx_word' id='word_1_346' title='bbox 391 4454 622 4510; x_wconf 83' lang='lat' dir='ltr'><strong>confessi</strong></span> <span class='ocrx_word' id='word_1_347' title='bbox 656 4461 778 4507; x_wconf 90' lang='lat' dir='ltr'><strong>sunt</strong></span> <span class='ocrx_word' id='word_1_348' title='bbox 807 4451 977 4505; x_wconf 90' lang='lat' dir='ltr'><strong>sancti</strong></span> <span class='ocrx_word' id='word_1_349' title='bbox 1033 4448 1241 4512; x_wconf 88' lang='lat' dir='ltr'><strong>Patres,</strong></span> <span class='ocrx_word' id='word_1_350' title='bbox 1271 4449 1359 4515; x_wconf 91' lang='lat' dir='ltr'><strong>qui</strong></span> <span class='ocrx_word' id='word_1_351' title='bbox 1392 4446 1623 4500; x_wconf 77' lang='lat' dir='ltr'><strong>Nicaeam</strong></span> <span class='ocrx_word' id='word_1_352' title='bbox 1658 4462 1785 4502; x_wconf 86' lang='lat' dir='ltr'><strong>con-</strong></span> 
     </span>
    </p>
   </div>
   <div class='ocr_carea' id='block_1_46' title="bbox 218 4538 1787 4602">
    <p class='ocr_par' dir='ltr' id='par_1_46' title="bbox 218 4538 1787 4602">
     <span class='ocr_line' id='line_1_46' title="bbox 218 4538 1787 4602; baseline -0.003 -4"><span class='ocrx_word' id='word_1_353' title='bbox 218 4560 501 4601; x_wconf 82' lang='lat' dir='ltr'><strong>venerunt.</strong></span> <span class='ocrx_word' id='word_1_354' title='bbox 552 4569 569 4598; x_wconf 75' lang='grc' dir='ltr'>ι</span> <span class='ocrx_word' id='word_1_355' title='bbox 604 4546 843 4600; x_wconf 84' lang='lat' dir='ltr'><strong>Eubulus</strong></span> <span class='ocrx_word' id='word_1_356' title='bbox 875 4552 1052 4595; x_wconf 90' lang='lat' dir='ltr'><strong>autem</strong></span> <span class='ocrx_word' id='word_1_357' title='bbox 1083 4541 1218 4594; x_wconf 83' lang='lat' dir='ltr'><strong>dixit</strong></span> <span class='ocrx_word' id='word_1_358' title='bbox 1245 4560 1256 4594; x_wconf 93' lang='lat'>:</span> <span class='ocrx_word' id='word_1_359' title='bbox 1291 4559 1308 4591; x_wconf 89' lang='grc'><strong>‹</strong></span> <span class='ocrx_word' id='word_1_360' title='bbox 1347 4538 1390 4594; x_wconf 92' lang='grc' dir='ltr'><strong>Ο</strong></span> <span class='ocrx_word' id='word_1_361' title='bbox 1422 4538 1602 4602; x_wconf 88' lang='lat' dir='ltr'><strong>Basili,</strong></span> <span class='ocrx_word' id='word_1_362' title='bbox 1623 4540 1787 4593; x_wconf 87' lang='lat' dir='ltr'><strong>coele-</strong></span> 
     </span>
    </p>
   </div>
   <div class='ocr_carea' id='block_1_47' title="bbox 220 4630 1785 4705">
    <p class='ocr_par' dir='ltr' id='par_1_47' title="bbox 220 4630 1785 4705">
     <span class='ocr_line' id='line_1_47' title="bbox 220 4630 1785 4705; baseline -0.006 -9"><span class='ocrx_word' id='word_1_363' title='bbox 220 4643 315 4697; x_wconf 89' lang='lat' dir='ltr'><strong>stis</strong></span> <span class='ocrx_word' id='word_1_364' title='bbox 372 4643 585 4703; x_wconf 89' lang='lat' dir='ltr'><strong>doctor,</strong></span> <span class='ocrx_word' id='word_1_365' title='bbox 636 4638 917 4693; x_wconf 86' lang='lat' dir='ltr'><strong>Trinitatis</strong></span> <span class='ocrx_word' id='word_1_366' title='bbox 982 4645 1365 4705; x_wconf 77' lang='lat' dir='ltr'><strong>propugnator,</strong></span> <span class='ocrx_word' id='word_1_367' title='bbox 1422 4631 1535 4702; x_wconf 91' lang='lat' dir='ltr'><strong>pari</strong></span> <span class='ocrx_word' id='word_1_368' title='bbox 1591 4630 1785 4687; x_wconf 83' lang='lat' dir='ltr'><strong>robore</strong></span> 
     </span>
    </p>
   </div>
   <div class='ocr_carea' id='block_1_48' title="bbox 218 4727 1781 4807">
    <p class='ocr_par' dir='ltr' id='par_1_48' title="bbox 218 4727 1781 4807">
     <span class='ocr_line' id='line_1_48' title="bbox 218 4727 1781 4807; baseline -0.008 -16"><span class='ocrx_word' id='word_1_369' title='bbox 218 4752 424 4807; x_wconf 64' lang='lat' dir='ltr'><strong>praeco;</strong></span> <span class='ocrx_word' id='word_1_370' title='bbox 464 4750 559 4803; x_wconf 88' lang='lat' dir='ltr'><strong>per</strong></span> <span class='ocrx_word' id='word_1_371' title='bbox 586 4741 640 4787; x_wconf 89' lang='lat' dir='ltr'><strong>te</strong></span> <span class='ocrx_word' id='word_1_372' title='bbox 672 4733 831 4785; x_wconf 91' lang='lat' dir='ltr'><strong>credo</strong></span> <span class='ocrx_word' id='word_1_373' title='bbox 859 4734 909 4785; x_wconf 92' lang='lat' dir='ltr'><strong>in</strong></span> <span class='ocrx_word' id='word_1_374' title='bbox 945 4745 1105 4784; x_wconf 91' lang='lat' dir='ltr'><strong>unum</strong></span> <span class='ocrx_word' id='word_1_375' title='bbox 1131 4727 1298 4781; x_wconf 88' lang='lat' dir='ltr'><strong>Deum</strong></span> <span class='ocrx_word' id='word_1_376' title='bbox 1337 4729 1781 4796; x_wconf 89' lang='lat' dir='ltr'><strong>omnipotentem,</strong></span> 
     </span>
    </p>
   </div>
   <div class='ocr_carea' id='block_1_49' title="bbox 221 4822 1781 4900">
    <p class='ocr_par' dir='ltr' id='par_1_49' title="bbox 221 4822 1781 4900">
     <span class='ocr_line' id='line_1_49' title="bbox 221 4822 1781 4900; baseline -0.008 -16"><span class='ocrx_word' id='word_1_377' title='bbox 221 4842 273 4884; x_wconf 87' lang='lat' dir='ltr'><strong>et</strong></span> <span class='ocrx_word' id='word_1_378' title='bbox 306 4844 425 4900; x_wconf 65' lang='grc' dir='ltr'><strong>(1υὲ</strong></span> <span class='ocrx_word' id='word_1_379' title='bbox 471 4834 807 4895; x_wconf 59' lang='grc' dir='ltr'><strong>εεηιυιιιιῑυη</strong></span> <span class='ocrx_word' id='word_1_380' title='bbox 856 4834 1110 4891; x_wconf 71' lang='lat' dir='ltr'><strong>BXSPCCIO</strong></span> <span class='ocrx_word' id='word_1_381' title='bbox 1145 4822 1595 4875; x_wconf 88' lang='lat' dir='ltr'><strong>resurrectionem</strong></span> <span class='ocrx_word' id='word_1_382' title='bbox 1639 4835 1781 4873; x_wconf 90' lang='lat' dir='ltr'><strong>mor-</strong></span> 
     </span>
    </p>
   </div>
   <div class='ocr_carea' id='block_1_50' title="bbox 221 4910 1781 4980">
    <p class='ocr_par' dir='ltr' id='par_1_50' title="bbox 221 4910 1781 4980">
     <span class='ocr_line' id='line_1_50' title="bbox 221 4910 1781 4980; baseline -0.006 -5"><span class='ocrx_word' id='word_1_383' title='bbox 221 4932 466 4980; x_wconf 88' lang='lat' dir='ltr'><strong>tuorum,</strong></span> <span class='ocrx_word' id='word_1_384' title='bbox 532 4928 585 4970; x_wconf 91' lang='lat' dir='ltr'><strong>et</strong></span> <span class='ocrx_word' id='word_1_385' title='bbox 641 4918 801 4969; x_wconf 84' lang='lat' dir='ltr'><strong>vitam</strong></span> <span class='ocrx_word' id='word_1_386' title='bbox 851 4912 1061 4965; x_wconf 87' lang='lat' dir='ltr'><strong>venturi</strong></span> <span class='ocrx_word' id='word_1_387' title='bbox 1115 4910 1315 4965; x_wconf 72' lang='lat' dir='ltr'><strong>szeculi.</strong></span> <span class='ocrx_word' id='word_1_388' title='bbox 1363 4913 1555 4964; x_wconf 84' lang='lat' dir='ltr'><strong>Amen.</strong></span> <span class='ocrx_word' id='word_1_389' title='bbox 1606 4910 1781 4979; x_wconf 86' lang='lat' dir='ltr'><strong>Opere</strong></span> 
     </span>
    </p>
   </div>
   <div class='ocr_carea' id='block_1_51' title="bbox 220 5005 1785 5075">
    <p class='ocr_par' dir='ltr' id='par_1_51' title="bbox 220 5005 1785 5075">
     <span class='ocr_line' id='line_1_51' title="bbox 220 5005 1785 5075; baseline -0.009 -5"><span class='ocrx_word' id='word_1_390' title='bbox 220 5026 396 5070; x_wconf 89' lang='lat' dir='ltr'><strong>autem</strong></span> <span class='ocrx_word' id='word_1_391' title='bbox 436 5014 529 5066; x_wconf 89' lang='lat' dir='ltr'><strong>tibi</strong></span> <span class='ocrx_word' id='word_1_392' title='bbox 564 5012 788 5066; x_wconf 82' lang='lat' dir='ltr'><strong>ostendo</strong></span> <span class='ocrx_word' id='word_1_393' title='bbox 826 5007 982 5061; x_wconf 89' lang='lat' dir='ltr'><strong>ﬁdem</strong></span> <span class='ocrx_word' id='word_1_394' title='bbox 1014 5048 1026 5071; x_wconf 93' lang='lat'><strong>,</strong></span> <span class='ocrx_word' id='word_1_395' title='bbox 1090 5022 1207 5075; x_wconf 71' lang='lat' dir='ltr'><strong>qure</strong></span> <span class='ocrx_word' id='word_1_396' title='bbox 1232 5014 1316 5057; x_wconf 86' lang='lat' dir='ltr'><strong>est</strong></span> <span class='ocrx_word' id='word_1_397' title='bbox 1362 5005 1413 5057; x_wconf 90' lang='lat' dir='ltr'><strong>in</strong></span> <span class='ocrx_word' id='word_1_398' title='bbox 1450 5019 1534 5057; x_wconf 89' lang='lat' dir='ltr'><strong>me</strong></span> <span class='ocrx_word' id='word_1_399' title='bbox 1564 5022 1576 5056; x_wconf 91' lang='lat'><strong>:</strong></span> <span class='ocrx_word' id='word_1_400' title='bbox 1611 5005 1785 5057; x_wconf 76' lang='lat' dir='ltr'><strong>uiiiui-</strong></span> 
     </span>
    </p>
   </div>
   <div class='ocr_carea' id='block_1_52' title="bbox 221 5096 1780 5175">
    <p class='ocr_par' dir='ltr' id='par_1_52' title="bbox 221 5096 1780 5175">
     <span class='ocr_line' id='line_1_52' title="bbox 221 5096 1780 5175; baseline -0.011 -11"><span class='ocrx_word' id='word_1_401' title='bbox 221 5110 425 5175; x_wconf 85' lang='lat' dir='ltr'><strong>busque</strong></span> <span class='ocrx_word' id='word_1_402' title='bbox 481 5104 615 5157; x_wconf 88' lang='lat' dir='ltr'><strong>meis</strong></span> <span class='ocrx_word' id='word_1_403' title='bbox 682 5100 1025 5154; x_wconf 88' lang='lat' dir='ltr'><strong>facultatibus</strong></span> <span class='ocrx_word' id='word_1_404' title='bbox 1072 5098 1122 5149; x_wconf 91' lang='lat' dir='ltr'><strong>in</strong></span> <span class='ocrx_word' id='word_1_405' title='bbox 1176 5096 1427 5150; x_wconf 85' lang='lat' dir='ltr'><strong>manibus</strong></span> <span class='ocrx_word' id='word_1_406' title='bbox 1464 5096 1567 5149; x_wconf 92' lang='lat' dir='ltr'><strong>tuis</strong></span> <span class='ocrx_word' id='word_1_407' title='bbox 1618 5096 1780 5158; x_wconf 89' lang='lat' dir='ltr'><strong>datis,</strong></span> 
     </span>
    </p>
   </div>
   <div class='ocr_carea' id='block_1_53' title="bbox 220 5186 1781 5259">
    <p class='ocr_par' dir='ltr' id='par_1_53' title="bbox 220 5186 1781 5259">
     <span class='ocr_line' id='line_1_53' title="bbox 220 5186 1781 5259; baseline -0.009 -4"><span class='ocrx_word' id='word_1_408' title='bbox 220 5200 436 5253; x_wconf 84' lang='lat' dir='ltr'><strong>residuo</strong></span> <span class='ocrx_word' id='word_1_409' title='bbox 468 5194 588 5246; x_wconf 67' lang='lat' dir='ltr'><strong>vitm</strong></span> <span class='ocrx_word' id='word_1_410' title='bbox 607 5208 740 5245; x_wconf 67' lang='lat' dir='ltr'><strong>meae</strong></span> <span class='ocrx_word' id='word_1_411' title='bbox 765 5201 1023 5259; x_wconf 86' lang='lat' dir='ltr'><strong>tempore,</strong></span> <span class='ocrx_word' id='word_1_412' title='bbox 1058 5190 1100 5242; x_wconf 90' lang='lat' dir='ltr'><strong>si</strong></span> <span class='ocrx_word' id='word_1_413' title='bbox 1132 5189 1383 5256; x_wconf 85' lang='lat' dir='ltr'><strong>placitum</strong></span> <span class='ocrx_word' id='word_1_414' title='bbox 1414 5186 1465 5239; x_wconf 89' lang='lat' dir='ltr'><strong>in</strong></span> <span class='ocrx_word' id='word_1_415' title='bbox 1493 5197 1781 5253; x_wconf 87' lang='lat' dir='ltr'><strong>conspectu</strong></span> 
     </span>
    </p>
   </div>
   <div class='ocr_carea' id='block_1_54' title="bbox 222 5278 1784 5353">
    <p class='ocr_par' dir='ltr' id='par_1_54' title="bbox 222 5278 1784 5353">
     <span class='ocr_line' id='line_1_54' title="bbox 222 5278 1784 5353; baseline -0.008 -10"><span class='ocrx_word' id='word_1_416' title='bbox 222 5291 310 5346; x_wconf 86' lang='lat' dir='ltr'><strong>Dei</strong></span> <span class='ocrx_word' id='word_1_417' title='bbox 344 5288 550 5353; x_wconf 87' lang='lat' dir='ltr'><strong>fuerit,</strong></span> <span class='ocrx_word' id='word_1_418' title='bbox 592 5294 766 5338; x_wconf 90' lang='lat' dir='ltr'><strong>tecum</strong></span> <span class='ocrx_word' id='word_1_419' title='bbox 802 5298 914 5347; x_wconf 89' lang='lat' dir='ltr'><strong>cro,</strong></span> <span class='ocrx_word' id='word_1_420' title='bbox 949 5292 1197 5350; x_wconf 86' lang='lat' dir='ltr'><strong>suscepta</strong></span> <span class='ocrx_word' id='word_1_421' title='bbox 1259 5278 1666 5349; x_wconf 62' lang='lat' dir='ltr'><strong>regenzratione</strong></span> <span class='ocrx_word' id='word_1_422' title='bbox 1719 5296 1784 5331; x_wconf 82' lang='lat' dir='ltr'><strong>ex</strong></span> 
     </span>
    </p>
   </div>
   <div class='ocr_carea' id='block_1_55' title="bbox 222 5368 1787 5452">
    <p class='ocr_par' dir='ltr' id='par_1_55' title="bbox 222 5368 1787 5452">
     <span class='ocr_line' id='line_1_55' title="bbox 222 5368 1787 5452; baseline -0.01 -15"><span class='ocrx_word' id='word_1_423' title='bbox 222 5399 358 5452; x_wconf 87' lang='lat' dir='ltr'><strong>aqua</strong></span> <span class='ocrx_word' id='word_1_424' title='bbox 389 5394 443 5438; x_wconf 89' lang='lat' dir='ltr'><strong>et</strong></span> <span class='ocrx_word' id='word_1_425' title='bbox 465 5380 671 5449; x_wconf 88' lang='lat' dir='ltr'><strong>Spiritu</strong></span> <span class='ocrx_word' id='word_1_426' title='bbox 691 5383 898 5429; x_wconf 88' lang='lat' dir='ltr'><strong>sancto.</strong></span> <span class='ocrx_word' id='word_1_427' title='bbox 934 5393 951 5423; x_wconf 77' lang='grc' dir='ltr'><strong><em>ι</em></strong></span> <span class='ocrx_word' id='word_1_428' title='bbox 976 5377 1256 5428; x_wconf 85' lang='lat' dir='ltr'><strong>Aitautem</strong></span> <span class='ocrx_word' id='word_1_429' title='bbox 1278 5370 1505 5425; x_wconf 84' lang='lat' dir='ltr'><strong>Basilius</strong></span> <span class='ocrx_word' id='word_1_430' title='bbox 1536 5389 1547 5422; x_wconf 86' lang='lat'><strong>:</strong></span> <span class='ocrx_word' id='word_1_431' title='bbox 1575 5388 1591 5419; x_wconf 75' lang='grc' dir='ltr'>ι</span> <span class='ocrx_word' id='word_1_432' title='bbox 1618 5368 1787 5422; x_wconf 84' lang='lat' dir='ltr'><strong>Bene-</strong></span> 
     </span>
    </p>
   </div>
   <div class='ocr_carea' id='block_1_56' title="bbox 222 5462 1781 5533">
    <p class='ocr_par' dir='ltr' id='par_1_56' title="bbox 222 5462 1781 5533">
     <span class='ocr_line' id='line_1_56' title="bbox 222 5462 1781 5533; baseline -0.01 -2"><span class='ocrx_word' id='word_1_433' title='bbox 222 5478 393 5531; x_wconf 87' lang='lat' dir='ltr'><strong>dictus</strong></span> <span class='ocrx_word' id='word_1_434' title='bbox 448 5473 709 5529; x_wconf 88' lang='lat' dir='ltr'><strong>Dominus</strong></span> <span class='ocrx_word' id='word_1_435' title='bbox 763 5467 900 5521; x_wconf 88' lang='lat' dir='ltr'><strong>Deus</strong></span> <span class='ocrx_word' id='word_1_436' title='bbox 930 5477 1134 5533; x_wconf 88' lang='lat' dir='ltr'><strong>noster,</strong></span> <span class='ocrx_word' id='word_1_437' title='bbox 1172 5466 1365 5519; x_wconf 90' lang='lat' dir='ltr'><strong>amodo</strong></span> <span class='ocrx_word' id='word_1_438' title='bbox 1401 5474 1457 5518; x_wconf 89' lang='lat' dir='ltr'><strong>et</strong></span> <span class='ocrx_word' id='word_1_439' title='bbox 1510 5478 1675 5531; x_wconf 89' lang='lat' dir='ltr'><strong>usque</strong></span> <span class='ocrx_word' id='word_1_440' title='bbox 1730 5462 1781 5515; x_wconf 88' lang='lat' dir='ltr'><strong>iu</strong></span> 
     </span>
    </p>
   </div>
   <div class='ocr_carea' id='block_1_57' title="bbox 221 5554 1783 5625">
    <p class='ocr_par' dir='ltr' id='par_1_57' title="bbox 221 5554 1783 5625">
     <span class='ocr_line' id='line_1_57' title="bbox 221 5554 1783 5625; baseline -0.011 -4"><span class='ocrx_word' id='word_1_441' title='bbox 221 5566 469 5621; x_wconf 80' lang='lat' dir='ltr'><strong>sa:culum</strong></span> <span class='ocrx_word' id='word_1_442' title='bbox 499 5602 513 5625; x_wconf 91' lang='lat'><strong>,</strong></span> <span class='ocrx_word' id='word_1_443' title='bbox 543 5577 574 5616; x_wconf 89' lang='grc' dir='ltr'><strong>ο</strong></span> <span class='ocrx_word' id='word_1_444' title='bbox 603 5556 828 5619; x_wconf 87' lang='lat' dir='ltr'><strong>Eubule,</strong></span> <span class='ocrx_word' id='word_1_445' title='bbox 861 5554 951 5625; x_wconf 90' lang='lat' dir='ltr'><strong>qui</strong></span> <span class='ocrx_word' id='word_1_446' title='bbox 994 5555 1171 5609; x_wconf 90' lang='lat' dir='ltr'><strong>lumen</strong></span> <span class='ocrx_word' id='word_1_447' title='bbox 1223 5568 1407 5608; x_wconf 91' lang='lat' dir='ltr'><strong>verum</strong></span> <span class='ocrx_word' id='word_1_448' title='bbox 1454 5555 1615 5607; x_wconf 88' lang='lat' dir='ltr'><strong>menti</strong></span> <span class='ocrx_word' id='word_1_449' title='bbox 1683 5560 1783 5604; x_wconf 80' lang='lat' dir='ltr'><strong>tua:</strong></span> 
     </span>
    </p>
   </div>
   <div class='ocr_carea' id='block_1_58' title="bbox 290 5736 1784 5817">
    <p class='ocr_par' dir='ltr' id='par_1_58' title="bbox 290 5736 1784 5817">
     <span class='ocr_line' id='line_1_58' title="bbox 290 5736 1784 5817; baseline -0.011 -14"><span class='ocrx_word' id='word_1_450' title='bbox 290 5743 688 5817; x_wconf 55' lang='lat' dir='ltr'><strong>(‘31)Libauius</strong></span> <span class='ocrx_word' id='word_1_451' title='bbox 713 5741 910 5817; x_wconf 77' lang='lat' dir='ltr'><strong>impius</strong></span> <span class='ocrx_word' id='word_1_452' title='bbox 940 5736 1312 5817; x_wconf 37' lang='lat' dir='ltr'><strong>idololatra..et</strong></span> <span class='ocrx_word' id='word_1_453' title='bbox 1337 5753 1503 5805; x_wconf 85' lang='lat' dir='ltr'><strong>usque</strong></span> <span class='ocrx_word' id='word_1_454' title='bbox 1531 5736 1594 5817; x_wconf 76' lang='lat' dir='ltr'><strong>ad</strong></span> <span class='ocrx_word' id='word_1_455' title='bbox 1628 5736 1784 5815; x_wconf 79' lang='lat' dir='ltr'><strong>linem</strong></span> 
     </span>
    </p>
   </div>
   <div class='ocr_carea' id='block_1_59' title="bbox 226 5806 1781 5883">
    <p class='ocr_par' dir='ltr' id='par_1_59' title="bbox 226 5806 1781 5883">
     <span class='ocr_line' id='line_1_59' title="bbox 226 5806 1781 5883; baseline -0.005 -20"><span class='ocrx_word' id='word_1_456' title='bbox 226 5819 340 5869; x_wconf 70' lang='lat' dir='ltr'><strong>vitm,</strong></span> <span class='ocrx_word' id='word_1_457' title='bbox 381 5806 631 5883; x_wconf 68' lang='lat' dir='ltr'><strong>pertinax</strong></span> <span class='ocrx_word' id='word_1_458' title='bbox 676 5806 849 5883; x_wconf 32' lang='lat' dir='ltr'><strong>in‘sua</strong></span> <span class='ocrx_word' id='word_1_459' title='bbox 894 5812 1187 5883; x_wconf 77' lang='lat' dir='ltr'><strong>impietate,</strong></span> <span class='ocrx_word' id='word_1_460' title='bbox 1215 5806 1473 5883; x_wconf 41' lang='lat' dir='ltr'><strong>si-jurar}:</strong></span> <span class='ocrx_word' id='word_1_461' title='bbox 1509 5806 1781 5883; x_wconf 70' lang='lat' dir='ltr'><strong>voluisset,</strong></span> 
     </span>
    </p>
   </div>
   <div class='ocr_carea' id='block_1_60' title="bbox 223 5873 1783 5947">
    <p class='ocr_par' dir='ltr' id='par_1_60' title="bbox 223 5873 1783 5947">
     <span class='ocr_line' id='line_1_60' title="bbox 223 5873 1783 5947; baseline -0.008 -13"><span class='ocrx_word' id='word_1_462' title='bbox 223 5902 320 5935; x_wconf 80' lang='lat' dir='ltr'><strong>non</strong></span> <span class='ocrx_word' id='word_1_463' title='bbox 352 5873 448 5947; x_wconf 67' lang='grc' dir='ltr'><strong>ιιίεν</strong></span> <span class='ocrx_word' id='word_1_464' title='bbox 470 5886 708 5935; x_wconf 79' lang='lat' dir='ltr'><strong>divinant</strong></span> <span class='ocrx_word' id='word_1_465' title='bbox 742 5873 1158 5937; x_wconf 71' lang='lat' dir='ltr'><strong>Providentiam,</strong></span> <span class='ocrx_word' id='word_1_466' title='bbox 1198 5876 1287 5947; x_wconf 78' lang='lat' dir='ltr'><strong>scd</strong></span> <span class='ocrx_word' id='word_1_467' title='bbox 1312 5890 1403 5938; x_wconf 84' lang='lat' dir='ltr'><strong>per</strong></span> <span class='ocrx_word' id='word_1_468' title='bbox 1428 5874 1634 5931; x_wconf 68' lang='lat' dir='ltr'><strong>Jovem,</strong></span> <span class='ocrx_word' id='word_1_469' title='bbox 1658 5873 1783 5924; x_wconf 76' lang='lat' dir='ltr'><strong>For-</strong></span> 
     </span>
    </p>
   </div>
   <div class='ocr_carea' id='block_1_61' title="bbox 224 5944 1775 6019">
    <p class='ocr_par' dir='ltr' id='par_1_61' title="bbox 224 5944 1775 6019">
     <span class='ocr_line' id='line_1_61' title="bbox 224 5944 1775 6019; baseline -0.006 -16"><span class='ocrx_word' id='word_1_470' title='bbox 224 5944 448 6006; x_wconf 57' lang='lat' dir='ltr'><strong>tunam.</strong></span> <span class='ocrx_word' id='word_1_471' title='bbox 497 5964 582 6004; x_wconf 83' lang='lat' dir='ltr'><strong>aut</strong></span> <span class='ocrx_word' id='word_1_472' title='bbox 641 5948 915 6019; x_wconf 72' lang='lat' dir='ltr'><strong>gt&#39;tttilium</strong></span> <span class='ocrx_word' id='word_1_473' title='bbox 969 5946 1187 5998; x_wconf 81' lang='lat' dir='ltr'><strong>dcotum</strong></span> <span class='ocrx_word' id='word_1_474' title='bbox 1242 5944 1467 6010; x_wconf 66' lang='lat' dir='ltr'><strong>aliquem</strong></span> <span class='ocrx_word' id='word_1_475' title='bbox 1521 5944 1775 6005; x_wconf 64' lang='lat' dir='ltr'><strong>jut‘assel.</strong></span> 
     </span>
    </p>
   </div>
   <div class='ocr_carea' id='block_1_62' title="bbox 1869 666 3432 737">
    <p class='ocr_par' dir='ltr' id='par_1_62' title="bbox 1869 666 3432 737">
     <span class='ocr_line' id='line_1_62' title="bbox 1869 666 3432 737; baseline -0.015 0"><span class='ocrx_word' id='word_1_476' title='bbox 1869 684 2069 737; x_wconf 91' lang='lat' dir='ltr'><strong>tionem</strong></span> <span class='ocrx_word' id='word_1_477' title='bbox 2100 674 2488 734; x_wconf 65' lang='lat' dir='ltr'><strong>misericordia</strong></span> <span class='ocrx_word' id='word_1_478' title='bbox 2513 687 2624 725; x_wconf 77' lang='lat' dir='ltr'><strong>suae</strong></span> <span class='ocrx_word' id='word_1_479' title='bbox 2666 668 2967 723; x_wconf 80' lang='lat' dir='ltr'><strong>transtulit.</strong></span> <span class='ocrx_word' id='word_1_480' title='bbox 2990 666 3067 719; x_wconf 80' lang='lat' dir='ltr'><strong>Ex</strong></span> <span class='ocrx_word' id='word_1_481' title='bbox 3096 680 3203 735; x_wconf 91' lang='lat' dir='ltr'><strong>quo</strong></span> <span class='ocrx_word' id='word_1_482' title='bbox 3231 673 3432 726; x_wconf 89' lang='lat' dir='ltr'><strong>autem,</strong></span> 
     </span>
    </p>
   </div>
   <div class='ocr_carea' id='block_1_63' title="bbox 1870 752 3436 837">
    <p class='ocr_par' dir='ltr' id='par_1_63' title="bbox 1870 752 3436 837">
     <span class='ocr_line' id='line_1_63' title="bbox 1870 752 3436 837; baseline -0.017 -7"><span class='ocrx_word' id='word_1_483' title='bbox 1870 789 1926 830; x_wconf 89' lang='lat' dir='ltr'><strong>ut</strong></span> <span class='ocrx_word' id='word_1_484' title='bbox 1947 774 2146 837; x_wconf 79' lang='lat' dir='ltr'><strong>dixisti,</strong></span> <span class='ocrx_word' id='word_1_485' title='bbox 2173 784 2383 825; x_wconf 86' lang='lat' dir='ltr'><strong>mecum</strong></span> <span class='ocrx_word' id='word_1_486' title='bbox 2413 780 2532 820; x_wconf 88' lang='lat' dir='ltr'><strong>esse</strong></span> <span class='ocrx_word' id='word_1_487' title='bbox 2564 764 2644 816; x_wconf 91' lang='lat' dir='ltr'><strong>vis</strong></span> <span class='ocrx_word' id='word_1_488' title='bbox 2668 802 2682 827; x_wconf 96' lang='lat'><strong>,</strong></span> <span class='ocrx_word' id='word_1_489' title='bbox 2716 760 2994 815; x_wconf 85' lang='lat' dir='ltr'><strong>ostendam</strong></span> <span class='ocrx_word' id='word_1_490' title='bbox 3021 757 3119 811; x_wconf 91' lang='lat' dir='ltr'><strong>tibi</strong></span> <span class='ocrx_word' id='word_1_491' title='bbox 3167 752 3436 824; x_wconf 85' lang='lat' dir='ltr'><strong>quomodo</strong></span> 
     </span>
    </p>
   </div>
   <div class='ocr_carea' id='block_1_64' title="bbox 1872 846 3437 933">
    <p class='ocr_par' dir='ltr' id='par_1_64' title="bbox 1872 846 3437 933">
     <span class='ocr_line' id='line_1_64' title="bbox 1872 846 3437 933; baseline -0.015 -10"><span class='ocrx_word' id='word_1_492' title='bbox 1872 869 2028 924; x_wconf 89' lang='lat' dir='ltr'><strong>saluti</strong></span> <span class='ocrx_word' id='word_1_493' title='bbox 2064 876 2260 921; x_wconf 59' lang='lat' dir='ltr'><strong>nostra:</strong></span> <span class='ocrx_word' id='word_1_494' title='bbox 2290 860 2691 933; x_wconf 85' lang='lat' dir='ltr'><strong>provideamus,</strong></span> <span class='ocrx_word' id='word_1_495' title='bbox 2725 872 2753 909; x_wconf 94' lang='lat' dir='ltr'><strong>a</strong></span> <span class='ocrx_word' id='word_1_496' title='bbox 2810 851 2991 908; x_wconf 73' lang='lat' dir='ltr'><strong>saeculi</strong></span> <span class='ocrx_word' id='word_1_497' title='bbox 3020 849 3176 916; x_wconf 85' lang='lat' dir='ltr'><strong>hujus</strong></span> <span class='ocrx_word' id='word_1_498' title='bbox 3209 846 3437 902; x_wconf 85' lang='lat' dir='ltr'><strong>vinculis</strong></span> 
     </span>
    </p>
   </div>
   <div class='ocr_carea' id='block_1_65' title="bbox 1872 938 3437 1018">
    <p class='ocr_par' dir='ltr' id='par_1_65' title="bbox 1872 938 3437 1018">
     <span class='ocr_line' id='line_1_65' title="bbox 1872 938 3437 1018; baseline -0.014 -5"><span class='ocrx_word' id='word_1_499' title='bbox 1872 959 2046 1015; x_wconf 88' lang='lat' dir='ltr'><strong>liberi.</strong></span> <span class='ocrx_word' id='word_1_500' title='bbox 2088 956 2468 1012; x_wconf 80' lang='lat' dir='ltr'><strong>Venundemus</strong></span> <span class='ocrx_word' id='word_1_501' title='bbox 2509 953 2690 1018; x_wconf 85' lang='lat' dir='ltr'><strong>itaque</strong></span> <span class='ocrx_word' id='word_1_502' title='bbox 2721 956 2902 1001; x_wconf 89' lang='lat' dir='ltr'><strong>nostra</strong></span> <span class='ocrx_word' id='word_1_503' title='bbox 2942 942 3144 1006; x_wconf 90' lang='lat' dir='ltr'><strong>omnia,</strong></span> <span class='ocrx_word' id='word_1_504' title='bbox 3175 949 3229 993; x_wconf 86' lang='lat' dir='ltr'><strong>et</strong></span> <span class='ocrx_word' id='word_1_505' title='bbox 3254 938 3437 993; x_wconf 90' lang='lat' dir='ltr'><strong>confe-</strong></span> 
     </span>
    </p>
   </div>
   <div class='ocr_carea' id='block_1_66' title="bbox 1874 1031 3434 1116">
    <p class='ocr_par' dir='ltr' id='par_1_66' title="bbox 1874 1031 3434 1116">
     <span class='ocr_line' id='line_1_66' title="bbox 1874 1031 3434 1116; baseline -0.014 -11"><span class='ocrx_word' id='word_1_506' title='bbox 1874 1064 2054 1106; x_wconf 91' lang='lat' dir='ltr'><strong>ramus</strong></span> <span class='ocrx_word' id='word_1_507' title='bbox 2088 1048 2141 1102; x_wconf 93' lang='lat' dir='ltr'><strong>in</strong></span> <span class='ocrx_word' id='word_1_508' title='bbox 2177 1059 2371 1116; x_wconf 86' lang='lat' dir='ltr'><strong>egenos</strong></span> <span class='ocrx_word' id='word_1_509' title='bbox 2406 1061 2419 1097; x_wconf 90' lang='lat'><strong>:</strong></span> <span class='ocrx_word' id='word_1_510' title='bbox 2458 1044 2643 1112; x_wconf 84' lang='lat' dir='ltr'><strong>sicque</strong></span> <span class='ocrx_word' id='word_1_511' title='bbox 2691 1041 2903 1093; x_wconf 86' lang='lat' dir='ltr'><strong>demum</strong></span> <span class='ocrx_word' id='word_1_512' title='bbox 2929 1036 2997 1091; x_wconf 79' lang='lat' dir='ltr'><strong>ad</strong></span> <span class='ocrx_word' id='word_1_513' title='bbox 3028 1041 3270 1090; x_wconf 89' lang='lat' dir='ltr'><strong>sanctam</strong></span> <span class='ocrx_word' id='word_1_514' title='bbox 3300 1031 3434 1085; x_wconf 89' lang='lat' dir='ltr'><strong>civi-</strong></span> 
     </span>
    </p>
   </div>
   <div class='ocr_carea' id='block_1_67' title="bbox 1874 1122 3438 1210">
    <p class='ocr_par' dir='ltr' id='par_1_67' title="bbox 1874 1122 3438 1210">
     <span class='ocr_line' id='line_1_67' title="bbox 1874 1122 3438 1210; baseline -0.013 -14"><span class='ocrx_word' id='word_1_515' title='bbox 1874 1150 2038 1197; x_wconf 87' lang='lat' dir='ltr'><strong>tatem</strong></span> <span class='ocrx_word' id='word_1_516' title='bbox 2066 1147 2374 1210; x_wconf 85' lang='lat' dir='ltr'><strong>pergentes,</strong></span> <span class='ocrx_word' id='word_1_517' title='bbox 2403 1134 2640 1201; x_wconf 90' lang='lat' dir='ltr'><strong>factique</strong></span> <span class='ocrx_word' id='word_1_518' title='bbox 2673 1130 2772 1200; x_wconf 89' lang='lat' dir='ltr'><strong>ipsi</strong></span> <span class='ocrx_word' id='word_1_519' title='bbox 2800 1133 3133 1197; x_wconf 88' lang='lat' dir='ltr'><strong>inspectores</strong></span> <span class='ocrx_word' id='word_1_520' title='bbox 3155 1122 3438 1178; x_wconf 86' lang='lat' dir='ltr'><strong>miraculo-</strong></span> 
     </span>
    </p>
   </div>
   <div class='ocr_carea' id='block_1_68' title="bbox 1875 1216 3437 1300">
    <p class='ocr_par' dir='ltr' id='par_1_68' title="bbox 1875 1216 3437 1300">
     <span class='ocr_line' id='line_1_68' title="bbox 1875 1216 3437 1300; baseline -0.013 -14"><span class='ocrx_word' id='word_1_521' title='bbox 1875 1248 1996 1286; x_wconf 89' lang='lat' dir='ltr'><strong>rum</strong></span> <span class='ocrx_word' id='word_1_522' title='bbox 2019 1245 2139 1300; x_wconf 69' lang='lat' dir='ltr'><strong>qua:</strong></span> <span class='ocrx_word' id='word_1_523' title='bbox 2170 1229 2277 1283; x_wconf 90' lang='lat' dir='ltr'><strong>illic</strong></span> <span class='ocrx_word' id='word_1_524' title='bbox 2308 1229 2582 1289; x_wconf 91' lang='lat' dir='ltr'><strong>visuntur,</strong></span> <span class='ocrx_word' id='word_1_525' title='bbox 2614 1233 3009 1290; x_wconf 89' lang='lat' dir='ltr'><strong>consequemur</strong></span> <span class='ocrx_word' id='word_1_526' title='bbox 3033 1217 3280 1272; x_wconf 88' lang='lat' dir='ltr'><strong>ﬁduciam</strong></span> <span class='ocrx_word' id='word_1_527' title='bbox 3301 1216 3437 1284; x_wconf 86' lang='lat' dir='ltr'><strong>apud</strong></span> 
     </span>
    </p>
   </div>
   <div class='ocr_carea' id='block_1_69' title="bbox 1874 1305 3441 1384">
    <p class='ocr_par' dir='ltr' id='par_1_69' title="bbox 1874 1305 3441 1384">
     <span class='ocr_line' id='line_1_69' title="bbox 1874 1305 3441 1384; baseline -0.012 -8"><span class='ocrx_word' id='word_1_528' title='bbox 1874 1322 2065 1376; x_wconf 89' lang='lat' dir='ltr'><strong>Deum.</strong></span> <span class='ocrx_word' id='word_1_529' title='bbox 2105 1340 2124 1372; x_wconf 76' lang='grc' dir='ltr'><strong><em>ι</em></strong></span> <span class='ocrx_word' id='word_1_530' title='bbox 2160 1322 2291 1374; x_wconf 89' lang='lat' dir='ltr'><strong>Cum</strong></span> <span class='ocrx_word' id='word_1_531' title='bbox 2325 1318 2403 1372; x_wconf 91' lang='lat' dir='ltr'><strong>sic</strong></span> <span class='ocrx_word' id='word_1_532' title='bbox 2423 1332 2551 1384; x_wconf 86' lang='lat' dir='ltr'><strong>ergo</strong></span> <span class='ocrx_word' id='word_1_533' title='bbox 2580 1316 2739 1368; x_wconf 88' lang='lat' dir='ltr'><strong>ambo</strong></span> <span class='ocrx_word' id='word_1_534' title='bbox 2766 1327 2852 1366; x_wconf 90' lang='lat' dir='ltr'><strong>res</strong></span> <span class='ocrx_word' id='word_1_535' title='bbox 2872 1324 2998 1365; x_wconf 90' lang='lat' dir='ltr'><strong>suas</strong></span> <span class='ocrx_word' id='word_1_536' title='bbox 3019 1309 3107 1379; x_wconf 89' lang='lat' dir='ltr'><strong>pie</strong></span> <span class='ocrx_word' id='word_1_537' title='bbox 3134 1305 3441 1362; x_wconf 84' lang='lat' dir='ltr'><strong>distribuis-</strong></span> 
     </span>
    </p>
   </div>
   <div class='ocr_carea' id='block_1_70' title="bbox 1873 1400 3439 1475">
    <p class='ocr_par' dir='ltr' id='par_1_70' title="bbox 1873 1400 3439 1475">
     <span class='ocr_line' id='line_1_70' title="bbox 1873 1400 3439 1475; baseline -0.012 -10"><span class='ocrx_word' id='word_1_538' title='bbox 1873 1419 2013 1474; x_wconf 84' lang='lat' dir='ltr'><strong>sent,</strong></span> <span class='ocrx_word' id='word_1_539' title='bbox 2044 1410 2263 1475; x_wconf 88' lang='lat' dir='ltr'><strong>solaque</strong></span> <span class='ocrx_word' id='word_1_540' title='bbox 2302 1422 2366 1461; x_wconf 80' lang='lat' dir='ltr'><strong>ex</strong></span> <span class='ocrx_word' id='word_1_541' title='bbox 2396 1406 2475 1459; x_wconf 89' lang='lat' dir='ltr'><strong>eis</strong></span> <span class='ocrx_word' id='word_1_542' title='bbox 2507 1405 2815 1457; x_wconf 89' lang='lat' dir='ltr'><strong>indumenta</strong></span> <span class='ocrx_word' id='word_1_543' title='bbox 2863 1400 3130 1469; x_wconf 90' lang='lat' dir='ltr'><strong>baptismo</strong></span> <span class='ocrx_word' id='word_1_544' title='bbox 3180 1403 3439 1466; x_wconf 84' lang='lat' dir='ltr'><strong>opportu-</strong></span> 
     </span>
    </p>
   </div>
   <div class='ocr_carea' id='block_1_71' title="bbox 1875 1489 3438 1563">
    <p class='ocr_par' dir='ltr' id='par_1_71' title="bbox 1875 1489 3438 1563">
     <span class='ocr_line' id='line_1_71' title="bbox 1875 1489 3438 1563; baseline -0.012 -7"><span class='ocrx_word' id='word_1_545' title='bbox 1875 1517 1944 1556; x_wconf 90' lang='lat' dir='ltr'><strong>na</strong></span> <span class='ocrx_word' id='word_1_546' title='bbox 1971 1500 2252 1559; x_wconf 88' lang='lat' dir='ltr'><strong>emissent,</strong></span> <span class='ocrx_word' id='word_1_547' title='bbox 2285 1494 2710 1563; x_wconf 81' lang='lat' dir='ltr'><strong>Hierosolymam</strong></span> <span class='ocrx_word' id='word_1_548' title='bbox 2760 1489 2987 1559; x_wconf 88' lang='lat' dir='ltr'><strong>profecti</strong></span> <span class='ocrx_word' id='word_1_549' title='bbox 3021 1496 3165 1553; x_wconf 89' lang='lat' dir='ltr'><strong>sunt,</strong></span> <span class='ocrx_word' id='word_1_550' title='bbox 3210 1498 3438 1540; x_wconf 88' lang='lat' dir='ltr'><strong>conver-</strong></span> 
     </span>
    </p>
   </div>
   <div class='ocr_carea' id='block_1_72' title="bbox 1876 1576 3439 1652">
    <p class='ocr_par' dir='ltr' id='par_1_72' title="bbox 1876 1576 3439 1652">
     <span class='ocr_line' id='line_1_72' title="bbox 1876 1576 3439 1652; baseline -0.012 -5"><span class='ocrx_word' id='word_1_551' title='bbox 1876 1601 2048 1648; x_wconf 89' lang='lat' dir='ltr'><strong>tentes</strong></span> <span class='ocrx_word' id='word_1_552' title='bbox 2094 1591 2159 1644; x_wconf 87' lang='lat' dir='ltr'><strong>ad</strong></span> <span class='ocrx_word' id='word_1_553' title='bbox 2206 1590 2487 1644; x_wconf 88' lang='lat' dir='ltr'><strong>Dominum</strong></span> <span class='ocrx_word' id='word_1_554' title='bbox 2532 1586 2755 1639; x_wconf 90' lang='lat' dir='ltr'><strong>multam</strong></span> <span class='ocrx_word' id='word_1_555' title='bbox 2802 1580 3079 1652; x_wconf 89' lang='lat' dir='ltr'><strong>gentilium</strong></span> <span class='ocrx_word' id='word_1_556' title='bbox 3141 1576 3439 1634; x_wconf 88' lang='lat' dir='ltr'><strong>multitudi—</strong></span> 
     </span>
    </p>
   </div>
   <div class='ocr_carea' id='block_1_73' title="bbox 1876 1701 2072 1740">
    <p class='ocr_par' dir='ltr' id='par_1_73' title="bbox 1876 1701 2072 1740">
     <span class='ocr_line' id='line_1_73' title="bbox 1876 1701 2072 1740; baseline -0.026 0"><span class='ocrx_word' id='word_1_557' title='bbox 1876 1701 2019 1740; x_wconf 92' lang='lat' dir='ltr'><strong>nem.</strong></span> <span class='ocrx_word' id='word_1_558' title='bbox 2054 1703 2072 1735; x_wconf 69' lang='grc' dir='ltr'><strong><em>ι</em></strong></span> 
     </span>
    </p>
   </div>
   <div class='ocr_carea' id='block_1_74' title="bbox 2510 1786 2824 1845">
    <p class='ocr_par' dir='ltr' id='par_1_74' title="bbox 2510 1786 2824 1845">
     <span class='ocr_line' id='line_1_74' title="bbox 2510 1786 2824 1845; baseline -0.016 0"><span class='ocrx_word' id='word_1_559' title='bbox 2510 1786 2733 1845; x_wconf 83' lang='lat' dir='ltr'><strong>CAPUT</strong></span> <span class='ocrx_word' id='word_1_560' title='bbox 2759 1786 2824 1841; x_wconf 89' lang='lat' dir='ltr'><strong>ll.</strong></span> 
     </span>
    </p>
   </div>
   <div class='ocr_carea' id='block_1_75' title="bbox 1950 1875 3371 1956">
    <p class='ocr_par' dir='ltr' id='par_1_75' title="bbox 1950 1875 3371 1956">
     <span class='ocr_line' id='line_1_75' title="bbox 1950 1875 3371 1956; baseline -0.014 -12"><span class='ocrx_word' id='word_1_561' title='bbox 1950 1888 2233 1956; x_wconf 68' lang='lat' dir='ltr'><strong>Susceptus</strong></span> <span class='ocrx_word' id='word_1_562' title='bbox 2258 1884 2549 1956; x_wconf 80' lang='lat' dir='ltr'><strong>baptismus</strong></span> <span class='ocrx_word' id='word_1_563' title='bbox 2578 1920 2592 1944; x_wconf 94' lang='lat'><strong>,</strong></span> <span class='ocrx_word' id='word_1_564' title='bbox 2617 1881 2957 1956; x_wconf 55' lang='lat' dir='ltr'><strong>diaconatus,</strong></span> <span class='ocrx_word' id='word_1_565' title='bbox 2998 1875 3324 1955; x_wconf 74' lang='lat' dir='ltr'><strong>episcopatus</strong></span> <span class='ocrx_word' id='word_1_566' title='bbox 3352 1886 3371 1923; x_wconf 89' lang='lat'><strong><em>:</em></strong></span> 
     </span>
    </p>
   </div>
   <div class='ocr_carea' id='block_1_76' title="bbox 2176 1946 3133 2015">
    <p class='ocr_par' dir='ltr' id='par_1_76' title="bbox 2176 1946 3133 2015">
     <span class='ocr_line' id='line_1_76' title="bbox 2176 1946 3133 2015; baseline -0.008 -6"><span class='ocrx_word' id='word_1_567' title='bbox 2176 1946 2388 2009; x_wconf 56' lang='lat' dir='ltr'><strong>Julia&#39;m&#39;</strong></span> <span class='ocrx_word' id='word_1_568' title='bbox 2420 1968 2581 2015; x_wconf 80' lang='lat' dir='ltr'><strong>mors,</strong></span> <span class='ocrx_word' id='word_1_569' title='bbox 2609 1949 2812 2003; x_wconf 83' lang='lat' dir='ltr'><strong>Libanii</strong></span> <span class='ocrx_word' id='word_1_570' title='bbox 2843 1946 3133 2001; x_wconf 71' lang='lat' dir='ltr'><strong>conversio.</strong></span> 
     </span>
    </p>
   </div>
   <div class='ocr_carea' id='block_1_77' title="bbox 1944 2058 3446 2134">
    <p class='ocr_par' dir='ltr' id='par_1_77' title="bbox 1944 2058 3446 2134">
     <span class='ocr_line' id='line_1_77' title="bbox 1944 2058 3446 2134; baseline -0.012 -5"><span class='ocrx_word' id='word_1_571' title='bbox 1944 2075 2079 2129; x_wconf 84' lang='lat' dir='ltr'><strong>Cum</strong></span> <span class='ocrx_word' id='word_1_572' title='bbox 2103 2080 2282 2125; x_wconf 89' lang='lat' dir='ltr'><strong>autem</strong></span> <span class='ocrx_word' id='word_1_573' title='bbox 2318 2067 2659 2123; x_wconf 78' lang='lat' dir='ltr'><strong>Antiochiam</strong></span> <span class='ocrx_word' id='word_1_574' title='bbox 2692 2061 3084 2134; x_wconf 90' lang='lat' dir='ltr'><strong>pervenissent,</strong></span> <span class='ocrx_word' id='word_1_575' title='bbox 3106 2058 3446 2113; x_wconf 89' lang='lat' dir='ltr'><strong>diverterunt</strong></span> 
     </span>
    </p>
   </div>
   <div class='ocr_carea' id='block_1_78' title="bbox 1876 2149 3432 2229">
    <p class='ocr_par' dir='ltr' id='par_1_78' title="bbox 1876 2149 3432 2229">
     <span class='ocr_line' id='line_1_78' title="bbox 1876 2149 3432 2229; baseline -0.012 -9"><span class='ocrx_word' id='word_1_576' title='bbox 1876 2165 1942 2221; x_wconf 91' lang='lat' dir='ltr'><strong>ad</strong></span> <span class='ocrx_word' id='word_1_577' title='bbox 1968 2162 2237 2219; x_wconf 89' lang='lat' dir='ltr'><strong>stabulum</strong></span> <span class='ocrx_word' id='word_1_578' title='bbox 2283 2159 2574 2229; x_wconf 90' lang='lat' dir='ltr'><strong>quoddam.</strong></span> <span class='ocrx_word' id='word_1_579' title='bbox 2611 2154 2779 2209; x_wconf 88' lang='lat' dir='ltr'><strong>Filius</strong></span> <span class='ocrx_word' id='word_1_580' title='bbox 2819 2167 2979 2222; x_wconf 90' lang='lat' dir='ltr'><strong>porro</strong></span> <span class='ocrx_word' id='word_1_581' title='bbox 3005 2149 3306 2216; x_wconf 83' lang='lat' dir='ltr'><strong>stabularii,</strong></span> <span class='ocrx_word' id='word_1_582' title='bbox 3334 2163 3432 2202; x_wconf 90' lang='lat' dir='ltr'><strong>no-</strong></span> 
     </span>
    </p>
   </div>
   <div class='ocr_carea' id='block_1_79' title="bbox 1874 2239 3446 2318">
    <p class='ocr_par' dir='ltr' id='par_1_79' title="bbox 1874 2239 3446 2318">
     <span class='ocr_line' id='line_1_79' title="bbox 1874 2239 3446 2318; baseline -0.013 -4"><span class='ocrx_word' id='word_1_583' title='bbox 1874 2259 2021 2313; x_wconf 90' lang='lat' dir='ltr'><strong>mine</strong></span> <span class='ocrx_word' id='word_1_584' title='bbox 2070 2254 2414 2318; x_wconf 79' lang='lat' dir='ltr'><strong>Philoxenus,</strong></span> <span class='ocrx_word' id='word_1_585' title='bbox 2452 2250 2505 2303; x_wconf 89' lang='lat' dir='ltr'><strong>in</strong></span> <span class='ocrx_word' id='word_1_586' title='bbox 2552 2247 2718 2303; x_wconf 84' lang='lat' dir='ltr'><strong>multa</strong></span> <span class='ocrx_word' id='word_1_587' title='bbox 2766 2245 3037 2300; x_wconf 80' lang='lat' dir='ltr'><strong>anxietate</strong></span> <span class='ocrx_word' id='word_1_588' title='bbox 3080 2258 3190 2312; x_wconf 72' lang='lat' dir='ltr'><strong>pra:</strong></span> <span class='ocrx_word' id='word_1_589' title='bbox 3237 2239 3446 2296; x_wconf 89' lang='lat' dir='ltr'><strong>foribus</strong></span> 
     </span>
    </p>
   </div>
   <div class='ocr_carea' id='block_1_80' title="bbox 1877 2332 3448 2407">
    <p class='ocr_par' dir='ltr' id='par_1_80' title="bbox 1877 2332 3448 2407">
     <span class='ocr_line' id='line_1_80' title="bbox 1877 2332 3448 2407; baseline -0.013 -2"><span class='ocrx_word' id='word_1_590' title='bbox 1877 2347 2119 2406; x_wconf 88' lang='lat' dir='ltr'><strong>sedebat.</strong></span> <span class='ocrx_word' id='word_1_591' title='bbox 2152 2346 2279 2400; x_wconf 86' lang='lat' dir='ltr'><strong>Erat</strong></span> <span class='ocrx_word' id='word_1_592' title='bbox 2328 2352 2509 2397; x_wconf 85' lang='lat' dir='ltr'><strong>autem</strong></span> <span class='ocrx_word' id='word_1_593' title='bbox 2537 2340 2626 2395; x_wconf 91' lang='lat' dir='ltr'><strong>hic</strong></span> <span class='ocrx_word' id='word_1_594' title='bbox 2664 2336 2954 2407; x_wconf 91' lang='lat' dir='ltr'><strong>discipulus</strong></span> <span class='ocrx_word' id='word_1_595' title='bbox 2996 2334 3208 2389; x_wconf 88' lang='lat' dir='ltr'><strong>Libanii</strong></span> <span class='ocrx_word' id='word_1_596' title='bbox 3266 2332 3448 2402; x_wconf 89' lang='lat' dir='ltr'><strong>sophi-</strong></span> 
     </span>
    </p>
   </div>
   <div class='ocr_carea' id='block_1_81' title="bbox 1876 2423 3445 2509">
    <p class='ocr_par' dir='ltr' id='par_1_81' title="bbox 1876 2423 3445 2509">
     <span class='ocr_line' id='line_1_81' title="bbox 1876 2423 3445 2509; baseline -0.013 -13"><span class='ocrx_word' id='word_1_597' title='bbox 1876 2452 1993 2503; x_wconf 76' lang='lat' dir='ltr'><strong>stre,</strong></span> <span class='ocrx_word' id='word_1_598' title='bbox 2019 2456 2049 2492; x_wconf 91' lang='lat' dir='ltr'><strong>a</strong></span> <span class='ocrx_word' id='word_1_599' title='bbox 2072 2454 2178 2509; x_wconf 93' lang='lat' dir='ltr'><strong>quo</strong></span> <span class='ocrx_word' id='word_1_600' title='bbox 2206 2450 2395 2491; x_wconf 89' lang='lat' dir='ltr'><strong>versus</strong></span> <span class='ocrx_word' id='word_1_601' title='bbox 2426 2432 2644 2489; x_wconf 79' lang='lat' dir='ltr'><strong>Homeri</strong></span> <span class='ocrx_word' id='word_1_602' title='bbox 2672 2429 2918 2485; x_wconf 91' lang='lat' dir='ltr'><strong>oratione</strong></span> <span class='ocrx_word' id='word_1_603' title='bbox 2943 2426 3115 2481; x_wconf 89' lang='lat' dir='ltr'><strong>soluta</strong></span> <span class='ocrx_word' id='word_1_604' title='bbox 3144 2423 3445 2479; x_wconf 89' lang='lat' dir='ltr'><strong>reddendos</strong></span> 
     </span>
    </p>
   </div>
   <div class='ocr_carea' id='block_1_82' title="bbox 1875 2514 3446 2599">
    <p class='ocr_par' dir='ltr' id='par_1_82' title="bbox 1875 2514 3446 2599">
     <span class='ocr_line' id='line_1_82' title="bbox 1875 2514 3446 2599; baseline -0.013 -14"><span class='ocrx_word' id='word_1_605' title='bbox 1875 2538 2159 2599; x_wconf 89' lang='lat' dir='ltr'><strong>acceperat</strong></span> <span class='ocrx_word' id='word_1_606' title='bbox 2190 2550 2201 2584; x_wconf 96' lang='lat'>:</span> <span class='ocrx_word' id='word_1_607' title='bbox 2226 2542 2399 2597; x_wconf 88' lang='lat' dir='ltr'><strong>eoque</strong></span> <span class='ocrx_word' id='word_1_608' title='bbox 2432 2526 2485 2578; x_wconf 92' lang='lat' dir='ltr'><strong>in</strong></span> <span class='ocrx_word' id='word_1_609' title='bbox 2524 2522 2689 2576; x_wconf 89' lang='lat' dir='ltr'><strong>multa</strong></span> <span class='ocrx_word' id='word_1_610' title='bbox 2719 2520 3051 2574; x_wconf 91' lang='lat' dir='ltr'><strong>constitutus</strong></span> <span class='ocrx_word' id='word_1_611' title='bbox 3079 2514 3369 2570; x_wconf 81' lang='lat' dir='ltr'><strong>afﬂictione</strong></span> <span class='ocrx_word' id='word_1_612' title='bbox 3391 2524 3446 2566; x_wconf 90' lang='lat' dir='ltr'><strong>et</strong></span> 
     </span>
    </p>
   </div>
   <div class='ocr_carea' id='block_1_83' title="bbox 1876 2603 3449 2689">
    <p class='ocr_par' dir='ltr' id='par_1_83' title="bbox 1876 2603 3449 2689">
     <span class='ocr_line' id='line_1_83' title="bbox 1876 2603 3449 2689; baseline -0.014 -10"><span class='ocrx_word' id='word_1_613' title='bbox 1876 2622 2089 2680; x_wconf 89' lang='lat' dir='ltr'><strong>consilii</strong></span> <span class='ocrx_word' id='word_1_614' title='bbox 2129 2620 2285 2689; x_wconf 91' lang='lat' dir='ltr'><strong>inops</strong></span> <span class='ocrx_word' id='word_1_615' title='bbox 2306 2658 2320 2683; x_wconf 94' lang='lat'><strong>,</strong></span> <span class='ocrx_word' id='word_1_616' title='bbox 2346 2617 2522 2672; x_wconf 90' lang='lat' dir='ltr'><strong>tristis</strong></span> <span class='ocrx_word' id='word_1_617' title='bbox 2554 2612 2796 2669; x_wconf 89' lang='lat' dir='ltr'><strong>dolebat.</strong></span> <span class='ocrx_word' id='word_1_618' title='bbox 2833 2609 3116 2665; x_wconf 90' lang='lat' dir='ltr'><strong>Contuitus</strong></span> <span class='ocrx_word' id='word_1_619' title='bbox 3145 2621 3271 2663; x_wconf 90' lang='lat' dir='ltr'><strong>eum</strong></span> <span class='ocrx_word' id='word_1_620' title='bbox 3293 2603 3449 2659; x_wconf 83' lang='lat' dir='ltr'><strong>Basi-</strong></span> 
     </span>
    </p>
   </div>
   <div class='ocr_carea' id='block_1_84' title="bbox 1879 2706 3448 2784">
    <p class='ocr_par' dir='ltr' id='par_1_84' title="bbox 1879 2706 3448 2784">
     <span class='ocr_line' id='line_1_84' title="bbox 1879 2706 3448 2784; baseline -0.009 -13"><span class='ocrx_word' id='word_1_621' title='bbox 1879 2716 2003 2784; x_wconf 90' lang='lat' dir='ltr'><strong>lius,</strong></span> <span class='ocrx_word' id='word_1_622' title='bbox 2031 2714 2106 2769; x_wconf 90' lang='lat' dir='ltr'><strong>ait</strong></span> <span class='ocrx_word' id='word_1_623' title='bbox 2136 2712 2201 2768; x_wconf 90' lang='lat' dir='ltr'><strong>ad</strong></span> <span class='ocrx_word' id='word_1_624' title='bbox 2234 2713 2408 2783; x_wconf 89' lang='lat' dir='ltr'><strong>ipsum</strong></span> <span class='ocrx_word' id='word_1_625' title='bbox 2443 2728 2457 2764; x_wconf 91' lang='lat'><strong>:</strong></span> <span class='ocrx_word' id='word_1_626' title='bbox 2497 2729 2515 2762; x_wconf 76' lang='grc' dir='ltr'>ι</span> <span class='ocrx_word' id='word_1_627' title='bbox 2552 2709 2662 2763; x_wconf 88' lang='lat' dir='ltr'><strong>Cur</strong></span> <span class='ocrx_word' id='word_1_628' title='bbox 2706 2708 2785 2762; x_wconf 91' lang='lat' dir='ltr'><strong>sic</strong></span> <span class='ocrx_word' id='word_1_629' title='bbox 2827 2715 3057 2761; x_wconf 61' lang='lat' dir='ltr'><strong>moestus</strong></span> <span class='ocrx_word' id='word_1_630' title='bbox 3099 2720 3193 2769; x_wconf 90' lang='lat' dir='ltr'><strong>es,</strong></span> <span class='ocrx_word' id='word_1_631' title='bbox 3220 2717 3254 2758; x_wconf 88' lang='grc' dir='ltr'><strong>ο</strong></span> <span class='ocrx_word' id='word_1_632' title='bbox 3295 2706 3448 2772; x_wconf 86' lang='lat' dir='ltr'><strong>juve-</strong></span> 
     </span>
    </p>
   </div>
   <div class='ocr_carea' id='block_1_85' title="bbox 1878 2793 3442 2868">
    <p class='ocr_par' dir='ltr' id='par_1_85' title="bbox 1878 2793 3442 2868">
     <span class='ocr_line' id='line_1_85' title="bbox 1878 2793 3442 2868; baseline -0.01 -8"><span class='ocrx_word' id='word_1_633' title='bbox 1878 2808 2005 2860; x_wconf 82' lang='lat' dir='ltr'><strong>nis?</strong></span> <span class='ocrx_word' id='word_1_634' title='bbox 2044 2826 2062 2857; x_wconf 73' lang='grc' dir='ltr'><strong>ι</strong></span> <span class='ocrx_word' id='word_1_635' title='bbox 2090 2808 2155 2858; x_wconf 83' lang='lat' dir='ltr'><strong>At</strong></span> <span class='ocrx_word' id='word_1_636' title='bbox 2195 2803 2283 2857; x_wconf 89' lang='lat' dir='ltr'><strong>ille</strong></span> <span class='ocrx_word' id='word_1_637' title='bbox 2316 2820 2371 2856; x_wconf 72' lang='grc' dir='ltr'><strong>τι</strong></span> <span class='ocrx_word' id='word_1_638' title='bbox 2399 2812 2527 2868; x_wconf 59' lang='lat' dir='ltr'><strong>uua1</strong></span> <span class='ocrx_word' id='word_1_639' title='bbox 2548 2800 2679 2854; x_wconf 92' lang='lat' dir='ltr'><strong>mihi</strong></span> <span class='ocrx_word' id='word_1_640' title='bbox 2705 2798 2931 2861; x_wconf 86' lang='lat' dir='ltr'><strong>utilitas,</strong></span> <span class='ocrx_word' id='word_1_641' title='bbox 2965 2797 3011 2851; x_wconf 91' lang='lat' dir='ltr'><strong>si</strong></span> <span class='ocrx_word' id='word_1_642' title='bbox 3041 2796 3233 2849; x_wconf 78' lang='lat' dir='ltr'><strong>dixero</strong></span> <span class='ocrx_word' id='word_1_643' title='bbox 3254 2793 3389 2847; x_wconf 80' lang='lat' dir='ltr'><strong>tibi?</strong></span> <span class='ocrx_word' id='word_1_644' title='bbox 3422 2811 3442 2845; x_wconf 75' lang='grc' dir='ltr'><strong><em>ι</em></strong></span> 
     </span>
    </p>
   </div>
   <div class='ocr_carea' id='block_1_86' title="bbox 1880 2883 3448 2957">
    <p class='ocr_par' dir='ltr' id='par_1_86' title="bbox 1880 2883 3448 2957">
     <span class='ocr_line' id='line_1_86' title="bbox 1880 2883 3448 2957; baseline -0.008 -8"><span class='ocrx_word' id='word_1_645' title='bbox 1880 2896 2123 2950; x_wconf 84' lang='lat' dir='ltr'><strong>Instante</strong></span> <span class='ocrx_word' id='word_1_646' title='bbox 2140 2904 2316 2947; x_wconf 88' lang='lat' dir='ltr'><strong>autem</strong></span> <span class='ocrx_word' id='word_1_647' title='bbox 2354 2892 2645 2955; x_wconf 89' lang='lat' dir='ltr'><strong>Basilio,et</strong></span> <span class='ocrx_word' id='word_1_648' title='bbox 2701 2891 2818 2944; x_wconf 89' lang='lat' dir='ltr'><strong>fore</strong></span> <span class='ocrx_word' id='word_1_649' title='bbox 2856 2888 3205 2957; x_wconf 90' lang='lat' dir='ltr'><strong>promittente</strong></span> <span class='ocrx_word' id='word_1_650' title='bbox 3237 2883 3448 2955; x_wconf 89' lang='lat' dir='ltr'><strong>utquid</strong></span> 
     </span>
    </p>
   </div>
   <div class='ocr_carea' id='block_1_87' title="bbox 1879 2982 3443 3056">
    <p class='ocr_par' dir='ltr' id='par_1_87' title="bbox 1879 2982 3443 3056">
     <span class='ocr_line' id='line_1_87' title="bbox 1879 2982 3443 3056; baseline -0.008 -14"><span class='ocrx_word' id='word_1_651' title='bbox 1879 2988 2189 3056; x_wconf 90' lang='lat' dir='ltr'><strong>prodesset,</strong></span> <span class='ocrx_word' id='word_1_652' title='bbox 2247 2984 2385 3037; x_wconf 79' lang='lat' dir='ltr'><strong>dixit</strong></span> <span class='ocrx_word' id='word_1_653' title='bbox 2416 2982 2533 3046; x_wconf 91' lang='lat' dir='ltr'><strong>ille,</strong></span> <span class='ocrx_word' id='word_1_654' title='bbox 2564 2990 2673 3035; x_wconf 89' lang='lat' dir='ltr'><strong>tum</strong></span> <span class='ocrx_word' id='word_1_655' title='bbox 2702 2982 3019 3048; x_wconf 83' lang='lat' dir='ltr'><strong>sophistatn,</strong></span> <span class='ocrx_word' id='word_1_656' title='bbox 3067 2988 3177 3031; x_wconf 91' lang='lat' dir='ltr'><strong>tum</strong></span> <span class='ocrx_word' id='word_1_657' title='bbox 3215 2991 3443 3041; x_wconf 91' lang='lat' dir='ltr'><strong>versus;</strong></span> 
     </span>
    </p>
   </div>
   <div class='ocr_carea' id='block_1_88' title="bbox 1881 3067 3449 3151">
    <p class='ocr_par' dir='ltr' id='par_1_88' title="bbox 1881 3067 3449 3151">
     <span class='ocr_line' id='line_1_88' title="bbox 1881 3067 3449 3151; baseline -0.008 -17"><span class='ocrx_word' id='word_1_658' title='bbox 1881 3081 2130 3151; x_wconf 86' lang='lat' dir='ltr'><strong>quodque</strong></span> <span class='ocrx_word' id='word_1_659' title='bbox 2159 3092 2221 3132; x_wconf 92' lang='lat' dir='ltr'><strong>ea</strong></span> <span class='ocrx_word' id='word_1_660' title='bbox 2258 3090 2421 3130; x_wconf 91' lang='lat' dir='ltr'><strong>causa</strong></span> <span class='ocrx_word' id='word_1_661' title='bbox 2467 3074 2647 3128; x_wconf 87' lang='lat' dir='ltr'><strong>animo</strong></span> <span class='ocrx_word' id='word_1_662' title='bbox 2688 3073 2880 3126; x_wconf 77' lang='lat' dir='ltr'><strong>anxius</strong></span> <span class='ocrx_word' id='word_1_663' title='bbox 2914 3080 3076 3125; x_wconf 89' lang='lat' dir='ltr'><strong>esset.</strong></span> <span class='ocrx_word' id='word_1_664' title='bbox 3118 3069 3188 3122; x_wconf 88' lang='lat' dir='ltr'><strong>At</strong></span> <span class='ocrx_word' id='word_1_665' title='bbox 3210 3067 3449 3121; x_wconf 85' lang='lat' dir='ltr'><strong>Basilius</strong></span> 
     </span>
    </p>
   </div>
   <div class='ocr_carea' id='block_1_89' title="bbox 1882 3159 3446 3241">
    <p class='ocr_par' dir='ltr' id='par_1_89' title="bbox 1882 3159 3446 3241">
     <span class='ocr_line' id='line_1_89' title="bbox 1882 3159 3446 3241; baseline -0.012 -13"><span class='ocrx_word' id='word_1_666' title='bbox 1882 3173 2115 3241; x_wconf 82' lang='lat' dir='ltr'><strong>acceptis</strong></span> <span class='ocrx_word' id='word_1_667' title='bbox 2132 3170 2400 3234; x_wconf 88' lang='lat' dir='ltr'><strong>versibus,</strong></span> <span class='ocrx_word' id='word_1_668' title='bbox 2424 3182 2609 3223; x_wconf 88' lang='lat' dir='ltr'><strong>eorum</strong></span> <span class='ocrx_word' id='word_1_669' title='bbox 2634 3167 2797 3235; x_wconf 70' lang='lat' dir='ltr'><strong>cmpit</strong></span> <span class='ocrx_word' id='word_1_670' title='bbox 2821 3163 3224 3217; x_wconf 79' lang='lat' dir='ltr'><strong>translationem</strong></span> <span class='ocrx_word' id='word_1_671' title='bbox 3244 3159 3446 3213; x_wconf 89' lang='lat' dir='ltr'><strong>dicere.</strong></span> 
     </span>
    </p>
   </div>
   <div class='ocr_carea' id='block_1_90' title="bbox 1804 3251 3446 3350">
    <p class='ocr_par' dir='ltr' id='par_1_90' title="bbox 1804 3251 3446 3350">
     <span class='ocr_line' id='line_1_90' title="bbox 1804 3251 3446 3350; baseline -0.01 -32"><span class='ocrx_word' id='word_1_672' title='bbox 1804 3290 1847 3350; x_wconf 67' lang='grc' dir='ltr'>α</span> <span class='ocrx_word' id='word_1_673' title='bbox 1883 3264 2115 3333; x_wconf 89' lang='lat' dir='ltr'><strong>Stupens</strong></span> <span class='ocrx_word' id='word_1_674' title='bbox 2147 3277 2275 3317; x_wconf 88' lang='lat' dir='ltr'><strong>vero</strong></span> <span class='ocrx_word' id='word_1_675' title='bbox 2304 3259 2514 3332; x_wconf 85' lang='lat' dir='ltr'><strong>juvenis</strong></span> <span class='ocrx_word' id='word_1_676' title='bbox 2541 3298 2554 3321; x_wconf 92' lang='lat'><strong>,</strong></span> <span class='ocrx_word' id='word_1_677' title='bbox 2590 3265 2641 3311; x_wconf 90' lang='lat' dir='ltr'><strong>et</strong></span> <span class='ocrx_word' id='word_1_678' title='bbox 2670 3270 2833 3325; x_wconf 90' lang='lat' dir='ltr'><strong>quam</strong></span> <span class='ocrx_word' id='word_1_679' title='bbox 2870 3253 3105 3306; x_wconf 78' lang='lat' dir='ltr'><strong>maxime</strong></span> <span class='ocrx_word' id='word_1_680' title='bbox 3147 3251 3325 3312; x_wconf 62' lang='lat' dir='ltr'><strong>laetus,</strong></span> <span class='ocrx_word' id='word_1_681' title='bbox 3357 3264 3446 3302; x_wconf 89' lang='lat' dir='ltr'><strong>ro-</strong></span> 
     </span>
    </p>
   </div>
   <div class='ocr_carea' id='block_1_91' title="bbox 1882 3338 3451 3424">
    <p class='ocr_par' dir='ltr' id='par_1_91' title="bbox 1882 3338 3451 3424">
     <span class='ocr_line' id='line_1_91' title="bbox 1882 3338 3451 3424; baseline -0.009 -17"><span class='ocrx_word' id='word_1_682' title='bbox 1882 3356 2041 3424; x_wconf 81' lang='lat' dir='ltr'><strong>gabat</strong></span> <span class='ocrx_word' id='word_1_683' title='bbox 2070 3362 2128 3403; x_wconf 91' lang='lat' dir='ltr'><strong>ut</strong></span> <span class='ocrx_word' id='word_1_684' title='bbox 2179 3352 2295 3405; x_wconf 62' lang='lat' dir='ltr'><strong>hate</strong></span> <span class='ocrx_word' id='word_1_685' title='bbox 2324 3350 2530 3418; x_wconf 90' lang='lat' dir='ltr'><strong>scripto</strong></span> <span class='ocrx_word' id='word_1_686' title='bbox 2584 3355 2879 3415; x_wconf 82' lang='lat' dir='ltr'><strong>exponeret</strong></span> <span class='ocrx_word' id='word_1_687' title='bbox 2905 3363 2920 3399; x_wconf 89' lang='lat'><strong>:</strong></span> <span class='ocrx_word' id='word_1_688' title='bbox 2951 3344 2996 3397; x_wconf 91' lang='lat' dir='ltr'><strong>is</strong></span> <span class='ocrx_word' id='word_1_689' title='bbox 3037 3356 3197 3411; x_wconf 89' lang='lat' dir='ltr'><strong>porro</strong></span> <span class='ocrx_word' id='word_1_690' title='bbox 3227 3338 3451 3395; x_wconf 88' lang='lat' dir='ltr'><strong>solutio-</strong></span> 
     </span>
    </p>
   </div>
   <div class='ocr_carea' id='block_1_92' title="bbox 1882 3432 3451 3511">
    <p class='ocr_par' dir='ltr' id='par_1_92' title="bbox 1882 3432 3451 3511">
     <span class='ocr_line' id='line_1_92' title="bbox 1882 3432 3451 3511; baseline -0.008 -13"><span class='ocrx_word' id='word_1_691' title='bbox 1882 3460 2004 3498; x_wconf 86' lang='lat' dir='ltr'><strong>nem</strong></span> <span class='ocrx_word' id='word_1_692' title='bbox 2050 3441 2245 3511; x_wconf 89' lang='lat' dir='ltr'><strong>triplici</strong></span> <span class='ocrx_word' id='word_1_693' title='bbox 2282 3440 2533 3493; x_wconf 89' lang='lat' dir='ltr'><strong>versione</strong></span> <span class='ocrx_word' id='word_1_694' title='bbox 2558 3438 2796 3504; x_wconf 82' lang='lat' dir='ltr'><strong>scripsit.</strong></span> <span class='ocrx_word' id='word_1_695' title='bbox 2830 3436 2972 3489; x_wconf 90' lang='lat' dir='ltr'><strong>Puer</strong></span> <span class='ocrx_word' id='word_1_696' title='bbox 2998 3445 3175 3489; x_wconf 89' lang='lat' dir='ltr'><strong>autem</strong></span> <span class='ocrx_word' id='word_1_697' title='bbox 3213 3432 3451 3499; x_wconf 89' lang='lat' dir='ltr'><strong>suscepit</strong></span> 
     </span>
    </p>
   </div>
   <div class='ocr_carea' id='block_1_93' title="bbox 1884 3523 3447 3605">
    <p class='ocr_par' dir='ltr' id='par_1_93' title="bbox 1884 3523 3447 3605">
     <span class='ocr_line' id='line_1_93' title="bbox 1884 3523 3447 3605; baseline -0.01 -12"><span class='ocrx_word' id='word_1_698' title='bbox 1884 3551 2073 3593; x_wconf 86' lang='lat' dir='ltr'><strong>versus</strong></span> <span class='ocrx_word' id='word_1_699' title='bbox 2099 3536 2339 3605; x_wconf 83' lang='lat' dir='ltr'><strong>gaudens</strong></span> <span class='ocrx_word' id='word_1_700' title='bbox 2366 3572 2379 3596; x_wconf 92' lang='lat'><strong>,</strong></span> <span class='ocrx_word' id='word_1_701' title='bbox 2414 3542 2748 3601; x_wconf 82' lang='lat' dir='ltr'><strong>pergensque</strong></span> <span class='ocrx_word' id='word_1_702' title='bbox 2784 3525 3018 3579; x_wconf 88' lang='lat' dir='ltr'><strong>diluculo</strong></span> <span class='ocrx_word' id='word_1_703' title='bbox 3055 3526 3117 3577; x_wconf 92' lang='lat' dir='ltr'><strong>ad</strong></span> <span class='ocrx_word' id='word_1_704' title='bbox 3143 3523 3447 3586; x_wconf 86' lang='lat' dir='ltr'><strong>Libanium,</strong></span> 
     </span>
    </p>
   </div>
   <div class='ocr_carea' id='block_1_94' title="bbox 1886 3616 3449 3685">
    <p class='ocr_par' dir='ltr' id='par_1_94' title="bbox 1886 3616 3449 3685">
     <span class='ocr_line' id='line_1_94' title="bbox 1886 3616 3449 3685; baseline -0.008 -2"><span class='ocrx_word' id='word_1_705' title='bbox 1886 3629 2050 3683; x_wconf 91' lang='lat' dir='ltr'><strong>tradit</strong></span> <span class='ocrx_word' id='word_1_706' title='bbox 2096 3628 2145 3680; x_wconf 92' lang='lat' dir='ltr'><strong>ei</strong></span> <span class='ocrx_word' id='word_1_707' title='bbox 2178 3640 2436 3679; x_wconf 91' lang='lat' dir='ltr'><strong>versuum</strong></span> <span class='ocrx_word' id='word_1_708' title='bbox 2478 3620 2910 3677; x_wconf 87' lang='lat' dir='ltr'><strong>translationem.</strong></span> <span class='ocrx_word' id='word_1_709' title='bbox 2946 3616 3241 3685; x_wconf 81' lang='lat' dir='ltr'><strong>Accipiens</strong></span> <span class='ocrx_word' id='word_1_710' title='bbox 3270 3625 3449 3670; x_wconf 89' lang='lat' dir='ltr'><strong>autem</strong></span> 
     </span>
    </p>
   </div>
   <div class='ocr_carea' id='block_1_95' title="bbox 1883 3709 3453 3783">
    <p class='ocr_par' dir='ltr' id='par_1_95' title="bbox 1883 3709 3453 3783">
     <span class='ocr_line' id='line_1_95' title="bbox 1883 3709 3453 3783; baseline -0.008 -10"><span class='ocrx_word' id='word_1_711' title='bbox 1883 3718 2178 3783; x_wconf 86' lang='lat' dir='ltr'><strong>Libanius,</strong></span> <span class='ocrx_word' id='word_1_712' title='bbox 2208 3728 2263 3771; x_wconf 91' lang='lat' dir='ltr'><strong>et</strong></span> <span class='ocrx_word' id='word_1_713' title='bbox 2314 3731 2478 3783; x_wconf 90' lang='lat' dir='ltr'><strong>super</strong></span> <span class='ocrx_word' id='word_1_714' title='bbox 2530 3713 2885 3768; x_wconf 88' lang='lat' dir='ltr'><strong>translatione</strong></span> <span class='ocrx_word' id='word_1_715' title='bbox 2923 3709 3297 3764; x_wconf 88' lang='lat' dir='ltr'><strong>vehementius</strong></span> <span class='ocrx_word' id='word_1_716' title='bbox 3356 3709 3453 3761; x_wconf 86' lang='lat' dir='ltr'><strong>ad-</strong></span> 
     </span>
    </p>
   </div>
   <div class='ocr_carea' id='block_1_96' title="bbox 1883 3800 3451 3876">
    <p class='ocr_par' dir='ltr' id='par_1_96' title="bbox 1883 3800 3451 3876">
     <span class='ocr_line' id='line_1_96' title="bbox 1883 3800 3451 3876; baseline -0.008 -10"><span class='ocrx_word' id='word_1_717' title='bbox 1883 3813 2111 3876; x_wconf 86' lang='lat' dir='ltr'><strong>mirans,</strong></span> <span class='ocrx_word' id='word_1_718' title='bbox 2144 3810 2321 3865; x_wconf 83' lang='lat' dir='ltr'><strong>dixit:</strong></span> <span class='ocrx_word' id='word_1_719' title='bbox 2356 3827 2373 3859; x_wconf 71' lang='grc' dir='ltr'>ι</span> <span class='ocrx_word' id='word_1_720' title='bbox 2414 3808 2516 3862; x_wconf 92' lang='lat' dir='ltr'><strong>Per</strong></span> <span class='ocrx_word' id='word_1_721' title='bbox 2540 3806 2632 3857; x_wconf 89' lang='lat' dir='ltr'><strong>Dei</strong></span> <span class='ocrx_word' id='word_1_722' title='bbox 2674 3804 2787 3873; x_wconf 69' lang='grc'><strong>(24)</strong></span> <span class='ocrx_word' id='word_1_723' title='bbox 2830 3802 3248 3869; x_wconf 86' lang='lat' dir='ltr'><strong>providentiam,</strong></span> <span class='ocrx_word' id='word_1_724' title='bbox 3274 3800 3451 3853; x_wconf 92' lang='lat' dir='ltr'><strong>nullus</strong></span> 
     </span>
    </p>
   </div>
   <div class='ocr_carea' id='block_1_97' title="bbox 1885 3888 3449 3969">
    <p class='ocr_par' dir='ltr' id='par_1_97' title="bbox 1885 3888 3449 3969">
     <span class='ocr_line' id='line_1_97' title="bbox 1885 3888 3449 3969; baseline -0.01 -13"><span class='ocrx_word' id='word_1_725' title='bbox 1885 3904 1983 3956; x_wconf 56' lang='lat' dir='ltr'><strong>xvi</strong></span> <span class='ocrx_word' id='word_1_726' title='bbox 2022 3900 2179 3969; x_wconf 83' lang='lat' dir='ltr'><strong>hujus</strong></span> <span class='ocrx_word' id='word_1_727' title='bbox 2233 3898 2530 3965; x_wconf 86' lang='lat' dir='ltr'><strong>sapientum</strong></span> <span class='ocrx_word' id='word_1_728' title='bbox 2566 3892 2672 3947; x_wconf 90' lang='lat' dir='ltr'><strong>tale</strong></span> <span class='ocrx_word' id='word_1_729' title='bbox 2702 3891 2830 3961; x_wconf 89' lang='lat' dir='ltr'><strong>quid</strong></span> <span class='ocrx_word' id='word_1_730' title='bbox 2860 3898 3036 3959; x_wconf 87' lang='lat' dir='ltr'><strong>potest</strong></span> <span class='ocrx_word' id='word_1_731' title='bbox 3068 3888 3449 3957; x_wconf 89' lang='lat' dir='ltr'><strong>interpretari;</strong></span> 
     </span>
    </p>
   </div>
   <div class='ocr_carea' id='block_1_98' title="bbox 1885 3980 3452 4061">
    <p class='ocr_par' dir='ltr' id='par_1_98' title="bbox 1885 3980 3452 4061">
     <span class='ocr_line' id='line_1_98' title="bbox 1885 3980 3452 4061; baseline -0.01 -11"><span class='ocrx_word' id='word_1_732' title='bbox 1885 3996 2028 4049; x_wconf 88' lang='lat' dir='ltr'><strong>unde</strong></span> <span class='ocrx_word' id='word_1_733' title='bbox 2074 4007 2203 4061; x_wconf 86' lang='lat' dir='ltr'><strong>ergo</strong></span> <span class='ocrx_word' id='word_1_734' title='bbox 2259 3992 2451 4045; x_wconf 86' lang='lat' dir='ltr'><strong>horum</strong></span> <span class='ocrx_word' id='word_1_735' title='bbox 2504 4002 2674 4041; x_wconf 89' lang='lat' dir='ltr'><strong>novus</strong></span> <span class='ocrx_word' id='word_1_736' title='bbox 2732 3983 2979 4038; x_wconf 80' lang='lat' dir='ltr'><strong>artifex?</strong></span> <span class='ocrx_word' id='word_1_737' title='bbox 3036 4001 3055 4034; x_wconf 73' lang='grc' dir='ltr'>ι</span> <span class='ocrx_word' id='word_1_738' title='bbox 3114 3982 3205 4035; x_wconf 88' lang='lat' dir='ltr'><strong>Ait</strong></span> <span class='ocrx_word' id='word_1_739' title='bbox 3267 3980 3452 4035; x_wconf 88' lang='lat' dir='ltr'><strong>adole-</strong></span> 
     </span>
    </p>
   </div>
   <div class='ocr_carea' id='block_1_99' title="bbox 1885 4074 3453 4148">
    <p class='ocr_par' dir='ltr' id='par_1_99' title="bbox 1885 4074 3453 4148">
     <span class='ocr_line' id='line_1_99' title="bbox 1885 4074 3453 4148; baseline -0.009 -7"><span class='ocrx_word' id='word_1_740' title='bbox 1885 4100 2041 4141; x_wconf 89' lang='lat' dir='ltr'><strong>scens</strong></span> <span class='ocrx_word' id='word_1_741' title='bbox 2066 4099 2076 4132; x_wconf 88' lang='lat'><strong>:</strong></span> <span class='ocrx_word' id='word_1_742' title='bbox 2113 4102 2131 4134; x_wconf 69' lang='grc' dir='ltr'>ι</span> <span class='ocrx_word' id='word_1_743' title='bbox 2168 4081 2492 4147; x_wconf 86' lang='lat' dir='ltr'><strong>Peregrinus</strong></span> <span class='ocrx_word' id='word_1_744' title='bbox 2518 4079 2756 4148; x_wconf 89' lang='lat' dir='ltr'><strong>quidam,</strong></span> <span class='ocrx_word' id='word_1_745' title='bbox 2784 4078 3005 4131; x_wconf 89' lang='lat' dir='ltr'><strong>veniens</strong></span> <span class='ocrx_word' id='word_1_746' title='bbox 3034 4075 3149 4128; x_wconf 92' lang='lat' dir='ltr'><strong>heri</strong></span> <span class='ocrx_word' id='word_1_747' title='bbox 3182 4074 3249 4127; x_wconf 92' lang='lat' dir='ltr'><strong>ad</strong></span> <span class='ocrx_word' id='word_1_748' title='bbox 3273 4074 3453 4143; x_wconf 91' lang='lat' dir='ltr'><strong>hospi-</strong></span> 
     </span>
    </p>
   </div>
   <div class='ocr_carea' id='block_1_100' title="bbox 1886 4167 3454 4241">
    <p class='ocr_par' dir='ltr' id='par_1_100' title="bbox 1886 4167 3454 4241">
     <span class='ocr_line' id='line_1_100' title="bbox 1886 4167 3454 4241; baseline -0.005 -12"><span class='ocrx_word' id='word_1_749' title='bbox 1886 4177 2039 4241; x_wconf 90' lang='lat' dir='ltr'><strong>tium,</strong></span> <span class='ocrx_word' id='word_1_750' title='bbox 2075 4190 2262 4230; x_wconf 92' lang='lat' dir='ltr'><strong>eorum</strong></span> <span class='ocrx_word' id='word_1_751' title='bbox 2314 4174 2444 4227; x_wconf 90' lang='lat' dir='ltr'><strong>mihi</strong></span> <span class='ocrx_word' id='word_1_752' title='bbox 2502 4172 2821 4225; x_wconf 86' lang='lat' dir='ltr'><strong>solutionem</strong></span> <span class='ocrx_word' id='word_1_753' title='bbox 2871 4167 3271 4238; x_wconf 88' lang='lat' dir='ltr'><strong>promptissime</strong></span> <span class='ocrx_word' id='word_1_754' title='bbox 3322 4182 3454 4222; x_wconf 89' lang='lat' dir='ltr'><strong>euu-</strong></span> 
     </span>
    </p>
   </div>
   <div class='ocr_carea' id='block_1_101' title="bbox 1888 4270 2165 4325">
    <p class='ocr_par' dir='ltr' id='par_1_101' title="bbox 1888 4270 2165 4325">
     <span class='ocr_line' id='line_1_101' title="bbox 1888 4270 2165 4325; baseline -0.025 0"><span class='ocrx_word' id='word_1_755' title='bbox 1888 4270 2102 4325; x_wconf 88' lang='lat' dir='ltr'><strong>clcavit.</strong></span> <span class='ocrx_word' id='word_1_756' title='bbox 2148 4286 2165 4318; x_wconf 69' lang='grc' dir='ltr'>δ</span> 
     </span>
    </p>
   </div>
   <div class='ocr_carea' id='block_1_102' title="bbox 1958 4352 3451 4428">
    <p class='ocr_par' dir='ltr' id='par_1_102' title="bbox 1958 4352 3451 4428">
     <span class='ocr_line' id='line_1_102' title="bbox 1958 4352 3451 4428; baseline -0.009 -11"><span class='ocrx_word' id='word_1_757' title='bbox 1958 4361 2103 4417; x_wconf 89' lang='lat' dir='ltr'><strong>Nihil</strong></span> <span class='ocrx_word' id='word_1_758' title='bbox 2135 4374 2260 4428; x_wconf 89' lang='lat' dir='ltr'><strong>ergo</strong></span> <span class='ocrx_word' id='word_1_759' title='bbox 2284 4365 2569 4411; x_wconf 84' lang='lat' dir='ltr'><strong>cunctatus</strong></span> <span class='ocrx_word' id='word_1_760' title='bbox 2595 4354 2873 4423; x_wconf 88' lang='lat' dir='ltr'><strong>Libanius,</strong></span> <span class='ocrx_word' id='word_1_761' title='bbox 2894 4371 3053 4411; x_wconf 88' lang='lat' dir='ltr'><strong>cursu</strong></span> <span class='ocrx_word' id='word_1_762' title='bbox 3076 4355 3140 4408; x_wconf 90' lang='lat' dir='ltr'><strong>ad</strong></span> <span class='ocrx_word' id='word_1_763' title='bbox 3162 4352 3451 4421; x_wconf 88' lang='lat' dir='ltr'><strong>hospitium</strong></span> 
     </span>
    </p>
   </div>
   <div class='ocr_carea' id='block_1_103' title="bbox 1889 4446 3455 4519">
    <p class='ocr_par' dir='ltr' id='par_1_103' title="bbox 1889 4446 3455 4519">
     <span class='ocr_line' id='line_1_103' title="bbox 1889 4446 3455 4519; baseline -0.004 -14"><span class='ocrx_word' id='word_1_764' title='bbox 1889 4455 2036 4509; x_wconf 86' lang='lat' dir='ltr'><strong>venit</strong></span> <span class='ocrx_word' id='word_1_765' title='bbox 2079 4471 2089 4504; x_wconf 96' lang='lat'>:</span> <span class='ocrx_word' id='word_1_766' title='bbox 2141 4465 2373 4519; x_wconf 89' lang='lat' dir='ltr'><strong>cumque</strong></span> <span class='ocrx_word' id='word_1_767' title='bbox 2417 4449 2671 4505; x_wconf 86' lang='lat' dir='ltr'><strong>Basilium</strong></span> <span class='ocrx_word' id='word_1_768' title='bbox 2715 4464 2838 4502; x_wconf 89' lang='lat' dir='ltr'><strong>cum</strong></span> <span class='ocrx_word' id='word_1_769' title='bbox 2897 4446 3101 4503; x_wconf 86' lang='lat' dir='ltr'><strong>Eubulo</strong></span> <span class='ocrx_word' id='word_1_770' title='bbox 3126 4447 3349 4502; x_wconf 90' lang='lat' dir='ltr'><strong>vidisset</strong></span> <span class='ocrx_word' id='word_1_771' title='bbox 3401 4456 3455 4498; x_wconf 91' lang='lat' dir='ltr'><strong>et</strong></span> 
     </span>
    </p>
   </div>
   <div class='ocr_carea' id='block_1_104' title="bbox 1892 4538 3456 4615">
    <p class='ocr_par' dir='ltr' id='par_1_104' title="bbox 1892 4538 3456 4615">
     <span class='ocr_line' id='line_1_104' title="bbox 1892 4538 3456 4615; baseline -0.006 -16"><span class='ocrx_word' id='word_1_772' title='bbox 1892 4544 2228 4615; x_wconf 82' lang='lat' dir='ltr'><strong>agnovisset,</strong></span> <span class='ocrx_word' id='word_1_773' title='bbox 2259 4544 2405 4596; x_wconf 89' lang='lat' dir='ltr'><strong>velut</strong></span> <span class='ocrx_word' id='word_1_774' title='bbox 2437 4550 2608 4594; x_wconf 84' lang='lat' dir='ltr'><strong>tactus</strong></span> <span class='ocrx_word' id='word_1_775' title='bbox 2633 4542 2698 4594; x_wconf 92' lang='lat' dir='ltr'><strong>de</strong></span> <span class='ocrx_word' id='word_1_776' title='bbox 2720 4539 2855 4594; x_wconf 71' lang='lat' dir='ltr'><strong>coelo</strong></span> <span class='ocrx_word' id='word_1_777' title='bbox 2894 4554 2991 4609; x_wconf 92' lang='lat' dir='ltr'><strong>pro</strong></span> <span class='ocrx_word' id='word_1_778' title='bbox 3040 4540 3313 4607; x_wconf 89' lang='lat' dir='ltr'><strong>insperato</strong></span> <span class='ocrx_word' id='word_1_779' title='bbox 3360 4538 3456 4591; x_wconf 87' lang='lat' dir='ltr'><strong>ad-</strong></span> 
     </span>
    </p>
   </div>
   <div class='ocr_carea' id='block_1_105' title="bbox 1815 4630 3454 4718">
    <p class='ocr_par' dir='ltr' id='par_1_105' title="bbox 1815 4630 3454 4718">
     <span class='ocr_line' id='line_1_105' title="bbox 1815 4630 3454 4718; baseline -0.006 -29"><span class='ocrx_word' id='word_1_780' title='bbox 1815 4665 1860 4718; x_wconf 67' lang='grc' dir='ltr'>Β</span> <span class='ocrx_word' id='word_1_781' title='bbox 1889 4647 2052 4691; x_wconf 87' lang='lat' dir='ltr'><strong>ventu</strong></span> <span class='ocrx_word' id='word_1_782' title='bbox 2086 4634 2259 4689; x_wconf 85' lang='lat' dir='ltr'><strong>factus</strong></span> <span class='ocrx_word' id='word_1_783' title='bbox 2306 4642 2407 4687; x_wconf 89' lang='lat' dir='ltr'><strong>est.</strong></span> <span class='ocrx_word' id='word_1_784' title='bbox 2461 4631 2839 4701; x_wconf 78' lang='lat' dir='ltr'><strong>Rogavitergo</strong></span> <span class='ocrx_word' id='word_1_785' title='bbox 2872 4640 2929 4684; x_wconf 92' lang='lat' dir='ltr'><strong>ut</strong></span> <span class='ocrx_word' id='word_1_786' title='bbox 2982 4632 3033 4683; x_wconf 94' lang='lat' dir='ltr'><strong>in</strong></span> <span class='ocrx_word' id='word_1_787' title='bbox 3063 4630 3277 4683; x_wconf 87' lang='lat' dir='ltr'><strong>domum</strong></span> <span class='ocrx_word' id='word_1_788' title='bbox 3302 4641 3454 4681; x_wconf 90' lang='lat' dir='ltr'><strong>suam</strong></span> 
     </span>
    </p>
   </div>
   <div class='ocr_carea' id='block_1_106' title="bbox 1893 4720 3455 4793">
    <p class='ocr_par' dir='ltr' id='par_1_106' title="bbox 1893 4720 3455 4793">
     <span class='ocr_line' id='line_1_106' title="bbox 1893 4720 3455 4793; baseline -0.006 -10"><span class='ocrx_word' id='word_1_789' title='bbox 1893 4729 2255 4790; x_wconf 88' lang='lat' dir='ltr'><strong>diverterent;</strong></span> <span class='ocrx_word' id='word_1_790' title='bbox 2294 4740 2356 4778; x_wconf 94' lang='lat' dir='ltr'><strong>ac</strong></span> <span class='ocrx_word' id='word_1_791' title='bbox 2390 4725 2497 4777; x_wconf 90' lang='lat' dir='ltr'><strong>voti</strong></span> <span class='ocrx_word' id='word_1_792' title='bbox 2525 4738 2765 4793; x_wconf 90' lang='lat' dir='ltr'><strong>compos,</strong></span> <span class='ocrx_word' id='word_1_793' title='bbox 2794 4722 2987 4777; x_wconf 89' lang='lat' dir='ltr'><strong>orabat</strong></span> <span class='ocrx_word' id='word_1_794' title='bbox 3035 4731 3090 4774; x_wconf 91' lang='lat' dir='ltr'><strong>ut</strong></span> <span class='ocrx_word' id='word_1_795' title='bbox 3123 4720 3282 4775; x_wconf 90' lang='lat' dir='ltr'><strong>etiam</strong></span> <span class='ocrx_word' id='word_1_796' title='bbox 3305 4720 3455 4773; x_wconf 91' lang='lat' dir='ltr'><strong>cibos</strong></span> 
     </span>
    </p>
   </div>
   <div class='ocr_carea' id='block_1_107' title="bbox 1893 4813 3453 4879">
    <p class='ocr_par' dir='ltr' id='par_1_107' title="bbox 1893 4813 3453 4879">
     <span class='ocr_line' id='line_1_107' title="bbox 1893 4813 3453 4879; baseline -0.01 -1"><span class='ocrx_word' id='word_1_797' title='bbox 1893 4822 2137 4878; x_wconf 87' lang='lat' dir='ltr'><strong>conditos</strong></span> <span class='ocrx_word' id='word_1_798' title='bbox 2175 4826 2229 4873; x_wconf 90' lang='lat' dir='ltr'><strong>et</strong></span> <span class='ocrx_word' id='word_1_799' title='bbox 2262 4817 2597 4873; x_wconf 88' lang='lat' dir='ltr'><strong>delicatiores</strong></span> <span class='ocrx_word' id='word_1_800' title='bbox 2642 4823 2915 4871; x_wconf 89' lang='lat' dir='ltr'><strong>sumerent</strong></span> <span class='ocrx_word' id='word_1_801' title='bbox 2948 4838 2957 4869; x_wconf 79' lang='grc' dir='ltr'>ε</span> <span class='ocrx_word' id='word_1_802' title='bbox 2994 4822 3051 4868; x_wconf 88' lang='lat' dir='ltr'><strong>at</strong></span> <span class='ocrx_word' id='word_1_803' title='bbox 3089 4813 3162 4868; x_wconf 90' lang='lat' dir='ltr'><strong>illi</strong></span> <span class='ocrx_word' id='word_1_804' title='bbox 3200 4826 3337 4879; x_wconf 89' lang='lat' dir='ltr'><strong>pane</strong></span> <span class='ocrx_word' id='word_1_805' title='bbox 3397 4821 3453 4865; x_wconf 92' lang='lat' dir='ltr'><strong>et</strong></span> 
     </span>
    </p>
   </div>
   <div class='ocr_carea' id='block_1_108' title="bbox 1894 4902 3453 4980">
    <p class='ocr_par' dir='ltr' id='par_1_108' title="bbox 1894 4902 3453 4980">
     <span class='ocr_line' id='line_1_108' title="bbox 1894 4902 3453 4980; baseline -0.007 -14"><span class='ocrx_word' id='word_1_806' title='bbox 1894 4926 2027 4980; x_wconf 90' lang='lat' dir='ltr'><strong>aqua</strong></span> <span class='ocrx_word' id='word_1_807' title='bbox 2054 4911 2261 4966; x_wconf 88' lang='lat' dir='ltr'><strong>modice</strong></span> <span class='ocrx_word' id='word_1_808' title='bbox 2288 4910 2490 4973; x_wconf 90' lang='lat' dir='ltr'><strong>satiati,</strong></span> <span class='ocrx_word' id='word_1_809' title='bbox 2523 4925 2619 4977; x_wconf 90' lang='lat' dir='ltr'><strong>pro</strong></span> <span class='ocrx_word' id='word_1_810' title='bbox 2644 4924 2737 4961; x_wconf 89' lang='lat' dir='ltr'><strong>sua</strong></span> <span class='ocrx_word' id='word_1_811' title='bbox 2774 4907 2861 4961; x_wconf 85' lang='lat' dir='ltr'><strong>illa</strong></span> <span class='ocrx_word' id='word_1_812' title='bbox 2908 4916 2961 4961; x_wconf 90' lang='lat' dir='ltr'><strong>et</strong></span> <span class='ocrx_word' id='word_1_813' title='bbox 2990 4906 3129 4976; x_wconf 88' lang='lat' dir='ltr'><strong>apud</strong></span> <span class='ocrx_word' id='word_1_814' title='bbox 3165 4918 3258 4958; x_wconf 88' lang='lat' dir='ltr'><strong>eos</strong></span> <span class='ocrx_word' id='word_1_815' title='bbox 3305 4902 3453 4957; x_wconf 88' lang='lat' dir='ltr'><strong>obti-</strong></span> 
     </span>
    </p>
   </div>
   <div class='ocr_carea' id='block_1_109' title="bbox 1893 4996 3459 5068">
    <p class='ocr_par' dir='ltr' id='par_1_109' title="bbox 1893 4996 3459 5068">
     <span class='ocr_line' id='line_1_109' title="bbox 1893 4996 3459 5068; baseline -0.006 -11"><span class='ocrx_word' id='word_1_816' title='bbox 1893 5014 2054 5057; x_wconf 87' lang='lat' dir='ltr'><strong>nente</strong></span> <span class='ocrx_word' id='word_1_817' title='bbox 2081 5001 2493 5065; x_wconf 82' lang='lat' dir='ltr'><strong>consuetudine,</strong></span> <span class='ocrx_word' id='word_1_818' title='bbox 2549 4999 2750 5068; x_wconf 89' lang='lat' dir='ltr'><strong>gratias</strong></span> <span class='ocrx_word' id='word_1_819' title='bbox 2784 5006 3007 5067; x_wconf 88' lang='lat' dir='ltr'><strong>egerunt</strong></span> <span class='ocrx_word' id='word_1_820' title='bbox 3042 4998 3149 5050; x_wconf 91' lang='lat' dir='ltr'><strong>Deo</strong></span> <span class='ocrx_word' id='word_1_821' title='bbox 3183 4996 3459 5049; x_wconf 85' lang='lat' dir='ltr'><strong>universo-</strong></span> 
     </span>
    </p>
   </div>
   <div class='ocr_carea' id='block_1_110' title="bbox 1893 5086 3447 5160">
    <p class='ocr_par' dir='ltr' id='par_1_110' title="bbox 1893 5086 3447 5160">
     <span class='ocr_line' id='line_1_110' title="bbox 1893 5086 3447 5160; baseline -0.008 -10"><span class='ocrx_word' id='word_1_822' title='bbox 1893 5112 2008 5150; x_wconf 90' lang='lat' dir='ltr'><strong>rum</strong></span> <span class='ocrx_word' id='word_1_823' title='bbox 2036 5108 2090 5150; x_wconf 94' lang='lat' dir='ltr'><strong>ct</strong></span> <span class='ocrx_word' id='word_1_824' title='bbox 2115 5097 2381 5151; x_wconf 89' lang='lat' dir='ltr'><strong>bonorum</strong></span> <span class='ocrx_word' id='word_1_825' title='bbox 2414 5091 2675 5160; x_wconf 87' lang='lat' dir='ltr'><strong>largitori.</strong></span> <span class='ocrx_word' id='word_1_826' title='bbox 2727 5092 2976 5144; x_wconf 87' lang='lat' dir='ltr'><strong>Actutum</strong></span> <span class='ocrx_word' id='word_1_827' title='bbox 3008 5104 3139 5159; x_wconf 85' lang='lat' dir='ltr'><strong>ergo</strong></span> <span class='ocrx_word' id='word_1_828' title='bbox 3170 5090 3332 5157; x_wconf 74' lang='lat' dir='ltr'><strong>cmpit</strong></span> <span class='ocrx_word' id='word_1_829' title='bbox 3360 5086 3447 5139; x_wconf 84' lang='lat' dir='ltr'><strong>Li-</strong></span> 
     </span>
    </p>
   </div>
   <div class='ocr_carea' id='block_1_111' title="bbox 1896 5182 3457 5251">
    <p class='ocr_par' dir='ltr' id='par_1_111' title="bbox 1896 5182 3457 5251">
     <span class='ocr_line' id='line_1_111' title="bbox 1896 5182 3457 5251; baseline -0.007 -11"><span class='ocrx_word' id='word_1_830' title='bbox 1896 5188 2089 5241; x_wconf 86' lang='lat' dir='ltr'><strong>banius</strong></span> <span class='ocrx_word' id='word_1_831' title='bbox 2122 5202 2244 5241; x_wconf 93' lang='lat' dir='ltr'><strong>cum</strong></span> <span class='ocrx_word' id='word_1_832' title='bbox 2280 5186 2383 5240; x_wconf 89' lang='lat' dir='ltr'><strong>illis</strong></span> <span class='ocrx_word' id='word_1_833' title='bbox 2415 5183 2711 5251; x_wconf 88' lang='lat' dir='ltr'><strong>disputare,</strong></span> <span class='ocrx_word' id='word_1_834' title='bbox 2742 5192 2796 5235; x_wconf 91' lang='lat' dir='ltr'><strong>et</strong></span> <span class='ocrx_word' id='word_1_835' title='bbox 2826 5182 3098 5233; x_wconf 88' lang='lat' dir='ltr'><strong>rhetorum</strong></span> <span class='ocrx_word' id='word_1_836' title='bbox 3134 5194 3302 5248; x_wconf 84' lang='lat' dir='ltr'><strong>nugas</strong></span> <span class='ocrx_word' id='word_1_837' title='bbox 3320 5191 3457 5246; x_wconf 68' lang='lat' dir='ltr'><strong>pra:-</strong></span> 
     </span>
    </p>
   </div>
   <div class='ocr_carea' id='block_1_112' title="bbox 1898 5267 3454 5345">
    <p class='ocr_par' dir='ltr' id='par_1_112' title="bbox 1898 5267 3454 5345">
     <span class='ocr_line' id='line_1_112' title="bbox 1898 5267 3454 5345; baseline -0.006 -14"><span class='ocrx_word' id='word_1_838' title='bbox 1898 5279 2163 5334; x_wconf 88' lang='lat' dir='ltr'><strong>tendere:</strong></span> <span class='ocrx_word' id='word_1_839' title='bbox 2200 5289 2255 5330; x_wconf 88' lang='lat' dir='ltr'><strong>at</strong></span> <span class='ocrx_word' id='word_1_840' title='bbox 2308 5276 2383 5331; x_wconf 87' lang='lat' dir='ltr'><strong>illi</strong></span> <span class='ocrx_word' id='word_1_841' title='bbox 2437 5282 2831 5345; x_wconf 85' lang='lat' dir='ltr'><strong>proposuerunt</strong></span> <span class='ocrx_word' id='word_1_842' title='bbox 2863 5285 3164 5326; x_wconf 88' lang='lat' dir='ltr'><strong>sermonem</strong></span> <span class='ocrx_word' id='word_1_843' title='bbox 3218 5270 3283 5322; x_wconf 88' lang='lat' dir='ltr'><strong>de</strong></span> <span class='ocrx_word' id='word_1_844' title='bbox 3330 5267 3454 5322; x_wconf 87' lang='lat' dir='ltr'><strong>ﬁde.</strong></span> 
     </span>
    </p>
   </div>
   <div class='ocr_carea' id='block_1_113' title="bbox 1894 5358 3458 5434">
    <p class='ocr_par' dir='ltr' id='par_1_113' title="bbox 1894 5358 3458 5434">
     <span class='ocr_line' id='line_1_113' title="bbox 1894 5358 3458 5434; baseline -0.008 -9"><span class='ocrx_word' id='word_1_845' title='bbox 1894 5371 2151 5425; x_wconf 89' lang='lat' dir='ltr'><strong>Libanius</strong></span> <span class='ocrx_word' id='word_1_846' title='bbox 2182 5380 2360 5423; x_wconf 91' lang='lat' dir='ltr'><strong>autem</strong></span> <span class='ocrx_word' id='word_1_847' title='bbox 2385 5370 2527 5423; x_wconf 90' lang='lat' dir='ltr'><strong>dicta</strong></span> <span class='ocrx_word' id='word_1_848' title='bbox 2558 5365 2863 5433; x_wconf 86' lang='lat' dir='ltr'><strong>percipiens</strong></span> <span class='ocrx_word' id='word_1_849' title='bbox 2885 5372 3242 5434; x_wconf 80' lang='lat' dir='ltr'><strong>gustansque;</strong></span> <span class='ocrx_word' id='word_1_850' title='bbox 3268 5376 3285 5409; x_wconf 76' lang='grc' dir='ltr'>ι</span> <span class='ocrx_word' id='word_1_851' title='bbox 3314 5358 3458 5413; x_wconf 76' lang='lat' dir='ltr'><strong>Non-</strong></span> 
     </span>
    </p>
   </div>
   <div class='ocr_carea' id='block_1_114' title="bbox 1893 5450 3460 5531">
    <p class='ocr_par' dir='ltr' id='par_1_114' title="bbox 1893 5450 3460 5531">
     <span class='ocr_line' id='line_1_114' title="bbox 1893 5450 3460 5531; baseline -0.007 -16"><span class='ocrx_word' id='word_1_852' title='bbox 1893 5464 2039 5524; x_wconf 90' lang='lat' dir='ltr'><strong>dum,</strong></span> <span class='ocrx_word' id='word_1_853' title='bbox 2091 5462 2305 5531; x_wconf 88' lang='lat' dir='ltr'><strong>inquit,</strong></span> <span class='ocrx_word' id='word_1_854' title='bbox 2354 5470 2435 5513; x_wconf 89' lang='lat' dir='ltr'><strong>est</strong></span> <span class='ocrx_word' id='word_1_855' title='bbox 2481 5466 2691 5524; x_wconf 90' lang='lat' dir='ltr'><strong>tempus</strong></span> <span class='ocrx_word' id='word_1_856' title='bbox 2734 5454 2892 5525; x_wconf 88' lang='lat' dir='ltr'><strong>hujus</strong></span> <span class='ocrx_word' id='word_1_857' title='bbox 2948 5450 3147 5521; x_wconf 88' lang='lat' dir='ltr'><strong>negotii</strong></span> <span class='ocrx_word' id='word_1_858' title='bbox 3184 5472 3195 5506; x_wconf 91' lang='lat'>:</span> <span class='ocrx_word' id='word_1_859' title='bbox 3233 5450 3460 5520; x_wconf 86' lang='lat' dir='ltr'><strong>jubente</strong></span> 
     </span>
    </p>
   </div>
   <div class='ocr_carea' id='block_1_115' title="bbox 1895 5544 3458 5618">
    <p class='ocr_par' dir='ltr' id='par_1_115' title="bbox 1895 5544 3458 5618">
     <span class='ocr_line' id='line_1_115' title="bbox 1895 5544 3458 5618; baseline -0.008 -11"><span class='ocrx_word' id='word_1_860' title='bbox 1895 5562 2070 5608; x_wconf 89' lang='lat' dir='ltr'><strong>autem</strong></span> <span class='ocrx_word' id='word_1_861' title='bbox 2110 5553 2472 5615; x_wconf 89' lang='lat' dir='ltr'><strong>Providentia,</strong></span> <span class='ocrx_word' id='word_1_862' title='bbox 2526 5564 2630 5602; x_wconf 90' lang='lat' dir='ltr'><strong>non</strong></span> <span class='ocrx_word' id='word_1_863' title='bbox 2660 5558 2745 5604; x_wconf 85' lang='lat' dir='ltr'><strong>est</strong></span> <span class='ocrx_word' id='word_1_864' title='bbox 2774 5550 2865 5618; x_wconf 91' lang='lat' dir='ltr'><strong>qui</strong></span> <span class='ocrx_word' id='word_1_865' title='bbox 2902 5546 3137 5601; x_wconf 87' lang='lat' dir='ltr'><strong>resistat.</strong></span> <span class='ocrx_word' id='word_1_866' title='bbox 3194 5544 3297 5599; x_wconf 89' lang='lat' dir='ltr'><strong>Sed</strong></span> <span class='ocrx_word' id='word_1_867' title='bbox 3334 5545 3458 5614; x_wconf 74' lang='lat' dir='ltr'><strong>quia</strong></span> 
     </span>
    </p>
   </div>
   <div class='ocr_carea' id='block_1_116' title="bbox 1904 5726 3458 5805">
    <p class='ocr_par' dir='ltr' id='par_1_116' title="bbox 1904 5726 3458 5805">
     <span class='ocr_line' id='line_1_116' title="bbox 1904 5726 3458 5805; baseline -0.007 -16"><span class='ocrx_word' id='word_1_868' title='bbox 1904 5738 2090 5789; x_wconf 74' lang='lat' dir='ltr'><strong>Exstat</strong></span> <span class='ocrx_word' id='word_1_869' title='bbox 2122 5736 2240 5805; x_wconf 83' lang='lat' dir='ltr'><strong>ejus</strong></span> <span class='ocrx_word' id='word_1_870' title='bbox 2288 5736 2462 5789; x_wconf 88' lang='lat' dir='ltr'><strong>oratio</strong></span> <span class='ocrx_word' id='word_1_871' title='bbox 2493 5736 2559 5789; x_wconf 89' lang='lat' dir='ltr'><strong>de</strong></span> <span class='ocrx_word' id='word_1_872' title='bbox 2591 5734 2697 5787; x_wconf 86' lang='lat' dir='ltr'><strong>vita</strong></span> <span class='ocrx_word' id='word_1_873' title='bbox 2723 5746 2817 5785; x_wconf 89' lang='lat' dir='ltr'><strong>sua</strong></span> <span class='ocrx_word' id='word_1_874' title='bbox 2840 5732 2938 5805; x_wconf 72' lang='lat' dir='ltr'><strong>,_in</strong></span> <span class='ocrx_word' id='word_1_875' title='bbox 2975 5746 3077 5800; x_wconf 91' lang='lat' dir='ltr'><strong>qua</strong></span> <span class='ocrx_word' id='word_1_876' title='bbox 3109 5728 3236 5782; x_wconf 88' lang='lat' dir='ltr'><strong>nihil</strong></span> <span class='ocrx_word' id='word_1_877' title='bbox 3266 5726 3458 5805; x_wconf 65' lang='lat' dir='ltr'><strong>divina:</strong></span> 
     </span>
    </p>
   </div>
   <div class='ocr_carea' id='block_1_117' title="bbox 1900 5798 3455 5868">
    <p class='ocr_par' dir='ltr' id='par_1_117' title="bbox 1900 5798 3455 5868">
     <span class='ocr_line' id='line_1_117' title="bbox 1900 5798 3455 5868; baseline -0.007 -11"><span class='ocrx_word' id='word_1_878' title='bbox 1900 5798 2267 5868; x_wconf 66' lang='lat' dir='ltr'><strong>Providenttm,</strong></span> <span class='ocrx_word' id='word_1_879' title='bbox 2306 5806 2395 5857; x_wconf 88' lang='lat' dir='ltr'><strong>sed</strong></span> <span class='ocrx_word' id='word_1_880' title='bbox 2427 5807 2605 5857; x_wconf 85' lang='lat' dir='ltr'><strong>nnmia</strong></span> <span class='ocrx_word' id='word_1_881' title='bbox 2649 5818 2764 5868; x_wconf 73' lang='lat' dir='ltr'><strong>qua:</strong></span> <span class='ocrx_word' id='word_1_882' title='bbox 2815 5802 2913 5857; x_wconf 88' lang='lat' dir='ltr'><strong>sibi</strong></span> <span class='ocrx_word' id='word_1_883' title='bbox 2968 5798 3278 5859; x_wconf 78' lang='lat' dir='ltr'><strong>evenerant,</strong></span> <span class='ocrx_word' id='word_1_884' title='bbox 3317 5798 3455 5851; x_wconf 85' lang='lat' dir='ltr'><strong>mala</strong></span> 
     </span>
    </p>
   </div>
   <div class='ocr_carea' id='block_1_118' title="bbox 1894 5874 2712 5935">
    <p class='ocr_par' dir='ltr' id='par_1_118' title="bbox 1894 5874 2712 5935">
     <span class='ocr_line' id='line_1_118' title="bbox 1894 5874 2712 5935; baseline -0.007 -6"><span class='ocrx_word' id='word_1_885' title='bbox 1894 5886 1945 5929; x_wconf 81' lang='lat' dir='ltr'><strong>cl</strong></span> <span class='ocrx_word' id='word_1_886' title='bbox 1982 5878 2139 5935; x_wconf 84' lang='lat' dir='ltr'><strong>bona,</strong></span> <span class='ocrx_word' id='word_1_887' title='bbox 2176 5874 2421 5927; x_wconf 61' lang='lat' dir='ltr'><strong>Minume</strong></span> <span class='ocrx_word' id='word_1_888' title='bbox 2454 5874 2712 5927; x_wconf 73' lang='lat' dir='ltr'><strong>attribuit.</strong></span> 
     </span>
    </p>
   </div>
  </div>
