4212 6490
755 458 842 503 ςεο

2108 434 2633 493 PROLEGOMENA.

760 562 1049 629 pturimum
1083 556 1214 611 mihi
1246 554 1515 625 profuisti,
1548 572 1581 611 ο
1610 556 1796 621 Basili,
1827 573 1893 611 ne
1914 560 2075 611 etiam
2102 558 2323 625 juvenes
2352 561 2397 617 Α
2432 553 2616 614 sisset,
2646 548 2796 603 humi
2826 562 2885 603 se
2911 545 3118 613 iactat;
3151 553 3205 599 et
3248 560 3368 602 cum
3393 545 3649 617 lacrymis
3676 553 3732 601 et
3758 546 3998 603 clamore

752 653 847 724 qui
887 651 1029 722 apud
1066 664 1151 706 me
1178 650 1482 707 educantur
1522 648 1719 718 alloqui
1769 663 2009 704 recuses.
2056 667 2075 698 ι
2120 649 2167 702 Is
2195 662 2323 703 vero

756 745 900 801 nulla
954 757 1148 809 mora,
1187 749 1541 811 congregatos
1596 741 1716 797 illos
1770 740 1954 797 docuit
1991 740 2105 811 (25)
2132 742 2323 794 mentis

754 837 1076 894 munditiam
1104 835 1462 907 corporisque
1483 836 1797 906 apathiam;
1831 836 2078 891 decoram
2107 835 2323 889 habitus

748 930 1224 1003 compositionem,
1277 930 1548 984 incessum
1600 929 1809 995 lenem,
1842 943 2029 983 vocem
2054 939 2322 997 tempera-

752 1034 888 1090 tam,
920 1022 1100 1079 cibum
1123 1030 1179 1078 et
1210 1031 1399 1093 potum
1433 1021 1641 1090 absque
1664 1020 2106 1089 perturbatione;
2139 1035 2320 1075 coram

748 1113 1057 1172 senioribus
1081 1112 1381 1179 silentium,
1404 1126 1587 1167 coram
1613 1110 2031 1179 sapientioribus
2045 1111 2282 1166 auditum
2303 1130 2320 1179 ;

754 1222 882 1279 erga
908 1205 1214 1276 superiores
1234 1203 1620 1266 obedientiam,
1641 1215 1769 1273 erga
1799 1201 2036 1271 aequales
2055 1202 2323 1257 minores-

753 1313 859 1368 que
888 1297 1213 1355 charitatem
1254 1310 1359 1351 non
1426 1292 1728 1348 simulatam
1756 1308 1771 1349 :
1805 1306 1835 1348 a
1868 1294 2022 1349 vanis
2049 1301 2101 1347 et
2131 1307 2323 1347 carna-

753 1391 896 1446 lilms
940 1388 1393 1459 negotiorumque
1442 1384 1881 1441 facessendorum
1914 1384 2175 1440 studiosis
2198 1385 2323 1440 abs-

753 1483 927 1549 trahi;
971 1497 1139 1552 pauca
1167 1479 1334 1551 loqui,
1362 1478 1531 1533 multa
1556 1492 1688 1532 vero
1722 1476 1995 1547 cogitare;
2058 1490 2167 1531 non
2200 1491 2323 1532 esse

752 1574 1075 1629 audaciores
1105 1586 1387 1635 sermone,
1420 1582 1528 1623 non
1558 1566 1896 1637 loquaciores
1921 1588 1937 1636 ;
1966 1584 2071 1623 non
2113 1583 2233 1623 esse
2255 1569 2322 1621 ad

756 1667 923 1719 risum
956 1664 1258 1734 pmeipites
1284 1704 1299 1724 .
1357 1663 1561 1732 pudore
1602 1661 1914 1725 bonestari;
1951 1676 2056 1715 non
2091 1659 2323 1730 colloqui

754 1753 1036 1822 impudicis
1066 1752 1417 1815 mulieribus;
1472 1764 1591 1803 esse
1623 1748 1741 1801 visu
1770 1748 2027 1813 \‘ultthtte
2057 1745 2319 1809 demisso,

754 1846 937 1901 animo
982 1854 1161 1899 autem
1195 1857 1408 1899 sursum
1442 1852 1657 1907 erecto;
1710 1842 1896 1911 fugere
1930 1838 2318 1893 contradictio-

755 1954 872 2002 nes,
898 1954 1005 1992 non
1034 1935 1281 2006 persequi
1305 1936 1627 2005 dignitatem
1654 1930 1928 2002 magistri,
1953 1929 2104 1983 nihili
2140 1927 2319 1983 facere

751 2028 896 2098 quod
924 2040 1113 2083 omnes
1144 2024 1378 2080 habeant
1406 2022 1624 2086 honori,
1670 2036 1768 2076 nec
1804 2020 2148 2089 proﬁcientes
2172 2032 2319 2087 qua:-

752 2134 875 2175 rere
925 2117 1217 2173 humanam
1278 2116 1495 2169 laudem
1551 2131 1566 2167 :
1621 2114 1764 2182 quod
1808 2112 1852 2166 si
1911 2110 2034 2180 quis
2081 2116 2317 2163 vestrum

749 2210 870 2266 aliis
923 2209 1088 2265 etiam
1163 2208 1421 2277 prodesse
1477 2216 1773 2276 potest,-a
1852 2203 1964 2258 Deo
2015 2199 2318 2257 mercedem

749 2310 1033 2372 exspectet
1074 2308 1128 2355 et
1160 2310 1482 2355 aeternorum
1524 2299 1785 2351 honorum
1857 2292 2316 2355 vicissitudinem,

751 2397 805 2449 in
878 2392 1095 2450 Christo
1156 2391 1286 2447 Jesu
1366 2390 1592 2445 Domino
1667 2397 1872 2441 nostro.
1953 2382 2025 2439 lis
2090 2382 2325 2439 Basilius

750 2488 816 2539 ad
848 2484 1064 2541 Libanii
1121 2482 1418 2552 discipulos
1477 2478 1683 2544 dictis,
1732 2478 2091 2547 omnibusque
2139 2476 2319 2530 admi-

751 2575 950 2631 rationi
1008 2574 1225 2628 habitus
1256 2610 1271 2637 ,
1315 2587 1419 2625 una
1462 2585 1583 2625 cum
1614 2570 1818 2625 Eubulo
1866 2577 2187 2625 prosecutus
2238 2578 2322 2621 est

752 2665 876 2720 iter.

821 2755 955 2811 Cum
998 2754 1179 2824 itaque
1206 2752 1635 2823 Hierosolymam
1656 2752 2047 2821 pervenissent,
2078 2761 2322 2803 omnem-

752 2861 857 2917 que
892 2844 1070 2900 loeum
1096 2860 1313 2899 sacrum
1354 2843 1458 2898 lide
1488 2851 1542 2896 et
1570 2842 1841 2897 desiderio
1876 2842 2319 2913 perlustrassent,

752 2949 801 2987 et
835 2937 889 2988 in
937 2935 1017 2988 eis
1071 2936 1234 2988 Deum
1270 2935 1359 3003 qui
1413 2942 1499 2988 est
1542 2948 1703 3002 super
1733 2935 1911 2988 omnia
1960 2935 2318 2998 adorassent;

758 3021 1029 3077 manifesti
1082 3033 1207 3077 sunt
1254 3023 1506 3092 episcopo
1533 3023 1794 3086 civitatis,
1821 3023 2037 3079 nomine
2066 3021 2320 3078 Maximo.

756 3114 895 3169 lluic
952 3129 1079 3167 vero
1137 3115 1483 3176 accedentes,
1530 3116 1936 3181 postulaverunt
1980 3123 2038 3166 ut
2087 3113 2321 3167 divinam

755 3206 1215 3278 regenerationem
1256 3204 1309 3259 in
1349 3203 1587 3260 .lordane
1626 3204 1788 3258 fluvio
1833 3204 2022 3259 liceret
2046 3205 2321 3273 consequi.

754 3298 856 3355 Eos
881 3298 963 3351 vir
990 3297 1077 3351 ille
1098 3308 1319 3353 sanctus
1346 3296 1434 3350 ubi
1461 3295 1649 3365 plenos
1678 3294 1781 3350 {ide
1829 3293 2056 3351 vidisset
2082 3335 2097 3362 ,
2132 3293 2318 3365 implet

756 3405 989 3459 ipsorum
1015 3390 1354 3459 petitionem,
1418 3390 1689 3458 sociisque
1714 3388 1963 3443 ﬁdelibus
1992 3388 2147 3455 viris,
2173 3389 2317 3447 venit

757 3483 822 3536 ad
860 3478 1169 3536 Iordanem.
1211 3480 1343 3536 Cum
1386 3496 1512 3536 vero
1550 3480 1785 3536 Basilius
1834 3481 1901 3535 ad
1933 3480 2103 3550 ripam
2135 3497 2320 3538 acces-

831 3660 942 3729 (25)
976 3661 1122 3722 llaec,
1152 3671 1205 3715 et
1236 3674 1353 3727 qua:
1374 3668 1697 3728 sequuntur,
1725 3657 1929 3727 Optima
1956 3665 2103 3729 sunt,
2128 3658 2322 3729 aeBa-

759 3726 883 3786 sitio
912 3726 1071 3801 digna
1097 3746 1114 3784 :
1142 3732 1243 3801 sed
1256 3726 1609 3801 parumapte
1628 3737 2000 3797 proponuntur
2031 3726 2321 3801 juvenibus

760 3797 1015 3863 ethnicis,
1034 3800 1280 3868 quamvis
1311 3797 1645 3870 βιιίιοεορὶιίε
1675 3817 1688 3852 :
1721 3812 1844 3852 nam
1867 3812 1933 3852 ex
1972 3812 2158 3853 eorum
2181 3797 2323 3867 prin-

766 3871 935 3941 cipiis;
956 3874 1071 3927 erui
1113 3888 1217 3926 non
1248 3880 1493 3941 possunt.

838 3940 1184 4011 (26)Quterit
1230 3937 1613 4003 Combetisius,
1665 3953 1762 3993 cur
1818 3937 2070 4011 Basilius,
2128 3938 2216 4008 pie
2267 3951 2329 3992 ac

770 4018 955 4065 sancte
983 4012 1244 4065 educatus
1270 4027 1297 4063 a
1326 4011 1640 4077 parentibus
1674 4020 1727 4061 et
1769 4011 1887 4061 avia
1919 4010 2175 4071 Maerina,
2207 4018 2328 4062 tan-

771 4082 859 4135 diu
895 4081 1219 4149 baptismum
1269 4080 1537 4149 distulerit
1569 4094 1584 4132 :
1625 4089 1733 4131 tum
1758 4089 2139 4149 congruentes
2169 4093 2333 4149 quas-

774 4155 896 4204 dam
952 4147 1187 4206 rationes
1225 4148 1403 4212 aiiert,
1432 4151 1502 4205 ob
1551 4164 1685 4219 quas
1718 4147 1768 4202 id
1821 4147 1935 4201 ﬁeri
1962 4147 2212 4219 potuerit.
2270 4148 2336 4202 Et

777 4234 963 4276 revera
998 4222 1305 4290 grandioris
1343 4220 1522 4275 forsan
1568 4217 1744 4273 ietatis
1771 4227 1910 4290 erat,
1936 4217 2335 4290 eum_l_)apti_za-

775 4303 858 4342 tus
884 4302 968 4345 est
997 4286 1025 4344 ἴ
1045 4294 1135 4345 sed
1165 4307 1269 4343 non
1310 4292 1362 4345 in
1391 4291 1642 4345 Jordane.
1678 4290 1789 4357 Ego
1811 4289 1953 4342 enim
1986 4288 2036 4339 in
2074 4286 2193 4341 Vita
2218 4287 2331 4342 Ba-

773 4363 901 4426 silii,
929 4364 1104 4431 capite
1136 4362 1330 4430 primo,
1364 4370 1417 4414 et
1440 4370 1654 4431 quarto,
1690 4359 2330 4431 ipsitts_sancti_testimo-

774 4434 867 4487 nio
892 4428 1104 4485 ostendi
1133 4428 1149 4495 ,
1174 4446 1297 4485 eum
1350 4446 1453 4485 non
1502 4447 1531 4481 a
1564 4429 1795 4484 Maximo
1835 4428 2328 4497 Hierosolymorum

774 4502 1028 4569 episcopo
1058 4500 1385 4567 baptizatum
1440 4502 1490 4553 in
1521 4498 1774 4561 Jordane,
1806 4500 1898 4552 sed
1929 4500 1979 4551 in
2011 4497 2181 4565 patria
2232 4514 2328 4551 sua

774 4572 1034 4626 Czesarea:
1060 4585 1089 4623 a
1134 4570 1321 4625 Dianio
1345 4614 1357 4631 ,
1417 4571 1573 4624 istius
1623 4571 1772 4624 urbis
1806 4570 2076 4636 episcopo.
2104 4577 2200 4621 aut
2227 4569 2331 4619 sal~

778 4650 884 4694 tem
913 4652 1037 4696 ante
1064 4641 1437 4710 episcopatum
1466 4652 1772 4710 susceptum
1805 4640 2135 4709 presbytero.
2153 4637 2328 4691 Adeo-

777 4727 881 4780 que
944 4708 1269 4781 baptismum
1303 4709 1482 4763 Basilii
1519 4708 2055 4781 Hierosolytnitanitm
2078 4750 2093 4772 ,
2124 4723 2329 4763 merum

775 4778 895 4835 esse
921 4778 1511 4851 pseudo-Amphilochii
1551 4790 1936 4851 commentum.
1956 4778 2027 4851 Et
2050 4789 2331 4851 propterea

778 4848 999 4906 minime
1024 4865 1242 4905 necesse
1261 4848 1346 4906 est
1371 4851 1489 4905 aliis
1532 4851 1689 4921 hujus
1717 4850 1967 4919 baptismi
2001 4848 2335 4919 explicandis

778 4922 1201 4977 circumstantiis
1239 4923 1532 4975 immorari.

852 4992 965 5063 (‘27)
999 4992 1153 5047 iiunc
1182 4993 1354 5063 locum
1380 4992 1448 5043 ita
1485 4992 1868 5063 interpretatus
1896 4999 1981 5045 est
2004 4988 2178 5063 Ursus
2206 4990 2335 5063 sub-

779 5058 1039 5117 diaconus
1067 5064 1206 5129 apud
1252 5058 1656 5130 Roswcydum':
1681 5080 1700 5111 ς
1732 5062 1798 5116 Et
1832 5061 2041 5131 rogavit
2074 5058 2331 5114 Basilium

781 5135 875 5186 Dei
904 5132 1176 5193 sacerdos,
1211 5143 1326 5197 post
1355 5135 1656 5200 orationem
1689 5147 1905 5186 sumere
1942 5132 2118 5183 cibum
2145 5148 2160 5184 :
2192 5132 2333 5200 quod

779 5218 829 5256 et
868 5201 1014 5270 fecit,
1044 5204 1228 5257 dicens
1250 5220 1263 5255 :
1284 5202 1506 5257 Domine
1541 5199 1666 5254 Jesu
1693 5202 1923 5264 Christe,
1956 5201 2099 5255 Deus
2129 5213 2334 5264 uoster,

779 5274 853 5327 ita
884 5278 1048 5329 credo
1078 5272 1405 5341 evangeliea!
1438 5272 1563 5341 voci
1590 5281 1691 5324 tum
1720 5281 1774 5324 et
1804 5287 1960 5341 spero
2000 5273 2051 5325 in
2084 5272 2331 5338 benigni-

784 5352 891 5397 tate
912 5353 1025 5408 tua,
1041 5354 1100 5398 ut
1122 5340 1452 5396 manducans
1476 5352 1529 5394 et
1554 5340 1743 5395 bibens
1765 5340 1966 5395 vincam
1998 5340 2333 5397 resistentem

784 5415 938 5469 nobis
972 5413 1262 5479 diabolum,
1287 5412 1665 5481 cooperatione
1690 5412 1921 5480 Spiritus
1960 5412 2134 5466 sancti
2170 5410 2264 5463 tui.
2311 5430 2330 5463 ι

782 5483 973 5541 Nescio
993 5499 1115 5553 ego,
1152 5484 1239 5535 ubi
1263 5483 1324 5553 in
1354 5483 1644 5553 Evangelia
1670 5484 1935 5553 scriptum
1968 5483 2076 5544 sit,
2110 5482 2333 5549 mandu-

782 5557 958 5608 cando
994 5551 1051 5609 et
1083 5552 1311 5606 bibendo
1341 5555 1478 5606 vinci
1508 5551 1812 5617 diabolum;
1869 5554 1959 5606 sed
2006 5555 2163 5611 bene,
2196 5554 2334 5617 quod

784 5640 952 5692 genus
982 5622 1199 5693 aliquod
1224 5692 1227 5693 ν
1256 5623 1637 5677 dremoniorum
1678 5639 1783 5677 nou
1834 5623 2105 5692 ejiciatur,
2148 5622 2246 5693 nisi
2283 5624 2335 5675 in

784 5694 1025 5749 t-ratione
1073 5692 1128 5751 et
1161 5692 1384 5762 jejunio.
1442 5694 1614 5763 Credo
1660 5693 1840 5763 itaque
1887 5694 2066 5747 dicere
2109 5692 2339 5747 voluisse

789 5764 1488 5833 pseudo-Ampltilnt:hiutn
1520 5802 1533 5826 ,
1590 5762 1849 5831 ft‘ttgalem
1904 5765 2145 5831 corporis
2202 5765 2337 5817 reie-

783 5838 1016 5888 ctionem
1090 5850 1193 5890 non
1251 5837 1439 5887 obesse
1484 5834 1875 5888 conlidentibus
1930 5836 1983 5888 in
2017 5835 2205 5895 Deum,
2232 5848 2338 5902 quo

784 5920 959 5961 mutus
976 5903 1241 5961 diabolum
1263 5905 1475 5961 vincere
1495 5906 1717 5975 possint,
1789 5906 1961 5976 gratia
2013 5906 2250 5976 Spit-itus
2274 5907 2329 5964 S.

2427 646 2610 700 valido
2641 644 2852 715 signum
2888 641 2991 695 sibi
3028 639 3151 695 ﬁdei
3182 638 3406 693 revelari
3432 639 3688 709 poscebat
3717 657 3733 695 :
3764 654 3999 710 moxque

2430 753 2552 792 cum
2590 745 2827 791 tremore
2856 746 3083 802 surgens
3116 740 3298 787 vestes
3321 731 3571 797 exuit,ac
3591 746 3713 787 cum
3733 732 3816 786 eis
3839 733 3999 801 plane

2428 826 2657 897 deponit
2684 835 2918 882 veterem
2952 822 3249 879 hominem.
3281 820 3373 876 Sic
3398 822 3608 877 demum
3660 822 3998 879 descendens

2428 921 2489 975 in
2518 934 2713 988 aquam
2745 957 2762 983 ,
2795 916 3119 986 precabatur
3152 929 3167 967 :
3200 924 3255 969 et
3279 914 3545 969 accedens
3573 915 3831 970 sacerdos
3870 928 3994 970 eum

2427 1011 2726 1081 baptizavit
2774 1008 2904 1079 (26).
2942 1008 3009 1063 Et
3042 1020 3169 1062 ecce
3192 1005 3376 1075 fulgur
3420 1005 3558 1074 ignis
3582 1006 3847 1075 praefulsit
3892 1007 3991 1072 eis,

2428 1118 2759 1177 egressaque
2789 1118 2855 1157 ex
2887 1116 2954 1158 eo
2983 1101 3232 1158 columba
3263 1100 3317 1154 in
3368 1097 3657 1154 Jordanem
3684 1098 3993 1163 descendit,

2426 1214 2491 1254 ac
2540 1195 2757 1252 turbata
2785 1209 2925 1265 aqua
2954 1194 3005 1248 in
3033 1192 3231 1249 ctelum
3265 1190 3497 1246 avolavit
3526 1206 3541 1243 :
3569 1190 3660 1260 qui
3686 1205 3818 1247 vero
3841 1199 3994 1246 asta—

2425 1291 2557 1345 bant
2580 1297 2820 1344 tremore
2844 1286 3102 1354 correpti,
3134 1287 3298 1341 Deum
3328 1281 3787 1354 glorificaverunt.
3823 1282 3995 1337 Porro

2428 1380 2682 1441 Basilius,
2712 1386 2970 1447 suscepto
3003 1374 3356 1444 baptismate,
3385 1375 3451 1430 de
3476 1388 3613 1445 aqua
3650 1372 3839 1439 exivit,
3872 1388 3993 1429 om-

2425 1488 2634 1543 Iesque
2683 1472 2749 1526 ad
2811 1483 3000 1541 preces
3049 1468 3295 1525 hortatus
3344 1476 3447 1524 est.
3479 1468 3768 1522 Admirans
3812 1476 3993 1522 autem

2433 1564 2701 1618 Maximus
2731 1560 2917 1617 Basilii
2940 1559 3122 1627 fidem,
3152 1562 3513 1632 precibusque
3538 1575 3702 1630 super
3732 1574 3860 1614 eum
3913 1559 3997 1612 fu-

2424 1652 2521 1718 sis,
2545 1651 2965 1707 resurrectionis
2986 1649 3188 1706 Christi
3213 1650 3450 1705 vestibus
3477 1651 3668 1705 induit.
3693 1647 3998 1719 Baptizavit

2426 1753 2605 1798 autem
2663 1751 2718 1796 et
2765 1741 3025 1798 Euhuium
3053 1781 3069 1807 ,
3118 1741 3440 1812 tingensque
3487 1756 3646 1797 sacro
3692 1749 3991 1813 unguento,

2427 1834 2647 1889 tradidit
2687 1836 2955 1889 vivillcam
3017 1834 3475 1889 communionem.
3526 1832 3757 1902 Rogavit
3810 1842 3994 1890 autem

2352 1911 2395 1969 Β
2430 1926 2660 1983 Basilius
2690 1926 2782 1981 Dei
2812 1924 3170 1988 sacerdotem,
3205 1935 3263 1980 ut
3288 1933 3613 1996 apprecante
3642 1924 3779 1991 ipso,
3810 1925 3993 1979 cibum

2420 2020 2521 2075 sibi
2556 2020 2744 2075 liceret
2771 2032 2988 2073 sumere
3017 2034 3033 2073 :
3066 2016 3207 2086 quod
3252 2024 3309 2072 et
3369 2014 3625 2072 obtinuit.
3666 2013 3803 2068 Tum
3841 2016 3995 2071 Basi-

2422 2112 2525 2165 lius
2552 2129 2566 2165 :
2613 2129 2633 2163 (
2667 2108 2795 2165 Jesu
2825 2108 3037 2165 Christe
3068 2108 3210 2164 Deus
3245 2115 3449 2173 noster,
3472 2107 3637 2160 credo
3664 2106 3994 2176 evangelicae

2422 2202 2539 2257 voci
2570 2214 2692 2266 tuac,
2722 2212 2777 2257 et
2796 2216 2957 2271 spero
2990 2200 3043 2256 in
3076 2209 3165 2257 tua
3190 2199 3436 2255 bonitate
3459 2198 3997 2270 ('27),mandueando

2421 2302 2475 2347 et
2504 2294 2742 2349 bibendo
2772 2294 3037 2347 victurum
3068 2306 3155 2348 me
3190 2293 3567 2348 adversantem
3620 2292 3775 2348 nobis
3799 2291 3993 2347 diabo-

2424 2386 2535 2440 lum
2567 2384 2771 2440 auxilio
2806 2384 3042 2455 Spiritus
3092 2383 3286 2440 sancti.
3326 2404 3348 2438 ι
3379 2383 3611 2456 Stupens
3659 2395 3839 2442 autem
3896 2386 3992 2442 Dei

2420 2477 2676 2534 sacerdos
2720 2492 2883 2548 super
2933 2476 3039 2533 fide
3074 2476 3190 2547 ejus
3220 2519 3236 2545 ,
3270 2490 3519 2533 reversus
3575 2486 3654 2532 est
3696 2493 3820 2532 cum
3877 2478 3987 2533 illis

2423 2571 2476 2625 in
2532 2580 2778 2626 sanctam
2833 2570 3131 2625 civitatem.
3182 2570 3397 2625 Annum
3452 2585 3578 2623 vero
3626 2570 3699 2625 ibi
3752 2585 3995 2624 commo-

2425 2666 2575 2714 ratus
2627 2673 2749 2712 cum
2800 2658 3048 2724 Enbulo,
3080 2661 3352 2714 communi
3407 2658 3640 2715 consilio
3699 2660 3851 2714 venit
3878 2659 3994 2714 An-

2424 2750 2705 2805 tiochiam.
2746 2748 2915 2806 Porro
2960 2750 3194 2804 Basilius
3222 2766 3251 2803 a
3290 2748 3504 2805 Meletio
3554 2748 3693 2820 (28),
3747 2751 3993 2820 ejusdem

2428 2842 2580 2899 urbis
2610 2842 2899 2913 episcopo,
2934 2841 3001 2895 ad
3034 2841 3246 2896 diaconi
3293 2841 3539 2896 ordinem
3598 2851 3900 2911 promotus.
3933 2842 3999 2896 li-

2424 2934 2693 3004 brumque
2730 2933 2844 3005 (29)
2878 2933 3295 2989 Proverbiorum
3328 2932 3736 3003 interpretatus,
3757 2933 3999 2989 admira-

2427 3028 2559 3083 tioni
2591 3026 2710 3082 fuit.

2497 3117 2614 3171 Non
2654 3117 2827 3171 multo
2853 3125 2973 3187 post
2998 3116 3274 3185 profectus
3317 3124 3401 3172 est
3424 3156 3440 3180 ,
3472 3132 3575 3170 una
3604 3131 3725 3171 cum
3758 3116 3994 3186 Eubulo,

2430 3208 2481 3261 in
2513 3206 2887 3276 Cappadocum
2914 3209 3281 3274 provinciam;
3335 3223 3571 3279 cumque
3592 3209 3995 3265 Cesareensem

2429 3299 2617 3353 urbem
2648 3307 2830 3352 essent
2858 3298 3150 3367 ingressuri
3181 3339 3198 3364 ,
3234 3299 3286 3352 in
3334 3300 3544 3356 visione
3572 3303 3751 3358 noctis
3780 3302 3995 3357 revela-

2427 3401 2540 3446 tum
2576 3399 2661 3446 est
2693 3388 2935 3457 ejusdem
2972 3397 3098 3442 tunc
3130 3388 3279 3442 urbis
3309 3389 3563 3457 episcopo
3590 3392 3704 3460 (‘50)
3724 3433 3741 3458 ,
3768 3392 3999 3448 Leontio

2437 3483 2653 3539 nomine
2680 3522 2696 3546 ,
2733 3483 2925 3537 horum
2968 3481 3267 3547 adventus;
3311 3481 3562 3549 quodque
3599 3483 3835 3539 Basilius
3874 3486 3995 3554 ejus

2503 3659 2615 3733 (28)
2676 3660 3559 3733 Basilium‘unqnamdiaconum
3617 3662 3782 3718 fuisse
3833 3675 3995 3731 negat

2428 3728 2801 3804 llcrtnautius,
2827 3732 2895 3804 ob
2922 3728 3191 3804 silentium
3222 3731 3545 3804 Nazianzeui
3571 3752 3585 3800 ;
3622 3736 3711 3804 qui
3749 3746 3875 3789 ante
3906 3728 3994 3791 sa-

2432 3802 2755 3862 cerdotium,
2791 3801 2959 3852 solum
3010 3802 3253 3854 ordinem
3308 3812 3363 3855 et
3407 3801 3653 3857 oiiicium'
3672 3805 3892 3860 lectoris
3942 3808 3992 3860 ei

2437 3870 2707 3927 attribuit.
2762 3870 2920 3936 idque
2966 3869 3018 3920 in
3067 3867 3307 3924 Ecclesia
3339 3871 3688 3927 Cassarcensi.
3717 3874 3785 3927 Ut
3811 3885 3992 3930 autem

2436 3938 2741 3992 verosimile
2774 3952 2878 3990 non
2935 3948 3051 3997 est,
3080 3948 3321 3992 sanctum
3352 3951 3536 3993 contra
3570 3956 3803 3996 canones
3830 3984 3846 4006 ,
3905 3956 3997 3999 aut

2439 4008 2720 4063 transiisse
2751 4008 2818 4062 ab
2872 4023 2973 4062 una
3007 4007 3241 4061 Ecclesia
3277 4010 3341 4060 ad
3367 4010 3565 4075 aliam,
3620 4022 3713 4065 aut
3757 4019 3825 4067 ab
3879 4015 3985 4069 alio

2435 4093 2594 4151 quam
2638 4078 2857 4151 proprio
2878 4079 3131 4151 episcopo
3160 4080 3494 4151 ordinatum.
3530 4082 3599 4135 ita
3658 4097 3874 4151 quoque
3903 4099 3985 4139 est

2439 4149 2753 4204 incredibile
2787 4167 2814 4203 a
2846 4150 3053 4203 Melctio
3087 4149 3339 4217 episcopo
3361 4149 3697 4206 Antioclteno
3744 4149 3988 4209 creatum

2442 4219 2611 4289 fuisse
2642 4221 2923 4272 diaromtnt
2963 4238 2975 4273 :
3006 4222 3251 4289 quamvis
3282 4224 3330 4273 id
3362 4222 3642 4289 scripserit
3665 4222 3918 4277 Socrates
3937 4237 3988 4277 et

2439 4288 2804 4361 lﬁicephorus;
2842 4290 2928 4344 hic
2956 4290 3169 4361 quidem
3204 4289 3343 4361 illius
3362 4288 3689 4361 auctoritate
3712 4294 3991 4361 deceptus,

2440 4358 2527 4411 ille
2554 4369 2731 4411 autem
2765 4360 3092 4430 synonymia
3115 4359 3337 4415 alterius
3360 4359 3568 4427 Basilii,
3588 4373 3776 4417 sancto
3795 4358 3991 4419 Jdatttti

2436 4428 2824 4497 Cltrysostonio
2850 4428 3147 4497 familiaris.

2508 4496 2618 4567 (‘39)
2645 4498 2857 4553 Librum
2890 4496 3301 4553 Proverbiorum
3343 4499 3727 4570 interpretatus
3750 4514 3857 4568 est,
3885 4520 3995 4560 non

2437 4568 2733 4642 Antiochia:
2776 4570 3169 4642 diaconus,st
3198 4570 3457 4642 Cursarem
3488 4568 3767 4642 presbyter
3799 4573 3992 4631 factus.

2508 4639 2630 4712 (5t!)
2654 4639 2753 4695 Pro
2788 4639 3012 4693 Leontio
3045 4640 3214 4712 Ursus
3260 4640 3395 4712 apud
3436 4639 3791 4712 [toswcy'ttum
3836 4645 3998 4701 habet

2436 4708 2767 4764 Eusebium:
2809 4724 2989 4763 verum
3023 4726 3119 4779 pro
3170 4708 3421 4775 Eusebio,
3448 4708 3726 4765 Leontium
3763 4716 3999 4770 restituit

2435 4779 2791 4833 Combclisius
2817 4819 2833 4843 ,
2864 4790 2917 4833 et
2950 4780 3002 4833 in
3052 4782 3195 4835 hunc
3226 4780 3396 4833 locum
3450 4784 3521 4835 ita
3551 4795 3948 4842 commentatur
3979 4803 3993 4839 :

2441 4868 2458 4900 ι
2496 4850 2775 4904 Leontium
2802 4851 3135 4903 restituinttts
3168 4866 3230 4904 ex
3253 4852 3443 4920 duplici
3469 4852 3634 4920 licgio
3666 4855 3851 4909 codice
3877 4872 3991 4907 tua-

2430 4920 2565 4989 joris
2591 4932 2644 4975 et
2670 4920 2789 4971 tidei
2822 4930 2872 4973 et
2897 4920 3261 4989 antiquitatis;
3297 4936 3391 4974 nec
3422 4922 3526 4974 ulla
3562 4922 3785 4977 veritate
3815 4924 3997 4979 consi-

2435 4990 2550 5052 stit,
2570 4992 2852 5058 quodcum
2873 4990 3147 5058 impressis
3177 4992 3404 5045 habebat
3430 4992 3566 5046 alter
3587 4994 3752 5047 codex
3774 5012 3793 5044 ι
3830 4995 3993 5049 Euse-

2436 5061 2580 5115 bium
2616 5078 2630 5114 :
2680 5078 2699 5111 ι
2728 5071 2852 5114 ante
2878 5062 3032 5129 cujus
3051 5061 3411 5129 episcopatum
3452 5071 3669 5117 constat
3700 5062 3865 5118 fuisse
3891 5065 3992 5119 Ba-

2436 5132 2614 5184 silium
2642 5129 2918 5194 Cmsareae,
2950 5141 3007 5184 et
3031 5133 3183 5185 valde
3215 5141 3432 5195 notum;
3471 5133 3713 5186 utetiam
3742 5135 3994 5191 diverso-

2440 5216 2550 5254 l'tlllt
2581 5200 2772 5253 studiis
2805 5202 2875 5253 sit
2907 5216 3004 5268 pro
3051 5216 3116 5255 eo
3150 5203 3289 5255 inter
3317 5203 3504 5257 ambos
3534 5210 3817 5269 certatum,
3851 5208 3991 5261 mul-

2439 5272 2634 5339 lisque,
2672 5286 2735 5324 ac
2764 5274 3029 5338 praecipue
3082 5271 3361 5327 monachis
3390 5311 3404 5333 ,
3437 5274 3501 5325 ad
3528 5288 3644 5328 eam
3673 5274 3856 5330 sedem
3904 5280 3993 5339 de:

2437 5342 2785 5414 poscentibus
2829 5340 3125 5414 Basilium,
3168 5356 3298 5414 cum
3350 5343 3400 5414 vi
3446 5344 3677 5411 quadam
3739 5344 3989 5414 populari

2436 5412 2612 5464 eidem
2671 5412 2787 5483 luit
2830 5411 3112 5481 prtefectus
3168 5410 3475 5483 Eusebius,
3503 5425 3561 5466 ut
3605 5428 3690 5467 res
3739 5410 3878 5483 pene
3940 5417 3992 5469 iu

2440 5483 2673 5535 schisma
2707 5482 2933 5547 abierit,
2980 5486 3173 5551 vixque
3208 5482 3306 5551 ipsi
3339 5482 3720 5553 suifragatores
3744 5482 3991 5553 episcopi

2439 5564 2609 5604 ratam
2638 5553 2927 5606 habuerint
2953 5568 3103 5606 suam
3146 5552 3289 5605 illam
3338 5552 3654 5607 electionem
3687 5565 3741 5609 et
3773 5552 3992 5610 ordina-

2440 5624 2639 5675 tionem
2674 5640 2689 5693 ς
2725 5638 2786 5676 ac
2814 5638 2919 5677 uno
2944 5624 3220 5677 annitente
3261 5633 3411 5691 patre
3438 5622 3718 5693 Gregorio,
3748 5624 3984 5681 Nazian-

2438 5706 2572 5745 zeno
2600 5692 2870 5765 episcopo.
2900 5708 3039 5765 (egre
3082 5694 3367 5765 admodum
3418 5692 3711 5749 obtinuerit
3748 5695 3853 5750 :de
3883 5714 3986 5765 qua

2438 5779 2497 5815 re
2536 5763 2713 5817 multis
2763 5764 2876 5831 ipse
2915 5761 2968 5817 in
3009 5761 3223 5817 Basilio.
3273 5763 3440 5817 Porro
3489 5765 3587 5818 fuit
3617 5766 3871 5823 Leontius
3904 5761 3990 5821 ille

2438 5834 2522 5884 vir
2566 5834 2937 5904 clarissimus.
2978 5836 3043 5887 de
3073 5848 3179 5901 quo
3218 5833 3651 5904 Martyrologium
3688 5835 3985 5891 Romanum

2445 5904 2509 5960 15
2556 5902 2793 5960 Januarii
2828 5922 2838 5959 :
2877 5924 2894 5958 ι
2931 5904 3188 5963 Czcsarete
3222 5906 3273 5961 in
3309 5902 3641 5975 CappadOcia
3671 5906 3728 5975 ὃ.
3780 5907 3987 5965 Leontii
