4212 6498
638 445 1004 505 EXCERPTA
1045 446 1140 502 EX
1176 445 1384 503 ACTIS
1408 445 1467 501 S.
1496 441 1742 501 BASILll
1778 436 2540 500 BOLLANDIANIS.—VITA
2570 434 3002 493 APOCRYPIIA.

3320 454 3434 495 CCCl

224 580 505 626 successor
529 566 742 619 futurus
771 570 935 619 esset.
951 562 1052 629 Qui
1074 561 1485 635 expergefactus
1505 577 1538 617 a
1560 574 1776 623 somno,
1807 565 1853 623 Α
1883 566 2015 629 gunt
2064 554 2322 611 Basilium
2348 553 2415 608 ad
2444 548 2804 623 episcopalem
2850 549 3119 605 thronum.
3149 546 3441 603 Ol’dtttattts

218 661 425 730 accepit
469 656 769 728 principem
824 656 1174 713 sacerdotalis
1226 654 1556 718 ministerii,
1612 668 1778 722 quos-

218 754 446 822 damqne
476 748 692 819 piosde
728 745 905 813 clero;
933 756 989 802 et
1019 747 1165 803 misit
1198 745 1265 800 ad
1300 742 1616 801 orientalem
1656 758 1781 813 por-

220 856 329 898 tam
355 840 535 906 urbis,
568 840 755 897 dicens
786 842 867 899 eis
896 840 1183 895 visionem.
1203 836 1337 893 Cum
1365 852 1498 906 ergo
1524 836 1782 892 abiissent

220 938 285 991 ad
335 945 551 1007 portam
580 974 599 1001 ,
646 941 999 991 occurrerunt
1048 930 1498 999 ingredientibus,
1528 931 1780 1000 visosque

220 1037 557 1097 agnoverunt
586 1042 603 1083 :
633 1035 688 1081 at
712 1026 790 1081 illi
820 1033 1075 1096 rogarunt
1108 1022 1299 1078 deduci
1346 1024 1414 1077 ad
1448 1021 1775 1093 episcopum.

227 1121 507 1191 lngressos
534 1126 715 1173 autem
745 1116 867 1173 illos
899 1129 1021 1171 cum
1081 1116 1381 1185 aspexisset
1410 1112 1780 1168 sanctissimus

219 1210 521 1278 episcopus,
550 1222 617 1264 ex
652 1205 873 1261 visionis
900 1202 1252 1259 similitudine
1272 1203 1326 1257 in
1377 1211 1651 1272 stuporem
1682 1215 1777 1254 ac-

222 1310 327 1366 tus,
360 1300 474 1356 Deo
502 1298 706 1372 gratias
735 1297 884 1366 egit;
931 1295 1288 1366 quaesivitque
1340 1296 1480 1350 unde
1512 1293 1777 1357 venirent,

220 1400 275 1445 et
308 1404 418 1461 quo
446 1389 612 1451 irent,
643 1400 708 1442 ac
745 1386 963 1456 quinam
999 1394 1340 1442 vocarentur.
1376 1383 1509 1439 Cum
1538 1397 1668 1439 vero
1699 1384 1782 1439 di-

220 1480 458 1545 dicisset,
490 1476 652 1548 jussit
678 1476 940 1532 ministris
991 1483 1049 1528 ut
1077 1488 1310 1545 congrua
1336 1474 1417 1529 eis
1440 1472 1507 1527 ad
1539 1471 1781 1542 requiem

220 1569 523 1639 praeberent
560 1584 577 1623 :
608 1565 643 1621 ii
694 1575 877 1621 autem
904 1566 971 1620 ad
1020 1565 1230 1631 insigne
1261 1562 1505 1618 adductis
1531 1576 1785 1619 cmnacu-

221 1660 327 1713 lum
359 1697 375 1724 ,
416 1656 674 1728 quidquid
726 1656 971 1712 fovendis
1003 1662 1161 1717 erat,
1190 1652 1555 1722 protulerunt.
1612 1651 1785 1709 Porro

220 1751 304 1803 vir
320 1757 567 1816 sanctus,
590 1748 869 1805 accersitis
899 1747 1087 1803 eadem
1125 1747 1255 1800 liora
1288 1742 1419 1799 cieri
1460 1752 1517 1799 et
1547 1742 1785 1799 civitatis

222 1840 571 1909 primoribus,
601 1840 880 1897 enarravit
907 1838 1035 1901 illis,
1061 1851 1181 1907 qua:
1205 1837 1306 1893 sibi
1338 1851 1367 1891 a
1413 1836 1522 1891 Deo
1544 1837 1775 1892 revelata

1882 661 2008 702 vero
2034 686 2050 711 ,
2080 643 2479 717 sapientissima
2540 642 2635 698 Dei
2688 639 3020 712 providentia
3045 679 3062 704 ,
3106 636 3441 709 gubernabat

1878 736 2195 793 Ecclesiam.

1953 829 2084 885 Post
2104 828 2323 899 aliquod
2356 840 2487 882 vero
2520 835 2733 896 tempus
2757 825 3049 897 postulavit
3071 838 3102 880 a
3132 823 3242 880 Deo
3260 863 3276 888 ,
3332 837 3442 894 quo

1878 922 1982 977 sibi
2006 921 2234 991 gratiam
2252 928 2309 975 et
2332 918 2655 990 sapientiam
2677 928 2732 974 et
2754 918 3083 975 intellectum
3101 916 3441 983 concederet,

1879 1023 1939 1069 ut
1998 1028 2113 1068 suis
2149 1013 2263 1083 ipse
2296 1013 2479 1068 verbis
2507 1054 2525 1078 ,
2581 1012 2924 1067 incruentum
2974 1010 3083 1065 Deo
3116 1008 3442 1066 sacrificium

1878 1100 2139 1168 offerret;
2167 1111 2331 1171 utque
2374 1102 2428 1156 in
2484 1101 2656 1170 ipsum
2688 1098 2921 1170 Spiritus
2966 1097 3138 1153 sancti
3184 1098 3446 1152 adventus

1880 1192 2058 1248 fleret.
2091 1193 2223 1248 Post
2250 1208 2345 1248 sex
2367 1202 2545 1247 autem
2571 1191 2705 1254 dies,
2735 1190 2883 1245 velut
2910 1189 2967 1244 ltt
2993 1188 3190 1244 mentis
3222 1202 3446 1244 excessu

1884 1282 2120 1355 Spiritus
2148 1285 2320 1341 sancti
2375 1282 2664 1355 praesentia
2696 1282 2871 1338 factus
2892 1322 2909 1347 ,
2947 1283 3036 1336 ubi
3067 1282 3285 1337 advenit
3331 1280 3447 1335 dies

1880 1377 2109 1445 septima
2146 1416 2161 1441 ,
2212 1375 2279 1431 ad
2331 1377 2489 1431 horas
2547 1373 2658 1445 (32)
2693 1374 2935 1445 singulas
2977 1373 3090 1429 Deo
3136 1372 3449 1427 ministrare

1883 1471 2088 1540 cmpit,
2142 1470 2231 1525 diu
2298 1478 2571 1537 noctuque
2630 1466 2918 1523 defunctus
2970 1480 3191 1537 precum
3249 1462 3444 1520 officio.

1885 1563 2085 1619 Astans
2130 1563 2276 1617 enim
2322 1561 2577 1617 Dominus
2615 1562 2669 1616 in
2715 1560 2921 1615 visione
2974 1574 3098 1614 cum
3152 1556 3448 1625 apostolis,

1886 1669 2027 1725 pane
2056 1663 2112 1710 et
2137 1655 2262 1708 vino
2310 1654 2364 1708 in
2396 1668 2556 1709 sacro
2608 1654 2765 1708 altari
2823 1651 3115 1722 propositis
3140 1693 3155 1717 ,
3190 1648 3449 1704 Basiliqu

1885 1747 2141 1802 excitavit
2194 1746 2383 1801 dicens
2428 1756 2444 1798 :
2494 1764 2513 1798 ι
2575 1744 2883 1801 Secundum
2937 1742 3249 1813 petitionem
3301 1750 3448 1795 tuam

1890 1838 2159 1909 repleatur
2208 1853 2271 1893 os
2320 1848 2467 1892 tuum
2518 1837 2676 1891 laude
2702 1875 2717 1902 ,
2758 1845 2817 1891 ut
2857 1836 2964 1892 tuis
2993 1837 3108 1905 ipse
3134 1834 3315 1889 verbis
3368 1832 3453 1885 in-

222 1940 423 1987 essent.
456 1930 496 1986 li
552 1946 681 1987 vero
726 1947 829 1985 una
863 1927 931 1984 ad
960 1942 1081 1983 eum
1116 1942 1250 1984 voce
1292 1945 1308 1983 :
1354 1945 1375 1979 α
1412 1927 1551 1984 Vere
1578 1936 1634 1983 et
1689 1928 1791 1983 hoc
1819 1934 1864 1989 Β
1892 1938 2178 1984 cruentum
2210 1927 2538 1983 sacrificium
2561 1927 2756 1983 olleras
2787 1927 2923 1999 ('55).
2961 1946 2980 1980 ι
3010 1929 3080 1981 At
3117 1927 3205 1981 ille
3230 1940 3337 1980 non
3372 1924 3454 1978 fe-

224 2023 476 2093 congruit
511 2022 723 2078 mundae
751 2031 854 2076 tua:
893 2021 1018 2074 vitae
1044 2061 1059 2083 ,
1096 2030 1156 2074 ιιι
1182 2020 1363 2075 divino
1400 2018 1556 2075 nobis
1576 2019 1786 2076 calculo

226 2113 581 2179 revelaretur,
611 2114 732 2183 quis
760 2120 877 2181 post
907 2122 960 2166 te
986 2110 1351 2179 pontificalem
1397 2108 1647 2163 thronum
1696 2125 1789 2165 or-

224 2214 452 2261 naturus
503 2212 683 2261 esset:
716 2202 858 2258 umle
918 2202 1052 2257 nihil
1082 2212 1364 2266 moratus,
1391 2200 1478 2257 fac
1522 2203 1664 2272 quod
1706 2205 1788 2258 lu-

226 2297 339 2353 bet.
397 2315 417 2349 ι
466 2296 650 2352 Atille
689 2295 953 2351 advocato
982 2294 1183 2351 Basilio
1224 2308 1329 2349 una
1381 2309 1503 2350 cum
1534 2294 1742 2351 Eubulo
1769 2337 1783 2362 ,

226 2389 392 2460 coepit
422 2389 652 2443 scrutari
696 2402 818 2443 cum
872 2389 953 2445 eis
1019 2389 1327 2459 Scriptum
1350 2404 1534 2445 sacras
1574 2408 1588 2444 :
1626 2392 1790 2444 mira-

237 2492 428 2549 tusque
462 2478 517 2534 in
550 2479 678 2551 ipsis
713 2483 964 2551 reposita:
1017 2484 1292 2552 sapientiae
1322 2482 1563 2552 pelagus,
1616 2482 1789 2536 bonos

224 2577 527 2639 parastatas
552 2585 617 2627 ac
644 2571 919 2639 adjutores
946 2572 1153 2627 habuit.
1186 2572 1318 2627 Cum
1341 2571 1451 2643 (3i)
1480 2572 1660 2642 itaque
1684 2585 1789 2625 non

229 2661 396 2719 multo
418 2673 561 2733 post,
591 2665 875 2735 episcopus
903 2664 1187 2733 migrasset
1235 2678 1267 2719 e
1307 2664 1444 2729 vita,
1489 2663 1585 2734 qui
1623 2676 1789 2737 syno-

227 2754 352 2810 dum
383 2756 617 2825 agebant
643 2756 904 2825 episc0pi,
961 2764 1155 2811 auente
1188 2756 1395 2812 Suiritu
1428 2766 1622 2815 sancto
1695 2756 1794 2813 eli-

235 3024 253 3053 ι
281 3000 541 3071 episcopi,
571 3000 663 3070 qui
695 3002 795 3057 sub
826 3001 1034 3058 Licinio
1055 3002 1310 3057 adversus
1338 3002 1587 3071 gentiles.
1620 3012 1676 3057 et
1694 3002 1793 3058 sub

1892 2036 2019 2077 rens
2048 2020 2221 2076 oculis
2255 2020 2538 2084 visionem,
2570 2020 2810 2075 surrexit
2848 2019 3267 2083 tremebundus;
3295 2030 3453 2072 acce-

1893 2114 2130 2182 densque
2180 2112 2247 2166 ad
2284 2126 2498 2166 sacrum
2533 2114 2705 2167 altare
2732 2154 2747 2178 ,
2778 2113 2946 2183 cmpit
3000 2112 3180 2167 dicere
3203 2152 3220 2176 ,
3271 2111 3343 2165 ita
3399 2112 3454 2167 ia

1893 2206 2079 2261 charta
2109 2205 2349 2261 scribens
2378 2221 2395 2261 :
2420 2204 2705 2271 Rapiatur
2741 2221 2798 2260 os
2824 2220 2996 2259 meum
3030 2203 3208 2266 laude,
3245 2213 3301 2257 ut
3326 2219 3456 2257 can-

1894 2309 1996 2353 tem
2022 2299 2244 2369 gloriam
2278 2310 2449 2364 luam,
2475 2299 2697 2353 Domine
2727 2298 2864 2354 Deus
2890 2308 3065 2352 noster
3092 2298 3191 2366 (α),
3228 2297 3317 2365 qui
3362 2311 3459 2350 nos

1897 2390 2091 2441 creasti
2126 2398 2181 2442 et
2202 2389 2403 2445 duxisti
2427 2391 2493 2444 ad
2529 2390 2665 2444 hanc
2694 2388 2896 2452 vitam;
2940 2401 3004 2442 ac
3032 2387 3269 2457 reliquas
3292 2399 3460 2440 sacrm

1894 2476 2126 2546 liturgia:
2167 2494 2377 2549 preces.
2410 2479 2537 2535 Post
2579 2494 2802 2550 precum
2833 2493 2959 2534 vero
3009 2477 3167 2532 nem
3230 2476 3460 2531 elevavit

1895 2585 2112 2641 panem,
2145 2570 2355 2627 intense
2382 2585 2566 2637 orans,
2597 2582 2652 2625 et
2672 2570 2888 2626 dicens:
2918 2588 2937 2623 ι
2971 2566 3461 2631 Attende,Domine

1902 2659 2029 2719 Iesu
2051 2660 2289 2729 Christe,
2316 2662 2457 2717 Deus
2483 2670 2688 2726 noster,
2710 2659 2778 2715 de
2804 2669 2992 2714 sancto
3012 2657 3318 2713 habitaculo
3347 2666 3460 2720 tuo,

1898 2766 1953 2814 et
1978 2756 2101 2813 veni
2154 2756 2221 2811 ad
2269 2755 2718 2812 sanetillcandutu
2750 2768 2871 2819 nos,
2924 2752 3015 2822 qui
3071 2765 3283 2805 sursum
3338 2764 3460 2801 ctnn

1901 3017 2021 3077 post
2045 3007 2327 3064 Leontium
2357 3009 2757 3064 successionem
2787 3024 2801 3062 :
2836 3007 2889 3061 in
2918 3021 3021 3077 qua
3047 3014 3312 3077 repertam
3360 3002 3464 3057 dif-

896 3074 1127 3165 Arianae
1142 3072 1791 3165 ριυὲῑξιξιὲιέιξὲᾱςςῗμίινίι.ι
1827 3105 1869 3165 C
1902 3072 2194 3165 iieultateni
2225 3077 2490 3162 sublatam
2526 3080 2612 3133 ille
2643 3078 2891 3165 credidit,
2919 3072 3241 3165 vaticinium!
3260 3074 3329 3129 de
3358 3090 3464 3128 me-

230 3141 562 3214 Snbseripsit
588 3143 819 3196 concilio
846 3141 1165 3214 Ancyrano,
1215 3158 1279 3197 ac
1302 3142 1531 3198 subinde
1556 3143 1795 3201 Nicaeum

228 3213 409 3270 Potuit
438 3213 521 3266 vir
571 3222 793 3266 sanctus
846 3213 1128 3279 grandaeva
1172 3222 1330 3267 aetate
1358 3253 1373 3278 ,
1420 3228 1516 3268 ceu
1544 3214 1594 3267 in
1623 3214 1800 3269 subsi-

232 3285 377 3339 dium
405 3282 669 3352 adversus
700 3280 952 3345 Ariauos,
982 3281 1307 3336 destinatum
1350 3283 1799 3352 designatumque

231 3351 442 3411 (caelesti
476 3351 701 3405 oraculo
745 3365 1162 3416 successorem,
1216 3352 1491 3419 suscipere
1537 3351 1796 3407 Basilium

235 3426 547 3477 diaconum.
578 3420 716 3487 Quid
751 3422 894 3475 enim
925 3420 1127 3476 oraculi
1153 3421 1295 3478 illius
1321 3422 1537 3476 veritati
1568 3422 1799 3488 decedit,

232 3494 377 3563 quod
412 3506 518 3547 non
550 3492 829 3563 proximus
851 3492 1216 3559 successerit;
1248 3507 1451 3561 suaque
1477 3494 1656 3562 potius
1688 3508 1802 3547 tuo-

236 3562 405 3618 destia
443 3602 462 3629 ,
518 3578 678 3634 quam
706 3562 862 3634 malis
892 3563 1089 3618 civium
1144 3579 1364 3634 suor_um
1396 3564 1591 3634 studiis
1634 3564 1802 3619 semel

238 3631 562 3701 iterumque,
602 3644 711 3687 tttm
741 3631 1221 3703 Hernmgeni,_tum
1259 3632 1492 3687 Eusebio
1526 3635 1804 3703 posthabi-

238 3714 345 3769 tus,
378 3705 471 3757 vix
530 3703 741 3757 tandem
798 3701 990 3756 tertius
1018 3719 1049 3757 a
1095 3701 1604 3759 Lcontiothronum
1654 3703 1802 3757 illum

242 3772 839 3828 conscenderit
898 3772 1123 3825 Videtur
1194 3788 1324 3842 ergo
1392 3771 1804 3841 Amphilochius

244 3843 483 3898 voluisse
516 3855 717 3902 tacere,
747 3856 881 3910 quos
909 3842 1187 3896 oraculum
1219 3843 1512 3908 tacuisset;
1545 3858 1609 3899 ac
1660 3844 1807 3897 velut

242 3922 553 3984 sanctorum
580 3983 586 3984 ί
600 3912 974 3984 episcoporum
989 3982 997 3984 Α
1012 3913 1232 3984 seriem
1268 3923 1473 3976 texere,
1504 3915 1807 3984 suppressis

243 3980 513 4039 nonnullis
541 3980 930 4053 aliquantulum
986 3981 1286 4045 invidiosis,
1318 3980 1631 4053 quasietia'tn
1680 3986 1798 4053 ipso

245 4054 388 4109 velut
408 4054 673 4121 praemio
698 4052 1125 4116 subindicasset;
1155 4053 1206 4105 itt
1232 4053 1316 4105 illa
1338 4052 1517 4107 Basilii
1541 4052 1805 4113 absentia,

248 4139 364 4192 qua
399 4123 607 4178 Valenti
640 4133 694 4176 et
731 4122 945 4176 Arianis
975 4123 1183 4176 animos
1213 4122 1525 4187 addidisset,
1550 4136 1811 4192 spemque

247 4196 552 4250 evertenda:
599 4208 719 4246 cum
780 4192 1036 4264 episcopo
1082 4196 1298 4264 (nempe
1349 4192 1582 4249 Eusebio
1634 4196 1811 4247 minus

254 4281 407 4332 aequo
436 4264 662 4328 Basilio,
684 4264 754 4318 ob
786 4263 914 4317 illud
951 4265 1003 4317 in
1028 4263 1198 4332 ipsum
1235 4263 1548 4333 propensius
1574 4265 1808 4319 studium

251 4337 471 4403 civium)
517 4335 669 4388 urbis
693 4334 951 4389 Caesareae
983 4351 998 4387 :
1031 4351 1191 4395 quam
1230 4334 1588 4403 Amphilocltii
1614 4344 1669 4389 et
1687 4350 1809 4388 ors-

250 4405 352 4460 culi
385 4403 803 4473 profunditatem
832 4420 938 4457 non
968 4415 1253 4471 penetrans
1280 4404 1563 4471 imperitus
1584 4405 1811 4471 aliquis,

1904 3148 2050 3203 diata
2090 3147 2263 3205 solum
2325 3148 2750 3217 interpretando.
2795 3145 2995 3217 Verum
3026 3162 3172 3217 _ct_t_m
3228 3145 3465 3217 ineptum

1906 3219 2220 3276 existimet.
2266 3213 2582 3274 vaticinium
2648 3218 2788 3273 istud
2822 3215 3038 3272 attribui
3090 3213 3341 3278 Eusebio,
3400 3228 3467 3266 eo

1908 3290 2047 3359 quod
2076 3290 2163 3343 hic
2208 3288 2494 3359 Basilium,
2520 3289 2607 3344 cui
2657 3291 2748 3343 vix
2780 3289 2831 3343 in
2883 3284 3173 3356 episcopali
3201 3284 3467 3359 electione

1908 3354 2161 3428 praelatus
2200 3356 2417 3428 fuerat,
2455 3360 2665 3413 dicatur
2717 3354 3079 3426 interrogasse
3113 3354 3469 3428 quo_notnine

1908 3423 2227 3492 vocaretur;
2276 3427 2329 3481 id
2362 3436 2422 3481 ttt
2449 3443 2635 3482 revera
2679 3423 2973 3482 absurdum
3010 3434 3095 3481 est
3132 3423 3183 3478 itt
3211 3423 3469 3488 Eusebio,

1910 3497 2043 3554 nihil
2075 3498 2253 3552 minus
2272 3498 2559 3567 displicere
2582 3498 2737 3552 debet
2765 3498 2818 3550 in
2866 3496 3093 3550 Leontio
3114 3494 3246 3567 {qui
3269 3492 3467 3547 simili-

1912 3579 1991 3623 ter
2022 3584 2050 3623 a
2085 3564 2695 3638 pseudo-Amphilochio
2748 3566 3106 3622 introducitur
3135 3564 3472 3638 interrogans

1911 3632 2166 3693 Basiliam
2190 3639 2255 3693 de
2292 3632 2507 3692 nomine
2543 3654 2705 3707 quem
2759 3648 2884 3691 ante
2930 3650 3130 3707 paucos
3186 3647 3355 3687 annos
3387 3632 3469 3685 vi-

1913 3710 2042 3761 dere
2070 3716 2125 3763 et
2154 3707 2341 3762 audire
2374 3706 2666 3777 debuisset,
2695 3707 2934 3777 quotidie
2956 3706 3265 3777 Scripturas
3286 3717 3474 3758 sacras

1912 3777 2107 3849 populo
2140 3778 2539 3849 pralegentem.
2566 3774 2915 3840 Cutu'enim,
2952 3784 3091 3849 teste
3110 3774 3469 3849 Nazianxeno,

1913 3844 2151 3903 Basilius
2165 3844 2331 3918 longo
2355 3858 2593 3916 tempore
2624 3854 2749 3918 ante
2781 3844 3142 3918 sacerdotium
3173 3844 3226 3897 in
3253 3857 3474 3897 munere

1914 3919 2131 3974 lectoris
2167 3915 2332 3972 libr'os
2358 3915 2544 3971 saeros
2572 3916 2767 3987 populo
2804 3915 3107 3985 przelegerit
3128 3953 3143 3981 ,
3189 3927 3355 3987 nemo
3387 3926 3474 3965 ne-

1914 3990 2060 4058 gabit
2090 3987 2140 4042 iti
2172 4002 2383 4058 quoque
2403 3984 2746 4058 diaconatum
2770 3984 3129 4058 pmcessisse,
3155 3984 3202 4037 si
3236 3996 3473 4058 unquam

1915 4051 2038 4111 eum
2068 4051 2385 4113 susceperit.
2420 4056 2494 4111 lta
2552 4058 2606 4112 in
2645 4051 2839 4112 multas
2893 4056 3232 4109 difﬁcultates
3287 4051 3477 4107 incidi-

1919 4145 2058 4187 mus.
2089 4129 2134 4182 si
2174 4125 2381 4183 fabulas
2404 4128 2631 4183 velimus
2659 4129 2838 4179 facere
2871 4125 3148 4179 historias.

1987 4198 2101 4271 (3i)
2165 4199 2316 4271 Hune
2346 4198 2523 4253 locum
2580 4199 2625 4251 si
2680 4198 2802 4266 quis
2857 4193 3231 4271 perpenderit,
3270 4191 3480 4271 judica-

1917 4263 2021 4333 bit',
2076 4263 2132 4323 ut
2162 4269 2431 4330 existimo,
2465 4281 2593 4337 non;
2607 4263 2769 4337 posse
2813 4280 2933 4324 eum
2961 4263 3110 4337 :apte
3139 4263 3387 4337 intelligi
3412 4263 3479 4316 de

1921 4330 2150 4393 meiliata
2187 4339 2529 4393 successione
2560 4330 2747 4393 Basilii
2799 4347 2919 4406 post
2965 4330 3269 4406 Leontium,
3303 4330 3477 4406 tribus

1924 4409 2219 4479 interiectis
2274 4407 2546 4478 episcopis
2571 4449 2586 4474 ,
2619 4400 2849 4478 quorum
2881 4420 3019 4459 unus
3052 4401 3239 4474 viginti
3284 4400 3477 4457 saltent

255 4469 400 4529 male
416 4474 733 4539 Eusebium,
756 4474 839 4527 cui
877 4469 1118 4541 proxime
1145 4469 1513 4536 success—isset,
1540 4469 1819 4529 substituit
1850 4469 1894 4525 D
1923 4469 2077 4534 annis'
2110 4478 2269 4534 sedit,

257 4548 313 4600 ὃ.
344 4546 592 4601 Leontio.
636 4541 751 4598 ulta
800 4542 1177 4599 Combefisius.
1211 4545 1290 4597 Ad
1343 4542 1623 4599 Leontium
1674 4544 1817 4612 quod

256 4617 449 4669 attinet
497 4615 643 4684 (natu
696 4615 901 4685 reliqua
943 4615 1205 4685 tantisper
1236 4616 1399 4671 missa
1453 4614 1613 4677 facio,
1644 4614 1817 4668 donec

257 4689 319 4739 de
348 4686 415 4739 iis
441 4685 514 4739 sit
542 4685 733 4754 agendi
763 4684 957 4751 locus),
987 4690 1054 4739 ad
1073 4684 1381 4752 Leontium,
1412 4686 1652 4754 inquam,
1674 4685 1817 4752 quod

258 4756 481 4821 attinet;
507 4767 615 4808 n0n
646 4765 857 4822 poterat
904 4758 949 4809 is
977 4757 1288 4811 redeuntem
1316 4756 1545 4811 Athenis
1572 4763 1664 4808 aut
1689 4754 1818 4809 Hie-

262 4825 545 4897 rosolymis
576 4825 830 4897 excipere
882 4823 1139 4897 Basiliqu
1188 4841 1373 4897 gnam
1429 4835 1649 4897 sanctus
1705 4826 1821 4897 ipse

260 4893 543 4967 profitetur
563 4911 644 4961 se,
687 4893 717 4947 a
748 4893 938 4949 Dianio
965 4934 981 4959 ,
1023 4905 1145 4963 post
1192 4894 1579 4967 Hermogenem
1612 4893 1817 4953 Leontii

261 4964 575 5023 Successore
604 5007 621 5029 ,
655 4967 928 5020 admotum
957 4980 1114 5021 sacro
1149 4967 1449 5022 ministerio
1480 4964 1666 5033 fuisse,
1724 4979 1819 5021 seu

261 5038 573 5092 ordinatum
600 5038 882 5107 lectorem.
914 5035 1133 5107 Dianttts
1162 5038 1421 5107 vero,qui
1447 5036 1592 5091 circa
1621 5051 1820 5107 annum

261 5109 364 5165 362
394 5107 555 5169 obiit,
576 5105 976 5177 Casareensem
1006 5105 1373 5175 episcopatum
1429 5108 1585 5161 annis
1634 5105 1820 5177 viginti

263 5180 454 5245 tenuit,
500 5176 647 5231 circa
676 5175 775 5229 3M
804 5178 1083 5232 ordinatus
1130 5177 1417 5246 episcopus
1444 5218 1461 5244 ,
1491 5185 1546 5231 et
1580 5188 1639 5231 ut
1695 5175 1821 5230 talis

261 5248 506 5317 sequenti
537 5260 680 5302 anno
709 5247 1009 5317 _assistens
1051 5246 1408 5317 conciliabqu
1436 5248 1818 5317 Antiocheno:

262 5314 402 5373 inter
430 5333 592 5389 quem
619 5326 676 5374 et
707 5314 1017 5389 Leontium,
1060 5318 1103 5372 si
1140 5316 1462 5389 Hermogeni
1495 5333 1692 5388 paucos
1712 5316 1821 5389 sal-

263 5398 370 5442 tem
402 5386 575 5443 annos
608 5388 978 5449 concesseris,
1015 5402 1118 5441 non
1152 5388 1349 5457 poterit
1373 5389 1459 5441 ille
1490 5386 1688 5444 vidisse
1718 5386 1823 5439 Ba-

263 5460 465 5523 siliutn,
499 5460 599 5513 nisi
647 5460 934 5529 admodum
986 5457 1238 5529 juvenem
1271 5474 1286 5511 :
1316 5473 1507 5525 nempe
1537 5470 1821 5529 antequam

263 5530 562 5583 studiorum
588 5543 753 5584 causa
784 5528 1028 5584 Caesarea
1056 5527 1378 5583 discederet.
1412 5530 1469 5583 Si
1504 5527 1823 5597 igitur—Ant-

264 5598 587 5667 philochius,
624 5614 727 5653 non
750 5601 1064 5664 Eusebium,
1093 5608 1151 5653 ut
1173 5607 1318 5655 recte
1347 5601 1581 5655 ostendit
1601 5602 1827 5655 Combe-

267 5672 416 5725 lisius
441 5708 457 5731 ,
496 5670 591 5741 sed
641 5667 925 5741 Leontium
959 5671 1269 5741 scripserit,
1307 5671 1486 5739 plures
1538 5686 1665 5726 sane
1693 5670 1827 5725 ditii—

266 5742 495 5797 cultates
540 5738 812 5795 historica:
866 5738 1195 5811 supersunt,
1232 5738 1429 5812 praeter
1461 5743 1825 5800 itnntediatatu

333 5924 407 5997 (tt)
438 5924 581 5980 Psal.
610 5940 732 5992 ιιι,
755 5932 809 5982 tt.

1991 4548 2105 4620 (52)
2137 4548 2261 4620 Dies
2291 4547 2574 4620 prohoris
2609 4546 2781 4620 Ursus
2820 4543 3038 4616 posuit,
3075 4552 3259 4620 contra
3292 4540 3477 4620 ﬁdem,

1925 4610 2097 4673 ut'ait'
2131 4610 2506 4679 Comh'etisius,
2536 4610 2879 4685 antiquorum
2923 4614 3309 4685 exemplarium
3337 4627 3352 4665 :
3384 4610 3481 4685 sed

1923 4690 2012 4743 ille
2034 4690 2327 4744 absurdum
2372 4681 2721 4741 existimabat
2746 4688 2811 4741 ad
2842 4681 3093 4754 singulas
3116 4684 3277 4737 horas
3304 4681 3478 4736 sacri-

1924 4762 2104 4824 ficare,
2135 4760 2360 4826 ideoque
2390 4758 2507 4813 dies
2542 4758 2926 4826 interpretatus
2959 4765 3038 4809 est
3066 4773 3081 4809 :
3106 4754 3193 4809 hic
3216 4768 3344 4826 vero
3370 4766 3483 4803 ma-

1922 4831 2019 4885 luit
2050 4824 2401 4897 improprium
2440 4824 2773 4884 sacrificium
2802 4826 3109 4881 orationum
3136 4834 3191 4880 et
3216 4824 3481 4877 bonorum

1921 4915 2140 4971 cperunt
2173 4898 2489 4971 intelligere.

1991 4969 2112 5040 (33)
2162 4961 2591 5035 Quarti-eertum
2634 4977 2719 5023 est
2770 4983 2798 5021 a
2830 4966 3025 5021 Basilio
3078 4961 3344 5031 Iiturgiam
3397 4974 3481 5040 sa:

1922 5029 2484 5111 crattt'coitscripmm
2520 5051 2681 5111 esse,
2744 5046 2853 5111 tam
2903 5040 3164 5090 incertum
3210 5029 3320 5111 est.
3353 5029 3481 5111 quid

1924 5126 2064 5166 nunc
2098 5110 2320 5180 praecise
2340 5101 2529 5180 'ipsius
2542 5109 2637 5180 sit,
2665 5101 2717 5163 in
2754 5110 2819 5164 iis
2851 5122 2969 5177 qua:
2993 5112 3211 5159 exstant
3240 5101 3339 5155 sub
3368 5101 3483 5180 ejus

1926 5178 2144 5236 nomine
2177 5178 2461 5251 Liturgiis.
2511 5178 2620 5235 Nec
2666 5181 2863 5234 mirum
2895 5188 2979 5230 est
3024 5184 3175 5251 tanto
3225 5178 3483 5251 temporis

1924 5252 2099 5319 spatio
2128 5294 2144 5319 ,
2170 5242 2415 5322 quaedam
2448 5249 2729 5322 immutata
2777 5262 2897 5303 esse
2921 5286 2937 5312 ,
2962 5245 3250 5322 eumdem“
3265 5242 3443 5322 addita
3467 5281 3484 5305 ,

1924 5309 2169 5391 quaedam
2188 5309 2368 5391 'etiam
2414 5320 2649 5374 sublata.
2677 5320 2840 5391 Certe
2862 5309 3025 5391 verba
3052 5317 3177 5381 ista,
3204 5309 3487 5391 licpleatar

1926 5381 1983 5445 6.
2012 5408 2183 5445 meum
2239 5390 2415 5458 laude,
2449 5401 2505 5443 ut
2533 5400 2733 5443 cantem
2759 5388 2983 5458 gloriam
3020 5397 3186 5449 tuam,
3235 5382 3289 5458 in
3323 5381 3485 5434 nullis

1931 5461 2216 5518 Basilianae
2304 5452 2565 5530 Liturgize
2641 5452 3042 5528 exemplaribus
3118 5452 3483 5530 reperiuntur.

1927 5533 2115 5589 Oratio
2151 5546 2304 5597 vero,
2348 5547 2366 5581 ς
2401 5520 2626 5603 ροῖηῆηθ
2657 5520 3025 5603 Deus'noster,
3066 5544 3086 5577 ι
3116 5520 3486 5603 (Μηριριιυο

1931 5620 2011 5668 ra,
2043 5623 2060 5654 ι
2090 5605 2322 5657 Attende
2348 5644 2364 5668 ,
2403 5601 2668 5663 Domine,
2708 5618 2727 5651 ι
2768 5606 2983 5668 exstant
3010 5599 3062 5650 itt
3095 5599 3486 5668 pra-notuittata

1929 5660 2211 5742 Liiurgia;
2265 5660 2545 5738 secunda,
2600 5660 2845 5726 etiamin
2896 5660 3139 5739 Liturgi'a
3182 5660 3487 5720 SJoaunis

1929 5745 2322 5800 Chrvsostomi.
