4212 6490
715 432 849 470 CCCII

2083 426 2604 487 PROLECOMENA.

719 549 877 603 l’alic
909 551 1082 615 sedes,
1119 564 1170 608 et
1209 555 1294 609 hic
1323 557 1601 611 nobiscum
1631 559 1974 614 invisibiliter
2007 564 2273 628 versaris;
2309 555 2350 605 Α

2309 555 2350 605 Α
2383 554 2436 598 et
2462 547 2640 601 missae
2670 549 2937 615 ordinem,
2994 548 3392 619 Dominicaeque
3426 550 3823 606 communionis
3847 567 3936 605 ex-

718 651 772 691 et
806 642 1027 710 dignare
1063 648 1265 712 potenti
1301 663 1461 700 manu
1494 657 1578 701 tua
1639 651 1793 704 nobis
1831 652 2089 720 impertiri
2121 672 2275 711 sacra

724 735 997 802 mysteria,
1031 747 1085 791 et
1115 754 1209 805 per
1243 755 1341 793 nos
1371 742 1467 794 toti
1495 743 1708 811 potiulo.
1755 763 1773 794 ι
1809 745 2043 802 Deinde:
2090 767 2107 798 ι
2143 748 2278 803 San-

720 835 804 877 cta
839 828 1061 880 sanctis.
1094 848 1110 879 »
1146 830 1415 898 Populus:
1456 851 1473 882 ι
1524 833 1669 888 Unus
1703 835 1952 902 Sanctus,
2003 854 2141 893 unus
2175 840 2277 894 Do-

722 916 900 971 minus
924 916 1082 972 Jesus
1107 918 1373 986 Christus,
1400 924 1450 975 in
1479 922 1697 993 gloriam
1721 925 1813 978 Dei
1840 924 2033 981 Patris.
2053 927 2239 982 Amen.
2256 948 2272 980 ι

721 1004 962 1075 Cumque
995 1023 1184 1077 panem
1213 1010 1485 1066 divisisset
1507 1014 1556 1066 in
1602 1024 1708 1069 tres
1736 1025 1938 1084 partes,
1975 1033 2135 1070 unam
2161 1020 2280 1087 qni-

722 1099 843 1150 dem
908 1115 1032 1153 cum
1090 1102 1258 1157 multo
1301 1105 1492 1158 timore
1523 1115 1576 1158 et
1611 1107 1960 1163 veneratione
2011 1110 2278 1177 sumpsit;

723 1189 946 1243 alteram
981 1206 1107 1245 vero
1129 1208 1231 1245 una
1272 1209 1454 1248 secum
1492 1198 1850 1265 sepeliendam
1874 1200 2108 1252 servavit
2146 1199 2280 1271 (34);

723 1284 935 1337 tertiam
980 1285 1210 1354 denique
1250 1287 1300 1339 in
1338 1286 1579 1342 columba
1615 1289 1725 1360 (55)
1763 1305 1926 1345 aurea
1954 1293 2277 1360 depositam,

725 1369 956 1439 desuper
977 1387 1193 1426 sacrum
1223 1373 1390 1430 altare
1428 1379 1725 1445 suspendit.

794 1461 1028 1516 Eubulus
1048 1476 1224 1521 autem
1251 1469 1445 1523 etcleri
1475 1473 1738 1538 princeps,
1771 1470 1930 1525 simul
1961 1481 2164 1526 stantes
2189 1488 2283 1542 pro

724 1546 811 1600 for
833 1548 933 1603 bus
963 1555 1167 1622 templi,
1197 1557 1451 1610 videbant
1477 1558 1526 1610 in
1558 1560 1756 1624 templo
1802 1560 1978 1613 lumen
2023 1563 2281 1628 spiritale,

730 1639 981 1708 virasque
1019 1643 1280 1708 gloriosos
1306 1648 1501 1701 amictu
1530 1650 1779 1713 candido,
1805 1665 1867 1704 ac
1893 1666 2076 1706 vocem
2101 1653 2281 1721 populi

726 1728 1076 1796 glorificantia
1130 1736 1455 1803 Dominum,
1517 1754 1613 1793 nec
1651 1755 1753 1793 non
1803 1751 2065 1797 astantem
2126 1743 2284 1798 altari

726 1820 979 1877 Basilium
1009 1844 1022 1878 :
1049 1828 1391 1899 perculsique
1450 1846 1514 1885 ex
1555 1831 1759 1886 visione
1790 1875 1803 1899 ,
1844 1845 2171 1901 proruerunt
2231 1837 2282 1888 in

2385 639 2711 705 ploraturus.
2744 642 2897 698 Videt
2919 659 3047 698 vero
3076 643 3127 696 in
3172 641 3356 697 Basilii
3387 644 3628 698 manibus
3653 643 3937 714 puerulum

2384 731 2533 786 velut
2563 736 2900 790 membratim
2930 737 3092 790 incidi
3121 736 3266 805 (56);
3294 745 3488 789 etcum
3513 745 3792 791 sumerent
3819 751 3942 792 om-

2384 836 2502 887 nes,
2537 824 2701 877 etiam
2753 825 2865 895 ipse
2908 827 3154 890 accessit,
3206 827 3498 894 datumque
3542 829 3680 896 quod
3711 829 3945 883 veritate

2385 929 2511 969 caro
2543 925 2687 971 esset
2712 919 2919 987 accepit
2948 936 2962 972 :
2988 935 3110 974 cum
3136 920 3281 972 venit
3311 917 3380 972 ad
3413 919 3654 982 calicem,
3686 930 3739 976 et
3762 921 3941 991 ipsum

2385 1005 2598 1073 plenum
2625 1009 2909 1080 sanguine,
2933 1010 2997 1064 de
3018 1025 3187 1080 eoque
3220 1014 3380 1066 etiam
3413 1011 3778 1080 participavit.
3804 1012 3940 1066 Cum

2386 1109 2511 1150 vero
2536 1099 2601 1152 de
2620 1098 2862 1167 utrisque
2883 1107 3155 1154 servasset
3184 1099 3458 1169 reliquias,
3486 1099 3700 1154 domum
3727 1099 3942 1164 abiens,

2388 1190 2565 1253 uxori,
2604 1190 2668 1244 ad
2700 1190 3000 1246 faciendam
3032 1193 3212 1246 verbis
3241 1190 3692 1257 ﬁdem,ostendit,
3715 1207 3947 1245 narrans

2389 1293 2507 1346 quae
2555 1283 2785 1350 propriis
2814 1284 2929 1352 ipse
2980 1283 3154 1337 oculis
3179 1283 3421 1338 vidisset.
3466 1282 3764 1338 Persuasus
3815 1297 3947 1351 ergo

2389 1385 2508 1424 esse
2554 1385 2740 1425 revera
2771 1373 3096 1429 horrendum
3127 1383 3182 1430 et
3224 1375 3467 1430 mirabile
3512 1373 3946 1428 Christianorum

2389 1470 2785 1516 sacramentum
2811 1501 2826 1528 ,
2859 1464 2910 1516 in
2940 1465 3232 1518 crastinum
3257 1464 3369 1519 adit
3419 1463 3697 1528 Basilium,
3723 1463 3949 1530 supplex

2389 1571 2570 1619 orans,
2605 1564 2662 1608 ut
2688 1557 2804 1610 sine
2856 1572 3002 1610 mora
3041 1559 3310 1627 acciperet
3358 1559 3558 1614 Christi
3586 1556 3948 1626 signaculum.

2389 1647 2489 1714 Qui
2523 1646 2655 1701 nihil
2703 1656 3007 1712 cunctatus,
3042 1648 3212 1702 solitis
3257 1664 3382 1704 vero
3428 1649 3614 1720 gratiis
3641 1650 3690 1703 ei
3723 1648 3943 1712 habitis,

2390 1739 2477 1807 qui
2512 1738 2626 1792 vult
2649 1753 2836 1794 omnes
2864 1737 3039 1793 salvos
3069 1737 3208 1800 ﬁeri,
3240 1742 3544 1794 credentem
3578 1740 3632 1794 in
3664 1737 3948 1794 Dominum

2392 1845 2511 1884 cum
2541 1831 2686 1884 omni
2718 1832 2875 1885 domo
2902 1846 2994 1884 sua
3021 1829 3333 1899 baptizavit.

729 1911 919 1967 faciem
979 1916 1113 1970 fusis
1145 1919 1398 1989 lacrymis
1422 1961 1438 1986 ,
1492 1931 1547 1976 et
1583 1922 1948 1992 glorificantes
1978 1924 2283 1978 Dominum.
2317 1909 2360 1961 Β
2459 1925 2699 1993 Cumque
2727 1933 2940 1978 sanctus
2967 1923 3332 1991 egrederetur,
3359 1919 3564 1974 accedit
3595 1921 3659 1972 ad
3680 1934 3801 1973 eum
3830 1935 3950 1971 mu-

730 2003 958 2072 Egresso
1006 2017 1185 2064 autem
1234 2010 1432 2066 Basilio
1455 2052 1469 2077 ,
1502 2015 1816 2067 ceciderunt
1847 2015 1911 2068 ad
1946 2017 2109 2085 pedes
2151 2017 2285 2086 ejus,

727 2108 782 2150 et
809 2098 1169 2156 adoraverunt
1202 2103 1400 2170 ipsum.
1433 2105 1502 2158 At
1535 2105 1619 2158 ille
1646 2107 1892 2174 quaesivit
1923 2122 2142 2161 causam
2170 2108 2291 2161 ado-

729 2189 956 2245 rationis
981 2204 1034 2246 et
1065 2194 1325 2250 adventus
1353 2211 1564 2250 eorum.
1590 2197 1665 2250 llli
1697 2212 1824 2252 vero
1851 2198 2101 2252 dixerunt
2125 2200 2290 2252 mira-

731 2281 836 2336 bile
879 2289 1426 2357 spectaculum,quod
1482 2291 1741 2345 vidissent
1785 2292 1836 2344 in
1865 2290 2082 2360 templo.
2138 2291 2288 2346 Tunc

729 2369 983 2441 Basilius,
1014 2376 1124 2431 Deo
1152 2377 1426 2433 ferventer
1461 2381 1596 2434 actis
1632 2380 1818 2448 gratiis
1843 2420 1858 2444 ,
1914 2379 2285 2446 hujuscemodi

729 2463 807 2514 eis
843 2465 1104 2520 mirabilia
1159 2471 1434 2524 enarravit
1467 2490 1480 2524 :
1510 2481 1562 2523 et
1614 2475 1876 2525 advocato
1911 2472 2133 2526 aurifice
2161 2473 2290 2526 fecit

731 2552 1034 2607 columbam
1061 2556 1126 2608 de
1155 2573 1288 2611 auro
1319 2563 1537 2623 mundo,
1581 2561 1742 2628 inque
1772 2576 1834 2614 ea
1869 2563 2165 2629 portionem
2195 2563 2290 2616 de-

733 2645 938 2710 posuit;
972 2654 1026 2698 et
1050 2661 1211 2715 super
1238 2663 1446 2702 sacram
1478 2664 1742 2713 mensam,
1774 2651 1920 2704 velut
1945 2653 2167 2719 figuram
2197 2667 2291 2705 sa-

732 2749 836 2787 crze
886 2735 1029 2790 illius
1080 2740 1382 2804 columbae,
1408 2754 1526 2809 qua:
1578 2740 1629 2793 in
1664 2739 1876 2795 Domini
1907 2742 2172 2811 baptismo
2236 2742 2289 2796 in

728 2823 960 2881 Jordane
993 2829 1349 2898 apparuisset,
1378 2833 1678 2902 suspendit.
1706 2833 1774 2887 lis
1806 2848 1967 2901 porro
1993 2835 2064 2887 ita
2093 2834 2285 2904 gestis,

733 2927 788 2968 ct
845 2917 930 2971 ubi
990 2919 1036 2975 is
1084 2919 1391 2976 habiturum
1425 2937 1481 2976 se
1530 2925 1749 2978 verbum
1794 2926 2184 2980 exhortationis
2224 2926 2290 2980 ad

732 3010 982 3073 populum
1031 3013 1401 3080 promisisset,
1479 3025 1803 3086 congregata
1860 3027 1943 3071 est
2001 3017 2291 3071 multitudo

732 3101 938 3155 infinita
973 3102 1040 3158 ad
1065 3103 1344 3160 ecclesiam
1377 3147 1391 3170 ,
1435 3107 1485 3160 in
1517 3109 1715 3176 quibus
1741 3111 1903 3160 etiam
1954 3122 2179 3175 magnus
2205 3106 2294 3160 ille

731 3194 1054 3249 exercitator
1086 3205 1141 3251 et
1171 3198 1468 3251 monachus
1499 3198 1755 3265 Ephrem,
1805 3199 1870 3252 de
1912 3213 2018 3266 quo
2049 3207 2291 3267 postmo-

2389 2016 2605 2069 liercula
2631 2056 2644 2078 ,
2687 2030 2851 2070 orans
2891 2023 2948 2067 nt
2985 2013 3099 2082 ejus
3129 2012 3354 2068 haberet
3404 2026 3608 2076 curam,
3655 2011 3800 2062 velut
3860 2011 3950 2077 qui

2389 2107 2527 2174 apud
2580 2105 2868 2172 provincia:
2921 2103 3205 2173 praesidem
3246 2102 3568 2156 auctoritate
3602 2097 3826 2152 valeret.
3884 2099 3954 2151 At

2391 2175 2478 2250 ille
2523 2205 2739 2263 accepta
2788 2197 2998 2258 charta,
3053 2194 3166 2248 haec
3195 2194 3249 2247 in
3292 2209 3354 2248 ea
3411 2191 3625 2263 praesidi
3651 2189 3952 2244 exaravit:

2397 2307 2415 2339 ι
2457 2288 2601 2340 Adiit
2649 2302 2732 2340 me
2783 2287 2974 2340 mulier
3022 2285 3343 2355 paupercula
3372 2326 3387 2348 ,
3426 2286 3610 2339 dicens
3658 2296 3818 2351 posse
3866 2295 3955 2333 me

2387 2378 2527 2447 apud
2579 2389 2649 2431 te.
2697 2376 2752 2431 Si
2806 2391 2936 2444 ergo
2993 2391 3209 2445 possum
3241 2418 3255 2442 ,
3306 2377 3546 2429 ostende.
3583 2392 3603 2425 ι
3657 2372 3958 2438 Traditque

2392 2470 2636 2522 chartam
2679 2468 2890 2522 mulieri
2926 2487 2941 2523 :
2981 2468 3072 2522 illa
3121 2482 3249 2521 vero
3290 2466 3527 2535 profecta
3585 2464 3815 2520 reddidit
3843 2462 3956 2530 epi-

2391 2559 2583 2612 stolam
2637 2560 2869 2626 prmsidi.
2925 2560 2993 2612 At
3047 2559 3137 2612 ille
3168 2559 3254 2612 ubi
3289 2558 3458 2626 legit,
3495 2558 3592 2612 ista
3625 2555 3906 2622 rescripsit
3938 2570 3953 2606 :

2398 2666 2416 2698 ‹
2453 2649 2630 2715 Volui,
2661 2649 2820 2702 Pater
2850 2658 3057 2713 sancte,
3093 2651 3255 2701 vestri
3304 2663 3462 2701 causa
3487 2646 3728 2700 miserari
3764 2644 3951 2698 rnnlie-

2394 2756 2506 2796 rem
2532 2781 2546 2803 ,
2574 2741 2665 2794 scd
2693 2754 2798 2794 non
2847 2740 2992 2808 potui
3016 2755 3030 2802 ;
3084 2739 3226 2806 quod
3255 2738 3449 2791 aarario
3479 2735 3691 2804 publico
3721 2734 3957 2787 obnoxia

2392 2833 2482 2888 sit.
2535 2852 2554 2883 ι
2595 2831 2822 2886 Basilius
2849 2841 3026 2885 autem
3054 2829 3240 2885 scribit
3286 2829 3522 2883 secundo
3565 2845 3576 2879 :
3614 2844 3632 2875 ι
3673 2824 3956 2893 Siquidem

2392 2923 2628 2987 voluiSti,
2663 2939 2761 2977 nec
2785 2923 3027 2992 potuisti,
3059 2924 3195 2978 bene
3223 2921 3384 2975 fuerit
3415 2938 3427 2974 :
3457 2918 3538 2971 sin
3574 2925 3751 2969 autem
3783 2915 3960 2983 potui-

2395 3013 2460 3067 sti
2495 3023 2548 3068 et
2581 3011 2799 3066 noluisti
2833 3051 2849 3077 ,
2899 3022 2949 3066 te
2982 3013 3120 3067 Deus
3151 3014 3202 3067 in
3235 3024 3526 3082 egenorum
3562 3008 3769 3076 rediget
3822 3006 3959 3061 cho-

2395 3119 2537 3165 rum,
2573 3111 2631 3155 ut
2658 3119 2761 3156 non
2794 3104 2970 3170 possis
2999 3119 3120 3157 cum
3156 3105 3411 3158 volueris.
3471 3122 3488 3154 ι
3528 3099 3849 3169 Acciditque
3899 3109 3960 3151 ut

2395 3194 2471 3247 rei
2503 3193 2792 3261 scriptura,
2821 3207 2905 3245 res
2943 3193 3198 3246 evaserit.
3243 3191 3357 3246 Non
3391 3194 3478 3247 diu
3512 3193 3655 3246 enim
3696 3199 3836 3260 post,
3873 3189 3958 3242 in-

733 3286 856 3337 dum
891 3288 1158 3339 narraturi
1183 3301 1395 3354 sumus;
1444 3296 1501 3342 ut
1536 3288 1791 3343 nimirum
1822 3304 1886 3343 ex
1913 3265 2093 3343 divina
2126 3303 2291 3358 appa-
2319 3265 2360 3323 (ἶ
2395 3284 2760 3353 dignationem
2801 3283 3138 3351 imperatoris
3165 3294 3437 3349 expertus,
3490 3283 3961 3350 circumagebatur

736 3372 948 3438 ritione,
979 3375 1090 3442 ipse
1116 3377 1381 3446 inspector
1413 3379 1586 3433 factus
1614 3379 1684 3433 sit
1714 3379 1954 3449 praeclari
1988 3379 2162 3435 Patris
2193 3397 2289 3434 no-

731 3465 827 3518 atri
855 3463 1058 3520 Basilii.

803 3555 933 3610 Cum
968 3558 1149 3625 itaque
1177 3572 1265 3612 res
1285 3573 1436 3612 sacra
1469 3570 1737 3628 ageretur,
1765 3559 2021 3613 liebrmus
2049 3561 2286 3628 quidam,

735 3647 882 3699 velut
908 3645 1269 3716 Christianus,
1304 3647 1536 3718 seipsum
1569 3648 1764 3718 populo
1795 3649 2106 3712 immiscuit,
2135 3647 2294 3702 officii

805 3803 917 3874 (54)
959 3802 1118 3857 Juvat
1173 3804 1275 3859 hoc
1307 3804 1426 3859 loco
1449 3805 1635 3858 audire
1685 3803 2066 3874 Bosweydum.
2105 3820 2122 3853 ι
2161 3800 2285 3874 Fuit

734 3874 881 3937 olim,
901 3873 1109 3942 inquit,
1136 3875 1488 3941 quorumdam
1521 3873 1893 3936 consuetudo,
1923 3882 1978 3925 ut
2027 3873 2282 3927 euchari-

737 3945 892 3996 stiam
925 3944 1088 3996 etiam
1123 3945 1348 3997 mortuis
1384 3946 1693 4012 ingererent
1736 3954 1791 3996 et
1841 3943 2280 4011 consepclirent:

738 4027 900 4080 quam
947 4014 1228 4080 abrogavit
1264 4014 1554 4066 concilium
1585 4013 2011 4082 Carthaginense
2065 4013 2283 4064 tertium

737 4098 944 4138 eanone
973 4093 1146 4136 sexto.
1185 4102 1202 4134 ι
1248 4083 1345 4136 Hic
1383 4097 1511 4136 vero
1551 4083 1673 4134 talis
1706 4093 1789 4135 est
1837 4101 1849 4135 :
1916 4100 1933 4132 ι
1985 4082 2198 4135 Placuit
2230 4091 2289 4135 ut

737 4153 1051 4222 corporibus
1111 4154 1489 4207 defunctorum
1545 4152 1868 4222 eucharistia
1938 4168 2041 4206 non
2085 4155 2284 4222 detur:

739 4221 939 4278 dictum
984 4233 1066 4277 est
1121 4225 1263 4277 enim
1297 4240 1325 4276 a
1370 4222 1598 4276 Domino
1629 4221 1895 4286 :Accipile
1942 4233 1987 4274 et
2015 4223 2150 4272 edite
2174 4221 2246 4290 (α)
2279 4237 2292 4274 :

739 4295 1003 4347 cadavera
1042 4303 1218 4346 autem
1271 4306 1369 4346 nec
1407 4294 1652 4360 accipere
1689 4299 1916 4358 possunt
1960 4291 2293 4360 nec‘edere.

738 4363 1046 4416 Cavendum
1098 4371 1182 4416 est
1243 4366 1404 4416 etiam
1455 4358 1801 4417 nemorluos
1829 4358 2094 4426 baptizari
2136 4375 2297 4426 posse

2396 3378 2630 3438 vinctus,
2664 3374 2732 3428 iis
2768 3373 3009 3428 facturus
3042 3371 3174 3427 satis
3220 3387 3355 3440 quos
3409 3371 3601 3438 injuria
3668 3371 3958 3426 affecisset.

2397 3469 2546 3522 Tunc
2572 3469 2757 3533 miser,
2782 3467 3001 3537 supplex
3041 3465 3241 3521 Basilio
3275 3465 3522 3530 efficitur,
3589 3473 3847 3532 rogatque
3903 3474 3963 3516 ut

2396 3558 2642 3630 precibus
2660 3557 2924 3612 offensura
2960 3557 3139 3626 placet
3166 3557 3506 3626 imperatoris
3537 3556 3776 3609 animum
3801 3554 3919 3624 (37)
3947 3571 3960 3605 :

2400 3650 2539 3716 quod
2568 3660 2621 3702 et
2651 3648 2796 3705 fecit.
2831 3649 2958 3703 Post
2993 3658 3201 3704 sextum
3247 3651 3389 3703 enim
3431 3650 3569 3704 diem
3599 3649 3747 3703 venit
3780 3658 3961 3718 typus,

2391 3800 2523 3855 cleri
2571 3801 2893 3854 Antiocheni
2931 3802 2997 3853 ad
3024 3801 3282 3855 Joannem
3301 3802 3958 3867 Constantinopolitannm

2389 3871 2720 3940 episcopum.
2745 3881 2927 3923 contra
2958 3871 3214 3924 Severum
3258 3873 3564 3939 episcopum
3593 3886 3746 3925 suum
3783 3875 3961 3928 luere-

2407 3943 2567 3996 ticum
2596 3960 2608 3995 :
2642 3962 2660 3993 ι
2696 3940 2983 3996 Columbas
3026 3955 3217 3994 aureas
3245 3951 3297 3994 et
3323 3951 3604 4010 argenteas
3650 3944 3701 3995 in
3733 3941 3960 3995 formam

2402 4013 2649 4080 Spiritus
2680 4011 2850 4066 sancti
2881 4027 3041 4079 super
3079 4011 3256 4064 divina
3303 4012 3516 4066 lavacra
3558 4023 3613 4067 et
3645 4013 3836 4066 altaria
3868 4027 3962 4082 ap-

2388 4098 2605 4151 pensas,
2635 4099 2735 4135 una
2761 4097 2882 4134 cum
2913 4082 3032 4135 aliis
3066 4082 3165 4136 sibi
3189 4083 3571 4150 appropriavil,
3611 4083 3814 4148 dicens,
3854 4100 3959 4136 non

2398 4163 2649 4231 oportere
2674 4155 2723 4206 in
2753 4152 2935 4221 specie
2964 4152 3225 4206 columbae
3274 4154 3534 4222 Spiritum
3563 4163 3807 4207 sanctum
3865 4169 3964 4208 no-

2404 4236 2628 4274 llllllill‘e.
2675 4241 2693 4272 ι

2476 4290 2588 4359 (56)
2621 4291 2910 4346 Historiam
2950 4292 3088 4345 hanc
3111 4292 3368 4360 opusculo
3395 4290 3486 4354 58,
3519 4306 3638 4360 cap.
3676 4290 3765 4357 ll,
3799 4291 3963 4347 refert

2404 4360 2466 4413 D.
2498 4360 2751 4416 Thomas.
2787 4362 2982 4415 Verum
3022 4361 3065 4414 si
3118 4362 3587 4415 animadvertisset
3638 4362 3835 4417 Doctor
3862 4378 3961 4416 an—

743 4439 972 4484 lratrum
1011 4432 1296 4485 infirmitas
1327 4431 1534 4494 credat,
1565 4447 1686 4485 cum
1730 4430 2114 4484 eucharistiam
2150 4443 2293 4481 mor-
2329 4433 2372 4487 D
2403 4429 2626 4498 gelicus.
2663 4433 2712 4484 in
2756 4432 3064 4487 Graecorum
3100 4430 3345 4485 ecclesiis
3375 4470 3391 4494 ,
3423 4434 3758 4487 sacerdotem
3791 4434 3963 4486 sacri-

741 4504 851 4557 tuis
876 4504 991 4556 dari
1023 4503 1537 4556 animadverterent.
1577 4520 1594 4552 ι
1625 4500 2097 4568 Subscripsithuic
2118 4500 2301 4551 conci-

742 4575 813 4626 lio
843 4573 898 4624 S.
923 4572 1279 4642 Augustinus.
1311 4572 1474 4624 Addit
1523 4571 1910 4642 ibideuretiatn
1943 4568 2296 4642 liosweydus,

744 4643 884 4709 quod
918 4639 1056 4696 idem
1077 4642 1338 4711 repetitur
1369 4642 1418 4711 in
1450 4641 1679 4694 concilio
1706 4639 2056 4711 Hipponensi,
2093 4653 2299 4692 canone

741 4713 1035 4780 quinto;et
1065 4714 1115 4764 in
1140 4710 1373 4766 eoncilio
1395 4710 1855 4780 Antissiodorensi
1884 4724 2024 4763 anno
2053 4725 2178 4773 DXL,
2208 4722 2299 4761 ca-

742 4779 880 4835 none
915 4781 1014 4849 12;
1050 4792 1103 4837 et
1151 4783 1202 4836 in
1238 4781 1467 4836 concilio
1513 4779 1749 4848 generali
1788 4789 2058 4832 sexto.....
2087 4781 2176 4832 ubi
2206 4793 2298 4832 ca-

743 4867 849 4902 non
899 4851 968 4904 83
1020 4855 1091 4903 ita
1152 4853 1386 4906 habet...
1443 4867 1461 4900 (
1508 4850 1673 4902 Nemo
1715 4857 2048 4902 mortuorum
2099 4863 2293 4915 corpoo

744 4921 893 4972 ribus
954 4920 1341 4974 eucharistiam
1410 4920 1790 4973 communicet.
1865 4917 2137 4985 Scriptum
2212 4925 2294 4970 est

743 4990 908 5056 enim,
939 4991 1171 5060 Accipite
1204 5001 1248 5044 et
1277 4989 1528 5042 comedite
1560 5005 1578 5041 :
1615 5000 1950 5060 mortuorum
1983 4999 2160 5060 autem
2185 5002 2299 5040 cor-

745 5076 871 5127 pora
911 5077 1013 5115 non
1039 5057 1262 5130 possunt
1293 5058 2026 5130 accipere,_ne_ccomedere.
2056 5076 2073 5108 ι
2100 5057 2295 5130 Ηιιειετ

748 5119 845 5182 ilus
868 5119 1220 5198 Rosweydus.
1252 5132 1328 5182 An
1359 5119 1521 5197 igitur
1552 5119 1745 5181 l'ccérit
1779 5128 1827 5181 id
1861 5127 2112 5192 Basilius,
2153 5128 2294 5198 quod

745 5200 941 5253 saeculo
959 5197 1203 5268 sequenti
1234 5199 1622 5267 prohibendum
1666 5197 1896 5268 concilia
1931 5197 2295 5268 censuerunt?

743 5267 1099 5324 Cornbefisins
1158 5270 1272 5331 ait,
1303 5269 1558 5323 Basiliam
1589 5268 1639 5319 id
1678 5267 1870 5322 fecisse
1900 5267 2158 5334 singulari
2207 5268 2291 5320 in-

745 5341 948 5393 stinctu
1003 5342 1201 5395 divino.
1240 5338 1428 5392 Verum
1474 5337 1660 5406 quidni
1719 5348 1826 5390 tam
1863 5339 2070 5404 ineptus
2132 5336 2294 5390 fuerit

745 5412 1384 5478 pseudo—Amphilochins
1418 5449 1432 5466 ,
1491 5417 1548 5460 nt
1582 5410 1805 5462 abusum
1839 5447 1854 5470 ,
1914 5422 2012 5461 suo
2054 5416 2294 5478 tempore

747 5484 924 5533 torsan
954 5497 1057 5532 non
1083 5477 1294 5547 inhiquc
1321 5479 1588 5532 sublatum
1611 5517 1625 5544 ,
1667 5487 1772 5530 tam
1810 5479 1954 5547 pium
1985 5477 2292 5540 crediderit,

747 5560 803 5600 ut
822 5549 1016 5604 Basilio
1044 5550 1217 5618 afﬁngi
1247 5559 1426 5616 posset
1450 5549 1473 5600 ?

817 5621 929 5690 (55)
960 5615 1396 5674 (ῖυιιιιιιιιὲιείοίιιιι
1423 5633 1584 5686 super
1617 5617 1808 5671 altaria
1850 5625 1904 5671 et
1938 5631 2097 5685 super
2117 5615 2292 5690 bapti-

749 5687 937 5750 sleria',
963 5692 1015 5743 in
1069 5693 1380 5743 memoriam
1415 5692 1650 5756 Spiritus
1676 5690 1848 5743 sancti
1886 5701 2147 5757 appensas
2170 5687 2295 5737 luis-

748 5777 826 5821 δι’,
870 5761 1056 5827 probat
1090 5761 1418 5829 lioswt'ydus
1473 5761 1525 5813 in
1567 5761 1703 5813 hunc
1758 5756 2047 5823 locum,’c.\'
2075 5756 2290 5825 cpistola

818 5877 891 5945 (ιι)
937 5875 1118 5928 Matth.
1154 5891 1298 5938 xxvi,
1326 5875 1413 5927 “26.

2405 4500 2654 4552 ficantcm
2691 4519 2791 4554 non
2842 4503 3009 4554 videri
3048 4517 3076 4553 a
3113 4502 3305 4568 populo
3334 4541 3348 4566 ,
3379 4502 3679 4557 dubitasset
3737 4503 3961 4567 forsan,

2406 4585 2530 4622 num
2567 4570 2615 4622 id
2644 4573 2786 4640 quod
2839 4571 2903 4624 de
2933 4570 3128 4623 Basilio
3159 4581 3362 4636 narrat,
3395 4573 3548 4625 alteri
3579 4573 3791 4626 cuidam
3847 4575 3962 4640 epi-

2405 4654 2566 4712 scopo
2593 4656 2684 4712 aut
2720 4640 3212 4712 sacerdoti_Latino
3268 4643 3574 4712 contigerit.
3624 4641 3962 4712 Bosweydus

2404 4709 2456 4760 in
2494 4711 2632 4762 hunc
2659 4710 2852 4773 locum,
2886 4728 2947 4764 ex
3001 4709 3290 4763 Pascliasio
3318 4753 3332 4776 ,
3367 4713 3502 4763 libro
3541 4711 3612 4763 De
3641 4709 3857 4778 corpore
3914 4723 3961 4764 et

2403 4780 2652 4849 sanguine
2683 4779 2909 4838 Domini.
2955 4780 3086 4849 dicit
3113 4782 3338 4834 similent
3368 4782 3640 4833 historiam
3669 4784 3963 4849 contigisse

2406 4847 2565 4914 Plego
2593 4851 2927 4917 presbytero.
2963 4847 3070 4901 Nos
3088 4849 3159 4901 ‘25
3189 4851 3389 4917 Aprilis
3412 4859 3552 4903 torno
3571 4850 3658 4916 lll,
3691 4847 3961 4918 pangb,

2404 4933 2689 4970 narramus
2743 4921 2973 4972 similem
3033 4919 3334 4981 visionem,
3391 4918 3622 4974 oblatam
3690 4924 3965 4974 Saracena

2405 4988 2642 5060 cuidam,
2679 4989 2885 5060 violare
2914 4988 3110 5042 volenti
3149 4990 3400 5056 templum
3449 4990 3505 5054 S.
3537 4991 3752 5058 Georgii
3780 4989 3963 5060 Mega-

2410 5056 2720 5129 [υιιιειτιγνὶς
2772 5078 2783 5110 :
2836 5069 2890 5110 at
2949 5060 3048 5112 nisi
3097 5059 3230 5111 ritus
3269 5060 3462 5113 divina:
3493 5056 3720 5124 liturgite
3751 5102 3765 5122 ,
3823 5056 3963 5129 apud

2402 5126 2969 5195 CoptosChristianos
2993 5172 3006 5190 ,
3063 5129 3302 5182 diversus
3355 5130 3515 5183 fuerit
3550 5148 3576 5182 a
3609 5131 3710 5184 ritu
3748 5126 3965 5185 (ξι-ὠρυ-

2401 5211 2519 5267 rum
2549 5236 2565 5260 ,
2598 5200 2871 5252 vacillabit
2931 5197 3173 5251 miraculi
3235 5200 3404 5264 fides,
3455 5202 3525 5253 ob
3562 5203 3776 5256 easdem
3831 5217 3966 5267 quas

2401 5265 2511 5332 jam
2548 5267 2697 5320 attuli
2743 5270 3018 5332 rationes;
3062 5278 3152 5320 aut
3176 5269 3460 5322 dicendum
3493 5279 3654 5332 esset,
3687 5265 3965 5325 Christum

2402 5338 2714 5402 apparuisse
2743 5340 2793 5391 in
2825 5339 2997 5391 hostia
3032 5340 3268 5391 nondum
3304 5351 3654 5402 consecrata;
3697 5355 3802 5393 non
3835 5341 3962 5407 quia

2402 5420 2637 5477 praesens
2696 5409 2916 5461 realiter
2953 5417 3064 5459 erat
3087 5449 3101 5468 ,
3136 5409 3232 5460 sed
3261 5411 3382 5477 quia
3421 5410 3521 5461 ista
3554 5410 3605 5462 in
3645 5412 3964 5462 meritoriam

2400 5476 2669 5541 passionis
2705 5479 2820 5543 ejus
2853 5493 3004 5530 sacra
3057 5478 3238 5530 lancea
3279 5476 3638 5533 dividebatur
3669 5481 3719 5530 in
3759 5492 3963 5546 partes,

2401 5560 2519 5597 nle
2552 5548 2603 5599 in
2637 5563 2819 5600 verum
2853 5563 3046 5616 corpus
3082 5548 3196 5615 ejus
3222 5565 3317 5618 per
3350 5551 3810 5603 consecrationem
3831 5566 3962 5604 cou-

2399 5619 2698 5671 verti-udas.

2477 5685 2586 5754 (57)
2640 5691 2819 5745 fierst.
2854 5689 3025 5756 inquit
3068 5686 3418 5743 Combefisins
3446 5731 3459 5750 ,
3493 5691 3596 5742 hoc
3628 5700 3787 5758 caput
3845 5704 3964 5741 cum

2409 5755 2582 5810 tribus
2617 5774 2671 5811 se
2694 5760 2982 5827 partilibus,
3021 5759 3070 5811 ill
3117 5761 3360 5814 versione
3391 5761 3545 5824 Ut'si;
3587 5755 3763 5828 potius
3787 5771 3963 5813 tamen
