4212 6488
675 438 1042 493 EXCEBPTA
1083 440 1173 495 EX
1213 440 1415 497 ACTIS
1462 442 1519 499 S.
1560 443 1802 500 BASILII
1842 445 2597 503 BOLL;\NDIANIS.—VITA
2637 449 3066 509 APOCRVPHA.

3312 470 3466 516 cccttl

254 576 359 630 quo
387 560 524 617 liber
553 574 622 612 ao
662 560 1051 619 abducentibus
1100 564 1352 617 satellitio
1401 566 1757 621 dimitteretur
1792 583 1805 618 :
1838 576 1880 627 Α
1920 564 2038 630 Quo
2067 576 2314 633 accepto,
2347 569 2420 619 ait
2463 564 2689 619 Basilius
2719 585 2731 618 :
2764 584 2782 616 ι
2822 566 2927 619 Nos
2975 568 3186 636 quidem
3222 567 3337 629 tibi,
3367 568 3463 620 im-

248 656 330 709 ille
357 670 482 709 vero
510 653 814 706 exhibitam
862 654 914 708 in
954 657 1068 727 ipso
1095 657 1486 715 humanitatem
1524 674 1628 713 non
1657 661 1804 731 igno-

246 763 390 807 rans,
415 746 626 799 accedit
675 746 741 800 ad
770 746 1026 804 Basilium
1061 748 1265 817 gratias
1291 766 1453 821 agens
1497 769 1509 804 :
1547 751 1802 807 advocata

243 849 415 891 autem
444 836 664 902 femina,
691 839 909 909 duplum
946 843 991 896 ei
1018 841 1063 895 si
1096 840 1228 910 quid
1256 843 1487 899 debebat
1514 882 1527 907 ,
1566 857 1631 897 ex
1681 860 1803 915 pro-

243 928 368 995 priis
394 928 506 995 ipse
539 930 785 987 reddidit.

306 1015 463 1072 Circa
497 1020 547 1075 id
577 1033 785 1092 tempus
818 1036 939 1074 cum
967 1022 1209 1079 Julianus
1257 1024 1388 1095 (38),
1432 1026 1801 1087 odiosissimus

243 1109 555 1179 imperator,
586 1114 843 1167 adversus
868 1113 1061 1170 Persas
1095 1116 1550 1186 proficisceretur,
1578 1123 1726 1176 venit
1747 1124 1800 1176 in

240 1214 419 1267 partes
443 1204 866 1259 Cmsareensium
897 1224 912 1262 :
942 1205 1178 1260 Basilius
1226 1220 1426 1275 antem,
1467 1227 1569 1264 una
1595 1214 1642 1266 ei
1678 1228 1799 1266 cum

247 1297 434 1357 sociis,
460 1293 675 1347 obviam
728 1297 1008 1365 processit.
1064 1296 1197 1350 Eum
1234 1300 1457 1356 intuitus
1488 1303 1797 1371 imperator,

239 1386 415 1437 dixit:
446 1401 466 1434 ‹
512 1383 587 1439 Te
616 1386 954 1455 philosophia
1008 1390 1132 1454 vici,
1187 1390 1373 1445 Basili.
1432 1412 1450 1445 ι
1505 1394 1800 1465 Respondit

236 1490 366 1529 vero
413 1474 689 1531 Basilius:
726 1496 744 1529 ι
788 1477 1004 1533 Utinam
1049 1482 1427 1549 philosophum
1473 1485 1712 1551 egissesl
1775 1506 1791 1538 ›

239 1568 387 1623 Tunc
412 1581 629 1624 sanctus
660 1579 770 1627 tres
796 1573 845 1627 ei
870 1588 1035 1642 panes
1060 1572 1273 1636 obtulit,
1303 1588 1365 1628 ex
1392 1589 1798 1644 annona,quam

238 1658 524 1714 inferebat.
552 1662 621 1715 At
664 1662 772 1729 ille,
827 1677 925 1731 pro
960 1663 1199 1717 muneris
1249 1663 1514 1731 parvitate
1544 1673 1691 1719 ratus
1742 1678 1800 1719 se

237 1748 431 1820 injuria
466 1751 714 1807 affectum
745 1794 761 1818 ,
796 1750 960 1819 jussit
1006 1752 1329 1808 satellitibus
1392 1762 1449 1805 ut
1484 1767 1650 1823 panes
1679 1755 1799 1823 qui-

238 1844 357 1897 dem
391 1846 733 1912 acciperent,
784 1858 971 1897 eorunt
998 1855 1174 1899 autem
1209 1846 1327 1901 loco
1374 1844 1553 1900 fenum
1585 1847 1795 1904 darent.

239 2026 488 2080 omisisse
534 2025 765 2091 videtur,
804 2030 979 2082 victus
1032 2032 1211 2097 operis
1263 2028 1591 2097 prolixitate,
1640 2044 1800 2098 quam

1908 668 2143 726 perator,
2182 674 2245 711 ex
2282 659 2344 710 iis
2373 660 2673 717 attulimus,
2700 661 2895 725 qmbus
2914 671 3209 727 vescimur;
3266 668 3322 711 tu
3373 674 3466 711 au-

1908 757 2014 801 tem
2052 763 2116 802 ex
2143 750 2206 803 iis
2234 747 2557 813 retribuisti,
2589 749 2783 817 quibus
2807 748 2957 799 bruta
2979 746 3217 813 jumenta
3251 751 3369 816 alis,
3412 752 3464 803 id

1905 840 2119 909 quidem
2172 841 2420 895 affectata
2496 843 2758 895 irrisionis
2793 841 3000 910 specie;
3036 841 3126 894 sed
3157 843 3243 909 qui
3280 844 3463 897 nolens

1906 933 1957 986 in
2009 934 2235 1003 hujusce
2267 933 2407 1002 prati
2443 947 2637 1001 pascua
2678 935 2785 1004 ('59)
2816 948 2912 987 nos
2941 932 3140 985 mittas.
3175 951 3193 984 ι
3228 933 3465 990 Audiens

1906 1037 2081 1079 autem
2110 1024 2375 1087 Julianus,
2408 1024 2551 1093 quod
2572 1027 2715 1078 velut
2743 1028 3033 1096 imperator
3058 1026 3287 1093 gratiam
3312 1040 3462 1080 suam

1904 1133 2159 1173 revocare
2191 1134 2296 1171 non
2331 1128 2534 1186 posset,
2575 1118 2757 1172 furore
2790 1122 3024 1188 percitus
3049 1120 3126 1173 ait
3160 1119 3225 1172 ad
3264 1119 3411 1173 illum
3442 1138 3455 1173 :

1907 1226 1927 1260 ι
1969 1208 2229 1277 Equidem
2255 1208 2391 1275 prati
2413 1223 2608 1276 pascua
2638 1209 2733 1261 tibi
2763 1224 2877 1261 mea
2919 1210 3138 1264 donavit
3163 1208 3413 1279 majestas
3443 1226 3460 1274 ;

1901 1310 2150 1357 ueterum
2215 1300 2301 1355 ubi
2358 1300 2595 1353 subactis
2657 1298 2844 1353 Persis
2898 1299 3091 1354 iterum
3148 1302 3459 1363 divertere,

1904 1406 2045 1449 tuam
2071 1395 2348 1448 civitatem
2379 1393 2492 1449 solo
2550 1400 2818 1461 aequatam
2854 1394 3019 1447 arabo
3049 1409 3062 1443 :
3097 1403 3156 1447 ut
3186 1394 3459 1449 fructifera

1900 1486 2079 1553 potius
2115 1483 2394 1545 efﬁciatur,
2426 1499 2586 1552 quam
2634 1483 2942 1538 hominibus
2981 1483 3203 1539 edendis
3228 1486 3463 1539 educan-

1901 1576 2092 1644 disque
2144 1584 2451 1642 comparata
2486 1576 2668 1629 :baud
2714 1576 2855 1630 enim
2906 1574 3110 1645 decepti
3141 1592 3168 1628 a
3204 1585 3255 1630 te
3283 1576 3461 1645 populi

1900 1666 2284 1737 impudentiant
2328 1668 2511 1721 nescio
2551 1686 2562 1719 :
2606 1675 2663 1720 ut
2708 1667 3030 1736 impotentes
3080 1668 3302 1733 invidia,
3329 1666 3463 1723 For-

1901 1768 2080 1812 tunam
2130 1774 2287 1827 quam
2320 1773 2419 1827 ego
2462 1759 2616 1813 deam
2659 1758 2769 1831 (40)
2816 1759 3017 1824 adoro,
3072 1768 3353 1827 postquam
3412 1760 3463 1812 ei

1901 1844 2081 1917 lib'avi,
2115 1851 2259 1903 omni
2298 1865 2517 1917 prorsus
2545 1852 2768 1917 honore,
2821 1851 3132 1906 minuerint.
3174 1869 3192 1903 ι
3239 1848 3334 1906 His
3363 1865 3461 1905 au—

1909 2033 2099 2085 damus
2121 2029 2467 2093 Combefisio,
2502 2045 2603 2097 qua
2641 2028 2847 2083 ratione
2875 2029 3103 2082 Basilius
3126 2029 3230 2082 dici
3268 2029 3464 2095 peterit

238 2098 359 2163 quia
412 2099 623 2153 codices
681 2075 848 2167 ipsius
882 2100 929 2149 id
962 2075 1399 2151 desilierave'rint.
1425 2098 1553 2164 Cur,
1576 2075 1791 2165 ’qtrzeso',
1833 2075 1875 2128 Β
1908 2075 2373 2156 vica-riitsvftiisse
2400 2075 2678 2162 Eusebii,
2715 2075 2926 2157 vivente
2951 2098 3200 2153 Juliano?
3244 2075 3460 2161 ﬁortui,

244 2167 545 2232 prolixitate
591 2169 833 2222 codicum
872 2183 1088 2220 suoruru
1139 2167 1445 2221 vinceretur
1476 2168 1643 2222 Ursus
1676 2207 1690 2230 ,
1753 2169 1799 2221 si

242 2236 294 2292 bi
350 2239 528 2307 capita
589 2239 689 2291 ista
743 2237 1088 2307 habuerint?
1142 2236 1323 2306 Neque
1375 2239 1603 2306 prinmm
1652 2246 1801 2291 caret

241 2309 385 2361 omni
422 2306 771 2364 difﬁcultate.
810 2306 1054 2373 quamvis
1115 2308 1167 2361 id
1222 2317 1369 2376 putet
1398 2307 1750 2362 Combefisius
1782 2324 1795 2359 :

242 2394 424 2445 parum
456 2377 651 2445 quippe
670 2376 923 2447 credibile
951 2378 1180 2441 videtur,
1212 2387 1610 2447 ettauctoratum
1657 2392 1798 2447 prae-

242 2449 433 2508 sidem,
462 2448 611 2516 et_ad
647 2445 855 2497 vincula
886 2448 1218 2516 damnatum,
1248 2446 1428 2501 Basilii
1465 2450 1602 2516 apud
1633 2445 1800 2514 impe-

247 2526 479 2568 ratorem
509 2513 779 2567 lulianum
827 2526 917 2567 aut
955 2515 1329 2568 Constantium
1366 2513 1799 2572 intercessionem

244 2586 567 2653 postulasse,
595 2594 647 2637 et
676 2599 770 2653 per
791 2600 907 2636 eam
940 2585 1182 2653 dignitati
1216 2586 1541 2638 restitutum.

313 2654 426 2723 ('58)
453 2653 577 2708 Haec
619 2655 682 2707 de
705 2652 916 2706 Juliano
966 2652 1290 2721 imperatore
1342 2655 1539 2709 omissa
1571 2664 1695 2709 sunt
1730 2656 1798 2708 ab

245 2724 383 2793 Urso
415 2726 767 2783 subdiacono,
791 2733 844 2777 et
869 2726 1060 2777 merito
1100 2725 1391 2779 omittenda
1435 2734 1589 2779 erant
1614 2727 1687 2790 ei,
1712 2726 1802 2793 qui

259 2792 428 2849 Vitam
472 2796 613 2849 hanc
666 2793 846 2848 Basilii
901 2794 1061 2849 vellet
1111 2794 1289 2849 facere
1339 2796 1669 2850 credibilem.
1732 2792 1804 2848 At

245 2866 598 2921 Combelisius
625 2906 638 2927 ,
669 2867 851 2918 volens
902 2865 1042 2917 hunc
1075 2873 1128 2918 et
1169 2866 1303 2921 alios
1358 2867 1806 2921 anachronismos

244 2951 531 2998 excusare,
571 2935 707 2989 dicit
756 2936 807 2987 in
862 2934 962 2987 hac
998 2933 1116 2986 Vita
1160 2936 1287 2988 nihil
1337 2937 1522 2989 ordine
1553 2937 1806 3003 temporis

246 3007 477 3057 narrari.
524 3007 775 3069 Adeoque
799 3043 813 3065 ,
841 3004 1085 3070 quamvis
1111 3004 1371 3058 adventus
1405 3003 1599 3057 Iuliani
1632 3006 1807 3058 Ctesa-

248 3089 393 3127 reant
436 3075 525 3128 hic
556 3082 830 3136 narretur,
874 3088 937 3125 ac
972 3074 1016 3126 si
1071 3074 1383 3140 contigisset
1439 3084 1560 3141 post
1600 3075 1806 3142 episco-

242 3146 416 3211 palem
442 3143 623 3197 Basilii
659 3145 1154 3206 consecrationem;
1206 3144 1337 3197 nihil
1370 3144 1629 3213 impedire
1669 3159 1805 3212 quo-

242 3216 421 3269 minus
468 3214 656 3268 referri
688 3214 856 3282 possit
912 3215 977 3267 ad
1031 3214 1300 3267 anteriora
1346 3225 1624 3283 tempora,
1680 3229 1802 3270 cum

242 3298 435 3352 nempe
465 3284 695 3337 Basilius
729 3298 822 3349 pro
869 3283 1098 3337 Eusebio
1128 3286 1378 3352 episcopo
1433 3284 1655 3347 latente,
1708 3286 1799 3338 de-

239 3352 447 3407 functo.
488 3365 579 3405 aut
606 3354 793 3406 saltem
818 3353 918 3423 alia
950 3353 1015 3405 de
1042 3370 1202 3407 causa
1241 3356 1463 3408 absente
1495 3394 1511 3417 ,
1546 3366 1799 3423 tanquam

239 3423 530 3489 primarius
562 3423 701 3474 inter
726 3422 1065 3490 presbyteros
1096 3433 1147 3474 et
1174 3424 1408 3491 episcopi
1437 3422 1669 3477 vicarius
1696 3425 1799 3476 Ec-

236 3493 457 3546 clesiam
498 3493 891 3545 Ctesareensem
924 3491 1339 3545 administraret.
1379 3492 1627 3561 Magnum
1647 3496 1803 3560 quip-

240 3578 303 3627 pe
332 3572 451 3616 erat
486 3561 672 3616 Basilii
726 3576 942 3624 nomen,
969 3562 1129 3614 etiam
1155 3571 1445 3629 antequam
1495 3565 1801 3616 sacerdotio

239 3632 557 3702 fungeretur
591 3632 729 3699 apud
764 3631 1111 3702 Cappadocas
1165 3640 1217 3685 et
1271 3632 1518 3686 nationes
1565 3642 1799 3695 exteras,

239 3712 294 3755 ut
336 3700 401 3755 ex
465 3702 805 3755 Nazianzeno
861 3700 1089 3754 aflirntat
1148 3702 1500 3756 Combellsius
1534 3719 1547 3755 ε
1581 3703 1802 3771 ipsaque

238 3773 600 3827 thesarecnsis
624 3771 813 3823 civitas
853 3785 974 3823 eum
1008 3783 1257 3838 tanquam
1284 3772 1617 3825 conditorem
1644 3788 1800 3824 suum

236 3854 288 3895 et
318 3850 755 3895 conservatorem
794 3841 1136 3901 suspiciebat.
1178 3840 1398 3905 Deinde,
1434 3842 1603 3908 inquit
1635 3842 1797 3906 idem,

238 3913 373 3966 nihil
408 3925 662 3966 narratur
710 3920 819 3964 tota
877 3908 975 3962 hac
1015 3909 1237 3962 historia
1287 3912 1484 3962 factum
1516 3926 1544 3962 a
1572 3909 1793 3975 Basilio,

235 3982 376 4049 quod
412 3998 440 4034 a
493 3982 807 4050 presbytero
836 3988 888 4032 et
940 3978 1427 4050 episcppidvicario
1459 3982 1638 4048 peragi
1692 3997 1798 4034 non

238 4047 507 4117 potuerit;
546 4047 668 4113 nec,
696 4050 794 4104 nisi
848 4050 1035 4112 semel,
1074 4047 1302 4102 Basilius
1334 4061 1560 4103 vocatur
1588 4047 1797 4118 episeo-

235 4136 353 4187 pus.
386 4122 567 4189 Potuit
590 4132 765 4174 autem
805 4120 960 4172 facile
988 4120 1108 4172 ἀντὶ
1156 4119 1344 4241 ἱεΓέως
1374 4136 1468 4186 pro
1503 4121 1798 4189 ἀρχιερέως

238 4206 265 4241 a
292 4191 518 4241 librario
558 4192 808 4241 uuooiam
840 4190 1103 4241 describi:
1142 4204 1200 4241 ve
1244 4191 1403 4241 etiam
1429 4199 1596 4241 botmt
1620 4192 1798 4241 ἁργιε-

238 4206 265 4241 a
292 4191 518 4243 librario
558 4192 808 4257 quopiam
840 4190 1103 4252 describi;
1142 4190 1220 4241 vel
1244 4191 1403 4259 etiam
1429 4199 1596 4257 poturt
1620 4192 1800 4259 ἀρχιε-

239 4260 364 4331 ρεύς
420 4269 565 4312 recte
593 4263 769 4312 vocari
820 4259 1119 4331 presbyter,
1142 4260 1244 4331 Aqui
1297 4258 1469 4313 oﬂicxo
1502 4260 1801 4331 etjurisdi-

238 4328 437 4391 ctione,
470 4342 528 4380 ut
582 4339 812 4393 vocant,
847 4330 1077 4394 episcopi
1131 4328 1444 4396 fungeretur
1475 4346 1488 4382 :
1518 4330 1595 4383 sic
1653 4339 1801 4383 certe

239 4416 401 4453 unum
436 4400 671 4467 episcopi
718 4399 1012 4468 vicariique
1066 4399 1299 4451 tribunal
1336 4399 1711 4468 agnoscimus;
1749 4409 1801 4452 et

236 4480 383 4533 gesta
422 4469 606 4521 vicarii
641 4467 807 4536 ipsius
841 4469 1073 4534 episcopi
1116 4479 1263 4536 gesm
1296 4467 1687 4536 nuncupantus.
1723 4470 1798 4522 ita

236 4539 597 4593 Combefisins
620 4540 759 4591 hunc
776 4538 945 4590 anach
957 4539 1247 4590 ronismum
1279 4552 1470 4591 excu5a
1482 4553 1536 4589 re
1568 4540 1793 4591 nititur:

1907 2172 2078 2238 inquit
2109 2173 2213 2230 ille,
2242 2181 2331 2223 aut
2364 2170 2600 2231 latentis,
2628 2180 2720 2221 aut
2748 2170 2907 2223 aliter
2956 2170 3217 2223 absentis.
3254 2170 3466 2223 Absen-

1910 2249 2019 2291 tem
2052 2241 2231 2293 tandiu
2270 2257 2503 2305 unquam
2547 2239 2716 2293 fuisse
2744 2256 2771 2292 a
2813 2254 2911 2293 suo
2960 2240 3267 2306 episcopatu
3298 2239 3463 2293 Euse-

1908 2309 2079 2371 bium,
2106 2318 2163 2378 ut
2192 2310 2395 2361 vicario
2428 2312 2748 2377 indiguerit,
2782 2310 2950 2378 gratis
3005 2311 3264 2363 asseritur
3292 2318 3345 2363 et
3369 2324 3465 2362 ne-

1905 2388 2082 2447 gatur.
2137 2376 2349 2431 Juliano
2402 2376 2801 2443 prmniortuunf
2825 2394 2965 2440 esse,
3019 2380 3206 2432 falsum
3242 2379 3462 2433 omnino

1906 2462 2028 2503 est:
2061 2458 2277 2501 constat
2330 2464 2559 2515 namque
2595 2464 2657 2501 ex
2690 2449 3025 2501 Nazianzeno
3051 2450 3251 2511 vixisse
3310 2448 3457 2500 illum

1907 2519 2064 2573 initio
2091 2518 2354 2572 Valentis.
2386 2518 2523 2583 Quin
2558 2532 2753 2584 capere
2798 2534 2899 2570 non
2926 2531 3163 2583 possunt,
3194 2518 3460 2583 quomodo

1906 2588 2062 2668 id.in
2118 2599 2346 2642 mentem
2406 2588 2621 2668 venerit
2665 2586 2995 2668 Combefisiq
3030 2605 3047 2668 ξ
3085 2596 3458 2668 argumentum

1906 2658 2073 2726 enim,
2110 2673 2215 2726 quo
2253 2659 2554 2713 ostenditur
2583 2657 2815 2713 Basilius
2836 2674 2936 2711 non
2970 2657 3135 2711 fuisse
3164 2657 3460 2726 imperante

1906 2724 2139 2779 Julianoi
2170 2730 2474 2797 episcopus,
2512 2729 2633 2781 inde
2690 2728 3011 2789 desumitur,
3032 2730 3203 2797 “quod
3235 2724 3335 2797 sub
3360 2724 3461 2777 Va-

1905 2797 2048 2851 lente
2084 2797 2256 2850 adhuc
2291 2800 2339 2850 in
2374 2800 2510 2851 vivis
2541 2807 2685 2851 esset
2716 2798 2996 2850 Eusebius.
3030 2796 3136 2849 Nec
3168 2796 3341 2863 aptius
3377 2804 3462 2848 est

1905 2866 2157 2936 effugium
2192 2881 2288 2935 per
2313 2867 2526 2936 Eusebii
2565 2868 2799 2936 latebras
2829 2885 2841 2920 :
2873 2881 2967 2919 cur
2998 2868 3139 2919 enim
3165 2867 3251 2919 hic
3274 2865 3459 2918 latuis-

1906 2946 1991 2992 set
2020 2934 2269 2993 veniente
2307 2934 2608 2990 Cmsaream
2641 2934 2899 2990 Iuliano?
2948 2936 3290 2989 lncurreraut
3340 2935 3460 3003 qui—

1907 3009 2026 3060 dem
2053 3007 2326 3075 Apostatze
2355 3008 2533 3061 odium
2567 3006 2959 3068 Caesareenses,
2995 3020 3183 3060 everso
3208 3005 3458 3058 Fortunre

1908 3078 2145 3143 templo;
2184 3081 2277 3130 sed
2316 3077 2473 3130 minis
2499 3087 2549 3129 et
2578 3076 2743 3129 multa
2805 3076 3108 3143 pecuniaria
3140 3075 3458 3142 plerumque

1910 3147 2165 3200 saviebat
2194 3146 2305 3209 ille,
2344 3156 2401 3199 ut
2443 3162 2550 3211 prae
2591 3145 2811 3214 reliquis
2842 3146 3294 3207 Cmsareensibus,
3321 3144 3457 3214 nihil

1909 3216 2009 3269 sibi
2048 3215 2236 3269 timere
2284 3216 2502 3268 deberet
2530 3213 2811 3269 Eusebius.
2842 3217 2990 3279 Quod
3020 3216 3061 3268 si
3108 3224 3283 3266 tamen
3312 3213 3455 3281 judi-

1906 3296 2081 3341 casset
2107 3286 2361 3353 expedire
2394 3287 2652 3352 tantisper
2684 3286 2923 3338 iracundi
2966 3282 3303 3351 imperatoris
3336 3297 3458 3336 ocu-

1903 3356 1983 3411 los
2016 3354 2389 3422 subterfugere
2412 3396 2426 3420 ,
2472 3357 2660 3408 saltent
2689 3355 2821 3408 nihil
2842 3368 2975 3423 opus
3003 3353 3312 3408 eratlatere
3334 3364 3457 3420 post

1903 3427 2203 3482 discessum
2250 3425 2481 3489 Juliani,
2521 3425 2627 3478 imo
2679 3434 2799 3494 post
2830 3439 3015 3479 necem
3060 3424 3227 3494 ipsius
3255 3461 3269 3486 ,
3295 3437 3455 3490 quam

1901 3495 2099 3549 dicitur
2148 3498 2423 3550 nuntiasse
2454 3494 2748 3560 Libanius;
2805 3504 2859 3549 et
2916 3509 3013 3563 pro
3060 3510 3166 3562 quo
3218 3504 3459 3560 tempore

1903 3564 2127 3619 Basilius
2202 3578 2422 3619 vocatur
2483 3565 2762 3633 pontifex,
2836 3581 2941 3618 non
3008 3564 3080 3616 ita
3152 3576 3283 3617 sane
3346 3576 3458 3633 _ap~

1903 3636 2177 3699 pellandus
2242 3636 2309 3689 ab
2388 3630 2799 3701 Αηῐριιίιοοιιὶυ.
2874 3634 2916 3687 si
2982 3634 3215 3687 vicarius
3280 3630 3455 3685 solum

1903 3703 2115 3757 fuisset.
2164 3703 2297 3756 Nam
2350 3718 2456 3756 non
2487 3703 2821 3772 distinguere
2849 3704 2987 3757 inter
3039 3703 3344 3773 episcopum
3403 3710 3458 3754 et

1902 3772 2017 3841 ejus
2040 3772 2299 3827 vicarium
2335 3773 2598 3840 imperitis
2626 3776 2942 3842 quandoque
2968 3774 3143 3842 possit
3171 3772 3453 3839 continge-

1904 3858 1983 3905 re,
2020 3859 2122 3895 non
2160 3858 2286 3895 vero
2312 3859 2488 3897 rerum
2525 3842 3009 3898 ecclesiasticarum
3046 3845 3291 3911 apprime
3323 3856 3455 3907 gna-

1904 3928 1985 3966 ro.
2018 3911 2247 3967 Librarii
2273 3928 2530 3987 errorem
2558 3915 2696 3987 quod
2735 3921 2976 3987 spectat,
3006 3913 3175 3987 gratis
3200 3912 3288 3963 hic
3316 3924 3451 3987 quo-

1900 3998 2003 4050 que
2062 3984 2397 4052 supponitur,
2430 3983 2570 4037 nullo
2596 3981 2977 4036 allato’codice
3035 3981 3092 4052 i_n_
3140 3994 3247 4047 quo
3276 3981 3458 4052 aliter

1904 4049 2139 4120 legatur,
2166 4049 2312 4106 nullo
2371 4061 2593 4119 urgente
2656 4060 2991 4119 argumento.
3046 4049 3223 4103 Manet
3272 4049 3455 4116 itaque

1903 4124 2349 4175 anachronismos
2376 4163 2390 4186 ,
2422 4122 2652 4188 prodens
2696 4137 2855 4189 quam
2888 4122 3223 4189 impudenter
3269 4130 3455 4174 auctor

1901 4191 2337 4256 Amphilochium
2374 4191 2626 4244 mentitus
2661 4191 2750 4244 sit.

1976 4259 2084 4330 (59)
2124 4280 2140 4311 ‹
2183 4259 2400 4313 Videtur
2432 4259 2832 4314 consuetudinis
2884 4258 3117 4313 fuisse...
3152 4267 3209 4311 ut
3244 4258 3327 4330 vel
3362 4272 3451 4330 ac-

1903 4328 2080 4397 ceptio
2140 4330 2217 4384 vel
2279 4330 2494 4383 traditio
2526 4330 2896 4383 nonnullarum
2953 4330 3164 4398 frugum
3218 4328 3455 4396 cujusvis

1906 4399 2076 4460 fundi,
2106 4402 2170 4451 ad
2199 4415 2355 4469 quem
2381 4401 2673 4468 imperator
2708 4401 3035 4463 advenisset,
3059 4407 3151 4450 aut
3174 4400 3454 4465 occupatio

1904 4468 2225 4534 haberetur,
2262 4478 2352 4521 aut
2387 4471 2570 4524 missio
2622 4473 2675 4523 in
2720 4470 3113 4538 possessionem
3148 4486 3160 4519 :
3194 4479 3270 4538 ut,
3298 4468 3451 4538 dein—

1904 4554 2029 4606 ceps
2057 4541 2133 4593 vel
2161 4540 2388 4606 principi
2413 4542 2647 4604 cederet,
2672 4537 2787 4593 siis
2811 4539 3098 4606 quidquam
3132 4538 3197 4592 de
3225 4537 3451 4601 alicujus

237 4624 393 4676 quam
441 4610 671 4662 feliciter
714 4609 919 4674 judicet
960 4607 1146 4660 lector.
1201 4606 1371 4661 Nemo
1418 4607 1606 4661 saltem
1667 4609 1796 4661 mihi
1830 4598 1872 4652 Ι)
1903 4598 2092 4677 privati
2128 4598 2252 4677 agro
2282 4598 2597 4677 sumpsisset
2620 4598 2645 4673 ς’
2668 4608 2752 4661 vel
2797 4598 2849 4660 in
2880 4598 2973 4673 jus
3016 4608 3236 4661 alterius
3268 4649 3280 4670 ,
3309 4598 3454 4659 velut

237 4679 390 4732 facile
439 4679 802 4744 persuadebit,
843 4693 948 4731 non
1005 4677 1171 4730 fuisse
1211 4688 1444 4731 mentem
1478 4679 1714 4731 auctoris
1745 4679 1797 4731 in

238 4748 334 4800 hac
369 4746 487 4801 Vita
536 4748 879 4800 describenda
914 4789 927 4813 ,
963 4762 1183 4801 servare
1233 4747 1476 4801 ordinem
1522 4749 1795 4815 temporis.

234 4815 393 4870 Certe
429 4817 603 4885 capita
652 4818 915 4885 capitibus
948 4826 1311 4871 annectuntur
1364 4817 1799 4884 inchoanturque

237 4892 302 4943 iis
330 4888 583 4954 loquendi
616 4886 881 4948 formulis,
908 4888 1105 4954 quibus
1138 4888 1211 4939 uti
1252 4887 1488 4942 solemus
1509 4901 1631 4939 cum
1661 4890 1799 4941 inter

236 4958 567 5012 narrandum
644 4957 887 5010 ordinem
963 4959 1215 5026 temporis
1272 4958 1669 5026 prosequimur.
1722 4958 1795 5009 lta

236 5042 460 5082 numero
498 5027 602 5088 59.,
654 5038 929 5094 postquam
969 5025 1102 5079 dixit
1148 5043 1175 5078 a
1206 5025 1405 5079 Basilio
1442 5036 1796 5081 convocatum

237 5101 484 5167 populum
511 5098 575 5148 ad
611 5098 889 5167 ecclesiam
946 5098 1249 5149 auditurum
1280 5099 1499 5167 verbum
1532 5096 1648 5158 Dei,
1711 5112 1796 5150 sc-

233 5166 483 5238 quentem
518 5182 795 5238 numerum
824 5166 913 5229 55,
946 5182 1052 5235 quo
1078 5176 1330 5218 narratur
1350 5166 1519 5219 Judaei
1568 5181 1794 5219 conver-

233 5235 331 5303 sio,
366 5240 445 5292 sic
468 5235 685 5289 inchoat
722 5254 775 5289 :r
817 5238 946 5290 Cum
982 5237 1162 5303 itaque
1184 5250 1269 5289 res
1298 5251 1447 5288 sacra
1480 5247 1746 5303 ageretur,
1771 5257 1789 5288 ι

233 5320 337 5364 etc.
370 5306 505 5373 Quis
534 5321 637 5376 non
678 5306 891 5376 colliget
928 5323 989 5359 ex
1029 5308 1130 5359 hoc
1164 5306 1411 5374 loquendi
1446 5309 1621 5369 modo,
1665 5322 1793 5358 con-

234 5380 541 5435 versionem
572 5375 742 5431 .ludaei
766 5379 1005 5429 evenisse
1034 5378 1174 5429 inter
1199 5392 1309 5428 rem
1346 5375 1617 5439 divinam,
1678 5387 1797 5442 post

236 5450 474 5502 habitum
504 5447 569 5515 ad
604 5445 855 5513 populum
891 5446 1233 5500 sermonem?
1262 5446 1328 5499 Et
1351 5456 1628 5515 postquam
1650 5446 1793 5499 hunc

235 5532 513 5571 numerum
550 5514 602 5569 in
637 5515 804 5569 Judtci
825 5516 1139 5577 baptismate
1165 5516 1447 5580 conclusit,
1474 5516 1538 5567 ad
1571 5530 1796 5583 sequen-

235 5599 333 5640 tem
355 5587 425 5641 54
450 5586 532 5638 sic
562 5588 794 5655 transit;
833 5604 850 5639 ς
880 5585 1117 5652 Cumque
1136 5598 1355 5639 sanctus
1372 5586 1733 5655 egrederetur.
1769 5605 1787 5637 t

233 5658 518 5711 Contendit
544 5665 719 5709 tamen
757 5654 1132 5719 Comhelisius,
1164 5657 1417 5724 quidquid
1443 5656 1542 5709 hoc
1569 5671 1793 5710 numero

236 5737 509 5786 narratur,
563 5727 628 5779 ad
674 5727 943 5778 anteriora
997 5737 1233 5793 tempora
1289 5742 1446 5791 posse
1482 5736 1535 5780 ct
1596 5727 1793 5781 debere

237 5799 446 5853 referri.
473 5798 541 5849 At
577 5797 890 5863 quomodo?
928 5796 1029 5849 nisi
1082 5806 1265 5852 contra
1302 5799 1512 5849 modum
1542 5796 1791 5863 loquendi

231 5872 507 5933 agitatum,
543 5868 646 5921 vim
692 5867 869 5920 verbis
914 5867 1225 5923 inferamus.
1264 5866 1399 5934 Quin
1436 5878 1488 5920 ut
1519 5866 1568 5920 id
1598 5883 1789 5921 concc-

1904 4678 2142 4747 principe
2175 4682 2406 4732 donante
2451 4678 2724 4740 transiret,
2754 4678 2799 4730 si
2826 4678 2936 4745 ipse
2958 4678 3021 4731 de
3044 4692 3171 4747 agro
3193 4678 3259 4747 ad
3282 4678 3450 4744 ipsum

1903 4744 2199 4815 specta—nte,
2233 4764 2296 4802 eo
2336 4748 2495 4801 modo
2521 4748 2720 4815 aliquid
2748 4744 3018 4801 donasset.
3059 4744 3191 4799 {ita
3227 4744 3451 4799 Cumbe-

1902 4819 2090 4883 fisius,
2154 4820 2386 4885 probans
2459 4818 2703 4885 exemplo
2767 4817 3062 4881 Eudoxite,
3120 4817 3283 4870 simili
3358 4832 3450 4868 ra-

1902 4889 2049 4942 tione
2080 4887 2431 4953 excusantis,
2477 4887 2711 4941 ablatam
2767 4887 2933 4941 viduae
2980 4888 3319 4957 Theognistae
3368 4885 3449 4938 vi-

1898 4973 1995 5011 nea
2004 4974 2072 5011 In.

1970 5026 2080 5099 (40)
2111 5026 2211 5099 Vix
2262 5026 2480 5099 dubito,
2516 5027 2643 5099 quin
2684 5035 2870 5081 auctor
2908 5026 3072 5099 hujus
3114 5024 3269 5088 Viue,
3293 5024 3449 5099 quis-

1899 5096 2110 5167 cunque
2132 5098 2344 5151 detnum
2376 5097 2556 5161 fuerit,
2608 5098 2813 5151 incerto
2846 5096 3013 5150 relatu
3040 5106 3091 5147 et
3118 5096 3333 5167 mutatis
3361 5110 3447 5149 re-

1899 5164 2042 5221 rum_
2072 5168 2490 5221 circumstantiis
2514 5183 2575 5221 ea
2608 5167 2891 5229 audiverit,
2928 5181 3047 5234 qua:
3076 5180 3105 5217 a
3145 5164 3449 5220 Sozomeno

1899 5239 1972 5290 ita
2020 5249 2330 5307 narrantur,
2386 5237 2479 5290 lib.
2510 5253 2560 5301 v,
2600 5252 2721 5307 cap.
2754 5236 2787 5289 4
2818 5252 2831 5290 :
2871 5254 2891 5288 ί
2930 5236 3038 5288 Sub
3068 5235 3204 5289 idem
3238 5244 3451 5307 tempus

1898 5309 2193 5375 imperator
2240 5304 2484 5361 Julianus
2504 5349 2517 5373 ,
2543 5304 2842 5360 Caesaream
2878 5308 2944 5360 ad
2967 5313 3200 5359 montem
3226 5306 3446 5375 Argium

1897 5373 2079 5439 sitam,
2115 5377 2297 5429 urbem
2323 5379 2575 5445 amplam,
2607 5377 2945 5443 locupletem,
2969 5384 3022 5430 et
3055 5373 3448 5445 regionisACap-

1899 5448 2136 5516 padocize
2176 5443 2507 5515 primariam,
2563 5463 2627 5499 ex
2662 5462 2883 5499 numero
2914 5443 3195 5500 civitatum
3230 5443 3445 5507 delevit,

1896 5528 1949 5571 et
1998 5520 2227 5570 (lwsaris
2279 5519 2510 5585 privavit
2549 5517 2795 5581 nomine;
2827 5516 2965 5584 quod
3000 5516 3213 5582 quidem
3253 5527 3445 5585 nomen

1899 5599 2155 5655 regnante
2188 5582 2410 5639 Claudio
2439 5626 2454 5652 ,
2490 5603 2613 5640 cum
2671 5586 2815 5637 Maza
2842 5582 2964 5653 'jam
3020 5594 3144 5636 ante
3184 5582 3445 5655 appellata

1895 5653 2103 5717 luisset,
2132 5657 2458 5710 obtinuerat.
2505 5656 2633 5709 Nam
2669 5665 2853 5708 contra
2887 5657 3033 5708 cives
3055 5656 3169 5722 ejus
3201 5653 3437 5707 civitatis

1896 5730 2090 5781 dudum
2119 5728 2497 5796 gravissimum
2530 5727 2709 5778 odium
2733 5734 3089 5793 conceperat;
3151 5734 3261 5778 tum
3303 5723 3442 5796 quod

1894 5813 2081 5851 omnes
2114 5792 2270 5849 fidem
2304 5796 2662 5849 Christianam
2702 5792 3103 5863 profiterentur,
3152 5804 3262 5846 tuttt
3305 5792 3444 5859 quod

1895 5870 2020 5924 olim
2052 5868 2243 5936 templa
2274 5866 2418 5922 Jovis
2454 5867 2599 5922 urbis
2642 5868 2871 5935 patroni,
2899 5876 2953 5920 ct
2986 5865 3143 5935 patrii
3186 5863 3446 5933 Apollinis
