4212 6498
740 440 853 482 CCCI
864 443 889 479 ν

744 557 849 602 tem
876 544 1035 600 dictis
1060 545 1193 600 abiit
1215 546 1267 601 in
1304 543 1580 612 Persidem
1620 563 1633 599 :

744 652 836 693 sus
866 637 1160 702 civitatem,
1188 636 1468 707 accitaque
1512 636 1758 691 universa
1791 633 1966 706 populi
1998 637 2299 692 multitudi-

742 745 833 798 ne,
865 730 1205 785 denuntiavit
1244 730 1587 798 imperatoris
1617 728 1801 791 verba,
1865 729 2098 799 bonique
2124 731 2300 785 consi-

742 821 798 875 lii
830 830 1019 876 auctor
1049 820 1280 877 ellicitur
1312 822 1533 875 dicens:
1570 840 1588 872 ι
1642 819 1843 886 Nihili,
1880 820 2095 889 fratres,
2141 836 2299 891 pecu-

740 913 883 966 niam
936 911 1219 979 facientes,
1272 922 1505 966 vestram
1560 920 1743 968 curate
1778 913 2041 979 salutem;
2089 924 2188 977 ut,
2253 916 2298 970 si

737 1003 903 1058 etiam
963 1013 1191 1076 tyranno
1224 1003 1296 1057 illi
1341 1003 1651 1074 imperatori
1708 1005 2037 1060 concedatur
2069 1016 2296 1075 tempus,

738 1107 860 1147 eum
914 1094 1230 1150 muneribus
1265 1094 1590 1149 molliamus.
1632 1114 1651 1149 ι
1690 1094 1760 1148 At
1799 1096 1871 1149 illi
1919 1097 1971 1149 in
1996 1112 2122 1152 suas
2150 1098 2299 1167 quis-

740 1196 844 1251 que
874 1184 1137 1240 abeuntes
1167 1185 1376 1249 domos,
1408 1200 1501 1238 sua
1525 1183 1757 1254 singuli,
1792 1193 1901 1238 tum
1957 1185 2009 1239 in
2063 1203 2197 1244 auro
2247 1198 2301 1243 et

740 1284 982 1345 argento,
1010 1273 1312 1343 lapillorum
1357 1275 1482 1329 item
1518 1274 1834 1331 immensam
1879 1278 2297 1346 multitudinem,

740 1368 853 1420 suis
884 1364 984 1435 ipsi
1018 1365 1269 1421 manibus
1296 1364 1611 1419 attulerunt.
1638 1367 1687 1420 ls
1708 1382 1835 1421 vero
1867 1382 2054 1422 eorum
2088 1385 2303 1441 perspe-

739 1465 825 1511 cta
882 1457 1166 1513 alacritate
1212 1458 1501 1526 animoque
1556 1460 1623 1513 ad
1670 1459 2080 1527 obsequendum
2112 1461 2301 1528 facili,

740 1558 960 1619 accepta
992 1550 1235 1618 deposuit
1266 1550 1317 1604 in
1367 1550 1612 1605 ecclesiae
1660 1551 1918 1616 armario,
1969 1554 2301 1625 singulorum

747 1639 1026 1709 inscriptis
1052 1640 1382 1706 nominibus,
1426 1642 1614 1696 dicens
1649 1641 1877 1698 :Potest
1904 1644 2300 1701 destinatorum

744 1729 1008 1785 Dominus
1035 1740 1091 1786 et
1116 1730 1266 1786 illum
1298 1733 1624 1798 interficere,
1654 1742 1707 1787 et
1733 1743 1971 1792 vestram
1994 1737 2146 1793 vobis
2179 1738 2303 1793 sub-

740 1821 998 1876 stantiam
1026 1824 1337 1878 restituere.

2080 428 2611 488 PROLEGOMENA.

1684 542 1912 597 Basilius
1938 558 2064 599 vero
2090 546 2299 617 ingres-
2333 552 2378 609 Α
2414 548 2626 603 scelesti
2659 546 2999 616 imperatoris
3032 547 3315 604 consilium
3350 550 3595 621 dissipet,
3629 557 3838 617 rogent.
3858 550 3961 609 Illis

2412 640 2597 708 itaque
2635 640 2942 705 orantibus,
2972 646 3026 692 et
3060 641 3291 695 contrito
3349 642 3512 698 corde
3575 640 3961 709 pervigilibus,

2403 731 2549 784 videt
2574 731 2624 785 in
2659 729 2771 798 (Η)
2797 731 2996 785 somnis
3025 728 3257 785 Basilius
3304 732 3694 788 multitudinem
3722 728 3962 787 caelestis

2409 823 2639 885 militiae,
2672 820 2760 874 bic
2802 821 2910 875 illic
2934 824 2986 876 in
3012 828 3191 878 monte
3216 836 3232 886 ;
3261 821 3599 894 mediamque
3626 822 3865 885 illorum,
3909 820 3959 874 in

2404 914 2538 969 sede
2567 913 2821 985 gloriosa,
2845 914 3093 969 muliebri
3118 910 3301 968 habitu
3324 912 3689 982 feminam,sic
3709 911 3959 968 all'antem

2407 1016 2652 1059 astantes
2700 1003 2820 1058 illos
2884 1004 3034 1059 viros
3098 1003 3412 1077 magniﬁcos
3458 1024 3471 1059 :
3524 1024 3544 1057 ‹
3593 1005 3790 1063 Vocate
3830 1004 3959 1058 mihi

2421 1098 2760 1161 Mercurium,
2790 1095 2989 1165 ibitque
3023 1106 3079 1151 ut
3120 1097 3389 1153 lulianum
3421 1097 3715 1154 interficiat
3738 1140 3753 1165 ,
3782 1098 3874 1169 qui
3906 1096 3962 1150 in

2410 1189 2600 1246 Filium
2621 1202 2798 1243 meum
2825 1198 2881 1244 et
2907 1188 3189 1243 Dominum
3213 1188 3392 1245 lesum
3416 1187 3595 1257 inique
3616 1192 3743 1259 egit.
3774 1209 3793 1242 ι
3828 1190 3964 1245 San-

2408 1296 2533 1340 ctus
2570 1295 2723 1346 vero,
2753 1282 2867 1336 suis
2897 1280 3145 1335 omnibus
3200 1281 3366 1336 armis
3398 1280 3713 1346 instructus,
3742 1283 3964 1352 jubente

2406 1378 2526 1444 illa,
2576 1382 2780 1445 prazsto
2840 1373 3159 1434 adveniens,
3197 1373 3477 1429 confestim
3511 1372 3625 1426 ivit.
3680 1375 3965 1432 Accersito

2409 1480 2597 1525 autem
2628 1466 2826 1521 Basilio
2867 1463 3086 1519 tradidit
3115 1462 3163 1516 ei
3195 1462 3406 1529 librum,
3440 1478 3545 1534 quo
3574 1471 3682 1517 tota
3733 1470 3964 1523 creatio-

2408 1560 2493 1616 nis
2545 1555 2790 1612 narratio
2816 1552 3018 1622 scripta
3050 1560 3215 1616 esset,
3265 1562 3698 1622 postremumque
3732 1556 3965 1614 hominis

2406 1660 2435 1698 a
2472 1645 2581 1697 Deo
2634 1639 2905 1695 formatio.
2947 1638 3117 1695 Porro
3168 1638 3285 1694 libri
3341 1639 3490 1693 initio
3536 1641 3651 1696 haec
3676 1654 3794 1696 erat
3825 1650 3962 1700 scri-

2406 1735 2515 1804 ptio
2549 1749 2562 1785 :
2598 1747 2617 1781 (
2660 1730 2753 1785 Dic
2775 1773 2789 1797 ,
2826 1748 2847 1782 ι
2879 1728 2931 1783 in
2966 1728 3070 1783 fine
3096 1740 3293 1792 autem,
3323 1727 3409 1783 ubi
3444 1729 3672 1784 hominis
3713 1730 3965 1787 formatio

2410 1824 2708 1881 habebatur
2733 1846 2744 1879 :
2784 1844 2803 1875 ε
2830 1821 3019 1877 Parce.
3054 1840 3072 1872 ι
3094 1821 3403 1893 Suscipiens
3420 1832 3595 1879 autem
3617 1823 3810 1879 librum
3838 1825 3966 1897 legit

816 1909 936 1965 Mox
966 1925 1095 1980 ergo
1114 1910 1268 1980 jubet
1316 1921 1376 1966 ut
1406 1912 1582 1969 clerus
1622 1915 2011 1985 universusque
2061 1915 2300 1974 civitatis
2336 1894 2378 1949 Β
2408 1928 2591 1970 coram
2613 1913 2724 1978 illa,
2744 1928 2912 1984 usque
2933 1912 2998 1964 ad
3020 1911 3161 1964 illam
3185 1913 3659 1982 subscriptionem,
3679 1934 3696 1967 ι
3722 1894 3963 1982 Parce—9

740 2004 987 2072 populus,
1014 2019 1137 2058 cum
1174 2004 1491 2062 mulieribus
1519 2017 1575 2063 et
1618 2009 1854 2079 parvulis
1884 2046 1900 2073 ,
1955 2008 2007 2061 in
2064 2020 2297 2066 montem

744 2094 995 2165 Didymi,
1053 2095 1142 2150 ubi
1194 2111 1453 2165 perquam
1502 2098 1806 2153 venerabile
1864 2098 1956 2153 Dei
2020 2103 2300 2171 genitricis

742 2188 997 2259 templum
1055 2190 1248 2245 honori
1320 2192 1546 2245 habetur
1598 2201 1654 2245 et
1703 2192 1923 2259 colitur,
1968 2198 2297 2261 ascendant;

741 2288 961 2348 tresque
989 2279 1105 2334 dies
1131 2278 1323 2345 jejuni,
1350 2278 1587 2333 orationi
1620 2280 1857 2347 instent;
1894 2296 1958 2337 ac
2010 2281 2197 2347 Deum,
2244 2290 2303 2335 ut

741 2460 1055 2518 diruissent.
1080 2460 1217 2529 Quin
1237 2462 1398 2516 etiam
1424 2461 1690 2520 universa:
1707 2464 1909 2521 civitati
1932 2461 2163 2532 graviter
2181 2474 2305 2532 suc—

742 2534 955 2602 censuit
989 2532 1264 2595 iratusque
1291 2542 1396 2597 est,
1449 2533 1797 2602 minatusque
1859 2529 1999 2600 quod
2056 2529 2306 2598 templum

744 2600 1033 2673 Fortunae,
1063 2602 1203 2668 (μιοά
1234 2602 1404 2654 solum
1462 2616 1527 2656 eo
1578 2600 1835 2673 regnante
1888 2608 2221 2673 supererat,
2278 2613 2306 2651 a

741 2670 1331 2743 Cbristiauis‘eversum
1366 2680 1509 2723 esset
1546 2688 1559 2723 :
1594 2668 1752 2740 atque
1782 2670 2025 2743 gentiles,
2054 2668 2141 2743 qui
2173 2669 2223 2720 in
2246 2684 2303 2743 ea

742 2737 876 2792 urbe
921 2737 1075 2806 pauci
1126 2752 1349 2791 numero
1393 2749 1571 2798 erant.
1630 2737 1808 2795 valde'
1834 2738 2119 2799 incusavit,
2165 2740 2307 2807 quod

744 2809 876 2862 illud
906 2808 1117 2863 facinus
1144 2808 1237 2862 ulti
1279 2823 1384 2863 non
1418 2808 1651 2865 fuissent
1676 2830 1688 2867 :
1718 2820 1774 2867 et
1796 2810 1840 2866 si
1868 2809 2004 2862 forte
2028 2808 2306 2861 calamita-

745 2880 817 2951 tis
852 2877 1055 2951 aliquid
1088 2878 1209 2951 ideo
1234 2879 1574 2951 subeundum
1606 2892 1788 2949 esset,
1814 2880 1956 2951 quod
2004 2879 2055 2932 id
2088 2894 2192 2933 non
2243 2877 2305 2930 li-

747 2949 999 3003 bentibus
1053 2950 1248 3003 animis
1302 2965 1397 3018 pro
1447 2950 1685 3008 Fortuna
1754 2949 1999 3007 tulissent
2059 2967 2072 3001 :
2121 2964 2308 3003 omnes

748 3028 1013 3091 praeterea
1068 3034 1198 3086 opes
1248 3034 1573 3089 omnemque
1613 3025 1898 3091 pecuniam
1931 3020 2308 3091 ecclesiarum,

749 3098 859 3161 tum
888 3088 939 3138 in
974 3086 1220 3161 Caesarea
1248 3128 1261 3148 .
1299 3098 1409 3161 tum
1446 3086 1498 3142 in
1530 3086 1779 3147 conﬁniis
1826 3092 1943 3161 ejus
1989 3089 2307 3157 ιὶοδίιπιηηο

744 3154 1033 3227 diligenter
1070 3155 1333 3227 vestigari
1373 3157 1534 3225 inque
1587 3164 1822 3214 medium
1854 3154 2061 3212 "afferri
2089 3198 2103 3219 ,
2149 3170 2309 3227 atque

747 3223 1247 3297 statim_trecentas
1283 3223 1594 3297 libras'auri
1644 3231 1837 3283 aerario
1884 3228 2095 3297 publico
2150 3223 2306 3297 solvi,

748 3303 800 3345 et
829 3294 1056 3349 clericos
1082 3309 1270 3349 omnes
1300 3294 1352 3348 in
1399 3309 1680 3351 nntncrum
1712 3294 1965 3359 militum,
2002 3297 2091 3364 qui
2119 3295 2309 3361 pra-fe-

748 3376 841 3417 cto
873 3364 1016 3435 illius
1042 3364 1277 3435 regionis
1300 3365 1593 3433 parebant,
1625 3369 1821 3422 ascribi
1846 3366 2010 3434 jussit
2036 3383 2050 3430 ς
2078 3379 2196 3435 quae
2224 3380 2309 3417 res

748 3442 802 3484 et
841 3432 1127 3505 plurimum
1178 3445 1423 3502 sumptus
1480 3438 1748 3505 requirit,
1793 3432 1858 3490 et
1890 3438 1941 3489 in
1977 3434 2308 3505 exercitibus

750 3502 1007 3573 Romanis
1042 3518 1235 3572 magno
1258 3507 1455 3572 probro
1509 3502 1740 3561 ducitur.
1774 3506 2011 3573 Itemque
2064 3503 2309 3557 multitu-

748 3574 924 3626 dinem
951 3572 1406 3639 Christianorum,
1432 3589 1537 3628 una
1565 3592 1684 3630 cmn
1732 3572 1991 3631 uxoribus
2024 3586 2076 3629 et
2104 3573 2306 3641 liberis,

750 3642 998 3717 censeri;
1036 3654 1090 3697 et
1125 3659 1247 3717 non
1307 3644 1465 3717 aliter
1506 3657 1667 3717 atque
1713 3650 1764 3701 iu
1800 3647 1955 3717 pagis
1985 3645 2097 3699 fieri
2131 3645 2262 3698 solet
2293 3684 2308 3707 ,

752 3714 951 3787 tributa
988 3714 1259 3783 pensitare
1288 3714 1597 3787 mandaviti
1629 3734 1749 3771 cum
1792 3714 2142 3787 jurejurando
2166 3730 2313 3769 com-

753 3783 990 3855 minatus
1015 3823 1033 3848 ,
1064 3798 1235 3851 neque
1266 3784 1335 3837 ab
1366 3785 1443 3836 ira
1483 3802 1563 3846 se.
1596 3803 1768 3855 neque
1795 3783 1871 3839 'ab
1900 3786 2187 3855 amigenda
2236 3789 2311 3837 ci—

755 3851 921 3924 vitate
950 3861 1396 3924 temperaturum,
1456 3870 1629 3924 neque
1664 3851 2047 3924 permissurum
2074 3853 2308 3924 Galilmis

750 3920 848 3991 (sic
876 3920 1019 3978 enim
1068 3920 1407 3976 Christianos
1466 3920 1561 3991 per
1622 3920 1999 3979 contumeliam
2038 3923 2308 3991 appellare

752 3990 979 4059 solebat)
1009 3991 1187 4060 capita
1211 4006 1305 4047 sua
1340 3990 1644 4048 cervicibus
1674 3994 1927 4058 retinere,
1956 3992 2054 4045 nisi
2085 3990 2304 4060 delubra

753 4061 1016 4133 idolorum
1051 4059 1445 4129 quamprimum
1486 4067 1551 4116 de.
1579 4067 1783 4133 integro
1800 4059 2299 4133 exstruerent.‘Cu-

748 4131 837 4250 jus
869 4131 1026 4183 mina:
1062 4134 1293 4185 fortasse
1325 4134 1497 4201 reipsa
1552 4130 1774 4202 expléta:
1804 4133 2048 4194 fuissent,
2079 4130 2179 4184 nisi
2217 4145 2306 4185 ce-

771 4199 915 4250 erius
962 4215 991 4250 e
1024 4202 1131 4250 vita
1188 4203 1495 4250 minrasset-
1541 4224 1560 4250 ι
1603 4205 1747 4250 llme-
1785 4205 2038 4250 innnam.
2082 4202 2306 4250 pseudo-

771 4199 991 4272 eriusﬂe
1024 4202 1131 4272 vita
1188 4199 1495 4272 migrasset.
1541 4224 1560 4255 ι
1601 4199 1748 4269 ιίωε,
1785 4205 2038 4272 inquam,
2082 4202 2309 4267 pseudo-

748 4268 1149 4341 ᾼιιιρΙιίΙοοΙιίο.
1178 4268 1285 4322 diu'
1300 4282 1418 4337 post
1462 4290 1571 4327 rem
1622 4286 1827 4341 gestam
1863 4268 2153 4333 scribenti,
2181 4286 2307 4325 con-

751 4338 872 4391 fuso
926 4355 1141 4410 rumore
1200 4343 1380 4393 audita
1409 4382 1425 4404 ,
1456 4338 1803 4397 occasionem
1864 4346 1991 4397 dare
2025 4352 2309 4410 potuerunt

749 4409 1189 4463 comminiscentli
1249 4426 1309 4464 ea
1348 4424 1467 4479 quae
1528 4412 1595 4466 de
1644 4415 1873 4466 adventu
1905 4409 2103 4464 luliaui
2130 4410 2307 4465 Cresa-

752 4492 897 4530 n-am
925 4489 980 4532 et
1007 4479 1188 4551 Ba_si|ii
1223 4496 1342 4533 cum
1367 4495 1431 4535 eo
1479 4496 1774 4551 congressu
1806 4491 2024 4533 narrata
2062 4493 2207 4536 sunt.
2238 4481 2307 4533 At

2406 2005 2702 2063 statimque
2742 2015 2883 2061 metu
2913 2004 3113 2062 pariter
3138 2014 3193 2059 et
3217 2006 3412 2073 gaudio
3432 2016 3607 2070 actus,
3637 2017 3839 2063 tomum
3874 2011 3967 2067 de-

2404 2093 2587 2149 cussit.

2486 2184 2737 2254 Ejusdem
2771 2199 2931 2255 porro
2964 2184 3209 2249 rationis,
3252 2184 3413 2239 etiam
3438 2183 3693 2238 Libanius
3720 2196 3832 2254 tu)
3878 2201 3965 2241 so-

2408 2277 2608 2348 phista,
2637 2278 2751 2346 ipsa
2785 2290 2940 2333 nocte
2970 2278 3235 2334 somnium
3266 2276 3397 2331 vidit
3424 2317 3440 2343 ,
3482 2291 3603 2332 cum
3632 2274 3852 2333 luliano
3909 2280 3963 2332 in

2416 2470 2546 2522 tam,
2579 2471 2698 2529 post
2756 2475 2940 2515 necem
2992 2461 3106 2529 ejus
3130 2504 3145 2529 ,
3174 2461 3371 2530 scripta
3409 2475 3504 2515 sua
3552 2460 3919 2517 elucubrariut
3944 2500 3958 2520 .

2412 2533 2681 2598 quomodo
2730 2532 2781 2585 id
2837 2540 3082 2599 poterant
3127 2532 3401 2600 pra:terire
3457 2531 3769 2591 silentio,si
3830 2532 3961 2598 quid

2413 2601 2672 2669 ejusmodi
2734 2600 3591 2669 factmnfuisset?Apparitionis
3636 2610 3813 2652 autem
3875 2601 3963 2654 hic

2414 2668 2643 2724 narrata:
2682 2668 2895 2723 vacillat
2929 2668 3058 2722 fides
3090 2712 3105 2734 ,
3159 2680 3379 2737 prepter
3431 2668 3770 2735 episcopatus
3822 2685 3957 2724 ana-

2413 2739 2804 2801 chronismum,
2835 2738 2924 2807 qui
2950 2738 3109 2792 etiam
3159 2737 3426 2807 reperitur
3454 2752 3521 2791 ex
3549 2739 3649 2790 alia
3694 2739 3855 2793 simili
3884 2741 3962 2796 le-

2413 2810 2606 2879 genda,
2633 2810 2683 2861 in
2712 2808 2970 2861 Chronico
2997 2809 3351 2862 Alexandrino
3389 2807 3454 2860 ad
3479 2822 3672 2879 annum
3707 2810 3832 2876 565,
3860 2812 3962 2866 hoc

2415 2877 2596 2934 tenore
2631 2898 2643 2933 :
2676 2900 2692 2928 ι
2726 2880 2921 2931 Eadem
2978 2888 3132 2934 nocte
3176 2880 3317 2949 (quas
3348 2887 3466 2947 post
3502 2877 3697 2934 luliani
3732 2894 3959 2935 mortem

2413 2951 2582 3018 prima
2639 2949 2758 3021 fuit)
2800 2950 3066 3004 somnium
3115 2950 3251 3004 vidit
3300 2950 3677 3004 sanctissiums
3704 2950 3959 3013 Basilius.

2415 3024 2672 3077 Caesareae
2710 3020 2991 3090 episcopus
3017 3061 3031 3085 ,
3062 3020 3228 3077 ctnlos
3268 3028 3482 3089 apertos
3526 3028 3581 3073 et
3625 3022 3958 3074 Salvatorem

2415 3093 2690 3146 Christum
2726 3092 2775 3143 in
2814 3093 3006 3144 throno
3038 3095 3311 3146 sedentem
3335 3130 3349 3150 .
3397 3105 3695 3156 magnoque
3726 3093 3963 3143 clamore

2416 3165 2682 3214 dicentem
2718 3181 2729 3213 :
2768 3160 3019 3223 Mercuri,
3052 3162 3160 3220 abi,
3194 3161 3377 3213 occide
3403 3157 3670 3211 lulianum
3721 3159 3953 3223 impera-

2337 3210 2378 3264 C
2416 3210 3557 3294 t.;;é;i.',"m'ua;'nmen;tinguant....
3600 3210 3833 3280 Sanctu's
3862 3210 3958 3280 au-

2413 3308 2517 3349 lem
2548 3297 2864 3359 Mercurius,
2904 3307 3057 3351 stans
3093 3312 3274 3350 coram
3314 3296 3540 3349 Domino
3569 3295 3734 3349 lorica
3779 3296 3956 3351 ferrea

2411 3368 2649 3427 indutus,
2704 3367 2886 3419 audito
2944 3366 3200 3420 mandato
3250 3366 3487 3418 evanuit.
3525 3364 3735 3419 Rursus
3764 3367 3960 3423 deinde

2412 3439 2557 3491 visus
2580 3450 2664 3490 est
2688 3446 2868 3490 astare
2902 3451 3083 3491 coram
3121 3436 3365 3500 Domino,
3409 3437 3717 3489 exclamans
3746 3456 3757 3489 :
3785 3437 3961 3491 lulia-

2412 3524 2512 3561 nus
2552 3511 2845 3577 imperator
2872 3506 3212 3570 interfectus,
3241 3518 3483 3559 mortuus
3506 3517 3609 3571 est,
3637 3521 3696 3559 ut
3719 3509 3956 3574 impera-

2411 3580 2500 3640 sti,
2557 3578 2802 3632 Domine.
2837 3577 3085 3631 Territus
3109 3594 3173 3631 eo
3208 3578 3445 3631 clamore
3492 3578 3773 3645 episcopus
3808 3578 3960 3630 Basi-

2412 3647 2513 3703 lius
2543 3664 2573 3702 e
2606 3663 2798 3701 somno
2824 3649 3096 3703 enitatur
3135 3665 3149 3701 :
3185 3648 3329 3699 ἰΙΙιιιιι
3373 3648 3511 3699 enim
3556 3646 3762 3697 colebat
3794 3645 3961 3700 lulia-

2412 3736 2515 3773 nus
2563 3722 2875 3786 imperator.
2922 3731 2976 3769 ut
3023 3720 3193 3770 virum
3232 3717 3493 3786 eruditum
3547 3723 3600 3786 et
3660 3717 3961 3769 studiorum

2411 3784 2658 3848 socium,
2708 3788 3057 3851 crebriusque
3092 3787 3156 3837 ad
3211 3785 3356 3836 illum
3409 3784 3662 3851 epistolas
3691 3787 3957 3839 mittebat.

2411 3857 2754 3910 Descendens
2807 3855 3003 3908 deinde
3081 3856 3218 3907 idem
3278 3853 3510 3909 Basilius
3563 3856 3854 3923 episcopus
3910 3858 3962 3910 in

2409 3927 2576 3978 aedem
2615 3939 2823 3978 sacram
2856 3924 2921 3975 ad
2954 3939 3140 3992 preces
3172 3925 3464 3977 matutinas
3493 3963 3508 3983 .
3546 3926 3801 3980 universo
3864 3929 3961 3979 ad-

2410 4003 2599 4046 vocato
2662 3994 2807 4046 clero
2832 4033 2846 4057 ,
2878 3995 3103 4064 visionis
3140 4008 3393 4045 arcanum
3445 3996 3677 4063 aperuit,
3708 4009 3764 4049 et
3818 3997 3962 4064 quod

2411 4064 2730 4133 interfectus
2761 4073 2901 4117 esset
2932 4062 3179 4117 lulianus
3210 4064 3522 4130 imperator,
3552 4065 3759 4133 hacth
3808 4062 3965 4121 nocte

2406 4132 2630 4188 obiisset
2662 4152 2677 4188 :
2712 4134 2745 4186 ii
2775 4148 2904 4187 vero
2936 4135 3243 4201 episcopum
3282 4146 3541 4203 rogarunt
3595 4146 3651 4188 ut
3674 4132 3799 4191 haec
3830 4138 3962 4191 reti-

2407 4215 2554 4256 ceret
2593 4205 2900 4273 nentinique
2924 4206 3252 4260 enuntiaret.
3287 4222 3305 4254 ι

2479 4273 2592 4342 (42)
2624 4272 2906 4328 Libanium
2944 4276 3238 4343 sophistatn
3269 4289 3389 4328 cum
3420 4272 3631 4329 luliano
3659 4275 3709 4327 in
3746 4274 3965 4329 Perside

2409 4343 2601 4404 fuisse.
2642 4360 2746 4397 non
2797 4344 2953 4398 facile
2985 4346 3237 4410 credam;
3276 4346 3443 4398 multo
3479 4347 3652 4397 minus
3678 4347 3960 4410 qumswtis

2412 4431 2605 4469 munus
2629 4415 2831 4469 ohiisse
2860 4428 2874 4466 :
2910 4428 3085 4481 neque
3118 4414 3260 4466 enim
3298 4416 3361 4465 ad
3420 4414 3522 4465 tale
3556 4428 3749 4466 munus
3803 4424 3961 4481 aptus

2414 4484 2581 4538 fuisse
2630 4486 2845 4537 videtur
2882 4484 3171 4544 Libanius,
3235 4483 3594 4550 sophistarum
3651 4497 3802 4535 more
3837 4485 3961 4537 talia

750 4562 921 4617 neque
948 4564 1031 4623 ex_
1065 4549 1367 4623 Sozomeno
1416 4546 1665 4621 sequitur
1714 4550 1983 4607 lulianum
2054 4551 2311 4623 Caesarea:
2342 4546 2387 4601 D
2417 4571 2605 4623 parum
2634 4570 2856 4616 curans,
2881 4556 3175 4605 dummodo
3202 4546 3309 4604 sibi
3332 4562 3477 4604 esset
3499 4552 3633 4623 bene
3668 4570 3679 4605 :
3713 4556 3962 4620 quamvis

751 4618 1215 4688 unquamfuisse:
1249 4618 1541 4688 potuerunt
1582 4623 1727 4676 cnim
1762 4623 1967 4683 omnia,
1996 4634 2116 4688 qua:
2148 4619 2315 4674 Sozo.

751 4703 941 4743 meuus
973 4686 1112 4743 facta
1137 4686 1286 4753 dicit,
1319 4691 1387 4744 ab
1436 4693 1760 4760 imperatore
1804 4686 2045 4759 apostata
2092 4705 2188 4757 per
2230 4691 2317 4743 Iit-

754 4768 897 4811 tcras
951 4764 1018 4812 ad
1071 4760 1354 4829 praefectos
1404 4763 1645 4815 mandari
1679 4801 1694 4825 ,
1730 4770 1784 4815 et
1817 4764 1883 4813 ab
1919 4760 2001 4814 bis
2029 4760 2217 4813 deduci
2248 4762 2314 4815 ad

750 4829 1177 4883 exsecutionem.
1211 4830 1343 4896 Imo,
1382 4834 1426 4885 si
1465 4832 1765 4898 Nicephoro
1791 4830 1991 4885 Calisto
2022 4831 2311 4893 ctednnns,

751 4912 858 4949 non
890 4908 975 4953 est
1011 4901 1343 4965 verosintile,
1400 4901 1668 4955 lulianum
1732 4918 1965 4969 unquam
2002 4900 2165 4953 fuisse
2202 4900 2316 4954 Ca:-

750 4981 920 5042 Sarcze
956 4986 970 5019 :
1004 4970 1073 5022 ita
1130 4973 1274 5024 enim
1331 4973 1434 5026 iste
1488 4972 1556 5026 de
1588 4972 1751 5042 impio
1809 4972 1899 5025 lib.
1935 4986 1999 5023 xl.
2022 5011 2037 5034 ,
2062 4984 2197 5042 cap.
2226 4971 2259 5024 4
2297 4988 2310 5023 :

754 5055 780 5111 c_
835 5037 981 5111 Quas
1034 5053 1212 5093 autem
1266 5042 1516 5096 civitates
1577 5043 1626 5096 in
1665 5037 1872 5096 ’Christi
1928 5037 2179 5111 religione
2232 5056 2315 5093 ar-

750 5108 1023 5163 dentiores
1085 5124 1207 5162 esse
1262 5114 1427 5164 sciret
1459 5152 1474 5173 ,
1536 5111 1765 5171 infestus
1814 5116 1892 5165 eis
1947 5108 2090 5177 fuit,
2143 5127 2314 5178 neque

752 5178 816 5227 a.l
868 5192 960 5232 eas
1005 5180 1273 5233 divertere
1328 5182 1513 5236 voluit.
1578 5184 1641 5235 Et
1698 5198 1939 5251 persaepe
1995 5198 2113 5235 cum
2166 5182 2310 5249 lega-

754 5257 922 5301 tiones
972 5251 1035 5301 ad
1092 5266 1240 5313 eum,
1292 5264 1509 5320 prOpter
1542 5268 1726 5307 casum
1757 5256 1985 5320 aliquem
2042 5252 2132 5320 qui
2183 5253 2314 5305 inci-

750 5320 935 5395 disset,
973 5320 1334 5389 provinciales
1364 5328 1663 5389 mitterent,
1714 5338 1906 5392 preces
1955 5337 2141 5377 eorum
2173 5324 2311 5389 reje-

751 5399 842 5438 tlt.
886 5408 905 5439 ι

822 5456 935 5527 (it)
960 5457 1092 5511 Cum
1118 5459 1365 5531 pluribus
1395 5463 1596 5517 sanctis
1626 5477 1718 5531 per
1750 5465 1927 5515 varias
1956 5462 2106 5516 orbis
2135 5473 2314 5531 partes

750 5524 948 5582 luliani
1017 5524 1265 5584 interitus
1318 5533 1577 5585 divinitus
1627 5524 1955 5593 innotuerit;
2015 5524 2314 5586 non-foret

751 5600 958 5650 credttu
990 5600 1223 5663 dtllicile,
1249 5602 1410 5656 etiam
1442 5603 1658 5666 Basilio,
1692 5606 1741 5656 in
1774 5605 2069 5656 solitudine
2096 5604 2311 5657 Pontica

752 5668 1011 5741 versanti,
1043 5671 1190 5739 impii
1216 5673 1490 5725 interitum
1525 5690 1617 5741 per
1642 5674 2025 5727 revelatiuuetn
2054 5675 2314 5727 innotuis-

752 5753 841 5800 se,
884 5740 991 5812 nisi
1018 5743 1633 5812 contrariumsuaderet
1684 5746 1852 5812 ipsius
1884 5746 2057 5798 sancti
2104 5754 2157 5797 et
2211 5744 2314 5796 Na-

754 5810 995 5864 tamzeni
1024 5810 1322 5866 silentium.
1352 5810 1481 5867 Nam
1524 5831 1642 5870 rum
1686 5810 1841 5869 simul
1868 5824 2053 5869 contra
2089 5816 2309 5883 Aposta-

2422 4622 2560 4700 teste
2595 4624 2838 4691 Eunapio
2869 4638 2971 4700 non
3000 4631 3145 4700 esset
3183 4622 3353 4700 impar
3386 4622 3820 4700 administratum}:
3854 4626 3960 4677 rei-

2420 4696 2666 4763 publicae,
2693 4690 2957 4763 etcausis
2980 4690 3227 4744 civilibus
3262 4690 3504 4763 idoneus,
3528 4692 3689 4763 etiam
3726 4695 3792 4743 ad
3855 4710 3954 4747 au-

2417 4760 2649 4817 dendum
2704 4762 3192 4830 perliciendumque
3248 4761 3349 4812 alia
3401 4760 3696 4823 nonnulla,
3737 4777 3854 4830 qua:
3907 4765 3959 4819 in

2417 4836 2629 4887 theatro
2680 4842 3041 4901 spectatorum
3088 4832 3296 4885 animos
3320 4831 3543 4885 delinire
3596 4846 3659 4884 ac
3711 4848 3961 4889 recreare

2416 4914 2653 4971 possent.
2681 4905 2822 4974 tium
2851 4903 2993 4974 enim
3026 4911 3313 4974 sequentes
3362 4902 3707 4974 imperatores
3738 4906 3929 4974 amplis

2416 4970 2609 5027 Simoni
2637 4973 2712 5027 illi
2741 4972 3013 5041 dignitatis
3036 4972 3257 5041 gradum
3285 4970 3592 5041 detulissent
3624 4973 3772 5039 (nam
3813 4970 3959 5027 salu-

2419 5040 3136 5115 tatum,palatioprwfectum
3162 5057 3225 5097 co
3243 5043 3442 5115 honore
3473 5040 3957 5115 fungijusseraut),

2417 5114 2585 5166 uoluit
2621 5115 2887 5181 accipere,
2922 5114 3177 5166 dictitans
3202 5151 3216 5176 ,
3248 5112 3542 5177 sophistam
3579 5113 3669 5166 illo
3703 5112 3957 5180 majorem

2414 5197 2553 5238 esse.
2592 5184 2849 5250 Equidem
2878 5183 3058 5235 nescio
3078 5197 3180 5249 qua
3205 5182 3522 5235 auctoritate
3552 5194 3761 5236 asserat
3786 5186 3958 5236 Euna-

2416 5259 2552 5323 pius,
2589 5266 2877 5323 sequentes
2926 5250 3193 5306 lulianum
3224 5250 3574 5323 imperatores
3601 5254 3959 5319 amplissimas

2415 5320 2706 5390 dignitates
2725 5322 2946 5377 Libanio
2976 5323 3231 5377 obtulisse
3254 5359 3269 5385 ,
3296 5337 3415 5374 cum
3444 5320 3755 5374 luviuianns
3784 5325 3957 5390 ipsum

2414 5397 2665 5451 oecidere
2694 5395 2961 5459 voluerit,
3002 5403 3055 5445 et
3106 5392 3403 5459 imperante
3451 5390 3750 5446 Theodosio
3795 5409 3952 5447 δίειμι-λ

2415 5477 2580 5519 esset.
2623 5466 2755 5532 Quis
2781 5474 2954 5517 autem
2980 5464 3162 5514 credat
3186 5468 3325 5530 quod
3356 5462 3440 5513 hic
3470 5463 3705 5527 ultimus,
3732 5466 3821 5528 qui
3862 5483 3905 5516 ιιν

2418 5537 2640 5589 militem
2702 5537 2752 5588 in
2797 5534 3027 5587 exercitu
3080 5532 3275 5585 habere
3320 5532 3530 5584 volebat
3570 5548 3673 5583 non
3715 5535 3951 5602 baptiza'

2420 5618 2553 5669 tum,
2588 5606 2845 5659 \tuluisset
2873 5603 3089 5670 impium
3136 5602 3471 5655 idololatram
3503 5604 3729 5655 evehere
3760 5612 3824 5655 ad
3878 5618 3957 5656 «ιν

2417 5678 2677 5745 gnitates?
2705 5676 2809 5729 Nec
2840 5676 2901 5726 de
2935 5674 3173 5734 Valente,
3195 5674 3439 5745 quamvis
3460 5672 3680 5745 Ariano,
3702 5676 3957 5745 credilnle

2415 5743 2498 5799 cst
2527 5749 2665 5814 quod
2714 5745 2967 5814 voluisset
2998 5743 3290 5814 honoribus
3333 5744 3606 5814 cumulare
3635 5754 3760 5814 tam
3799 5743 3955 5798 fanti—

2425 5812 2610 5868 l‘artitt:
2639 5817 2864 5869 attsit‘tttn
2896 5813 3088 5866 .lttliani
3122 5812 3419 5881 Apostatar,
3454 5812 3605 5881 cujus
3633 5813 3958 5883 impietatem
