4212 6490
645 432 1005 489 EXCERPTA
1048 432 1134 489 EX
1179 434 1379 491 ACTIS
1417 436 1473 492 S.
1519 435 1764 492 BASlLll
1808 438 2391 498 Bi)l.L.\NDlANlS.—
2422 438 2581 498 VITA
2618 444 3057 502 APOCRYPIIA.

3320 468 3450 511 θῦεν

230 550 439 605 Perside
467 550 759 613 exsistens,
793 568 855 607 ac
906 554 1189 621 quaisturis
1229 570 1420 609 munus
1445 554 1653 609 obiens.
1689 555 1789 609 Ba-
1818 566 1860 619 Α
1891 558 2052 613 citius
2080 562 2147 613 ad
2182 570 2415 614 montem
2451 578 2464 614 :
2497 560 2846 631 excitansque
2880 578 3017 631 quos
3052 564 3161 620 illic
3218 567 3449 635 relique—

228 643 373 697 silius
409 658 539 713 ergo
570 658 637 698 ex
670 644 877 701 visione
899 656 1146 715 stupens,
1179 646 1401 714 soloque
1446 647 1654 702 Eubulo
1685 664 1781 701 ex-

225 734 404 798 citato,
446 736 725 790 descendit
758 752 881 791 eum
909 753 973 792 eo
1008 740 1059 792 in
1090 738 1387 802 civitatem,
1440 741 1693 808 venitque
1717 741 1782 794 ad

222 826 391 877 sancti
424 826 681 896 martyris
714 827 961 883 Mercurii
991 830 1307 898 martyrium
1330 870 1344 893 ,
1381 830 1433 883 in
1454 844 1561 897 quo
1588 841 1642 884 et
1672 832 1785 899 ipse

221 925 268 968 et
300 930 452 969 arma
474 917 593 982 ejus
620 920 789 985 posita
830 928 983 973 erant
1019 936 1031 972 :
1060 934 1293 987 cumque
1331 922 1635 987 quaesisset,
1674 938 1778 975 non

221 1020 338 1062 sunt
379 1010 621 1065 inventa.
649 1013 919 1067 Advocato
968 1023 1145 1066 autem
1194 1015 1436 1078 custode,
1470 1023 1786 1082 percuncta-

221 1098 374 1153 batur
406 1104 625 1156 ubinam
679 1105 911 1169 gentium
942 1114 1141 1157 essent.
1170 1103 1219 1159 Is
1268 1122 1395 1158 vero
1438 1118 1779 1162 sacramento

222 1196 517 1260 respondit,
575 1195 739 1248 fuisse
786 1197 1019 1263 vesperi,
1052 1194 1138 1249 ubi
1194 1211 1291 1264 pro
1344 1212 1491 1252 inore
1523 1198 1781 1252 continue

220 1295 589 1341 servarentur.
617 1287 774 1339 Certo
798 1286 959 1356 igitur
985 1303 1273 1353 persuasus
1304 1289 1561 1353 Basilius,
1596 1306 1777 1345 veram

220 1393 334 1432 esse
361 1379 647 1443 visionem,
678 1378 892 1447 Deoque
925 1382 1044 1434 data
1071 1381 1263 1449 gloria,
1298 1383 1386 1451 qui
1419 1398 1521 1435 non
1551 1384 1780 1449 despicit

220 1472 550 1525 confidentes
584 1472 633 1524 in
655 1472 826 1540 ipsum
854 1514 868 1537 ,
895 1474 1088 1529 ardore
1113 1475 1276 1529 multo
1305 1476 1605 1545 gaudioquc
1628 1478 1781 1531 inex-

220 1566 476 1635 pliCabili,
502 1566 888 1621 dormientibus
924 1566 1097 1621 adhuc
1120 1567 1391 1631 omnibus,
1431 1569 1591 1622 rediit
1615 1584 1775 1637 quani

1886 660 1969 703 rat
1996 660 2050 707 et
2076 652 2142 704 ad
2180 666 2369 719 preces
2401 650 2669 715 hortatus,
2700 651 2936 706 faustum
2978 655 3029 710 in
3056 672 3185 712 voce
3207 659 3446 714 exsulta-

1888 744 2048 796 tionis
2074 743 2230 797 factte
2266 744 2367 799 sibi
2408 744 2668 799 divinitus
2720 745 3064 801 revelationis
3097 752 3345 806 nuntium
3370 764 3451 809 at-

1888 834 2009 887 tulit
2036 873 2051 899 ,
2086 837 2230 903 quod
2282 848 2441 889 nocte
2500 836 2586 889 illa
2624 845 2885 905 tyrannus
2922 839 3161 896 sublatus
3200 842 3390 898 fuisset
3432 861 3447 897 :

1887 928 2228 995 peractisque
2260 928 2635 982 communibus
2664 930 2900 984 omnium
2938 933 3097 997 votis,
3153 935 3445 1001 gratiarum

1888 1019 2212 1086 actionibus,
2248 1034 2498 1074 reversus
2531 1031 2617 1075 est
2639 1022 2691 1075 in
2715 1022 2985 1079 civitatem
3009 1064 3023 1089 ,
3049 1026 3245 1093 jubens
3268 1029 3446 1082 omni—

1888 1110 1987 1163 bus
2017 1150 2033 1171 ,
2079 1119 2137 1162 iit
2168 1110 2219 1163 in
2260 1125 2452 1179 magna
2478 1111 2707 1166 ecclesia
2744 1114 2904 1181 positi
2932 1155 2946 1181 ,
2976 1115 3169 1170 divinae
3216 1116 3447 1188 liturgize

1888 1202 2176 1271 participes
2213 1203 2421 1257 tierent.

1961 1293 2071 1347 Hoc
2098 1303 2277 1349 autent
2320 1294 2394 1347 ita
2438 1304 2681 1363 peracto,
2723 1296 2943 1364 ipsoque
2968 1296 3217 1354 elevante
3260 1312 3445 1356 sancta

1888 1384 1999 1454 (45)
2022 1424 2036 1447 ,
2063 1399 2165 1439 non
2199 1394 2281 1437 est
2305 1384 2503 1439 factum
2531 1386 2766 1454 signum.
2803 1397 2859 1441 ut
2883 1390 3045 1443 moris
3072 1402 3220 1455 erat,
3250 1404 3307 1446 iit
3357 1396 3443 1447 iii-

1890 1476 2085 1528 niirum
2154 1475 2401 1530 columba
2464 1486 2789 1531 moveretur.
2837 1478 2955 1549 Ipso
3011 1496 3137 1536 vero
3179 1485 3447 1551 cogitante

1888 1568 2143 1635 quidnam
2201 1568 2275 1621 rci
2334 1576 2510 1631 esset,
2566 1568 2697 1621 vidit
2733 1585 2895 1623 unum
2946 1573 3009 1626 dc
3062 1575 3445 1631 ventilantibus

220 1752 289 1802 ita
325 1751 624 1806 detestatus
666 1752 856 1815 fuerat,
888 1761 947 1804 ut
1000 1750 1333 1820 praeelegerit
1384 1750 1597 1818 cingulo
1632 1750 1771 1803 mili-
1806 1758 1848 1815 Β
1877 1749 2125 1820 acerbior
2181 1748 2326 1820 omni
2362 1748 2695 1820 jugulatione
2718 1749 2894 1804 futura
2943 1764 3100 1808 esset.
3134 1774 3151 1806 ι
3188 1756 3258 1809 Ita
3285 1756 3442 1811 Lilia-

220 1823 313 1873 tari
351 1826 555 1890 potius,
589 1837 747 1891 quam
786 1821 1097 1875 Christiano
1130 1820 1328 1873 nomini
1356 1823 1684 1874 renuntiare.
1715 1820 1770 1873 Si

220 1902 394 1945 tamen
454 1896 733 1947 credamus
776 1893 1390 1959 Eunapio,recusatam
1452 1908 1481 1941 a
1542 1891 1768 1945 Libanio

220 1963 589 2024 praefecturam
647 1963 863 2030 palatii,
916 1963 1183 2028 qttmunilo
1231 1960 1317 2012 ltic
1348 1961 1635 2013 admittere
1679 1977 1771 2013 v0-

219 2032 406 2085 Iuisset
446 2033 730 2101 qttzt‘sloris
762 2031 974 2083 mimus?
996 2031 1471 2101 Audiamusnuuc
1499 2032 1771 2101 deiseipso

219 2099 524 2170 loquentem
558 2103 856 2161 Libanium,
885 2101 1008 2170 quid
1033 2099 1133 2153 sibi
1170 2099 1460 2167 contigerit
1490 2101 1541 2153 in
1567 2100 1767 2155 Juliani

220 2169 431 2227 Persica
465 2174 819 2240 expeditione.
854 2188 870 2219 ι
906 2169 1057 2235 Quod
1106 2170 1169 2224 ad
1236 2170 1501 2238 reliquum
1539 2181 1765 2240 tempus,

219 2244 357 2309 quod
411 2244 535 2295 binc
562 2240 755 2295 emiixit
786 2281 800 2303 ,
836 2240 1039 2307 inquit,
1072 2255 1245 2309 usque
1271 2243 1336 2293 ad
1366 2243 1763 2301 expeditionem

220 2320 477 2366 adversus
534 2312 769 2381 Persas,
815 2309 951 2381 alios
1010 2311 1116 2365 alio
1172 2320 1329 2381 pacto
1378 2310 1553 2365 aﬂ‘ecit
1607 2330 1620 2365 :
1675 2310 1767 2363 sed

220 2384 345 2435 mibi
382 2381 553 2448 majus
602 2380 737 2448 apud
776 2380 920 2433 illitiit
976 2380 1185 2435 amoris
1211 2382 1389 2435 attulit
1435 2398 1448 2433 :
1503 2381 1764 2448 siquidem

220 2452 583 2514 perseveravit
614 2454 711 2504 boc
757 2452 807 2503 in
841 2465 936 2503 ore
970 2452 1208 2505 habere:
1241 2450 1431 2503 Munus
1465 2450 1556 2501 tibi
1586 2448 1767 2502 confe-

222 2538 329 2574 ram
355 2522 647 2583 excedens,
684 2521 825 2590 quod
858 2536 960 2573 non
985 2520 1427 2590 quemadmodum
1462 2518 1561 2571 alia
1585 2519 1766 2588 fugere

219 2606 449 2660 possem.
506 2588 845 2657 Quare'cuin
882 2590 1302 2642 coznavisseinus
1337 2588 1577 2657 (coactus
1622 2589 1763 2642 enim

219 2661 404 2715 abillo
455 2663 707 2729 fueram),
759 2660 824 2712 Mi
876 2662 1057 2723 liouio,
1088 2660 1533 2725 iiiquit.tenipus
1560 2669 1643 2713 est
1709 2668 1768 2712 ut

220 2747 413 2785 munus
443 2732 693 2798 accipias.
731 2730 987 2796 Equidem
1042 2730 1311 2797 conjicere
1352 2743 1467 2798 non
1522 2740 1763 2798 poteram

216 2801 471 2868 quidnam
522 2796 660 2853 istud
721 2802 886 2862 foret;
940 2798 1028 2852 ille
1069 2796 1199 2853 vero
1247 2796 1470 2864 subjecit
1500 2796 1766 2853 {Videris

218 2872 343 2924 inibi
383 2875 433 2923 in
478 2881 745 2922 oratorum
772 2870 947 2922 album
980 2870 1049 2923 ob
1080 2882 1351 2923 sermones
1386 2869 1761 2931 transcripius,

215 2943 282 2993 ob
306 2943 552 2994 actiones
591 2955 717 2993 vero
748 2943 797 2992 in
831 2939 1269 3006 pliilosopliornm
1310 2952 1589 3006 nuuieruin
1627 2937 1760 2989 rela-

216 3021 318 3065 tus.
353 3012 446 3063 llis
471 3011 625 3064 dii-tis
652 3003 951 3064 oldectatus
985 3003 1123 3076 su'iu,
1152 3019 1207 3059 ut
1237 3006 1361 3059 oliui
1396 3003 1669 3076 Lycurgus
1694 3008 1763 3059 ob

218 3096 537 3150 responsum
586 3079 627 3132 1)
664 3082 676 3133 i
710 3078 988 3150 orae-utare
1048 3075 1113 3129 de
1160 3092 1219 3131 se
1264 3076 1387 3150 ipso
1424 3075 1449 3129 :’
1482 3075 1759 3150 enimvero

216 3145 325 3205 inec
377 3154 445 3204 ab
476 3167 559 3212 eo,
592 3151 681 3216 qui
711 3163 831 3203 cum
862 3148 963 3201 diis
999 3149 1438 3211 conversabatur,
1473 3148 1613 3201 dicta
1642 3145 1752 3199 tue-

1880 1818 2029 1898 nius_
2056 1819 2109 1898 _i_u
2140 1818 2389 1898 oratione
2416 1819 2491 1871 De
2517 1820 2623 1873 vita
2656 1834 2774 1873 sua.
2808 1822 2983 1898 Atque
3022 1839 3086 1898 ex
3119 1826 3214 1898 phis
3239 1828 3439 1898 colligi-

1884 1896 1970 1941 tur
2010 1887 2319 1952 Libaniitm,
2363 1905 2460 1943 nec
2513 1899 2835 1959 quaestorem
2870 1887 3068 1947 Iuliani
3110 1897 3293 1959 fuisse,
3344 1887 3441 1953 nec

1878 1960 2128 2014 comitem
2164 1959 2215 2013 in
2246 1961 2587 2028 expeditione
2616 1957 2831 2014 Persica
2857 2004 2871 2027 ,
2915 1978 3011 2016 nec
3049 1966 3247 2022 vidisse
3281 1957 3439 2023 suam

1881 2030 2025 2105 nium
2063 2028 2254 2105 mortis
2275 2029 2393 2097 ejus
2417 2030 2775 2105 praesagium;
2815 2034 2919 2105 sed
2950 2049 3136 2089 necem
3167 2038 3437 2105 Apostatat

1877 2110 1929 2151 et
1965 2099 2171 2152 cladem
2219 2098 2918 2156 RomanorumAntiucbim
2941 2098 3435 2161 duntaxat-intelle-

1877 2170 2044 2231 xisse,
2071 2168 2337 2243 simulque
2371 2170 2712 2243 spectassem
2726 2173 3013 2243 sandapila
3039 2174 3234 2229 deferri
3266 2181 3424 2230 cada-

1880 2254 1991 2301 ver,
2032 2239 2457 2315 _sepeliend_um_
2496 2240 2649 2315 Tarsi
2713 2239 2935 2315 Ciliciae.
2996 2242 3220 2299 Videtur
3278 2263 3437 2315 porro

1914 2308 2529 2386 sentio-Amphilochius
2561 2310 2825 2386 ejusmodi
2858 2316 3123 2386 somnium
3152 2308 3447 2386 adiugentu-

1923 2380 2101 2453 iliiiiiio
2138 2380 2831 2453 occasionenisumpsisse7
2854 2398 2917 2436 ex
2974 2380 3307 2447 Sozomeno:
3341 2404 3431 2453 qui

1874 2448 1967 2501 lib.
2002 2464 2079 2511 vt,
2106 2462 2225 2517 cap.
2254 2449 2308 2513 2,
2341 2451 2405 2503 de
2426 2450 2607 2517 aliquo
2628 2448 2691 2503 ex
2728 2449 2929 2505 Juliaui
2959 2455 3279 2509 necessariis
3330 2448 3431 2510 ista

1876 2528 2061 2593 nar_rat
2091 2536 2105 2593 ς
2131 2534 2157 2593 ἰ
2198 2517 2401 2593 Dicitur
2451 2534 2614 2584 eum,
2645 2524 2870 2593 eamad
2900 2522 3171 2577 lulianum
3198 2525 3286 2593 qui
3318 2539 3435 2581 erat

1874 2588 1925 2662 in
1956 2585 2207 2662 P_ersid_e_._
2228 2589 2307 2642 ire
2342 2597 2660 2662 maturaret,
2697 2589 2751 2642 iit
2783 2591 2901 2646 loco
2926 2595 3177 2659 quodam,
3206 2585 3434 2662 quierat

1874 2656 1927 2731 in
1956 2659 2037 2710 via
2066 2657 2276 2727 publica
2302 2728 2313 2731 _
2335 2659 2497 2731 situs,
2552 2658 2917 2731 diversatum;
2944 2656 3022 2714 ἐι
3047 2656 3238 2717 aedium
3273 2680 3435 2731 penn-

1875 2726 1951 2780 ria
1977 2726 2246 2793 coactum,
2301 2728 2353 2781 iii
2388 2728 2616 2782 ecclesia
2661 2744 2780 2798 qua
2814 2730 2884 2783 ibi
2932 2743 3049 2785 erat
3091 2726 3428 2795 dorniivisse,

1871 2799 2257 2869 et-seeuuduni
2289 2798 2541 2869 quietem
2577 2798 2658 2853 vel
2689 2815 2799 2853 rem
2830 2812 3035 2869 gestam
3070 2802 3287 2865 vidisse,
3350 2806 3431 2860 vi-l

1872 2866 2061 2945 saltem
2088 2936 2099 2945 _
2128 2868 2425 2921 somniasse
2464 2869 2767 2945 complures
2816 2866 2881 2945 ex
2927 2872 3181 2945 apostolis
3220 2884 3273 2929 et
3298 2890 3425 2945 pru-

1871 2937 2045 3002 pbetis
2088 2936 2157 3008 in__
2198 2951 2358 3008 unuiu
2410 2938 2611 2990 coactis
2646 2980 2660 3008 .
2694 2941 2928 3005 graviter
2962 2936 3040 2993 'de
3088 2936 3428 3008 imperaioris

1870 3005 2195 3081 contumelia
2235 3006 2493 3060 adversus
2547 3007 2805 3081 ecclesias
2842 3009 2999 3081 iacta
3030 3049 3046 3074 ,
3097 3005 3427 3081 conquestos

1869 3088 1989 3147 esse
2014 3116 2027 3135 ,
2063 3074 2390 3147 inivisseque
2414 3077 2719 3143 consilium,
2763 3079 2889 3147 quid
2926 3081 2977 3133 in
3011 3080 3111 3135 hac
3154 3074 3313 3137 causa
3350 3084 3431 3138 fa-

1872 3144 2126 3220 ciendum
2154 3155 2317 3197 esset.
2358 3144 2572 3220 Aecum
2608 3164 2669 3220 ea
2710 3144 2857 3220 dere
2881 3162 3022 3203 esset
3052 3150 3425 3220 deliberatum,

216 3231 351 3274 rant.
380 3222 547 3273 Porro
575 3218 864 3287 praemissis
891 3232 921 3270 c
951 3226 1137 3270 senatu
1166 3260 1179 3281 ,
1212 3218 1300 3286 qui
1332 3226 1682 3286 precarentur
1705 3228 1757 3269 ut
1791 3224 1833 3283 ο
1869 3224 1922 3268 et
1944 3218 2118 3270 adhuc
2138 3229 2324 3287 eorum
2366 3216 2529 3270 animi
2558 3217 2705 3271 velut
2739 3218 2789 3270 in
2829 3219 2992 3273 dubio
3023 3221 3224 3275 versari
3278 3216 3423 3278 vide;

212 3289 571 3341 Tarsensibus
606 3289 1003 3341 dimitterentur
1027 3288 1248 3339 crimina
1271 3326 1285 3350 ,
1324 3289 1490 3349 dixit,
1522 3302 1581 3341 se
1633 3302 1763 3339 con.

210 3376 490 3413 cessurum
524 3358 640 3412 urbi
667 3357 914 3422 Cilicum,
950 3358 992 3411 si
1018 3357 1157 3411 Deus
1185 3358 1357 3425 ipsum
1387 3367 1627 3409 servaret
1660 3370 1674 3404 :
1710 3365 1763 3408 et

212 3428 453 3491 profecto
485 3431 611 3484 inihi
650 3429 987 3499 perspicuum
1031 3436 1135 3499 est,
1162 3427 1356 3499 inquit,
1390 3426 1515 3494 quid
1553 3428 1616 3479 ad
1648 3427 1763 3479 haec

210 3510 526 3577 eventurum
570 3496 677 3562 sit,
729 3510 785 3577 u_t
822 3500 872 3552 in
916 3498 1177 3577 legatione
1202 3496 1450 3577 functum
1479 3510 1625 3577 spem
1666 3512 1762 3577 ,νε-ξ

212 3582 377 3623 strain
414 3570 685 3624 coltocetis
719 3588 731 3622 :
761 3571 899 3622 buuc
928 3578 1105 3621 autein
1131 3568 1302 3634 ipsum
1334 3566 1460 3619 illuc
1493 3566 1761 3634 proticisci

212 3656 420 3694 meeum
484 3640 769 3706 oportebit.
812 3638 945 3706 Tum
999 3636 1333 3706 amplexatus
1375 3634 1759 3703 lacryuiantein

212 3727 311 3762 non
358 3704 685 3777 lacryinans,
721 3706 827 3777 jam
870 3705 1155 3777 Persarum
1198 3704 1332 3777 mala
1375 3719 1621 3777 cernens,
1668 3718 1761 3771 po-

210 3774 633 3833 sireiiiislitteris
654 3776 886 3840 scriptis,
910 3774 1320 3843 iiuibusiuiperii
1338 3775 1587 3836 excessit,
1608 3788 1762 3843 agros

210 3848 562 3917 depopulans,
588 3846 808 3902 castella
839 3856 893 3901 et
922 3846 1315 3915 propugnacula
1350 3846 1567 3913 capiens
1596 3884 1611 3909 ,
1659 3843 1759 3897 ilii-

211 3920 323 3974 vios
352 3916 651 3988 trajicicns.
669 3932 847 3988 muros
870 3916 1204 3988 concutiens,
1227 3917 1387 3988 urbes
1413 3930 1755 3983 expugnans:

209 4003 370 4059 atque
399 3986 816 4059 liorutttsiiigula
849 3986 1023 4059 nullus
1058 3986 1357 4050 nuntiavit;
1381 3990 1475 4059 sed
1503 4001 1759 4059 uiisgau-

209 4054 297 4112 diu
346 4054 1118 4127 spectantiuufgaudebamus,
1150 4070 1211 4108 ea
1240 4070 1359 4123 quae
1398 4056 1509 4127 jain
1538 4055 1758 4118 ﬂebant,

210 4124 394 4195 porro'
424 4128 586 4179 etiam
636 4124 829 4177 factum
882 4124 947 4195 iri
984 4125 1286 4185 credentes,
1340 4138 1462 4177 Cum
1496 4125 1547 4177 in
1588 4127 1757 4195 virum

212 4192 621 4268 inspicereinus.
650 4195 843 4268 Verum
875 4192 1087 4268 fortuna
1116 4209 1243 4268 suas
1269 4205 1448 4262 partes
1473 4196 1601 4261 egit.
1625 4192 1758 4249 Nam

208 4264 328 4323 cum
358 4268 627 4321 exercitus
651 4266 884 4320 ctedibus
928 4274 981 4318 et
1033 4264 1149 4334 fuga
1194 4264 1474 4318 Persarum
1528 4277 1754 4327 ovaret,

208 4338 597 4393 certaminibus
623 4337 885 4407 gyinuicis
914 4336 1346 4407 et_equestribus
1366 4374 1393 4407 ,γ
1423 4348 1541 4407 qua:
1574 4351 1601 4385 a
1636 4348 1757 4400 pro-

210 4410 522 4479 pugnaculis
578 4404 909 4479 spectabant
961 4404 1327 4479 Ctesiphontis
1386 4405 1753 4466 habitatores,

208 4472 328 4531 cum
380 4479 518 4531 inuri
571 4472 909 4530 crassitudini
963 4472 1357 4529 conﬁderenon
1406 4482 1654 4541 possent,
1703 4486 1757 4525 et

210 4546 391 4602 Hedus
420 4546 747 4600 decrevisset
801 4545 1067 4614 legatione
1104 4553 1156 4597 et
1188 4547 1501 4598 muneribus
1548 4543 1750 4612 suppli-

208 4632 331 4672 csre
370 4618 587 4688 (quippe
610 4630 639 4667 a
665 4615 870 4688 ratione
897 4616 1127 4668 alienum
1152 4627 1269 4666 esse
1300 4618 1574 4688 censebat,
1617 4630 1737 4688 cum

209 4690 344 4754 viro,
375 4683 467 4758 qui
491 4683 629 4739 deus
658 4685 871 4758 quidam
899 4694 1037 4746 erat,
1066 4683 1345 4758 pugnare),
1404 4684 1515 4752 jam
1563 4684 1749 4750 legatis

206 4774 373 4829 equos
392 4754 907 4829 conscendentibus,
940 4754 1337 4829 prudentissimi
1362 4759 1521 4829 regis
1555 4766 1743 4829 Virtus,

209 4824 359 4886 basta
399 4829 579 4882 lumbo
610 4826 877 4895 proscisso
897 4862 921 4895 ,7
957 4825 1148 4891 rigavit
1189 4824 1443 4892 sanguine
1472 4826 1539 4877 ab
1564 4839 1627 4880 eo
1657 4826 1746 4891 qui

210 4904 409 4955 vicerat
460 4894 648 4962 eti'uso,
688 4908 882 4949 terram
913 4894 1143 4947 b0stiuin
1175 4903 1584 4962 superatorum:
1621 4896 1747 4949 ell'c-

206 4972 383 5041 citque
411 4982 533 5022 eum
559 4969 647 5036 qui
680 4976 889 5041 terrore
909 4968 1279 5041 coborrueraﬁt,
1311 4966 1743 5041 persequentium

207 5033 479 5093 dominum
506 5054 518 5091 :
553 5033 977 5106 quandoquidem
1014 5051 1044 5087 a
1073 5033 1344 5106 transfuga
1377 5039 1604 5102 quodam
1659 5036 1743 5088 di-

207 5127 355 5165 scere
382 5102 839 5169 Persas'licuera't,
880 5106 931 5159 in
967 5120 1073 5174 quo
1115 5102 1340 5156 fortuna:
1387 5115 1527 5157 statu
1580 5113 1742 5157 esset.

207 5181 367 5235 Nobis
395 5190 577 5232 autem
603 5175 1052 5230 Antiochensibus
1081 5174 1351 5227 hominum
1380 5184 1523 5227 certe
1568 5188 1744 5237 nemo,

206 5252 297 5303 sed
344 5260 680 5305 terraimotus
719 5243 1043 5299 calamitatis
1092 5245 1290 5297 iudices
1345 5244 1553 5297 fuerant
1585 5283 1599 5307 ,
1654 5246 1744 5311 qui

208 5323 361 5375 nrbes
389 5318 686 5374 Palzestinie
715 5316 887 5385 Syriae
908 5317 1164 5380 quasdam
1187 5327 1250 5366 ex
1280 5324 1451 5385 parte,
1482 5315 1741 5385 quasdam

208 5401 345 5443 totas
395 5382 796 5446 subverterant.
854 5384 1063 5437 Etenim
1113 5385 1253 5437 Deus
1303 5383 1455 5436 nobis
1499 5382 1741 5438 Cladibus

208 5462 412 5529 magnis
444 5472 695 5525 magnum
726 5454 1074 5529 infortunium
1100 5453 1399 5529 signiﬁcare
1422 5455 1738 5507 videbatur:

202 5527 505 5597 optantibus
539 5543 660 5578 vero
704 5527 921 5579 nobisne
946 5538 1068 5578 vera
1096 5528 1457 5597 upinareuiur,
1490 5529 1741 5577 acerbum

204 5592 367 5655 tristis
397 5600 567 5652 nuntii
590 5600 749 5649 teluiu
770 5610 926 5647 aures
958 5597 1250 5662 penetravit
1275 5634 1287 5656 ,
1314 5592 1576 5645 .Iulianum
1598 5597 1742 5647 illum

200 5670 248 5722 in
302 5668 579 5735 sandapii-
609 5666 760 5729 ferri,
792 5676 843 5717 et
884 5676 1153 5732 sceptrum
1185 5681 1212 5714 ιι
1249 5666 1428 5717 nescio
1455 5679 1564 5731 quo
1612 5668 1742 5718 obti-

199 5744 341 5800 neri;
391 5734 702 5791 Aruicuiam
757 5744 931 5787 autem
983 5734 1263 5787 Persiiruiu
1298 5748 1417 5787 esse
1446 5774 1461 5801 ,
1491 5745 1543 5804 et
1572 5750 1738 5804 quau-

197 5822 521 5878 tumciinque
570 5820 815 5873 agrorum
868 5804 1193 5878 reliquorum
1225 5805 1436 5878 vellent.
1490 5803 1737 5878 Quapro—

193 5893 309 5950 pter
353 5876 538 5936 statim
598 5894 649 5929 tu
699 5892 879 5931 ensem
929 5876 1110 5929 oculos
1149 5876 1387 5941 cuiijeci,
1424 5876 1577 5943 quasi
1631 5876 1737 5928 vita

1871 3294 2091 3348 rentur,
2132 3286 2267 3355 duos
2314 3300 2343 3339 e
2381 3289 2555 3339 medio
2587 3296 2869 3355 surgentes
2906 3292 3219 3345 coliortatos
3278 3293 3407 3348 reli-

1865 3368 1999 3430 quus
2026 3354 2286 3430 -ut_bouo_
2321 3354 2734 3430 animoessent,
2777 3372 3127 3427 propereque,
3172 3370 3425 3430 tanquam

1866 3423 1929 3492 ad
1955 3422 2237 3476 delendum
2260 3420 2458 3476 Juliani
2501 3420 2809 3492 imperium,
2835 3420 3123 3481 e'conc'ilio
3156 3420 3421 3492 egressos.

1866 3491 2150 3548 Ilominem
2186 3494 2355 3561 illuni,
2384 3494 2476 3563 qui
2505 3491 2604 3547 has
2636 3510 2719 3549 res
2768 3507 2875 3549 tant
2914 3491 3262 3556 admirabil'es
3292 3516 3423 3556 cou-

1865 3566 2156 3641 templatus
2192 3566 2386 3641 iuerat,
2414 3566 2613 3641 iter‘de
2646 3577 2850 3641 caetero
2880 3568 3179 3641 neglexisse
3211 3580 3425 3641 :ratque

1862 3634 1988 3705 dum
2032 3644 2174 3705 metu
2203 3637 2503 3699 perculsus,
2531 3636 2824 3697 liiesiiaret,
2859 3634 2978 3703 quis
3018 3638 3177 3705 liujiis
3201 3634 3422 3697 visionis

1862 3704 2039 3754 exitus
2082 3702 2293 3755 futurus
2344 3716 2507 3767 esset,
2542 3709 2776 3760 secundo
2811 3702 2994 3760 eodem
3032 3702 3240 3762 in'loco
3273 3725 3419 3765 som-

1864 3774 2007 3823 nium
2062 3772 2291 3840 cepisse,
2337 3774 2640 3843 vidisseque
2685 3778 2931 3828 eumdem
2972 3778 3331 3843 apostolorum
3362 3788 3419 3834 et

1864 3843 2243 3909 prophetarum
2269 3855 2589 3897 conventuin
2626 3859 2641 3897 :
2676 3857 2836 3913 atque
2859 3860 2921 3899 es
2950 3848 3417 3913 ittiproviso,veliit

1860 3930 1890 3965 e
1922 3916 2003 3964 via
2053 3915 2102 3985 in
2140 3914 2437 3985 concilium
2492 3915 2758 3985 ingressos
2812 3915 2932 3969 illos
2960 3954 2973 3977 ,
3014 3918 3101 3985 qui
3137 3918 3418 3985 superiore

1864 3991 2017 4035 nocte
2040 3983 2103 4033 ad
2132 3981 2399 4035 Julianutn
2425 3983 2837 4052 expugnandum
2873 3981 3141 4047 abierant,
3172 3981 3398 4041 eieteris-

1862 4066 1964 4118 que
2016 4053 2296 4105 nuntiasse
2327 4066 2447 4105 eum
2484 4057 2721 4106 occisum
2756 4068 2894 4107 esse.
2930 4072 2947 4105 ι
2985 4052 3191 4109 Putaril
3234 4056 3416 4112 forsan

1862 4124 2135 4196 pseudo-tt
2150 4121 2532 4196 mpbilocbius,
2562 4124 2721 4178 iStum
2760 4128 2827 4179 de
2856 4140 2967 4196 quo
3001 4127 3086 4181 Iiic
3108 4129 3216 4196 agit
3252 4129 3419 4182 Sozo-

1862 4204 2070 4266 means.
2107 4188 2303 4266 Juliani
2348 4196 2749 4266 necessarium;
2782 4188 3023 4249 cui'talis
3051 4188 3180 4252 visio
3208 4198 3414 4266 obtige-

1864 4269 1964 4334 rat,
1990 4258 2155 4315 fuisse
2187 4260 2473 4334 Libanium
2521 4264 2856 4334 sopbistaui;
2898 4266 2948 4317 in
2990 4280 3096 4332 quo
3126 4258 3345 4334 ipsum,"
3368 4269 3413 4320 si

1860 4330 1963 4384 boc
1994 4333 2243 4395 senserit,
2264 4346 2476 4387 errasse
2502 4330 2847 4386 manifestum
2872 4343 2954 4387 cst
2983 4330 3046 4387 ex
3078 4330 3264 4389 eodem
3308 4338 3409 4393 So-

1858 4414 2114 4475 zomcno,‘
2149 4404 2238 4471 qui
2274 4402 2386 4475 ιιι).
2439 4418 2511 4465 vt,
2540 4417 2657 4471 cap.
2686 4404 2740 4464 1,
2772 4402 2933 4475 aliam
2968 4402 3173 4459 Libauii
3201 4409 3411 4475 opinio-

1858 4486 1979 4522 tteiii
2004 4472 2067 4524 dc
2092 4470 2287 4544 Juliaui
2330 4484 2501 4544 morte
2532 4477 2726 4544 rei‘erl.
2760 4470 3071 4528 Cninbclisii
3096 4470 3404 4544 conjéCtnra

1856 4549 1960 4605 est,
1987 4543 2120 4595 duos
2150 4542 2311 4594 fuisse
2352 4540 2607 4597 Libanios
2633 4581 2649 4608 ,
2685 4553 3004 4610 qumstorein
3036 4540 3219 4609 unum,
3280 4548 3413 4601 alte-

1782 4590 1825 4645 Ι)
1854 4590 1972 4663 ιιιιῦ
1994 4590 2325 4679 senatus.
2352 4590 2605 4683 ἷξιῗιὶίἶ
2623 4590 2879 4681 sopbistas
2925 4590 3413 4683 ἶιοιιῖὲὶῖᾘῦωξιόἶι

1855 4687 2057 4751 temere
2092 4683 2329 4733 additum
2365 4696 2393 4731 a
2424 4680 2644 4736 librario
2682 4680 2933 4751 quodam.
2968 4686 3043 4737 Ita
3072 4685 3159 4740 ille
3176 4680 3411 4740 credibi-

1851 4748 1956 4803 lein
2010 4752 2146 4821 banc
2174 4751 2537 4821 narrationem
2596 4748 2818 4807 reddere
2859 4754 3067 4818 nititur,
3101 4757 3409 4821 temeraria,

1853 4830 1910 4893 ut
1966 4820 2093 4893 inibi
2155 4820 2377 4893 quidem
2430 4823 2657 4884 videtur,
2693 4822 3003 4888 conjecrura
3034 4864 3049 4887 ,
3090 4840 3191 4893 qua
3230 4820 3413 4893 plures

1850 4890 2061 4944 fabella:
2088 4907 2115 4941 a
2156 4890 2495 4945 l‘abulositate
2529 4894 2914 4948 exiiiierentur.
2966 4890 3183 4949 Interim
3212 4890 3411 4949 fatetur

1850 4962 1988 5030 ipse,
2026 4959 2136 5015 lizec
2174 4960 2317 5015 nullo
2344 4963 2503 5015 modo
2537 4965 2603 5017 de
2631 4960 2856 5016 Libanio
2891 4967 3132 5032 sophista
3186 4964 3404 5035 intelligi

1884 5044 2029 5084 OSSC.

1846 5045 2029 5170 p035}
2056 5099 2351 5170 IEnigmati
2419 5099 2547 5155 milii
2601 5103 2776 5156 simile
2810 5115 2914 5166 est,
2950 5103 3075 5156 dunt
3106 5104 3253 5157 locus
3306 5117 3404 5155 au-

1847 5170 2127 5233 dientium,
2160 5182 2266 5222 tam
2299 5186 2461 5239 prope
2500 5173 2565 5225 ad
2606 5174 2775 5225 altare
2808 5173 3083 5237 statuitur,
3117 5184 3173 5227 iit
3206 5174 3326 5227 inde
3354 5175 3407 5228 in

1844 5246 2141 5295 sacrarium
2196 5248 2389 5293 iniiber
2437 5254 2615 5307 posset
2664 5245 3040 5310 introspicere.
3074 5243 3221 5299 Unilc
3247 5243 3407 5297 Coni-

1847 5310 2067 5365 belistus
2092 5320 2241 5377 putat
2273 5314 2541 5379 designari
2579 5317 2780 5375 lucum,
2817 5315 3060 5366 udi-libus
3090 5314 3407 5368 mulieribus

1844 5382 2166 5433 destinatum
2200 5398 2211 5432 :
2243 5384 2334 5432 sed
2375 5397 2545 5447 neque
2574 5383 2707 5453 Aliie,
2766 5384 2957 5435 saltem
3002 5384 3053 5453 in
3114 5383 3409 5453 maioribus

1844 5452 2109 5513 ecclesiis,
2147 5459 2253 5503 tam
2315 5464 2479 5517 prope
2519 5451 2583 5503 ad
2618 5452 2789 5505 altare
2843 5462 2979 5505 erat.
3015 5452 3089 5508 De
3121 5451 3262 5506 inotu
3319 5468 3409 5506 cu-

1844 5520 2037 5575 luinba:
2071 5538 2120 5572 tu
2147 5535 2357 5589 Signum
2397 5521 2660 5574 adventus
2688 5522 2922 5589 Spiritus
2948 5526 3143 5585 Sancti,
3169 5524 3292 5576 alibi
3327 5540 3408 5575 ni-

1846 5589 1917 5661 liil
1950 5594 2181 5653 invenio,
2217 5602 2315 5640 nec
2337 5589 2467 5641 satis
2498 5590 2739 5660 intelligo
2766 5609 2832 5643 an
2870 5604 3063 5661 sponte
3092 5606 3143 5647 et
3174 5594 3407 5646 miracu-

1843 5659 1957 5712 losc
1990 5667 2317 5720 moveretur,
2346 5672 2411 5710 an
2449 5674 2576 5713 Vero
2620 5680 2645 5713 ιι
2680 5659 2967 5724 ministro,
3018 5675 3073 5716 ut
3108 5664 3245 5731 apud
3307 5678 3408 5717 nos

1842 5732 2083 5798 pulsatur
2113 5742 2419 5798 campana;
2466 5743 2520 5783 et
2572 5732 2617 5784 si
2666 5734 3011 5798 iniraeulose,
3056 5750 3122 5785 an
3154 5735 3407 5787 omnibus

1842 5803 2039 5868 passim
2068 5800 2117 5853 id
2147 5799 2323 5865 ﬁeret,
2358 5815 2423 5853 an
2464 5800 2661 5854 Basilio
2693 5811 2927 5857 tantum.
2970 5808 3024 5856 Si
3060 5804 3253 5855 Basilio
3287 5816 3407 5856 tan-

1844 5884 1951 5925 tunt
1979 5912 1993 5926 .
2025 5875 2189 5927 inirnr
2232 5875 2362 5926 nihil
2420 5885 2525 5924 lzlllt
2571 5875 2863 5942 singularis
2917 5874 3157 5929 miraculi
3215 5870 3407 5929 metul-
