4212 6486
763 439 913 481 βοῦνι

2126 417 2657 475 PBULEGOMENA.

764 540 1005 596 draconis
1034 550 1356 597 annuentem
1385 540 1595 596 mulieri
1624 582 1639 607 ,
1675 543 1957 612 aspicienti
1989 546 2056 598 de
2085 546 2330 614 superio-
2359 552 2405 605 Α
2437 554 2566 610 tem,
2607 541 2907 611 captivitati
2962 543 3372 611 mancipandam
3404 582 3419 607 ,
3454 543 3691 597 liberasti
3717 583 3732 608 ,
3794 541 3997 612 Deique

771 633 922 686 ribus
946 634 1213 698 deorsum,
1234 648 1297 687 ac
1333 633 1608 687 inclinauti
1638 634 1689 687 in
1708 650 1830 688 eum
1866 654 1879 688 :
1912 649 2069 703 quem
2095 634 2139 688 is
2168 633 2335 705 gmdu

774 736 1000 787 motum,
1032 726 1172 779 intra
1203 725 1486 780 ecclesiam
1528 728 1732 781 servari
1776 728 2048 797 praecepit.
2094 727 2337 794 Cumque

772 819 849 873 sic
912 818 1147 886 Spiritus
1199 819 1373 872 sancti
1407 818 1697 873 adventum
1730 819 1883 889 signo
1916 819 2113 874 visibili
2146 834 2335 889 perce-

773 910 964 976 pisset,
988 908 1153 977 jussit
1182 920 1239 963 ut
1284 910 1508 980 populus
1548 911 1829 966 universus
1862 911 1979 966 dies
2018 920 2221 980 septem
2280 911 2335 965 in

768 1003 993 1057 ecclesia
1026 1013 1383 1073 permaneret.
1419 1005 1657 1059 Diacono
1706 1015 1886 1059 autem
1916 1004 2136 1072 jejuniis
2165 1013 2220 1057 et
2246 1004 2331 1057 vi-

765 1096 911 1165 giliis
943 1097 1269 1165 mancipato,
1306 1098 1449 1167 quod
1484 1098 1533 1151 ei
1577 1098 1946 1152 abundantius
1974 1108 2092 1152 erat
2120 1098 2185 1151 ad
2210 1112 2333 1167 ege-

767 1202 955 1240 norum
981 1189 1363 1242 sublevandam
1395 1190 1630 1259 inopiam
1660 1191 1775 1245 dari
1814 1190 2125 1256 mandavit;
2164 1199 2330 1257 utque

765 1277 842 1330 sic
871 1276 1133 1331 offensum
1166 1276 1373 1331 Numen
1426 1279 1695 1348 placaret,
1743 1278 1936 1346 hisque
1970 1276 2185 1330 demum
2239 1289 2335 1328 ex-

763 1369 988 1435 piatus,
1046 1369 1400 1424 ministerium
1457 1386 1669 1425 sacrum
1724 1378 2098 1440 presumeret,
2150 1366 2331 1435 jussit.

764 1458 1062 1514 Confestim
1090 1475 1220 1514 vero
1247 1460 1501 1529 praecepit
1528 1460 1782 1529 suspendi
1814 1459 1929 1514 vela
1967 1459 2019 1511 in
2065 1458 2183 1510 loco
2238 1472 2334 1508 au-

764 1552 1048 1615 dientium,
1098 1550 1379 1621 injungens
1431 1553 1751 1606 mulieribus
1771 1591 1787 1615 ,
1830 1559 1887 1603 ut
1916 1551 1959 1603 si
1988 1563 2107 1617 qua:
2138 1547 2332 1614 depre-

766 1645 929 1697 hensa
953 1655 1115 1707 esset,
1152 1645 1385 1713 quandiu
1416 1660 1567 1699 sacra
1597 1652 2001 1713 peragerentur,
2034 1651 2188 1695 extra
2214 1640 2329 1692 vela

765 1735 1067 1805 despicere,
1099 1736 1165 1788 de
1200 1736 1426 1789 ecclesia
1463 1736 1753 1801 pelleretur
1802 1746 1856 1788 et
1885 1744 2033 1787 extra
2081 1747 2333 1786 commu-

768 1826 982 1879 nionem
1036 1824 1210 1879 fleret.
1247 1826 1357 1879 Sub
1410 1826 1568 1879 tinem
1624 1840 1785 1893 porro
1824 1836 2025 1893 septem
2080 1823 2330 1883 dierum,

2441 637 2513 690 tui
2573 636 2827 705 templum
2875 637 3409 704 magniﬁcentissime
3460 636 3770 701 exornasti;
3828 651 3994 687 unnm

2439 739 2680 797 superest
2713 769 2727 793 ,
2776 739 2833 781 ut
2892 729 3101 796 plenam
3161 730 3315 783 nobis
3357 729 3573 782 virtutis
3596 729 3789 781 divinae
3826 725 3997 780 iacias

2438 820 2618 875 fidem.
2650 839 2668 871 ι
2708 822 2777 874 At
2807 820 2895 873 ille
2916 862 2930 885 ,
2965 820 3053 874 ubi
3090 822 3236 875 brevi
3265 835 3511 875 sermone
3539 829 3751 874 ostensa
3786 819 3875 871 via
3909 832 3997 868 sa-

2438 910 2588 974 lutis,
2617 912 2876 965 suasisset
2904 921 2956 964 et
2984 912 3106 965 tidei
3144 912 3463 965 rudimentis
3512 911 3854 972 instituisset,
3906 908 3998 961 ba-

2435 1004 2632 1071 ptismo
2702 1002 2877 1057 tinxit.
2933 1002 3067 1056 Cum
3126 1013 3301 1056 autem
3356 1017 3507 1055 sacra
3566 1000 3993 1067 Quadragesima

2438 1092 2782 1156 advenisset,
2816 1093 3047 1146 divinam
3084 1093 3229 1146 illam
3266 1092 3446 1162 operis
3487 1107 3578 1146 sex
3633 1093 3842 1146 dierum
3903 1106 3998 1143 ex-

2434 1184 2754 1251 positionem
2792 1185 2984 1253 populo
3038 1200 3339 1249 enarrans,
3386 1186 3669 1254 plurimam
3723 1194 3833 1237 tum
3896 1179 3999 1235 He-

2436 1274 2705 1329 braeorum
2739 1286 2847 1329 tum
2881 1278 3159 1346 gentilium
3208 1278 3607 1332 multitudinem
3636 1276 3851 1330 Christo
3901 1278 3994 1329 ob-

2436 1367 2574 1419 tulit.

3044 1479 3273 1535 CAPUT
3319 1479 3407 1538 111.

2436 1588 2709 1644 Decretum
2754 1591 2924 1645 exsilii
2972 1593 3065 1645 sub
3114 1590 3326 1646 Valente
3358 1593 3685 1659 impeditum,
3716 1590 3876 1658 hujus
3902 1589 4000 1657 ﬁlii
4030 1644 4033 1649 ,

2505 1664 2764 1715 interitus.
2800 1662 3218 1731 Chirographum
3265 1665 3521 1731 magicum
3555 1664 3778 1717 darmoui
3828 1675 4000 1731 exta:-

2510 1741 2639 1783 tum.
2666 1734 2939 1785 Anastasii
2964 1728 3256 1801 presbyteri
3294 1728 3566 1786 sanctitas.
3625 1735 3894 1786 Adventus
3936 1728 3995 1784 S.

2506 1801 2736 1869 Ephrem
2772 1806 2838 1855 ad
2866 1803 3146 1857 Basiliam.

764 1919 961 1974 celebri
996 1919 1159 1973 totius
1212 1920 1393 1990 p0puli
1441 1930 1730 1983 conventu,
1764 1934 1884 1971 cum
1910 1918 2102 1971 festum
2142 1930 2333 1984 agere-
2363 1903 2407 1958 Β
2505 1916 2733 1981 Quidam
2782 1917 2944 1985 igitur
2970 1918 3036 1972 de
3058 1916 3261 1971 relictis
3298 1915 3585 1985 gentilibus
3612 1916 3747 1983 (46),
3780 1917 3909 1986 quin
3942 1923 4001 1967 et

768 2022 875 2075 tur,
936 2020 1231 2080 essentque
1287 2026 1473 2065 omnes
1523 2012 1573 2065 in
1601 2010 1825 2063 ecclesia
1867 2010 2215 2078 congregati;
2263 2022 2330 2061 en

765 2100 880 2172 (44)
930 2100 1023 2155 tibi
1074 2100 1353 2167 Libanius,
1403 2101 1599 2155 Juliani
1639 2110 1896 2170 qutestor,
1946 2099 2068 2170 fuga
2122 2103 2326 2168 lapsus,

768 2195 1042 2249 civitatem
1078 2194 1374 2264 ingressus,
1405 2195 1492 2247 ubi
1526 2194 1702 2263 populi
1734 2195 1783 2247 iu
1819 2194 2048 2248 ecclesia
2077 2192 2325 2259 frequen-

769 2288 897 2339 tiam
936 2286 1142 2350 didicit,
1180 2300 1244 2340 eo
1271 2286 1541 2348 accessit,
1576 2285 1969 2339 odiosissimam
2000 2280 2196 2337 Juliani
2252 2293 2333 2350 ty-

772 2379 923 2430 ranni
978 2388 1204 2432 mortem
1244 2377 1615 2439 annuntians;
1670 2376 2009 2446 genibusque
2066 2374 2336 2444 pontificis

768 2470 1284 2536 advolutus,Christi
1312 2469 1640 2537 signaculum
1674 2476 1823 2539 rogat
1859 2469 2107 2535 accipere
2143 2482 2155 2515 :
2190 2466 2333 2534 quod

768 2571 1127 2626 consecutus,
1190 2562 1364 2615 factus
1400 2570 1481 2615 est
1521 2559 1715 2615 Basilio
1764 2558 2166 2615 contubernalis
2226 2573 2332 2612 una

770 2672 894 2711 cum
927 2656 1152 2711 Eubulo.

842 2750 1097 2819 Sequenti
1164 2758 1339 2802 autem
1410 2748 1493 2802 die
1524 2747 1683 2814 jussit
1741 2747 2028 2809 omnibus.
2086 2757 2145 2798 ut
2214 2760 2339 2798 suas

771 2844 999 2909 quisque
1065 2842 1323 2909 pecunias
1400 2838 1721 2907 reciperent.
1788 2836 1858 2889 At
1913 2838 1989 2891 illi
2045 2854 2147 2890 una
2207 2852 2338 2892 voce

773 2934 839 2987 ad
896 2934 1128 3000 ipsum:
1184 2950 1205 2983 ι
1257 2929 1461 2997 Quibus
1528 2930 1710 2983 animo
1766 2929 2117 2983 constitutum
2181 2938 2336 2993 erat,

778 3035 835 3077 ut
882 3026 949 3077 ad
994 3024 1232 3077 civitatis
1296 3022 1651 3077 amoliendum
1706 3024 2064 3088 eversionem,
2138 3033 2339 3077 morta-

774 3118 808 3170 li
860 3131 955 3170 eas
1006 3115 1314 3185 imperatori
1377 3116 1772 3184 praeberemus,
1812 3117 2006 3183 potiori
2066 3114 2190 3181 jure
2248 3116 2338 3170 de-

774 3208 1046 3261 huerimus
1079 3204 1272 3259 offerre
1306 3205 1594 3259 immortali
1634 3205 1969 3273 imperatori,
2017 3205 2106 3271 qui
2174 3220 2270 3258 nos
2311 3221 2338 3256 a

776 3308 926 3350 tanto
952 3298 1189 3365 periculo
1222 3296 1468 3350 redemit.
1503 3295 1640 3349 Ecce
1677 3310 1806 3349 vero
1838 3306 1961 3349 sunt
1993 3296 2243 3348 universa
2282 3296 2334 3348 in

777 3384 1026 3437 manibus
1053 3383 1179 3446 tuis,
1209 3382 1369 3437 facito
1400 3394 1456 3437 ut
1488 3384 1577 3437 tibi
1616 3382 1875 3439 Dominus
1900 3383 2149 3452 jusserit.
2187 3405 2205 3438 ι
2237 3384 2329 3439 llle

775 3478 1001 3531 miratus
1032 3492 1283 3546 magnum
1326 3476 1621 3531 ﬁdelissimi
1670 3476 1849 3546 populi
1900 3479 2179 3541 animum,
2238 3488 2339 3532 ter-

778 3567 904 3619 tiam
936 3577 1141 3634 partem
1174 3567 1277 3620 illis
1307 3566 1565 3635 praebuit;
1606 3582 1673 3619 ex
1732 3568 1953 3634 reliquis
1990 3582 2118 3620 vero
2148 3583 2337 3622 sacra-

777 3660 915 3711 rium
945 3667 1115 3711 totum
1148 3673 1268 3711 cum
1295 3658 1406 3727 (45)
1437 3658 1641 3711 ciborio
1670 3658 1879 3720 induit;
1913 3672 2144 3725 eumque
2171 3664 2340 3714 altare

775 3764 908 3802 auro
958 3748 1158 3802 mundo
1190 3756 1244 3801 et
1277 3748 1472 3817 lapillis
1512 3757 1798 3811 ornasset,
1854 3748 2112 3800 advocata
2144 3750 2337 3802 civium

778 3840 1154 3903 multitudine,
1187 3854 1483 3904 mensaque
1537 3854 1694 3893 sacra
1745 3836 2080 3893 sanctiﬁcata
2112 3876 2126 3899 ,
2177 3838 2340 3905 jussit

777 3932 954 3986 triduo
988 3930 1183 3985 festum
1219 3931 1325 3997 agi.
1365 3930 1496 3983 Cum
1542 3942 1716 3984 autem
1759 3931 1873 3985 haec
1904 3932 1975 3983 ita
2010 3946 2326 4000 perageren-

780 4023 1120 4091 tur,qnidam
1150 4024 1375 4075 necdum
1406 4022 1669 4092 gentilitio
1711 4037 1897 4077 errore
1928 4023 2184 4085 absoluti,
2210 4036 2333 4075 eum

778 4113 1122 4177 conveniunt,
1156 4111 1433 4165 dicentes:
1474 4130 1491 4161 ι
1528 4112 1663 4166 Ecce
1688 4113 1937 4167 precibus
1980 4114 2086 4167 tuis
2140 4114 2337 4166 Civita-

1879 4356 1892 4391 :
1939 4339 1982 4392 si
2030 4340 2279 4392 omnibus
2312 4384 2324 4401 ,

782 4408 951 4488 inagis
989 4409 1201 4469 mirum,
1230 4409 1427 4461 nullam
1464 4410 1590 4463 alibi
1620 4422 1839 4465 exstare
1871 4409 1989 4479 ejus
2023 4410 2095 4462 rei
2127 4425 2331 4463 memo-

782 4492 937 4531 flat".

853 4544 906 4617 (4
921 4546 962 4616 ε)

781 4618 1087 4682 conjectura
1113 4617 1176 4670 de
1205 4617 1412 4673 duobus
1458 4622 1694 4676 Libaniis
1722 4662 1736 4686 ,
1778 4622 1993 4674 omnino
2021 4620 2209 4671 lalsutn
2242 4628 2323 4671 est

783 4687 1077 4755 sophistant
1142 4704 1374 4756 unquam
1436 4707 1748 4746 conversum
1804 4690 2004 4752 fuisse,
2058 4701 2151 4740 ant
2208 4698 2327 4755 post

784 4766 1008 4811 mortem
1041 4757 1234 4811 Juiiaui
1278 4763 1485 4817 venisse
1508 4761 1803 4815 Czesaream
1832 4782 1843 4815 :
1879 4777 1998 4813 nam
2032 4759 2324 4811 Autioehize

784 4828 899 4894 ejus
930 4830 1226 4901 orationem
1254 4830 1528 4886 funebrem
1557 4834 1711 4892 dixit,
1752 4842 1811 4883 ut
1849 4833 1959 4901 ipse
1992 4830 2060 4883 de
2080 4844 2135 4881 se
2164 4839 2327 4881 testa-

786 4906 910 4972 tur._
933 4916 951 4947 ι
988 4898 1166 4972 Visum
1194 4900 1297 4963 est,
1327 4902 1593 4970 inquiens,
1636 4898 1882 4972 partium'
1914 4915 2152 4955 mearum
2180 4913 2324 4960 esse,

785 4975 845 5019 ut
884 4966 1090 5021 funebri
1122 4974 1361 5025 oratione
1402 4966 1515 5025 fato
1552 4966 1793 5027 functum
1819 4972 2245 5023 cohonestarem.
2302 4988 2319 5018 ι

786 5036 1048 5111 Pmterea
1076 5052 1255 5093 narrat
1279 5057 1336 5095 se.
1360 5044 1481 5096 vita:
1507 5045 1797 5111 periculum
1834 5041 2117 5095 Joviniano
2142 5041 2323 5111 incur-

784 5108 919 5161 risse
946 5148 959 5171 ,
994 5111 1117 5175 quia
1175 5113 1394 5166 nimium
1449 5108 1699 5167 laudabat
1748 5112 2036 5167 lulianum.
2070 5129 2087 5162 ι
2131 5109 2324 5162 Postea

786 5193 989 5243 rursus,
1019 5180 1209 5248 inquit,
1245 5183 1323 5234 vir
1346 5186 1605 5238 barbarus
1657 5184 1890 5236 irritavit
1938 5183 1988 5233 iu
2026 5196 2109 5233 me
2132 5180 2327 5247 princi-

783 5262 937 5320 pem;
993 5265 1112 5303 cunt
1156 5253 1397 5315 diceret,
1433 5271 1515 5309 me
1564 5254 1719 5305 liuent
1757 5270 1861 5307 non
1901 5252 2076 5305 facere
2112 5251 2324 5320 lugendi

784 5318 991 5387 Plagam
1013 5321 1128 5388 ejus
1153 5323 1241 5389 qui
1260 5326 1603 5379 occubuerat.
1623 5322 1850 5378 Proinde
1874 5324 2163 5390 imperator
2180 5318 2325 5372 male

786 5392 1131 5463 meperdere
1164 5394 1466 5459 cogitabat,
1520 5395 1766 5447 mmroris
1827 5407 2041 5463 pcnuam
2084 5391 2321 5463 exigens.

784 5461 889 5533 Sed
920 5459 1000 5511 vir
1043 5463 1258 5529 quidam
1310 5470 1505 5533 probus
1549 5459 1879 5533 Cappadox}
1920 5461 2322 5533 condiscipulus

781 5528 1130 5604 olim-meus,
1185 5534 1273 5600 qui
1310 5528 1529 5603 magnus
1560 5528 1676 5589 erat
1716 5538 1851 5604 apud
1897 5534 2043 5587 illum
2074 5574 2087 5593 ,
2154 5532 2321 5604 inter-

782 5601 963 5673 cessit.
1010 5619 1028 5651 ο
1068 5600 1257 5655 Mirum
1312 5600 1485 5659 tanien
1533 5622 1637 5658 nou
1686 5600 1773 5670 sit,
1810 5601 2327 5673 pseudo-Amphilo-

783 5670 961 5721 chium
1022 5674 1331 5743 credidisse,
1368 5675 1646 5728 Libauium
1686 5670 1979 5743 sophistznn
2033 5676 2100 5726 ad
2162 5670 2318 5743 fidem

784 5753 1130 5805 conversum,
1157 5742 1226 5797 ob
1253 5746 1542 5798 amicitiam
1578 5741 1996 5814 quantitas-ilius
2027 5760 2123 5812 per
2185 5741 2326 5792 litte-

788 5823 1027 5931 rasdcum
1062 5828 1125 5869 eo
1151 5813 1346 5877 coluit,
1382 5825 1631 5885 tauquam
1667 5832 1784 5871 cum
1816 5816 2051 5871 souhista
2105 5823 2161 5867 et
2210 5814 2325 5866 viro

788 5892 879 5930 eru
921 5891 1012 5931 no.

784 5891 1012 5935 CI'UUHO.

779 4338 923 4391 uisse
965 4334 1359 4389 Nazianzennm
1415 4346 1469 4390 et
1528 4338 1823 4407 Nyssenum

2436 2022 2500 2060 ex
2535 2005 2750 2059 Arianis
2776 2006 3101 2060 calumniam
3127 2006 3263 2076 apud
3297 2006 3574 2061 Valentem
3610 2006 3997 2073 imperatorem

2434 2098 2637 2152 Basilio
2692 2106 2952 2162 struunt,
3005 2109 3263 2169 tanquam
3312 2098 3470 2153 fidem
3518 2096 4002 2152 Consubstantialis

2436 2190 2605 2260 gloria
2637 2187 2876 2250 efferret,
2903 2190 3221 2243 Arianorum
3251 2202 3427 2245 autem
3447 2190 3689 2244 haeresim
3723 2189 4001 2243 abomina-

2439 2293 2589 2337 retur
2622 2292 2676 2335 et
2714 2282 3018 2350 deSpueret.
3053 2279 3119 2334 lis
3173 2285 3241 2335 ob
3273 2284 3436 2336 animi
3469 2283 3739 2337 levitatem
3768 2296 3997 2349 persua-

2441 2390 2532 2431 sus
2553 2373 2773 2437 Valens,
2806 2373 2957 2426 illum
2998 2374 3063 2425 ad
3094 2387 3151 2426 se
3195 2376 3533 2429 Antiochiam
3565 2376 3816 2429 accersit.
3868 2373 4002 2425 Cum

2439 2476 2617 2521 autem
2658 2466 2977 2519 Anastasius
3023 2465 3134 2533 (l7)
3188 2479 3420 2534 quaestor
3465 2468 3771 2523 advenisset
3824 2466 4006 2521 Caesa-

2444 2570 2613 2618 ream,
2644 2553 2947 2620 Basilioque
2972 2554 3210 2622 injuncta
3239 2554 3339 2607 sibi
3378 2556 3446 2609 ab
3480 2559 3802 2625 imperatore
3837 2574 4003 2627 expo-

2442 2647 2682 2710 suisset,
2717 2648 2793 2699 ait
2835 2645 3065 2700 Basilius
3100 2666 3113 2700 :
3151 2665 3169 2697 ι
3229 2646 3403 2699 Etiam
3427 2663 3547 2714 ego,
3583 2650 3654 2702 fili
3683 2690 3698 2713 ,
3721 2660 3849 2704 ante
3903 2665 4005 2701 non

2442 2751 2643 2805 paucos
2670 2736 2786 2789 dies
2836 2736 3101 2803 cognovi,
3133 2736 3401 2803 quomodo
3452 2738 3764 2806 imperator,
3827 2740 4007 2793 stultis

2441 2827 2749 2882 hominibus
2779 2826 2935 2878 fidem
2959 2826 3189 2890 habens,
3225 2827 3612 2895 deportationis
3654 2844 3784 2881 mea:
3820 2838 4005 2897 typum

2440 2928 2785 2980 exaraturus,
2817 2925 2926 2969 tres
2958 2917 3276 2971 contriverit
3318 2916 3587 2979 calamos;
3639 2927 3799 2985 atque
3828 2920 4009 2971 insen-

2440 3010 2542 3064 sati
2572 3007 2788 3072 calami,
2831 3008 3186 3077 impotentem
3217 3007 3360 3062 illius
3384 3008 3643 3075 impetum
3671 3007 4009 3060 inhibueriut

2442 3101 2617 3171 (cuius
2644 3108 2754 3153 tota
2789 3100 3053 3169 cupiditas
3082 3109 3184 3165 est,
3226 3110 3282 3153 ut
3334 3101 3531 3154 veritas
3566 3100 3915 3161 obscuretur,
3957 3108 4013 3149 et

2444 3192 2781 3246 mendacium
2818 3192 3114 3262 obtineat),
3142 3208 3324 3247 secum
3369 3193 3562 3247 melius
3586 3202 3765 3247 actum
3798 3193 3861 3246 iri
3891 3192 4009 3245 exi.-

2446 3281 2752 3343 stimantes,
2786 3292 2845 3333 ut
2866 3282 3358 3350 confringerentur,
3390 3300 3551 3353 quam
3584 3294 3640 3338 ut
3672 3283 3872 3354 iniqua:
3896 3282 4009 3351 ejus

2446 3374 2729 3428 sententia:
2760 3374 3111 3427 deservirent.
3152 3393 3170 3425 ι

2518 3466 2618 3522 Ubi
2653 3467 2815 3535 igitur
2862 3465 3081 3519 advenit
3115 3466 3455 3519 Antiochiam
3488 3507 3503 3529 ,
3540 3468 3604 3520 ad
3630 3468 4009 3536 praefectorum

2449 3563 2682 3616 tribunal
2737 3562 3044 3617 adducitur.
3081 3558 3453 3631 Interrogatus
3478 3573 3685 3625 autem,
3718 3578 3818 3616 cur
3850 3565 4010 3617 ﬁdem

2448 3656 2791 3723 imperatoris
2821 3655 3001 3708 minus
3039 3654 3457 3721 amplecteretur
3477 3696 3491 3719 ,
3542 3656 3819 3724 respondit
3847 3656 4010 3707 multa

2448 3763 2567 3801 cum
2596 3746 2842 3799 libertate
2868 3748 2959 3799 Dei
2988 3748 3315 3803 ltierarcba:
3350 3767 3367 3800 ι
3398 3749 3550 3802 Absit
3577 3758 3635 3803 ut
3678 3750 3822 3801 viam
3871 3746 4012 3801 veri-

2448 3839 2573 3891 tatis
2606 3838 2853 3892 deseram
2875 3876 2889 3899 ,
2926 3838 3357 3907 Arianorumque
3390 3854 3630 3893 errorem
3671 3850 3727 3893 et
3759 3841 4009 3895 haeresim

2446 3930 2778 3996 amplectar:
2812 3930 3011 3999 quippe
3051 3930 3213 3983 didici
3244 3945 3273 3983 a
3326 3929 3599 3995 Patribus,
3636 3929 4011 3986 Consubstau-

2449 4020 2590 4074 tialis
2626 4022 2783 4075 fidem
2812 4023 3087 4092 amplecti,
3116 4033 3172 4078 et
3202 4025 3391 4079 honori
3419 4023 3639 4079 habere.
3677 4042 3695 4075 ι
3732 4023 3832 4079 Ubi
3872 4039 4011 4094 prte-

2448 4111 2621 4166 fectus
2648 4124 2872 4168 mortem
2903 4118 2951 4171 ei
2980 4118 3213 4172 minatus
3241 4128 3385 4173 esset
3448 4118 3523 4171 ait
3548 4115 3780 4171 Basilius
3807 4135 3820 4171 :
3847 4134 3867 4168 ι
3908 4116 4010 4169 Fa-

2511 4340 2624 4409 (45)
2656 4339 2953 4405 Ciborium,
2982 4340 3357 4393 umbraculum
3402 4338 3625 4409 altaris,
3648 4347 3891 4409 quatuor,
3922 4356 4012 4390 m-

2441 4407 2636 4464 lumnis
2668 4412 2909 4464 innixum
2936 4450 2950 4474 ,
2978 4409 3131 4477 cujus
3180 4412 3319 4479 apud
3377 4407 3721 4479 Anastasium
3757 4408 3808 4479 in
3880 4408 4009 4462 Vitis

2438 4481 2741 4545 pontiﬁcum
2796 4482 3125 4535 creberrima
3152 4478 3375 4545 mentio,
3391 4480 3456 4533 de
3485 4482 3583 4532 hoc
3606 4478 4009 4548 videicangiuut

1013 4545 1253 4619 Seposita
1300 4566 1417 4619 qua:
1454 4552 1625 4617 gratis
1666 4551 1885 4605 aﬂertur
1927 4566 1955 4603 a
2003 4547 2325 4604 Comlielisio
2362 4561 2404 4615 ι)
2439 4552 2490 4601 in
2541 4564 2769 4617 utroque
2823 4552 3099 4605 Glossario
3127 4593 3142 4617 ,
3187 4552 3380 4605 Graeco
3410 4566 3475 4604 ac
3507 4545 4008 4612 Latino‘Barbaro.

2434 4635 2573 4693 sarpe
2605 4622 2766 4672 etiam
2804 4622 3095 4691 Cyborium
3132 4623 3426 4693 scribitur;
3466 4630 3520 4673 et
3574 4620 3712 4693 hanc
3768 4622 4008 4693 originao

2433 4692 2567 4742 riam
2605 4705 2725 4743 esse
2772 4687 3121 4758 scriptioucut
3188 4692 3271 4743 vix
3321 4692 3525 4749 dubito,
3582 4687 3691 4740 ἀπὸ
3753 4687 4009 4745 106'!“-

2427 4758 2541 4814 ϐου.
2568 4779 2585 4809 ι
2633 4762 2793 4825 cubo,
2816 4779 2836 4814 ι
2870 4772 3089 4830 propter
3116 4761 3341 4816 formam
3371 4760 3637 4825 eubicam,
3665 4761 3713 4815 id
3738 4772 3843 4825 est,
3878 4778 4011 4831 qua-

2429 4833 2661 4882 dratain.

2502 4900 2612 4968 (46)
2638 4899 2718 4952 Ad
2749 4901 2977 4970 gentiles
3036 4915 3225 4969 parum
3282 4900 3581 4965 spectabat,
3623 4903 3738 4955 sive
3765 4900 4003 4954 consub-

2426 4972 2696 5024 stantialis
2725 4972 2882 5023 ﬁdem
2918 4970 3233 5025 defenderet
3280 4970 3515 5025 Basilius
3536 5013 3551 5034 ,
3583 4974 3697 5024 sive
3729 4985 3857 5022 non.
3887 4971 4006 5024 Cec-

2429 5051 2601 5092 ternru
2650 5056 2767 5107 quae
2801 5042 2885 5093 hic
2941 5053 3057 5094 acta
3088 5052 3385 5093 narrantur
3429 5041 3702 5095 Valentem
3742 5041 3889 5093 inter
3953 5053 4005 5093 et

2426 5110 2681 5162 Basiliqu
2720 5110 2964 5179 illiusque
2996 5113 3275 5164 ministros
3299 5110 3686 5164 desiderantur
3718 5112 3859 5178 apud
3892 5110 3995 5163 Bo-

2426 5180 2721 5250 swcydum,
2754 5190 2805 5233 et
2833 5182 2986 5250 longe
3017 5184 3176 5233 aliter
3203 5184 3325 5235 data
3362 5185 3580 5235 fuerunt
3627 5195 3693 5233 ex
3758 5181 3991 5235 Nazian-

2428 5266 2563 5303 zeuo
2597 5250 2646 5299 in
2680 5249 2815 5305 Vita.

2501 5320 2609 5387 (47)
2646 5320 2985 5374 Auastasium
3021 5321 3332 5388 praefectum
3380 5322 3461 5376 vel
3494 5331 3848 5388 quaestorem,
3906 5322 3993 5372 ιιΙεί

2429 5392 2761 5444 nominatqu
2796 5393 3059 5443 invenerit
3093 5406 3305 5456 auctor,
3348 5393 3599 5459 equidem
3629 5396 3843 5461 ignoro.
3882 5392 3983 5443 Alii

2427 5475 2613 5513 omnes
2676 5464 2986 5528 przefectunt
3043 5461 3341 5516 Modestum
3409 5476 3644 5523 vocant,
3683 5465 3837 5527 isque
3888 5472 3992 5512 tant

2430 5539 2587 5583 notus
2613 5532 2708 5582 fuit
2741 5547 2868 5583 vero
2892 5532 3288 5598 Amphilochia,
3328 5540 3383 5579 nt
3412 5531 3461 5583 in
3515 5536 3735 5585 runnine
3776 5531 3892 5599 ejus
3916 5546 4001 5583 er-

2430 5617 2551 5652 rare
2580 5617 2681 5652 non
2709 5604 2962 5669 potuerit.
2990 5604 3058 5654 At
3088 5601 3468 5661 Cornhelisius.
3499 5620 3620 5653 cum
3652 5602 3850 5668 sarpius
3884 5614 3968 5654 teu
3994 5630 3999 5638 -

2432 5680 2535 5723 tata
2572 5674 2641 5723 sit
2679 5676 2776 5723 sub
2807 5671 3022 5725 Valente
3064 5672 3245 5724 Basilii
3272 5675 3576 5726 constantia
3614 5714 3626 5735 ,
3655 5684 3831 5739 putat,
3860 5674 3997 5724 inter

2429 5742 2607 5795 varios
2632 5741 2899 5795 adhibitos
2934 5744 3212 5796 ministros
3238 5781 3251 5803 ,
3285 5742 3521 5807 aliquem
3576 5755 3669 5795 aut
3710 5756 3997 5810 przetoreni

2431 5821 2521 5862 aut
2553 5824 2859 5863 exactorem
2897 5815 3083 5866 luisse.
3107 5814 3482 5879 Auastasiuni,
3511 5815 3580 5867 ob
3620 5823 3998 5868 auctoritatem

2433 5882 2635 5934 scilicet
2665 5881 3018 5953 Antpltiloeltti
