4212 6486
637 426 1002 481 EXCERPTA
1041 427 1132 480 ΕΧ
1173 427 1371 481 ACTIS
1412 428 1470 479 S.
1510 426 1753 482 BASILII
1796 422 2393 479 BOLL.\NDI.\NIS.-
2428 425 2590 479 VITA
2632 421 3069 479 APOCIKYI’IIA.

3265 445 3429 486 ϐίον.

214 545 285 598 xit
320 542 554 613 Deus,ut
582 558 680 612 pro
703 544 930 598 veritate
956 542 1205 597 absolvar
1230 544 1458 605 vinculis
1487 543 1728 611 corporis
1755 559 1768 595 :
1802 545 1847 600 A
1876 538 1982 593 ﬁlia
2008 554 2100 594 sua
2128 538 2489 608 perrexisset,
2520 541 2784 606 velletque
2808 537 2916 591 illic
2939 537 3169 607 puellam
3194 539 3431 604 tondere,

210 649 329 690 nam
362 638 454 691 diu
487 644 573 690 est
604 648 670 687 ex
701 649 809 703 quo
838 636 889 689 id
920 634 1111 701 cupio;
1162 636 1261 690 nisi
1301 644 1475 687 tamen
1506 633 1606 701 ipsi
1638 633 1773 686 mol-

209 728 367 785 liores
404 727 537 783 estis
590 726 641 779 in
701 726 1021 797 prmstandis
1047 726 1351 795 promissis.
1388 743 1407 776 ι
1439 723 1607 777 Porro
1637 739 1774 792 pra:-

213 820 381 875 fectus
420 831 717 885 pugnacem
753 819 853 870 viri
884 814 1227 870 renitentiam
1254 823 1310 867 et
1334 812 1769 867 immobilitatem

209 908 469 981 propositi
501 907 813 979 imperatori
839 905 1174 977 signiﬁcans,
1195 906 1269 958 ait
1300 920 1315 958 :
1358 924 1375 956 ι
1413 905 1547 959 ViCti
1568 920 1770 971 sumus,

210 1005 508 1070 imperator
537 1022 550 1055 :
580 1003 663 1055 vir
697 998 841 1054 enim
876 1001 1037 1055 minis
1090 998 1333 1068 superior
1365 1009 1471 1063 est,
1499 996 1774 1053 inﬂexibili

208 1097 453 1165 duroque
484 1109 538 1151 et
567 1109 733 1150 saxeo
759 1096 957 1150 animo.
984 1115 1003 1147 ι

274 1186 415 1243 Cum
446 1200 624 1242 autem
660 1187 960 1257 imperator
1002 1186 1079 1238 ira
1126 1183 1485 1240 effervescens
1513 1182 1774 1240 delibera-

210 1290 333 1347 ret,
377 1296 487 1350 quo
533 1294 655 1332 eum
702 1278 893 1333 mortis
936 1290 1132 1345 genere
1173 1276 1558 1332 interfecturus
1587 1284 1772 1341 esset;

209 1374 434 1441 contigit
492 1382 550 1424 ut
574 1371 691 1441 ejus
722 1370 864 1423 ﬁlius
912 1368 962 1422 in
1005 1372 1249 1424 morbum
1282 1367 1541 1423 divinitus
1572 1366 1772 1421 illatum

210 1462 516 1527 incideret,
556 1462 629 1516 ita
660 1471 718 1514 ut
776 1460 970 1515 medici
1020 1475 1170 1530 spem
1214 1460 1405 1513 salutis
1446 1457 1765 1523 abjicerent.

212 1554 380 1607 Porro
419 1562 592 1607 mater
621 1552 935 1620 imperatori
984 1550 1211 1619 supplex
1239 1551 1495 1605 accidens
1526 1589 1540 1611 ,
1581 1549 1716 1602 dixit
1758 1568 1770 1601 :

218 1662 235 1694 ι
280 1644 451 1709 Quam
509 1641 648 1697 male
685 1657 813 1714 erga
852 1645 1019 1697 Deum
1050 1641 1273 1709 ejusque
1301 1640 1637 1696 sacerdotem
1673 1639 1775 1692 Ba-

213 1736 388 1791 silium
420 1736 590 1791 habes
619 1736 631 1787 I
664 1736 739 1789 En
782 1735 1009 1788 moritur
1032 1742 1087 1788 et
1117 1732 1233 1803 ipse
1265 1748 1413 1801 puer.
1453 1752 1470 1782 ι
1504 1731 1597 1785 Ilis
1625 1732 1776 1785 audi-

215 1827 303 1892 tis,
343 1830 642 1898 imperator.
659 1826 911 1879 Basilium
937 1825 1248 1887 accersivit,
1280 1823 1460 1891 aitque
1490 1823 1555 1875 ad
1579 1822 1727 1875 illum
1762 1839 1774 1875 :

1876 641 2036 699 atque
2069 632 2120 683 in
2170 643 2382 683 sacram
2426 630 2660 698 aliquam
2702 630 3053 684 monasticam
3082 630 3247 683 :edem
3277 634 3434 683 tradi-

1878 729 1982 775 tam
2032 723 2140 775 Dco
2192 720 2520 775 sacriﬁcium
2580 722 2811 786 offerre;
2866 723 3143 776 aemulatus
3174 722 3436 776 homicida

1877 812 1963 868 ille
1996 815 2063 868 ab
2111 812 2266 867 initio
2314 812 2559 866 diabolus
2605 813 2817 868 divinos
2850 814 2949 866 viri
2998 830 3177 869 mores
3223 814 3439 883 Deoqne

1876 917 2153 977 acceptum
2183 906 2514 974 propositum
2538 921 2552 969 ;
2582 907 3156 961 concitavitsenatoris
3182 906 3438 961 famulum

1875 999 2202 1066 quemdam,
2264 997 2428 1066 inque
2489 997 2678 1066 puellm
2740 1014 2977 1053 amorem
3036 1002 3330 1053 succendit.
3392 997 3441 1051 Is

1876 1103 2056 1156 porro,
2086 1090 2335 1158 indignus
2357 1089 2447 1157 qui
2474 1103 2585 1143 rem
2611 1097 2813 1142 tantam
2846 1091 3124 1144 moliretur
3147 1133 3161 1156 ,
3204 1092 3440 1143 veritus-

1875 1194 1980 1248 que
2012 1183 2091 1235 vel
2121 1184 2385 1252 attingere
2411 1182 2553 1250 quod
2589 1191 2709 1235 erat
2747 1186 3117 1252 propositum,
3151 1184 3442 1252 alloquitur

1879 1288 2038 1325 unum
2078 1288 2141 1326 ex
2184 1275 2515 1329 detestandis
2568 1274 2861 1337 maleﬁcis,
2914 1277 3132 1328 multam
3177 1291 3441 1329 summam

1879 1364 1997 1416 auri
2052 1367 2396 1431 praebiturum
2434 1364 2703 1433 pollicitus
2730 1406 2744 1431 ,
2779 1366 2937 1419 modo
2975 1368 3091 1435 ipso
3140 1379 3329 1435 agente
3388 1370 3440 1420 in

1877 1462 2197 1525 potestatem
2242 1456 2472 1522 puellam
2526 1458 2817 1525 acciperet.
2854 1458 3137 1511 Veneﬁcus
3186 1472 3312 1511 vero
3364 1461 3441 1512 ait

1879 1547 1944 1600 ad
1970 1562 2090 1601 eum
2137 1564 2150 1599 :
2194 1564 2211 1596 ι
2247 1545 2290 1599 0
2314 1545 2497 1613 homo,
2530 1548 2704 1617 impar
2734 1550 2798 1601 ad
2831 1549 2931 1602 hoc
2965 1550 3155 1603 virium
3192 1552 3398 1604 exsisto
3426 1571 3437 1602 :

1878 1641 1969 1696 sed
2022 1640 2066 1693 si
2106 1639 2187 1691 vis
2237 1639 2442 1691 mittam
2493 1651 2543 1693 te
2574 1641 2640 1695 ad
2674 1641 3005 1710 provisorem
3048 1658 3222 1697 meum
3254 1644 3442 1697 dia'bo-

1879 1732 2010 1794 lum,
2042 1742 2095 1786 et
2128 1730 2216 1784 ille
2252 1729 2413 1784 faciet
2451 1728 2779 1786 voluntatem
2810 1744 2980 1796 tuam,
3013 1732 3057 1786 si
3088 1742 3141 1785 tu
3171 1737 3324 1789 modo
3351 1750 3445 1789 vo-

1881 1820 2139 1875 Iuntatem
2174 1821 2290 1889 ejus
2320 1821 2533 1876 feceris.
2572 1840 2589 1872 »
2622 1822 2721 1887 Qui
2746 1825 2879 1878 dixit
2916 1825 2981 1878 ad
3006 1840 3127 1877 eum
3159 1843 3172 1877 :
3207 1844 3224 1875 ι
3283 1828 3444 1893 Qua:-

221 1936 239 1971 ι
271 1920 327 1974 Si
363 1935 490 1974 vera
523 1927 649 1973 sunt
678 1931 797 1985 quae
819 1917 1000 1984 doces,
1053 1917 1228 1987 iisque
1253 1916 1392 1970 Deus
1426 1916 1725 1970 delectatur
1762 1954 1777 1976 ,
1810 1920 1853 1975 Β
1884 1925 2094 1977 cunque
2122 1911 2319 1966 dixerit
2354 1912 2509 1975 mihi,
2538 1911 2755 1965 faciam.
2789 1932 2807 1963 ι
2834 1914 2922 1969 Ait
2948 1916 3037 1969 ille
3070 1932 3081 1966 :
3112 1934 3131 1965 ‹
3160 1916 3443 1972 Ahrenun-

214 2012 464 2080 precibus
514 2010 623 2064 tuis
667 2010 760 2064 ﬁlii
794 2012 895 2066 mei
940 2013 1186 2065 morbum
1233 2010 1523 2079 depuleris.
1567 2029 1585 2060 ι
1621 2008 1776 2061 Tunc

215 2105 332 2156 ille:
359 2119 378 2153 ι
415 2102 471 2155 Si
503 2104 797 2159 credideris
830 2114 990 2157 rectae
1042 2103 1163 2156 ﬁdei
1191 2141 1206 2164 ,
1262 2103 1573 2169 imperator,
1619 2110 1776 2168 teque

212 2191 469 2249 Ecclesiae
490 2196 581 2249 Dei
601 2195 929 2263 adjunxeris,
964 2192 1268 2247 vivetﬁlius
1304 2201 1446 2245 tuus.
1478 2211 1495 2241 ι
1530 2192 1624 2244 Illo
1651 2208 1779 2260 pro-

212 2286 478 2350 mittente,
509 2287 680 2355 primo
726 2300 824 2340 suo
857 2283 1345 2353 adventu.Magnus
1365 2282 1615 2349 Basilius,
1637 2284 1779 2339 nulla

212 2392 386 2443 mora,
424 2380 669 2433 morbum
715 2378 970 2433 leviorem
1011 2376 1159 2433 fecit.
1195 2375 1293 2445 Qui
1322 2385 1502 2431 autem
1546 2378 1779 2446 impera-

213 2471 315 2526 tori
341 2470 564 2524 asseclae
589 2480 744 2524 erant
769 2470 1005 2524 haeretici
1058 2470 1318 2539 episcopi,
1366 2469 1605 2524 victoria:
1648 2484 1774 2539 pro-

212 2561 367 2616 brum
401 2576 507 2615 non
545 2562 803 2625 ferentes,
839 2568 1088 2614 auctores
1111 2561 1331 2614 fuerunt
1363 2576 1431 2614 ne
1462 2576 1491 2613 a
1514 2562 1777 2616 sententia

213 2650 536 2714 discederet,
567 2649 659 2704 sed
688 2662 747 2705 se
792 2647 1039 2717 religioni
1070 2662 1257 2702 eorum
1285 2648 1619 2718 adiungeret,
1664 2664 1780 2717 per-

212 2760 316 2817 que
352 2745 501 2813 ipsos
531 2758 697 2812 puero
728 2746 1014 2798 sanitatem
1053 2751 1290 2811 pararet.
1314 2742 1429 2808 Quo
1462 2743 1624 2805 tacto,
1654 2756 1779 2795 mox

209 2850 346 2906 puer
392 2834 448 2889 in
515 2832 767 2887 manibus
845 2831 1055 2886 illorum
1110 2831 1346 2883 animam
1401 2828 1619 2884 etllavit.
1676 2828 1778 2884 Ubi

210 2929 376 2998 porro
403 2936 641 2997 quaestor
666 2927 779 2981 lucc
806 2926 1052 2989 vidisset,
1087 2934 1207 2993 post
1246 2933 1469 2977 mortem
1518 2921 1775 2989 Valentis,

213 3034 300 3075 res
333 3020 438 3074 viri
498 3018 760 3089 praeclare
814 3028 997 3085 gestas
1032 3016 1410 3071 Valentiniano
1464 3014 1777 3083 imperatori

212 3110 325 3183 (48)
347 3110 637 3164 nuntiavit.
669 3108 761 3163 Ille
793 3108 1014 3162 audiens
1068 3116 1415 3176 stupensque,
1454 3107 1779 3173 gloriﬁcavit

212 3204 380 3261 Deum
416 3221 430 3259 :
466 3202 651 3257 multis
675 3216 836 3271 porro
864 3200 1108 3271 pecuniis
1136 3199 1306 3253 eidem
1331 3198 1586 3268 quaestori
1616 3197 1776 3261 datis,

212 3294 361 3348 misit
397 3292 467 3347 ad
496 3291 753 3345 Basilium
793 3290 845 3344 in
874 3304 1027 3343 usum
1050 3302 1342 3357 egenorum
1370 3286 1507 3356 (49).
1543 3285 1776 3340 Basilius

212 3395 393 3440 autem
469 3397 721 3453 magnum
776 3379 1121 3448 imperatoris
1181 3378 1419 3431 animum
1481 3379 1780 3445 suspiciens

212 3476 576 3547 probansque,
605 3474 719 3542 pias
741 3473 927 3527 domos
948 3480 1058 3526 tum
1085 3471 1136 3524 in
1165 3470 1316 3536 urbe,
1342 3479 1452 3523 tum
1478 3470 1529 3522 in
1554 3470 1780 3539 singulis

212 3567 508 3637 provincia:
526 3566 772 3637 partibus
788 3564 1078 3633 exstruxit,
1109 3563 1470 3619 refocillandis
1510 3562 1775 3630 inﬁrmis;

220 3659 397 3726 iisque
420 3658 567 3711 viros
592 3656 790 3711 multos
814 3693 831 3721 ,
857 3665 911 3710 et
942 3656 1195 3711 mulieres
1244 3669 1571 3724 puerosque,
1612 3656 1779 3723 pluri-

214 3763 357 3803 mam
388 3748 471 3802 eis
502 3762 688 3801 curam
724 3747 1072 3815 levamenque
1106 3748 1394 3811 adhibens,
1424 3746 1477 3801 in
1504 3747 1659 3801 lectis
1695 3761 1783 3815 po-

214 3841 337 3895 suit.
377 3836 480 3895 Ubi
535 3852 663 3893 vero
712 3839 1005 3907 imperator
1045 3838 1285 3905 audivit,
1341 3838 1538 3893 multos
1576 3839 1779 3893 reditus

215 3932 267 3986 in
295 3946 485 3985 eorum
515 3937 762 3999 sumptus
792 3937 846 3984 et
898 3930 1349 3984 sustentationem
1379 3970 1394 3995 ,
1426 3927 1627 3984 Christi
1667 3929 1782 3983 hie—

216 4023 465 4078 rarcham
495 4033 550 4077 et
576 4022 884 4091 pontiﬁcem
917 4037 1016 4077 ceu
1069 4030 1276 4083 patrem
1322 4022 1512 4077 honori
1546 4022 1770 4089 habens,

219 4114 503 4183 largitione
540 4116 705 4169 dedit.

286 4204 568 4260 Helladius
622 4206 735 4276 (50)
788 4217 989 4262 sanetae
1036 4208 1467 4270 recordationis,
1520 4208 1610 4276 qui
1669 4208 1781 4275 ipse

220 4297 493 4366 inspector
517 4306 571 4351 et
594 4298 840 4353 minister
881 4300 981 4352 fuit
1013 4298 1394 4352 miraculorum
1445 4298 1513 4351 ah
1549 4300 1663 4367 ipso
1689 4312 1781 4367 pa-

217 4398 502 4452 tratorum,
525 4390 721 4458 quique
738 4400 855 4457 post
870 4391 1071 4444 obitum
1101 4393 1333 4446 conserti
1353 4392 1554 4445 honore
1572 4400 1785 4459 aposto-

217 4481 279 4536 lis
313 4480 518 4548 Basilii,
552 4482 667 4549 ejus
703 4483 884 4535 sedem
908 4498 1191 4538 successor
1223 4484 1468 4551 accepit,
1508 4485 1589 4536 vir
1609 4484 1780 4537 admi-

1884 2002 1984 2055 tias
2005 2002 2221 2058 Christo
2252 2005 2303 2057 in
2332 2006 2592 2073 scriptis?
2626 2024 2643 2055 ι
2686 2006 2894 2059 Dicitei
2930 2027 2943 2061 :
2977 2027 2995 2058 ι
3027 2009 3227 2063 Etiam.
3261 2029 3279 2062 ι
3316 2010 3447 2064 Por-

1884 2109 1943 2147 ro
1975 2096 2042 2147 ad
2072 2109 2192 2149 eum
2227 2097 2531 2167 iniquitatis
2554 2098 2834 2166 operarius
2862 2116 2873 2149 :
2912 2116 2930 2149 ι
2968 2099 3023 2153 Si
3053 2102 3116 2155 ad
3153 2103 3253 2157 hoc
3283 2118 3446 2171 para-

1884 2196 1968 2241 tus
1996 2202 2054 2241 es
2080 2227 2095 2251 ,
2137 2201 2459 2257 coeperator
2499 2190 2593 2245 tibi
2626 2188 2847 2244 etlieiar.
2887 2210 2905 2242 ι
2937 2189 3029 2246 Ille
3054 2204 3232 2246 autem
3266 2198 3331 2247 ad
3367 2197 3447 2263 ip-

1881 2292 1998 2332 sum
2028 2297 2041 2333 :
2089 2296 2107 2328 ι
2148 2278 2372 2337 Paratus
2396 2297 2540 2349 sum,
2571 2291 2777 2337 tantum
2803 2291 2860 2336 ut
2888 2277 3190 2352 consequar
3234 2286 3446 2340 deside~

1881 2386 2040 2425 l'IlIﬂl.
2080 2390 2097 2423 ι

1948 2461 2083 2517 Cum
2108 2462 2286 2533 itaque
2317 2462 2567 2519 maleﬁcii
2591 2466 2834 2520 minister
2871 2468 3152 2535 epistolam
3200 2471 3445 2525 conscri-

1878 2556 2075 2625 psisset
2104 2556 2169 2610 ad
2198 2554 2488 2621 diabolum,
2518 2555 2566 2610 ei
2586 2556 2802 2609 tradidit
2824 2558 2923 2611 hoc
2952 2568 3133 2614 tenore
3150 2570 3203 2614 et
3232 2571 3451 2617 senten-

1880 2648 1950 2701 tia
1986 2668 1999 2703 :
2040 2668 2059 2699 ι
2095 2648 2360 2715 Quoniam
2413 2663 2511 2718 par
2554 2657 2638 2703 est
2664 2687 2679 2712 ,
2711 2658 2769 2702 ut
2827 2660 3083 2718 tanquam
3119 2650 3336 2705 domino
3394 2664 3450 2706 et

1880 2742 2149 2808 provisori
2184 2758 2303 2796 meo
2350 2744 2617 2805 studeam,
2664 2742 2953 2811 enitarque
2994 2754 3103 2797 uta
3134 2744 3447 2798 Christiana

1882 2830 2141 2898 religione
2174 2831 2476 2883 abstractus
2512 2831 2763 2884 amicitia:
2815 2843 2918 2886 tme
2972 2835 3308 2897 admoveam,
3343 2849 3450 2903 quo

1881 2932 1971 2976 tua
2002 2938 2126 2991 pars
2156 2921 2474 2990 impleatur;
2512 2923 2629 2976 misi
2658 2926 2723 2974 ad
2758 2932 2809 2976 te
2828 2924 3171 2990 praesentium
3198 2923 3446 2989 latorem,

1880 3014 2068 3085 puellae
2097 3013 2388 3082 cupiditate
2408 3012 2749 3077 sauciatum;
2802 3014 3203 3084 impensiusque
3235 3031 3362 3086 rogo
3393 3028 3452 3070 ut

1881 3107 1986 3159 voti
2017 3120 2238 3173 compos
2269 3105 2359 3158 ﬁat
2385 3122 2399 3170 ;
2431 3120 2537 3175 quo
2567 3113 2621 3157 et
2668 3105 2721 3156 in
2757 3104 2859 3159 hoc
2888 3105 3108 3175 glorier,
3139 3104 3444 3175 majorique

1881 3198 2159 3249 alacritate
2186 3207 2303 3251 tuos
2349 3208 2618 3251 amatores
2648 3213 2994 3266 congregem.
3033 3217 3052 3249 ι
3091 3198 3220 3252 Data
3250 3214 3377 3255 vero
3398 3204 3446 3254 ei

1881 3287 2129 3357 epistola,
2164 3287 2335 3341 dixit:
2373 3305 2390 3335 α
2424 3288 2568 3340 Vade
2593 3288 2683 3341 tali
2718 3289 2860 3347 hora.
2878 3290 3073 3353 noctis,
3097 3301 3252 3344 etsta
3286 3306 3448 3359 supra

1882 3391 2289 3435 monumentum
2315 3378 2517 3449 Pagani
2549 3381 2804 3445 hominis,
2838 3381 3197 3447 cltartamque
3240 3383 3365 3436 tolle
3395 3384 3449 3436 in

1880 3487 2037 3538 aera;
2059 3481 2112 3527 et
2140 3481 2340 3541 prarsto
2371 3482 2550 3537 erunt,
2580 3472 2669 3541 qui
2699 3483 2748 3525 te
2770 3473 2983 3525 ducturi
3017 3481 3145 3524 sunt
3177 3473 3239 3524 ad
3264 3473 3452 3526 diaboo

1881 3560 2011 3616 lum.
2056 3580 2075 3613 ι
2115 3560 2162 3614 Is
2191 3570 2299 3615 tota
2326 3561 2753 3629 promptitudine
2796 3561 2939 3628 quod
2973 3558 3269 3627 injunctum
3327 3574 3446 3615 erat

1880 3669 2089 3722 gerens,
2127 3654 2179 3706 in
2200 3652 2561 3707 miserabilem
2600 3652 2746 3705 illam
2781 3654 2961 3721 erupit
2995 3667 3200 3719 vocem,
3233 3655 3433 3709 diaboli

1881 3746 2126 3799 invocata
2149 3758 2270 3813 ope.
2316 3742 2582 3797 Continuo
2623 3752 2801 3797 autem
2850 3744 3125 3799 astiterunt
3169 3746 3446 3814 principes

1882 3836 2165 3905 potestatis
2211 3836 2555 3890 tenebrarum
2590 3874 2607 3901 ,
2639 3835 2862 3904 spiritus
2902 3838 3184 3905 nequilim;
3218 3852 3446 3906 magno-

1882 3943 1986 3998 que
2009 3929 2203 3999 gaudio
2225 3929 2510 3998 deceptum
2546 3928 2904 3997 suscipientes
2929 3971 2945 3994 ,
2988 3930 3040 3982 in
3075 3928 3246 3981 locum
3276 3932 3447 3983 abdu'

1883 4032 2079 4077 xerunt
2106 4022 2194 4076 ubi
2217 4020 2461 4075 diabolus
2485 4029 2625 4087 erat,
2665 4031 2826 4089 atque
2857 4022 3147 4074 ostendunt
3174 4022 3449 4076 sedentem

1881 4113 1935 4166 in
1976 4112 2108 4167 solio
2140 4111 2376 4175 excelso,
2417 4126 2579 4179 quem
2628 4111 2855 4180 spiritus
2895 4126 3124 4180 nequam
3154 4113 3204 4166 in
3259 4116 3445 4170 orbem

1882 4204 2319 4258 circumstarent.
2354 4202 2607 4272 Acceptis
2637 4218 2763 4256 vero
2808 4202 3030 4258 veneﬁci
3083 4204 3280 4259 litteris
3306 4245 3321 4268 ,
3368 4208 3446 4261 ait

1883 4294 1947 4348 ad
1979 4296 2232 4347 miserum
2261 4312 2317 4347 τι
2350 4293 2540 4349 Credis
2568 4294 2619 4348 in
2642 4310 2725 4348 me
2757 4294 2817 4348 ἳ»
2852 4296 2940 4349 Ait
2971 4314 2985 4351 :
3024 4315 3040 4347 ι
3079 4296 3274 4351 Credo.
3309 4316 3328 4347 ι
3360 4296 3451 4349 Ait

1886 4385 2010 4439 ille:
2044 4404 2063 4435 ι
2098 4384 2240 4455 Nega
2280 4386 2553 4439 Christum
2585 4395 2752 4439 tuum.
2781 4404 2801 4437 ι
2842 4385 2984 4441 Dixit
3015 4387 3140 4441 ille:
3186 4404 3204 4436 ι
3238 4387 3399 4456 Nego.
3423 4406 3443 4438 ι

1883 4478 1971 4531 Ait
2002 4478 2100 4545 ipsi
2129 4478 2370 4532 diabolus
2404 4497 2416 4532 :
2456 4498 2473 4529 ‹
2505 4479 2730 4534 Scelesti
2761 4482 2890 4534 estis
2914 4495 3008 4533 vos
3037 4481 3352 4545 Christiani,
3394 4493 3449 4536 et

219 4575 419 4628 randus
447 4614 461 4637 ,
494 4575 746 4650 omnique
790 4575 989 4629 virtute
1040 4576 1468 4629 cumulatissime
1513 4584 1738 4629 ornatus
1762 4615 1778 4639 ,
1811 4596 1855 4651 ι)
1886 4568 2097 4636 quidem
2133 4570 2346 4637 quando
2380 4583 2463 4622 me
2517 4583 2651 4636 OPUS
2690 4569 2925 4631 Ιιθῦειῖδ.
2967 4570 3164 4621 “illius
3199 4570 3265 4623 ad
3299 4585 3383 4623 me
3428 4587 3442 4622 ὲ

218 4666 345 4719 mihi
381 4665 589 4719 retulit.
630 4664 858 4719 Senator
880 4667 1122 4736 quidam,
1154 4668 1238 4719 vir
1279 4667 1475 4732 ﬁdelis,
1502 4665 1778 4721 Proterius

219 4758 457 4821 nomine,
486 4771 608 4810 cum
633 4758 699 4813 ad
726 4773 878 4814 sacra
916 4767 972 4814 et
1000 4759 1303 4813 veneranda
1334 4758 1446 4813 loca
1501 4776 1603 4813 una
1652 4775 1773 4815 cum

283 5022 396 5093 (48)
435 5022 870 5075 Valentinianum
898 5023 1168 5091 juniorem
1220 5025 1625 5091 intelligendum
1688 5023 1776 5077 hic

218 5103 403 5147 monet
446 5093 845 5159 Combelisius;
904 5095 1085 5148 senior
1139 5094 1284 5147 enim
1339 5106 1465 5147 ante
1499 5094 1771 5147 Valentem

214 5165 366 5218 obiit.

289 5234 401 5302 (t9)
450 5231 624 5287 Fundi
656 5270 670 5293 ,
704 5247 731 5284 a
768 5230 991 5286 Valente
1014 5233 1208 5288 Basilio
1235 5237 1301 5288 ad
1337 5233 1617 5301 hospitalis
1647 5249 1766 5287 sus-

217 5307 567 5358 tentationem
620 5304 753 5363 dati,
794 5302 971 5355 forsan
1019 5310 1356 5358 oecasioncm
1399 5308 1509 5365 haec.
1541 5305 1766 5355 comini-

218 5376 455 5437 niscendi
509 5374 854 5441 prmbuerunt
904 5391 915 5425 :
960 5391 1133 5443 neque
1182 5377 1322 5427 enim
1375 5385 1495 5442 post
1535 5372 1768 5426 Valentis

217 5446 421 5498 obitum
468 5445 651 5496 tandiu
690 5446 740 5496 in
774 5444 907 5496 vivis
958 5442 1184 5497 Basilius
1230 5445 1332 5497 fuit
1356 5486 1369 5505 ,
1403 5455 1459 5495 ut
1492 5458 1551 5497 ea
1585 5443 1763 5496 facere

218 5516 493 5566 moraliter
524 5515 779 5581 potuerit,
797 5528 913 5579 quae
937 5514 1125 5568 fecisse
1153 5514 1350 5569 dicitur
1372 5527 1491 5583 post
1517 5524 1767 5583 acceptas

219 5599 245 5637 a
282 5585 656 5636 Valentiniano
687 5584 958 5651 pecunias.

287 5654 400 5725 (5‘))
434 5652 734 5706 IIelIadium
765 5651 943 5725 Basilii
973 5655 1024 5707 in
1060 5656 1366 5724 episc0patu
1397 5668 1763 5707 successorem

219 5722 401 5787 fuiése,
444 5725 695 5777 omnibus
721 5734 802 5775 est
826 5722 1181 5777 indubitatum
1223 5722 1433 5779 {Vitam
1466 5724 1767 5776 decessoris

220 5798 280 5845 ab
306 5796 393 5846 illo
431 5796 817 5861 conseriptan‘i,
852 5796 1121 5849 credimus
1144 5798 1223 5863 (ut
1253 5812 1347 5862 par
1369 5803 1471 5859 est)
1513 5794 1569 5844 ὃ.
1602 5792 1765 5844 Joan-

220 5867 267 5917 ni
302 5868 655 5928 Damasueno,
684 5865 774 5933 qui
801 5864 1001 5917 utinam
1042 5866 1107 5919 ad
1156 5881 1249 5919 nos
1280 5874 1483 5921 tantum
1511 5866 1763 5918 transmi-

1889 4662 1975 4714 ubi
2008 4672 2184 4713 autem
2235 4661 2464 4715 assecuti
2497 4662 2631 4713 estis
2663 4660 2806 4727 quod
2834 4666 2915 4711 est
2950 4658 3001 4711 in
3026 4664 3183 4723 votis,
3212 4674 3296 4712 me
3347 4674 3441 4711 ne-

1886 4753 2045 4823 gatis,
2097 4764 2152 4806 et
2179 4754 2433 4807 acceditis
2460 4752 2525 4805 ad
2557 4752 2831 4805 Christum
2859 4760 3132 4815 vestrum;
3167 4753 3259 4819 qui
3320 4765 3438 4804 cum

1887 5021 2405 5074 sissetthesauruml
2437 5037 2556 5074 eum
2587 5020 2727 5073 enim
2763 5019 2972 5073 videtur
3016 5034 3122 5087 pra:
3145 5018 3315 5073 oculis
3352 5016 3449 5071 ha-

1880 5094 2079 5151 buisse,
2110 5108 2229 5145 cum
2265 5093 2435 5145 locum
2471 5092 2595 5144 inde
2620 5106 2781 5143 unum
2808 5091 3093 5157 descripsit
3124 5091 3175 5142 in
3206 5087 3449 5142 oratione

1882 5177 1980 5229 pro
1997 5164 2168 5215 sacris
2187 5163 2613 5230 imaginibus.An
2636 5176 2761 5214 vero
2782 5175 2864 5219 ea,
2885 5176 3001 5227 quae
3027 5161 3112 5214 hic
3135 5167 3443 5230 narrantur,

1880 5228 1945 5284 ex
1980 5232 2217 5285 Ilelladio
2248 5228 2375 5295 sint,
2407 5230 2815 5298 lectorjudicet.
2841 5230 3022 5283 Petuit
3046 5232 3188 5282 enim
3229 5228 3363 5298 fieri,
3390 5240 3449 5280 ut

1874 5316 1936 5355 eo
1964 5318 2067 5366 quo
2097 5302 2737 5368 pseudo-Amphilocliius
2766 5302 2991 5367 scripsit
3056 5310 3315 5365 tempore,
3337 5297 3447 5349 fra-

1880 5382 2095 5439 gmenta
2125 5374 2366 5438 quaulum
2394 5370 2612 5423 Helladii
2649 5379 2943 5433 exstarent,
2971 5384 3090 5436 qua:
3109 5369 3449 5439 ipseiretule-

1878 5447 1949 5491 rit
2002 5443 2052 5493 in
2119 5442 2372 5493 Basilium
2431 5457 2607 5493 suum.
2667 5441 2817 5504 Quod
2878 5446 3068 5492 attinet
3117 5443 3181 5491 ad
3217 5438 3443 5491 I’roterii

1878 5511 2064 5571 ﬁliam,
2101 5528 2127 5563 ει
2163 5514 2401 5564 daemone
2455 5512 2503 5562 in
2547 5525 2784 5562 amorem
2830 5510 3043 5577 juvenis
3092 5512 3440 5571 concitatam,

1877 5582 2052 5635 simile
2078 5581 2204 5650 quid
2238 5580 2529 5645 contigisse
2582 5579 2643 5632 B.
2681 5579 2859 5631 Mariic
2890 5582 3243 5633 Antiochenze
3299 5578 3435 5631 refe-

1878 5653 2046 5703 rimus
2074 5665 2216 5704 tomo
2258 5650 2340 5703 VII
2375 5653 2520 5715 Maii,
2551 5652 2634 5703 die
2666 5650 2754 5711 29,
2808 5665 2926 5718 pag.
2960 5650 3043 5701 52.
3090 5649 3215 5701 Mihi
3267 5658 3440 5699 tamen

1874 5723 2235 5775 verosiniilius
2307 5731 2437 5783 est,
2518 5724 2762 5773 eumdem
2832 5722 2920 5786 qui
3004 5720 3438 5787 Amphilochimn

1874 5794 2131 5847 mentitus
2181 5802 2263 5847 est
2343 5792 2559 5847 mentiri
2603 5792 2763 5846 etiam
2828 5791 3128 5844 Hell-adium
3188 5789 3443 5858 potuisse.
