4212 6494
748 442 943 485 CCCVI"

2095 420 2627 480 PROLEGOMENA.

748 553 819 609 sit
859 552 1053 615 bonus,
1081 562 1178 605 vos
1212 544 1459 619 suscipit.
1485 546 1775 602 Enimvero
1813 546 1895 601 fac
1941 547 2142 616 scripto
2196 556 2308 601 tum
2341 556 2385 611 Α
2414 545 2786 601 confusionem
2821 559 2993 599 meam
3024 544 3047 597 ἲ
3102 543 3214 600 Heu
3245 556 3331 598 me
3358 542 3668 602 infelicem!
3728 540 3785 597 in
3840 543 3986 613 quod

748 638 948 696 Christi
993 640 1068 694 tui
1120 646 1175 694 et
1198 638 1543 709 baptismatis
1578 646 1931 707 spontaneam
1963 638 2312 692 abrenuntia-

750 733 990 795 tionem,
1028 740 1140 786 tum
1193 729 1421 786 liberam
1449 730 1505 784 in
1555 744 1641 784 me
1680 730 1732 783 in
1766 731 1961 786 sarcula
1985 730 2313 796 cautionem,

749 825 1000 895 quodque
1032 838 1243 879 mecum
1277 824 1354 880 sis
1401 820 1616 877 futurus
1647 822 1702 876 in
1729 823 1816 879 die
1848 822 2059 894 iudicii,
2105 837 2314 877 mecum

748 924 936 985 parata
970 915 1100 970 mihi
1126 924 1326 972 aeterna
1357 922 1717 985 percepturus
1744 914 2034 985 supplicia,
2079 928 2313 984 moxque

749 1007 946 1077 impleo
984 1016 1107 1063 vota
1133 1016 1244 1063 tua.
1288 1025 1312 1061 ι
1354 1007 1543 1063 Atille
1591 1024 1751 1064 manu
1803 1007 2020 1077 propria
2052 1007 2314 1077 scriptum

748 1098 935 1164 edidit,
956 1100 1114 1170 quale
1137 1100 1313 1155 fuerat
1340 1108 1583 1171 rogatus.

818 1189 955 1249 Post
1003 1193 1118 1248 haec
1143 1205 1274 1246 vero
1306 1191 1610 1247 animarum
1636 1190 1859 1247 vitiator
1884 1190 2054 1245 draco
2080 1190 2317 1244 destinat

752 1283 1025 1340 daemones
1078 1282 1427 1341 fornicationi
1455 1283 1796 1353 praepositos,
1834 1282 1981 1351 iique
2003 1280 2235 1350 puellam
2264 1280 2317 1335 in

749 1375 850 1427 viri
869 1387 1107 1429 amorem
1142 1375 1456 1430 incendunt.
1484 1373 1575 1427 Illa
1603 1384 1784 1429 autem
1808 1373 2039 1443 seipsam
2069 1372 2122 1425 in
2148 1372 2319 1427 solum

742 1466 979 1532 iactans,
1008 1467 1174 1537 ctepit
1200 1465 1435 1521 clamare
1456 1466 1523 1521 ad
1550 1476 1756 1537 patrem
1792 1483 1806 1519 :
1853 1482 1872 1515 ι
1921 1464 2175 1521 Miserere
2214 1464 2318 1519 mei

749 1556 1003 1623 infelicis,
1052 1572 1217 1627 quam
1248 1556 1414 1629 hujus
1465 1560 1618 1627 pueri
1649 1558 1977 1612 desiderium
2002 1556 2178 1612 dirius
2224 1571 2317 1611 ex-

750 1655 976 1708 cruciat.
1008 1654 1333 1725 Coutpatere
1377 1652 1678 1707 visceribus
1707 1652 1847 1715 tuis;
1888 1652 2117 1705 ostende
2150 1650 2201 1703 in
2237 1664 2322 1703 me

749 1744 1081 1816 unigenitum
1138 1754 1326 1807 tuam,
1379 1744 1633 1799 allectum
1693 1753 2026 1813 paternum;
2084 1742 2323 1811 mihique

748 1838 999 1908 coningio
1044 1837 1233 1908 copula
1260 1838 1681 1901 adolescentem,
1716 1850 1875 1905 quem
1905 1836 2071 1907 elegi;
2100 1834 2241 1904 quod
2272 1836 2318 1891 si

748 1929 890 1985 nolis
919 1938 1204 2000 praestare,
1238 1928 1451 1983 videbis
1479 1928 1631 1984 brevi
1665 1928 2003 1983 amarissima
2049 1926 2317 1982 sublatam
2348 1915 2393 1974 Β
2424 1931 2677 2002 pietatem
2709 1930 2920 1986 sublato

752 2030 950 2084 morte,
983 2021 1201 2089 Deoque
1230 2021 1499 2076 rationem
1546 2034 1642 2090 pro
1676 2035 1761 2074 me
1792 2019 1944 2073 dabis
1983 2018 2037 2072 in
2068 2018 2155 2074 die
2178 2019 2323 2091 indi-

749 2114 840 2168 cii.
880 2132 900 2166 ι
939 2115 1097 2167 Pater
1142 2125 1323 2169 autem
1382 2130 1503 2168 cum
1576 2112 1829 2184 lacrytnis
1876 2111 2124 2168 dicebat:
2158 2130 2177 2165 ι
2209 2113 2321 2168 lleu

750 2205 883 2261 mihi
912 2208 1181 2275 peccatori
1207 2207 1221 2259 l
1254 2206 1393 2271 Quid
1422 2205 1524 2258 hoc
1543 2203 1758 2259 misera:
1784 2219 1918 2260 mea:
1944 2205 2067 2260 lilia:
2091 2204 2322 2260 accidit?

749 2298 874 2367 quis
904 2312 1083 2351 meum
1128 2298 1443 2349 thesaurum
1477 2292 1821 2366 deprmdatus
1852 2294 1985 2349 est?
2043 2298 2167 2365 quis
2200 2294 2322 2348 lilia:

753 2403 884 2443 mea:
931 2385 1189 2457 iniuriam
1222 2387 1453 2442 intulit?
1513 2389 1634 2456 quis
1662 2386 1817 2440 dulce
1854 2388 2131 2440 oculorum
2179 2400 2323 2439 meo-

752 2494 873 2533 rum
934 2478 1112 2535 lumen
1170 2480 1465 2535 exstinxit?
1513 2478 1810 2547 Equidem,
1866 2477 2047 2547 quite
2103 2476 2323 2532 Christo

751 2586 955 2643 sponso
980 2573 1189 2627 caelesti
1232 2573 1566 2641 desponsare
1610 2569 1945 2637 statuissem,
1980 2571 2325 2639 angelorum-

750 2678 856 2731 que
898 2662 1340 2718 contubernalem
1366 2660 1546 2717 facere
1566 2702 1581 2726 ,
1613 2677 1677 2717 ac
1700 2662 1753 2717 in
1782 2677 1847 2718 eo
1874 2662 2177 2733 posuissem
2210 2672 2323 2717 stu-

750 2752 900 2808 dium
932 2762 994 2809 ttt
1022 2754 1075 2808 in
1102 2753 1326 2825 psalmis
1350 2763 1408 2811 et
1432 2754 1654 2828 hymnis
1681 2763 1737 2810 et
1776 2756 2004 2812 canticis
2030 2756 2327 2827 spirituali-

753 2846 857 2904 bus
882 2857 1139 2904 cantare:
1179 2846 1312 2913 Deo,
1338 2861 1434 2918 per
1460 2857 1512 2905 te
1536 2858 1956 2905 consecuturum
1989 2864 2075 2904 me
2097 2850 2324 2904 salutem

754 2941 1076 3008 sperabam;
1112 2950 1171 2995 tu
1212 2948 1391 2994 autem
1444 2939 1497 2994 in
1531 2939 1769 2995 lascivia:
1797 2948 2023 2994 (nstrum
2054 2940 2323 2995 insanisti.

753 3032 885 3089 Sine
914 3041 993 3097 ut,
1026 3032 1170 3088 sicut
1205 3030 1347 3099 volo,
1378 3031 1514 3087 inito
1547 3042 1726 3103 pacto,
1759 3032 1867 3086 Deo
1897 3032 2205 3094 conciliem,
2226 3046 2325 3087 nec

754 3141 930 3182 meam
954 3127 1022 3181 ad
1049 3125 1257 3183 inferos
1284 3140 1408 3183 cum
1438 3123 1663 3182 tristitia
1704 3126 1941 3183 deducas
1970 3134 2325 3189 senectutem,

757 3233 823 3275 ac
856 3232 1032 3289 neque
1083 3226 1369 3288 parentum
1399 3226 1615 3273 tuorum
1644 3216 1982 3274 nobilitatem
2013 3217 2327 3274 confusione

757 3310 994 3380 operias.
1038 3327 1057 3362 ι
1090 3308 1161 3363 At
1190 3308 1279 3363 illa
1341 3308 1742 3378 ﬂoccipendens
1788 3309 1956 3379 patris
1991 3309 2176 3372 verba,
2207 3324 2329 3378 per-

756 3400 1042 3455 severabat
1068 3398 1317 3452 clamans
1367 3418 1380 3453 :
1417 3415 1439 3450 r
1494 3397 1678 3462 Pater,
1724 3407 1819 3452 aut
1866 3397 1951 3453 fac
1996 3397 2324 3452 desiderium

756 3506 962 3558 meum,
988 3500 1084 3545 aut
1110 3498 1234 3561 post
1255 3489 1508 3562 pusillum
1537 3489 1746 3547 videbis
1770 3499 2059 3545 mortuam.
2112 3509 2132 3544 ι
2166 3489 2329 3545 Pater

762 3584 943 3653 itaque
965 3581 1020 3636 in
1047 3595 1240 3652 magna
1275 3581 1442 3636 animi
1492 3582 1741 3651 angustia
1782 3582 2128 3646 constitutus,
2158 3583 2329 3637 abun-

756 3672 1105 3744 dantiorique
1134 3672 1353 3728 tristitia
1388 3672 1679 3745 absorptus
1706 3714 1723 3739 ,
1760 3675 2172 3743 amicorumque
2196 3687 2330 3729 con-

759 3765 898 3822 siliis
942 3765 1334 3837 acquiescens;
1374 3766 1723 3822 monentibus
1771 3765 1881 3821 illis
1911 3780 1975 3822 ac
2003 3765 2328 3831 dicentibus,

759 3868 1020 3927 pmstare
1050 3860 1160 3915 voti
1189 3869 1491 3930 compotem
1522 3856 1660 3924 ﬁeri,
1684 3874 1845 3929 quam
1877 3868 1936 3914 ut
1960 3858 2062 3914 sibi
2086 3860 2198 3928 ipsa
2226 3859 2331 3913 vim

761 3950 1031 4017 inferret;
1069 3952 1348 4007 consensit
1373 3950 1652 4021 indulgere
1684 3956 1855 4018 magis
1887 3952 2157 4006 desiderio
2189 3950 2331 4014 tiliae,

760 4057 923 4111 quam
948 4052 1007 4098 ut
1054 4058 1115 4098 se
1161 4042 1316 4097 mala:
1343 4042 1699 4112 exitiosaeque
1755 4042 1873 4096 neci
1913 4044 2169 4096 traderet.
2220 4041 2331 4095 Ad-

764 4137 927 4191 ducto
960 4135 1145 4207 itaque
1174 4132 1405 4205 quaesito
1450 4133 1811 4199 adolescente,
1840 4134 2054 4203 liliaque
2075 4148 2137 4188 ac
2166 4132 2334 4188 facul-

767 4226 969 4283 tatibus
1018 4225 1269 4283 omnibus
1307 4241 1429 4283 eum
1484 4225 1793 4298 impertitus
1826 4265 1841 4291 ,
1886 4226 2024 4280 dixit
2061 4240 2075 4278 :
2116 4241 2135 4276 ι
2172 4223 2331 4278 Salva

764 4320 863 4383 sis,
910 4318 1039 4383 filia,
1072 4333 1201 4374 vere
1249 4319 1486 4385 misera;
1528 4319 1754 4373 multum
1806 4318 2146 4390 postmodum
2209 4330 2329 4388 pa:-

767 4412 947 4468 nitens
980 4412 1371 4484 Iacrymaberis
1396 4455 1412 4481 ,
1448 4428 1568 4469 cum
1612 4412 1749 4466 nihil
1792 4412 2109 4482 paenitendo
2172 4410 2335 4480 proli-

766 4507 901 4561 cies.
946 4524 966 4559 ι

2419 638 2732 709 perditionis
2798 637 3109 693 barathrum
3143 634 3441 694 descendi?
3470 648 3528 693 ut
3558 636 3689 709 quid
3737 647 3860 690 sum
3894 651 3991 688 na-

2420 740 2469 783 ta
2501 728 2525 782 ?
2562 740 2769 783 autcur
2798 739 2945 791 nata,
2975 743 3083 785 non
3116 730 3300 783 statim
3328 726 3550 798 abrepta
3580 745 3701 785 sum
3727 727 3751 784 ?
3786 744 3806 779 ι
3850 724 3988 782 Cum

2417 836 2545 891 ergo
2590 822 2672 875 vir
2698 822 2813 892 eius
2834 861 2849 885 ,
2876 835 3067 877 errore
3107 821 3389 890 deceptus,
3436 821 3516 877 sic
3546 822 3837 888 cjulautem
3890 835 3990 874 no-

2418 914 2605 979 visset,
2675 914 2820 968 venit
2845 915 2911 965 ad
2950 928 3091 979 eam,
3122 927 3446 969 asseverans
3480 929 3585 969 non
3618 914 3693 969 ita
3727 911 3987 972 esse.llla

2419 1020 2525 1059 non
2556 1005 2687 1059 nihil
2730 1002 2996 1072 refrigerii
3029 1020 3097 1060 ex
3149 1003 3333 1059 verbis
3383 1005 3501 1074 cius
3558 1003 3849 1063 delusoriis
3895 1018 3988 1060 ca-

2418 1099 2589 1169 piens,
2616 1098 2692 1151 ait
2715 1098 2781 1149 ad
2819 1097 2964 1151 illum
2998 1114 3013 1152 :
3048 1115 3065 1147 ι
3098 1099 3154 1151 Si
3187 1111 3272 1151 me
3307 1104 3367 1151 et
3416 1094 3777 1152 miserabilem
3807 1111 3987 1154 meam

2421 1191 2652 1247 animam
2687 1188 2770 1243 vis
2826 1187 3115 1245 certiorem
3180 1190 3444 1254 reddere,
3502 1204 3664 1255 cras,
3720 1193 3989 1248 ambobus

2423 1281 2540 1350 pari
2574 1293 2841 1335 consensu
2866 1281 2917 1334 in
2939 1279 3228 1334 ecclesiam
3262 1278 3545 1350 profectis,
3583 1292 3853 1349 praesente
3906 1298 3990 1337 me

2422 1374 2740 1428 intemerata
2772 1381 3114 1428 sacramenta
3139 1372 3547 1441 sumas,sicque
3572 1372 3776 1441 poteris
3807 1372 3992 1430 facere

2421 1477 2626 1525 certam
2660 1466 2817 1523 fidem
2865 1474 2921 1520 et
2975 1464 3315 1521 satisfacere.
3360 1485 3379 1518 ι
3418 1466 3573 1522 Tunc
3623 1465 3713 1521 ille
3765 1481 3993 1522 coactus

2421 1564 2557 1619 dixit
2576 1563 2723 1632 quod
2751 1564 2828 1620 rei
2864 1570 3026 1631 caput
3052 1570 3189 1617 erat.

2492 1654 2748 1710 Protinus
2772 1668 2922 1723 ergo,
2958 1652 3208 1707 muliebri
3244 1650 3563 1706 infirmitate
3595 1650 3838 1721 deposita
3894 1653 3994 1707 bo-

2424 1761 2598 1815 noque
2652 1745 2878 1802 consilio
2930 1743 3087 1806 inito,
3146 1743 3319 1799 currit
3358 1742 3447 1798 illa
3507 1743 3575 1796 ad
3621 1752 3899 1813 pastorem
3941 1754 3996 1799 et

2424 1837 2745 1907 discipulum
2773 1836 2977 1892 Christi
3002 1835 3259 1891 Basilium
3287 1877 3303 1896 .
3332 1837 3573 1892 clamore
3602 1836 3867 1892 adversus
3894 1836 3995 1888 im-

2974 1948 2989 1983 :
3027 1947 3047 1981 ι
3086 1929 3342 1986 Miserere
3378 1931 3483 1985 mei
3536 1930 3770 1995 miserm,
3804 1939 3998 1985 sancte

2426 2022 2550 2085 Dei;
2601 2024 2864 2078 miserere
2900 2023 3043 2087 mei,
3083 2021 3286 2077 Christi
3334 2023 3604 2092 discipule
3632 2062 3648 2087 ,
3702 2039 3823 2094 qua:
3872 2039 3995 2079 cum

2424 2112 2764 2169 daemonibus
2816 2122 3161 2171 contractum
3214 2112 3360 2167 feci:
3394 2113 3653 2168 miserere
3706 2115 3837 2177 mei,
3875 2129 3999 2182 qua:

2422 2208 2562 2273 patri
2595 2221 2714 2263 meo
2741 2208 3052 2265 inobediens
3097 2206 3193 2263 fui.
3233 2226 3251 2259 ι
3280 2206 3516 2261 Sanctus
3552 2220 3680 2261 vero
3710 2208 3778 2260 ad
3812 2206 3996 2260 illam:

2429 2314 2449 2348 ι
2485 2295 2625 2365 Quid
2677 2301 2773 2355 tibi
2830 2300 3051 2366 accidit,
3087 2299 3319 2355 mulier?
3358 2318 3377 2352 ι
3412 2299 3481 2354 At
3514 2297 3600 2353 illa
3658 2299 3820 2354 docet
3867 2298 3999 2369 quid

2428 2404 2515 2445 res
2552 2391 2767 2446 habeat.
2821 2390 2988 2447 Porro
3038 2392 3130 2446 Dei
3176 2402 3416 2455 sanctus,
3475 2390 3744 2447 accersito
3802 2405 3995 2459 puero,

2425 2482 2700 2549 quaerebat
2730 2483 2797 2536 ab
2822 2483 2912 2537 illo
2941 2500 3068 2537 num
3126 2484 3199 2537 ita
3224 2493 3389 2538 esset.
3425 2482 3727 2555 llcspondit
3757 2484 3848 2540 ille
3870 2500 3998 2541 cum

2425 2572 2713 2645 lacrymis:
2750 2593 2769 2625 ι
2806 2574 2981 2629 Etiam
3010 2614 3026 2636 ,
3077 2586 3266 2631 sancte
3305 2576 3398 2631 Dei
3430 2592 3445 2632 :
3484 2592 3605 2632 nam
3636 2577 3739 2634 etsi
3777 2594 3881 2651 ego
3908 2588 3995 2634 ta-

2428 2679 2618 2733 cuero,
2642 2679 2806 2737 opera
2845 2680 2966 2722 mea
3004 2667 3355 2735 clamabunt;
3389 2687 3407 2721 ι
3447 2680 3775 2740 enarratque
3801 2670 4001 2739 etipse

2429 2759 2496 2813 ab
2528 2758 2687 2814 initio
2712 2760 2777 2813 ad
2812 2758 2975 2815 finem
3028 2776 3201 2829 usque
3258 2770 3567 2828 provectam
3620 2762 3820 2816 diaboli
3852 2762 4002 2815 frau-

2432 2851 2579 2905 dem.
2613 2851 2765 2906 Tunc
2794 2853 2871 2905 ait
2901 2853 2947 2906 ei
2985 2863 3208 2906 sanctus
3237 2870 3251 2906 :
3294 2871 3311 2903 ε
3346 2851 3439 2905 Vis
3463 2858 3529 2907 ad
3557 2853 3723 2907 Deum
3751 2863 4002 2909 nostrum

2428 2944 2715 2997 converti?
2750 2963 2768 2995 ι
2807 2944 2907 3010 Qui
2938 2943 3059 2997 ait:
3102 2963 3120 2995 α
3160 2943 3334 2998 Etiam
3381 2946 3502 3000 volo
3530 2988 3544 3011 ,
3584 2947 3679 3001 sed
3710 2960 3816 3001 non
3863 2961 3994 3016 pos-

2428 3048 2567 3088 sunt.
2610 3052 2629 3086 I
2672 3033 2814 3090 Dicit
2841 3034 2891 3090 ei
2919 3044 3140 3091 sanctus
3178 3054 3191 3091 ε
3232 3056 3250 3089 ι
3296 3036 3439 3105 Quid
3481 3038 3597 3093 ita?
3625 3056 3644 3090 ι
3683 3036 3989 3109 Respondit

2429 3125 2747 3184 adolescens
2780 3128 2969 3185 dicens
3000 3149 3012 3185 :
3044 3149 3062 3182 ι
3104 3128 3325 3201 Scripta
3351 3131 3729 3186 abrenuntiavi
3749 3132 3998 3199 Christo,

2430 3228 2485 3275 et
2534 3218 2710 3276 fmdus
2759 3220 2935 3292 pepigi
2988 3237 3112 3277 cum
3161 3223 3396 3276 diabolo.
3434 3241 3452 3273 ι
3489 3224 3699 3279 Dicitei
3724 3236 3997 3282 sanctus:

2435 3327 2457 3362 ι
2495 3308 2573 3365 Ne
2600 3312 2694 3364 tibi
2725 3313 2966 3366 sitcum:
3001 3330 3015 3363 :
3050 3312 3220 3365 bonus
3246 3322 3330 3366 cst
3367 3311 3507 3367 Deus
3535 3320 3590 3367 et
3615 3313 3997 3385 pmnitentiam

2428 3409 2673 3469 agentem
2743 3410 3091 3470 suscepturus
3118 3414 3201 3457 est
3232 3420 3247 3457 :
3273 3402 3385 3474 agit
3420 3403 3563 3459 enim
3617 3405 4001 3475 paenitentiam

2429 3506 2594 3562 super
2642 3491 2863 3546 malitiis
2896 3493 3119 3548 nostris.
3154 3512 3174 3546 ι
3206 3492 3374 3549 Porro
3408 3495 3585 3565 puella
3645 3496 3712 3551 ad
3767 3496 3889 3566 eius
3944 3511 4004 3552 se

2428 3585 2593 3655 pedes
2641 3583 2974 3655 proiicieus,
3025 3584 3349 3643 obsecrabat
3381 3586 3562 3643 verbis
3615 3588 3944 3661 evangelici:
3984 3605 4000 3645 :

2434 3697 2453 3730 ι
2478 3676 2691 3731 Domini
2723 3688 2775 3733 et
2801 3676 2893 3732 Dei
2934 3678 3106 3734 nostri
3134 3678 3420 3749 discipule,
3445 3680 3490 3735 si
3525 3680 3655 3751 quid
3691 3691 3872 3751 potes,
3902 3683 4001 3736 ad-

2426 3767 2553 3839 iuva
2586 3785 2705 3826 nos.
2738 3788 2758 3821 ι
2797 3769 2940 3825 Dicit
2963 3781 3187 3827 sanctus
3218 3774 3284 3827 ad
3308 3788 3534 3844 puerum
3564 3791 3578 3828 :
3610 3790 3630 3826 ι
3669 3772 3863 3830 Credis
3886 3774 3966 3830 sal
3987 3806 4001 3815 -

2436 3874 2533 3915 vus
2562 3860 2716 3916 fieri?
2740 3879 2760 3915 ι
2788 3864 2877 3917 Ait
2902 3860 2990 3918 ille
3034 3881 3047 3918 :
3074 3887 3093 3918 ι
3114 3860 3303 3931 Credo,
3327 3862 3547 3921 Domine
3564 3884 3584 3932 ;
3613 3869 3809 3931 adiuva
3836 3868 4005 3921 incre—

2432 3952 2714 4006 dulitatem
2738 3970 2908 4007 meum
2942 3956 3039 4023 (ιι).
3074 3973 3093 4006 ο
3130 3956 3193 4009 Et
3220 3956 3502 4011 cettfestim
3530 3958 3869 4026 apprehensa
3888 3959 4005 4025 eius

2433 4058 2616 4109 manu,
2649 4054 2704 4099 et
2753 4046 2897 4101 facto
2919 4061 3082 4116 super
3117 4047 3263 4101 illum
3290 4048 3489 4104 Christi
3528 4050 3831 4121 signaculo,
3859 4051 4008 4107 fusa-

2430 4147 2535 4203 que
2590 4134 2840 4189 oratinne
2868 4175 2884 4197 ,
2923 4136 3148 4191 reclusit
3208 4139 3441 4207 quodam
3484 4137 3621 4205 loco,
3658 4140 3803 4195 intra
3845 4155 4003 4197 sacra

2432 4234 2582 4297 septa
2615 4243 2629 4280 :
2656 4225 2891 4297 dataque
2922 4230 3103 4300 regula
3131 4270 3147 4295 ,
3181 4244 3304 4284 cum
3342 4239 3453 4285 tres
3482 4231 3601 4287 dies
3622 4247 3726 4287 una
3758 4232 4007 4289 laboras-

2432 4324 2513 4369 set
2538 4324 2592 4370 et
2618 4330 2675 4371 se
2698 4314 2999 4383 alllisisset,
3022 4335 3147 4374 eum
3181 4320 3401 4388 invisit,
3432 4323 3613 4393 aitque
3640 4322 3713 4377 illi
3741 4341 3754 4377 :
3796 4342 3817 4375 ι
3855 4323 4004 4390 Quo.

2434 4407 2591 4463 modo
2615 4410 2797 4473 habes,
2828 4412 2946 4465 liti?
2984 4430 3004 4463 ο
3032 4414 3101 4466 At
3134 4413 3224 4467 ille
3247 4413 3322 4467 ait
3355 4431 3369 4466 :
3404 4432 3423 4465 α
3467 4412 3525 4470 In
3578 4430 3774 4486 magna
3830 4431 3951 4472 sum
3981 4456 3998 4480 ,

2433 4500 2649 4555 domine
2678 4510 2733 4555 et
2776 4516 2934 4557 serve
2977 4502 3097 4567 Dei,
3150 4504 3477 4561 necessitate
3510 4523 3522 4559 :
3552 4522 3656 4561 non
3691 4507 3835 4561 enim
3886 4507 4004 4563 fero

836 4595 1009 4651 Porro
1055 4592 1293 4652 nefando
1347 4594 1599 4667 coniugio
1637 4594 1920 4651 celebrato
1946 4635 1961 4659 ,
2006 4594 2332 4664 impletaque
2364 4595 2409 4651 Ι)
2436 4590 2703 4646 clamores
2723 4604 2932 4656 eorum,
2962 4602 3016 4646 et
3048 4602 3285 4649 terrores
3336 4594 3652 4666 iaculaque,
3695 4606 3750 4653 et
3804 4598 4007 4655 missos

766 4686 1033 4744 diabolica
1058 4687 1262 4754 fabula,
1288 4702 1387 4745 nec
1418 4687 1586 4742 multo
1618 4686 1768 4758 lapso
1813 4695 2092 4757 tempore,
2141 4686 2331 4741 obser-

768 4780 1022 4835 vantibus
1054 4780 1380 4851 quibusdam
1408 4781 1803 4852 deprehensum
1836 4788 1943 4845 est,
1970 4779 2115 4849 quod
2149 4777 2336 4833 adole-

772 4883 929 4927 scena
972 4885 1079 4925 non
1120 4872 1497 4942 ingrederetur
1528 4870 1813 4927 ecclesiam
1837 4910 1854 4937 ,
1903 4884 2079 4941 neque
2107 4872 2333 4925 immor-

773 4962 897 5018 talia
923 4961 1242 5033 vivificaque
1269 4972 1613 5020 sacramenta
1649 4964 1942 5037 attingeret
1978 4981 1991 5017 :
2020 4964 2332 5033 dictumque

768 5062 856 5108 est
877 5052 1198 5111 miserandae
1230 5056 1387 5110 uxori
1412 5054 1534 5125 eius
1564 5072 1580 5110 :
1618 5074 1637 5108 r
1678 5056 1905 5112 Noveris
1932 5055 2057 5126 quia
2107 5056 2333 5111 maritus

771 5156 894 5201 tuus
918 5183 939 5213 ,
972 5159 1133 5216 quem
1170 5145 1380 5216 elegisti
1405 5186 1421 5211 ,
1482 5162 1587 5201 non
1616 5158 1699 5203 est
1725 5147 2091 5213 Christianus,
2122 5149 2214 5202 sed
2238 5162 2336 5201 ex-

771 5243 995 5291 traneus
1015 5249 1045 5289 a
1072 5234 1177 5291 tide
1214 5244 1271 5292 et
1305 5236 1521 5306 penitus
1544 5236 1779 5293 alienus.
1822 5256 1841 5289 ι
1873 5235 1964 5291 illa
1998 5236 2161 5305 igitur
2188 5244 2335 5292 tene-

772 5326 890 5382 bris
923 5336 979 5382 et
1007 5326 1189 5384 dolore
1220 5327 1400 5399 plena,
1428 5328 1657 5399 iactavit
1714 5344 1775 5383 se
1821 5329 1876 5383 in
1931 5330 2335 5398 pavimentum;

770 5417 1051 5488 cepitque
1082 5419 1322 5489 seipsam
1349 5420 1619 5489 unguibus
1647 5419 1875 5485 laniare,
1909 5430 1963 5474 et
1994 5424 2223 5475 tundere
2246 5436 2338 5491 pe-

772 5519 892 5565 ctus
918 5554 933 5577 ,
964 5518 1128 5582 atque
1161 5510 1402 5567 clamare
1440 5529 1455 5567 :
1502 5530 1520 5564 ο
1568 5510 1738 5568 Nemo
1788 5528 2023 5581 unquam
2053 5554 2069 5579 ,
2102 5513 2192 5583 qui
2243 5529 2339 5583 pa-

774 5600 1015 5657 rentibus
1070 5603 1382 5661 inobediens
1413 5604 1534 5668 fuit,
1590 5604 1771 5659 salvus
1805 5605 1984 5659 factus
2033 5614 2138 5661 est.
2196 5605 2336 5671 Quid

770 5693 1150 5762 exspectabam
1202 5696 1448 5753 misera?
1491 5694 1622 5763 Quis
1650 5697 1789 5767 patri
1826 5709 1948 5751 meo
1989 5695 2337 5752 annuntiabit

843 5880 927 5951 (al
958 5879 1120 5936 ﬂare.
1153 5898 1229 5949 ιι,
1251 5883 1343 5938 23.

2440 4680 2648 4748 lapides
2685 4698 2701 4735 :
2744 4694 2989 4737 tenentes
3016 4682 3161 4737 enim
3192 4699 3351 4739 manu
3378 4689 3593 4758 propria
3614 4686 3814 4742 editam
3840 4691 4005 4745 sche-

2437 4773 2561 4826 dam
2593 4812 2609 4838 ,
2659 4788 2869 4827 meeum
2918 4777 3503 4844 pugnant,dicentes:
3549 4778 3628 4832 Tu
3686 4780 3888 4836 venisti
3936 4784 4005 4838 ad

2436 4877 2569 4927 nos;
2602 4878 2705 4918 non
2730 4878 2824 4918 nos
2851 4865 2917 4917 ad
2952 4875 3023 4920 te.
3064 4886 3084 4921 ι
3112 4868 3201 4922 Ait
3222 4868 3297 4923 illi
3318 4878 3577 4927 sanctus:
3616 4888 3637 4922 ι
3674 4869 3753 4927 Ne
3785 4871 4004 4941 timeas,

2437 4955 2514 5009 iiii
2544 4974 2558 5010 :
2592 4966 2798 5011 tantum
2829 4958 3025 5020 crede;
3050 4969 3105 5013 et
3130 4961 3251 5015 data
3272 4964 3321 5016 ei
3344 4976 3467 5016 esca
3490 4963 3727 5028 modica,
3756 4964 4008 5038 factoque

2440 5063 2658 5104 rursum
2706 5064 2871 5117 super
2913 5066 3035 5107 eum
3064 5051 3269 5109 Christi
3321 5055 3598 5125 signaculo
3626 5066 3681 5113 et
3728 5060 4007 5125 oratione,

2443 5140 2663 5195 inclusit
2696 5144 2897 5197 denuo.
2939 5162 2958 5195 ι
2990 5143 3119 5200 Post
3158 5162 3359 5215 paucos
3416 5162 3547 5205 vero
3594 5150 3711 5205 dies
3766 5152 4013 5210 visitavit

2444 5242 2498 5287 et
2512 5233 2647 5286 dixit
2668 5249 2683 5287 :
2706 5251 2723 5284 ι
2748 5232 3026 5299 Quomodo
3047 5238 3229 5302 habes,
3260 5238 3397 5293 illi?»
3422 5242 3543 5295 Ait:
3568 5260 3587 5295 ι
3612 5242 3772 5299 Pater
3798 5256 4008 5315 sancte,

2442 5339 2471 5378 a
2499 5323 2657 5394 longe
2685 5324 2956 5383 clamores
2988 5328 3199 5383 illorum
3224 5341 3279 5387 et
3309 5333 3485 5391 minas
3506 5337 3666 5391 audio
3696 5354 3710 5391 :
3744 5351 3873 5393 nam
3903 5353 4011 5396 non

2443 5415 2599 5471 video
2622 5432 2735 5474 eos.
2770 5439 2789 5473 i
2830 5419 2896 5474 Et
2931 5436 3140 5488 rursus,
3177 5423 3307 5480 dato
3336 5426 3387 5481 ei
3418 5427 3541 5481 cibo
3568 5436 3624 5482 et
3669 5426 3802 5483 fusis
3832 5430 4013 5499 preci-

2445 5511 2583 5574 bus,
2621 5510 2817 5567 clausit
2874 5514 3074 5567 ostium
3100 5554 3116 5579 ,
3164 5524 3217 5570 et
3255 5517 3523 5572 discessit.
3582 5518 4015 5592 Quadragesimo

2445 5602 2658 5657 demum
2688 5604 2772 5659 die
2795 5617 2917 5660 eum
2949 5605 3162 5673 adiens,
3192 5608 3268 5663 ait
3294 5608 3370 5663 illi
3405 5626 3419 5663 :
3449 5626 3471 5661 r
3514 5609 3796 5676 Quomodo
3820 5612 4010 5681 habes,

2445 5691 2653 5750 frater?
2698 5714 2717 5748 ι
2751 5696 3049 5769 Respondit
3084 5700 3171 5758 ille
3206 5717 3217 5753 :
3258 5719 3278 5756 t
3303 5699 3466 5771 Bene,
3505 5714 3697 5761 sancte
3726 5703 3824 5763 Dei
3860 5706 4013 5765 :virll
