4212 6490
596 436 965 495 EXCEBPTA
1002 436 1094 492 EX
1133 434 1337 491 ACTIS
1378 434 1435 489 S.
1478 430 1720 487 BASILII
1762 425 2290 483 BOLLANDIANIS.
2347 455 2416 464 -—
2446 423 2603 476 VITA
2645 425 3081 480 APOCBYPIIA.

3309 443 3464 484 θείη

213 555 356 613 enim
409 566 464 615 te
509 558 672 614 bodie
722 557 772 608 in
828 556 1034 611 somnis
1086 567 1412 625 pugnantem
1446 567 1688 621 prome,
1734 561 1788 603 et
1821 557 1859 608 Α
1894 562 2013 602 nem
2069 556 2383 601 sanctorum
2438 542 2639 598 Christi
2674 543 2935 599 donarunt
2990 540 3233 595 llltlulall.
3296 538 3462 597 Facto

214 650 520 705 Vincentem
580 646 870 703 diabolum.
912 667 930 700 ι
978 648 1093 700 Mox
1154 661 1320 715 ergo,
1360 644 1499 697 facta
1534 646 1599 697 de
1629 660 1781 697 more

215 748 465 799 oratione
484 782 501 807 ,
528 742 712 799 eduxit
744 744 919 808 illum,
940 753 995 796 et
1024 742 1177 796 duxit
1198 740 1573 797 incnbiculum
1600 757 1782 795 suum.

216 837 371 890 llane
394 844 573 888 autem
606 833 768 899 facto,
799 837 886 889 tibi
923 846 1277 891 convocasset
1300 845 1411 887 tum
1452 843 1696 887 sanctum
1733 846 1787 888 ct

220 924 579 981 venerabilem
613 928 836 987 clerum,
864 935 973 977 tum
1001 926 1325 982 monasteria
1364 923 1783 995 universumque

216 1017 422 1072 Christi
453 1029 724 1074 amantem
775 1020 1028 1088 populum
1054 1059 1070 1085 ,
1100 1019 1237 1073 dixit
1276 1017 1421 1070 illis:
1460 1033 1480 1067 ι
1516 1015 1633 1071 Filii
1680 1019 1782 1071 ntei

217 1111 423 1179 dilecti,
462 1126 685 1183 agamus
714 1124 903 1164 omnes
932 1112 1137 1182 gratias
1167 1108 1392 1165 Domino
1420 1123 1435 1161 :
1464 1122 1591 1164 ecce
1635 1111 1779 1163 enim

216 1219 372 1257 ovem
397 1205 659 1274 perditam
693 1199 883 1255 Pastor
931 1203 1130 1267 bonus,
1177 1202 1481 1268 impositam
1543 1200 1789 1254 humeris

221 1298 544 1351 reducturus
567 1303 652 1348 est
675 1293 741 1347 ad
773 1293 1096 1349 Ecclesiam.
1126 1292 1192 1346 Et
1216 1306 1313 1345 nos
1336 1301 1548 1361 oportet
1607 1292 1783 1358 pervi-

219 1394 378 1459 giirm
411 1393 610 1444 ducere
637 1401 870 1457 noctem,
910 1400 958 1445 et
1008 1387 1283 1459 deprecari
1313 1388 1431 1455 ejus
1463 1388 1787 1454 bonitatem,

220 1493 275 1555 nt
335 1496 403 1536 ne
470 1480 647 1535 vincat
710 1481 801 1535 ille
874 1480 1175 1535 animarum
1243 1489 1551 1550 corruptor.
1598 1497 1617 1529 ο
1681 1477 1792 1532 Iloe

218 1582 396 1625 autem
448 1570 611 1639 l'acto,
666 1582 1016 1642 prompteqne
1063 1579 1117 1625 et
1170 1570 1420 1626 alacriter
1467 1576 1792 1641 congregato

220 1662 450 1731 populo,
506 1673 672 1719 totam
727 1673 972 1723 noctem,
1036 1675 1138 1714 una
1184 1677 1305 1715 cum
1349 1662 1489 1715 bono
1533 1670 1748 1730 pastore
1776 1699 1790 1722 ,

222 1752 387 1809 Deum
430 1757 818 1825 deprecantur;
866 1752 1165 1807 clamantes
1206 1768 1304 1822 pro
1347 1768 1412 1807 eo
1461 1768 1582 1805 cum
1618 1751 1792 1821 larry-

223 1847 366 1901 mis:
417 1846 665 1906 Domine,
726 1843 1000 1897 miserere.
1051 1842 1226 1907 Atque
1295 1839 1527 1895 diluculo
1572 1839 1791 1894 collecta

1896 651 2022 691 vero
2049 636 2133 689 vir
2169 644 2392 689 sanctus
2421 645 2616 703 magno
2650 632 2919 696 convivio,
2956 630 3270 686 universum
3306 628 3467 685 Chri-

1893 732 1960 785 sti
1986 739 2260 783 amantem
2304 726 2554 795 populum
2587 725 2827 783 olliciose
2862 728 3049 780 habuit
3076 736 3129 780 et
3156 724 3311 779 l'ovit.
3355 722 3466 779 Du-

1892 833 1981 876 cto
2009 832 2192 878 autem
2218 818 2586 883 adolescente,
2635 830 2688 875 et
2723 821 3010 879 instructo,
3046 836 3110 875 ac
3146 817 3195 872 vi
3224 831 3467 886 congrua

1895 915 2019 969 data
2072 912 2255 987 regula
2284 952 2298 977 ,
2334 910 2568 966 reddidit
2617 912 2774 966 uxori
2804 954 2819 978 ,
2859 911 3229 966 indesinenter
3258 906 3467 980 gloriﬁ-

1896 1019 2108 1062 cantcm
2139 1018 2193 1063 et
2217 1005 2626 1061 benedicentem
2660 1004 2851 1057 Deum.

1965 1098 2138 1153 Etiam
2170 1113 2301 1154 vero
2339 1096 2469 1151 mihi
2502 1096 2603 1149 hoc
2634 1096 2875 1148 narravit
2916 1091 3179 1162 peclatus
3209 1096 3461 1166 egregius

1894 1190 1978 1243 vir
2010 1190 2303 1245 llelladins.
2337 1192 2433 1246 Die
2463 1187 2698 1260 quadam
2727 1194 2951 1241 sanctus
2976 1188 3137 1242 Pater
3203 1197 3389 1241 noster
3412 1194 3465 1240 et

1895 1297 2122 1352 magnus
2146 1280 2396 1347 Basilius,
2434 1284 2705 1336 illustrato
2742 1278 2939 1333 mentis
2973 1279 3151 1344 oculo,
3185 1275 3466 1348 prolectus

1893 1373 1961 1429 de
1990 1371 2233 1436 civitate,
2275 1373 2478 1427 nemini
2510 1374 2696 1427 dicens
2719 1385 2827 1441 quo
2848 1379 2999 1425 esset
3024 1370 3201 1425 iturus
3236 1388 3249 1424 :
3283 1370 3467 1440 prior‘

1893 1480 1999 1535 que
2029 1465 2142 1536 ipse
2177 1478 2451 1534 egressura,
2504 1474 2559 1517 et
2593 1481 2690 1519 nos
2718 1478 2910 1519 omnes
2959 1460 3293 1532 praecedens,
3328 1462 3470 1517 dixit

1895 1559 2052 1614 nobis
2086 1576 2099 1611 :
2143 1574 2162 1607 ι
2207 1556 2327 1611 Filii
2360 1555 2798 1626 tnei,scquimini
2826 1571 2934 1623 me,
2963 1565 3021 1611 ut
3042 1569 3253 1609 mecum
3285 1556 3469 1611 videa-

1897 1653 1968 1705 tis
2018 1652 2111 1706 Dei
2141 1647 2369 1722 gloriam
2402 1673 2412 1703 ;
2442 1661 2622 1719 exque
2651 1647 2939 1718 discipulis
2964 1649 3302 1703 admiremur
3356 1664 3472 1702 ma-

1900 1744 2146 1813 gistrum.
2178 1762 2196 1795 ι
2228 1740 2347 1796 Mox
2378 1756 2506 1811 ergo
2538 1750 2596 1797 ut
2626 1740 2931 1796 communis
2969 1740 3130 1796 Pater
3162 1753 3348 1798 noster
3404 1743 3471 1795 de

1900 1845 2083 1888 nostra
2140 1836 2361 1891 civitate
2407 1834 2677 1901 proﬁcisci
2732 1831 2939 1903 cmpit,
2992 1836 3210 1903 agnovit
3268 1836 3470 1890 virtute

220 1957 341 1995 cum
396 1939 513 2007 ipso
573 1937 821 1991 universa
873 1936 1053 2007 populi
1111 1933 1454 1991 multitudine
1488 1977 1503 1999 ,
1567 1935 1786 1988 assumit
1828 1940 1865 1991 Β
1899 1928 2224 1981 sanctissimi
2265 1927 2523 1997 Spiritus,
2563 1926 2883 1980 Anastasius
2930 1926 3214 1996 presbyter
3235 1925 3382 1997 (51);
3418 1938 3473 1981 et

222 2047 343 2087 eum
414 2039 639 2085 sanctus
690 2043 703 2080 :
751 2037 1045 2098 tenerisque
1088 2027 1409 2091 dexteram,
1461 2042 1581 2081 cum
1640 2024 1790 2094 psal-

226 2122 327 2178 mis
394 2131 450 2179 et
498 2122 711 2194 hymnis
772 2121 1000 2176 ducebat
1062 2120 1129 2174 ad
1185 2128 1430 2175 sanctam
1466 2118 1558 2172 Dei
1613 2118 1789 2173 eccle-

225 2214 379 2267 siam.

290 2309 431 2363 Ecce
456 2323 587 2363 vero
612 2308 876 2374 diabolus,
902 2305 993 2376 qni
1048 2319 1261 2375 semper
1291 2304 1518 2367 invidet,
1556 2317 1654 2357 nec
1715 2303 1791 2355 vi-

221 2410 327 2455 tam
358 2412 599 2457 nostram
626 2417 655 2457 a
686 2401 902 2457 tristitia
944 2400 1169 2454 liberam
1197 2398 1453 2461 sustinet,
1494 2409 1617 2450 cum
1681 2402 1791 2448 tota

218 2494 446 2547 exitiosa
483 2494 679 2548 virtute
715 2508 809 2547 sua
842 2492 1030 2554 adest;
1062 2488 1627 2557 comprehensumque
1654 2485 1793 2539 invi-

220 2585 359 2638 sibili
390 2585 625 2653 quadam
651 2584 861 2637 ratione
883 2596 1108 2651 puerum
1134 2578 1305 2632 voluit
1326 2593 1517 2647 rapere
1542 2577 1608 2630 de
1633 2592 1791 2630 manu

218 2675 388 2729 sancti
423 2691 437 2728 :
465 2674 737 2744 coepitque
766 2687 899 2744 puer
932 2673 1204 2726 clamare:
1240 2689 1257 2720 ι
1293 2670 1462 2725 Serve
1495 2668 1613 2731 Dei,
1636 2669 1795 2735 adju-

220 2779 281 2816 va
315 2780 421 2819 me.
457 2783 478 2816 ι
504 2763 674 2819 Porro
714 2764 767 2818 in
804 2773 1009 2818 tantum
1043 2762 1309 2832 processit
1340 2760 1623 2831 impudens
1658 2760 1797 2813 reni-

223 2858 416 2919 tentia,
446 2867 507 2909 ut
534 2854 710 2926 ipsum
753 2856 992 2911 divinum
1023 2854 1282 2909 Basiliam
1330 2868 1434 2907 una
1490 2852 1796 2924 impelleret

218 2959 273 3003 et
309 2958 721 3019 contorqueret.
754 2947 1061 3005 Conversus
1096 2947 1278 3018 itaque
1305 2955 1527 3003 sanctus
1564 2945 1628 2999 ad
1679 2944 1794 2999 dia-

217 3038 398 3094 bolum
424 3078 439 3098 .
481 3038 590 3093 ait:
623 3054 643 3090 ι
680 3035 1149 3107 lmpudentissitne
1198 3046 1253 3092 et
1294 3037 1599 3091 animarum
1658 3038 1791 3103 lues,

217 3141 373 3201 pater
404 3130 752 3185 tenebrarum
800 3137 855 3182 et
901 3129 1224 3198 perditionis
1252 3168 1267 3193 ,
1299 3143 1405 3182 non
1440 3128 1535 3183 lilii
1569 3128 1791 3191 sullicit,

216 3239 381 3293 quam
422 3222 520 3277 tibi
551 3220 665 3291 ipse
699 3220 905 3291 tibique
935 3219 1200 3289 subjectis
1248 3217 1613 3287 acquisivisti,
1669 3232 1791 3285 per-

216 3316 351 3371 ditio
383 3316 653 3370 tualuon
679 3328 859 3369 cessas
892 3317 1057 3368 etiam
1114 3311 1207 3366 Dei
1258 3310 1513 3382 figmento
1567 3310 1793 3366 infestus

216 3421 334 3460 esse
366 3405 391 3459 l
427 3424 445 3457 ι
488 3405 739 3459 Diabolus
775 3420 903 3459 vero
927 3404 1067 3457 dixit
1109 3404 1175 3456 ad
1200 3418 1322 3458 eum
1360 3417 1375 3456 :
1411 3421 1430 3452 ι
1468 3403 1596 3457 ΜΗιί
1656 3402 1792 3457 facis

219 3498 501 3565 injuriam,
542 3493 704 3549 Basili
736 3513 749 3549 :
784 3513 803 3545 ι
843 3498 913 3549 ita
969 3496 1147 3567 plane,
1208 3504 1263 3549 ut
1291 3496 1443 3548 multi
1481 3509 1639 3547 \‘occs
1678 3495 1793 3564 ejus

215 3590 486 3644 audirent.
541 3588 612 3643 At
663 3599 882 3643 sanctus
926 3588 1017 3642 Dei
1058 3588 1124 3641 ad
1175 3586 1347 3656 ipsum
1399 3602 1413 3639 :
1477 3603 1497 3637 ι
1547 3587 1793 3655 Increpat

216 3694 268 3737 te
301 3684 587 3746 Dominus,
635 3680 864 3735 diabole.
901 3698 921 3732 ι
953 3678 1048 3735 llle
1090 3694 1219 3734 vero
1276 3679 1342 3733 ad
1371 3694 1495 3734 eum
1528 3696 1542 3731 :
1574 3698 1593 3729 ι
1659 3678 1787 3733 Mihi

214 3773 351 3829 lacis
382 3773 663 3843 injuriam,
699 3771 859 3826 Basili
894 3789 906 3825 :
935 3786 1039 3826 nou
1070 3786 1171 3842 ego
1206 3771 1272 3824 ad
1306 3772 1478 3839 ipsum
1504 3770 1613 3826 abii
1642 3810 1658 3836 ,
1691 3771 1788 3823 sed

216 3866 330 3932 ipse
364 3865 432 3917 ad
460 3879 562 3918 me.
614 3863 1020 3917 Abrenuntiavit
1065 3862 1283 3919 Christo
1313 3878 1432 3926 suo,
1468 3876 1787 3930 mecumque

214 3954 335 4010 iniit
376 3953 590 4018 ltedus;
618 3963 671 4007 et
703 3966 829 4007 ecce
873 3952 991 4021 ejus
1032 3954 1358 4022 scripturam
1396 3968 1505 4023 prie
1536 3952 1785 4007 manibus

217 4050 413 4116 habeo,
444 4046 722 4103 delaturos
749 4048 800 4099 in
829 4047 915 4101 die
936 4045 1125 4116 judicii
1157 4060 1343 4102 coram
1387 4047 1663 4101 connuuui
1692 4046 1783 4115 jn-

212 4142 353 4198 dice.
393 4160 413 4195 ι
460 4142 699 4197 Sanctus
723 4150 902 4194 autem
929 4138 1139 4195 Domini
1174 4139 1312 4195 dixit
1348 4156 1362 4194 :
1399 4157 1419 4191 ι
1455 4137 1783 4197 Benedictus

216 4236 478 4288 Dominus
505 4234 646 4289 Deus
669 4250 820 4288 meus
853 4252 868 4288 :
894 4249 997 4289 non
1022 4234 1249 4302 deponet
1275 4233 1507 4301 papulas
1528 4234 1630 4289 iste
1656 4250 1774 4287 ma-

213 4342 314 4382 nus
339 4326 408 4381 de
429 4326 647 4381 excelso
670 4325 813 4386 caeli,
844 4326 1016 4380 donec
1042 4325 1366 4395 scripturam
1410 4324 1622 4379 reddas.
1660 4343 1679 4376 ι
1710 4324 1775 4378 Ει

212 4429 512 4471 conversus
540 4414 675 4469 dixit
704 4414 844 4484 plebi
872 4430 886 4466 :
924 4432 943 4465 ι
975 4411 1169 4470 Tollite
1194 4429 1385 4469 omnes
1416 4424 1621 4469 vestras
1663 4430 1780 4468 ma-

211 4524 312 4565 nus
339 4509 393 4563 in
424 4506 722 4566 excelsum.
746 4505 1039 4560 clamantes
1059 4520 1179 4560 cum
1200 4506 1451 4575 laerymis
1475 4526 1486 4560 :
1518 4505 1767 4571 Domine,

214 4602 489 4657 miserere.
515 4618 535 4652 ι
560 4598 801 4669 Cumque
827 4598 1055 4670 populus
1082 4609 1249 4652 staret
1282 4602 1347 4652 ad
1384 4600 1599 4667 Iungunt
1634 4609 1767 4653 tem-

210 4711 309 4764 pus
364 4694 606 4749 extensis
650 4692 897 4747 manibus
948 4692 1001 4745 in
1044 4692 1238 4745 cmlum
1267 4732 1281 4753 ,
1330 4705 1458 4745 ecce
1505 4692 1763 4759 scriptum

210 4784 597 4849 adolescentis,
638 4784 689 4838 in
737 4798 864 4839 aere
897 4782 1259 4853 deportatum,
1299 4795 1460 4854 atque
1502 4782 1555 4837 in
1588 4783 1773 4837 esiniii

210 4876 445 4947 pastoris
473 4876 646 4929 nostri
702 4889 890 4929 manus
939 4873 1241 4942 depositum
1282 4874 1452 4928 venit.
1499 4873 1768 4946 Suscepto

210 4979 390 5023 autem
422 4968 532 5032 illo,
563 4968 762 5035 gratias
790 4981 954 5037 agens
981 4967 1105 5029 Deo,
1140 4967 1630 5036 vehementiusque
1670 4982 1765 5036 ga-

209 5064 357 5117 visus
376 5076 499 5115 cum
534 5061 727 5130 populo
752 5061 1023 5125 universo,
1056 5060 1190 5113 dixit
1221 5059 1287 5114 ad
1317 5058 1717 5115 adolescentem
1750 5077 1761 5111 :

213 5153 565 5225 «Cognoscis,
597 5152 783 5213 frater,
806 5152 1077 5206 libellum?
1104 5170 1122 5203 ι
1159 5151 1249 5207 Ille
1276 5165 1404 5207 vero
1434 5151 1714 5226 adjpsum
1748 5168 1759 5202 :

213 5265 233 5298 ι
277 5246 476 5310 Etiam,
502 5255 687 5299 sancte
722 5243 813 5297 Dei
848 5259 862 5296 :
889 5258 1077 5296 manus
1106 5244 1335 5312 propria:
1362 5242 1589 5311 scriptio
1607 5252 1709 5298 est.
1738 5260 1759 5294 ι

209 5336 379 5391 Porro
407 5335 650 5403 disrupta
689 5333 953 5401 scriptura
984 5333 1192 5386 induxit
1235 5332 1287 5386 in
1317 5331 1643 5396 ecclesiam,
1672 5333 1766 5385 ad—

207 5429 487 5498 missoque
516 5426 582 5478 ad
612 5438 823 5478 sacram
864 5424 1043 5477 missae
1073 5424 1422 5490 sacrillcium,
1452 5426 1773 5494 perceptio-

278 5541 386 5613 (5l)
447 5539 695 5595 Historia
739 5540 895 5607 hujus
948 5540 1295 5608 impos-turam
1343 5557 1446 5613 non
1489 5540 1755 5592 immerito

208 5612 449 5679 pateﬁeri
506 5622 757 5680 putamus
802 5626 866 5665 ex
902 5626 988 5675 eo,
1018 5614 1158 5677 quod
1192 5612 1387 5681 omnia
1417 5650 1432 5675 ,
1460 5613 1611 5681 quasi
1660 5626 1755 5678 per

205 5686 324 5750 pios
348 5682 523 5746 dolos,
548 5691 606 5733 ιιι
637 5682 858 5735 criminis
886 5697 1000 5735 mos
1036 5691 1137 5744 est,
1170 5680 1435 5750 descripta
1460 5680 1601 5740 sint;
1634 5695 1751 5747 quso

206 5748 237 5803 ἐι
278 5754 545 5821 gravitate
582 5750 760 5805 Basilii
824 5754 873 5804 in
902 5752 1132 5821 agendo,
1159 5759 1215 5821 et
1267 5748 1491 5821 llelladii
1526 5753 1575 5803 in
1611 5751 1745 5803 scri-

204 5818 384 5874 bendo
405 5822 715 5875 abhorrent.
753 5820 891 5889 Quin
918 5818 961 5886 ,’
982 5820 1229 5875 ostendat
1260 5818 1613 5874 Coiubelisins
1646 5858 1661 5885 ,
1708 5824 1752 5873 si

206 5892 399 5959 possit,
436 5894 703 5962 quomodo
726 5894 1041 5947 Anastasius
1071 5892 1373 5961 presbyter,
1402 5901 1509 5962 tam
1538 5903 1755 5945 sanctus

206 5971 263 6016 et
309 5962 419 6019 Deo
457 5960 687 6031 plenus,
739 5963 908 6030 possit
964 5962 1211 6016 excusari
1272 5960 1583 6027 mendacio;
1633 5979 1753 6017 cum

524 6058 794 6119 Psraoc.
840 6057 957 6119 Gtt.
995 6055 1237 6119 XXIX.

1897 2017 2032 2070 dixit
2064 2032 2197 2081 suas,
2224 2019 2378 2075 uxori
2413 2018 2632 2090 quidem
2659 2018 2898 2084 nomine,
2924 2035 3022 2073 usu
3045 2030 3223 2073 autem
3249 2021 3425 2075 sorori
3455 2036 3468 2073 :

1902 2128 1920 2159 ι
1957 2109 2069 2177 Ego
2113 2109 2251 2164 vado
2283 2111 2349 2165 ad
2401 2109 2669 2165 culturam
2710 2110 2861 2179 agri,
2911 2110 3125 2163 domina
3175 2111 3247 2166 mi
3289 2126 3471 2178 soror,

1896 2200 1989 2253 sed
2026 2215 2187 2269 surge
2235 2209 2290 2253 et
2340 2218 2472 2257 orna
2512 2204 2728 2259 domum
2763 2212 2949 2266 tuam;
2990 2212 3042 2258 et
3083 2203 3226 2257 circa
3272 2219 3471 2260 nonam

1897 2304 2119 2358 accepto
2143 2293 2419 2349 tlmribulo
2456 2306 2511 2349 et
2538 2298 2733 2361 cereis,
2766 2310 2993 2351 oecurre
3024 2296 3136 2351 sola
3176 2295 3234 2352 S.
3272 2295 3474 2351 Basilio

1899 2384 2311 2455 archiepiscopo
2332 2406 2345 2440 :
2365 2386 2511 2439 venit
2535 2387 2701 2453 enim,
2719 2398 2773 2439 ιιι
2792 2388 2844 2439 in
2864 2401 3102 2443 nostram
3120 2392 3472 2459 peccatorum

1897 2478 2113 2531 domum
2147 2479 2399 2534 divertat.
2433 2496 2453 2532 ι
2487 2478 2580 2533 Illa
2613 2488 2857 2534 tremens
2885 2495 3046 2550 super
3078 2483 3350 2537 sermonis
3378 2499 3474 2535 no-

1900 2572 2084 2635 \‘ilalc,
2122 2572 2249 2626 fecit
2274 2574 2417 2641 quod
2446 2571 2605 2628 docta
2666 2582 2802 2628 erat.
2837 2572 2965 2627 Erat
2998 2588 3157 2642 porro
3187 2574 3301 2629 haec
3321 2575 3475 2644 virgo

1898 2662 2125 2717 honeste
2146 2675 2363 2718 versata
2393 2684 2406 2718 :
2440 2681 2565 2719 nam
2597 2680 2719 2721 cum
2770 2681 2942 2722 annos
2974 2666 3334 2738 quadraginta
3378 2682 3476 2723 ex-

1897 2754 2097 2825 egisset
2147 2755 2201 2809 in
2238 2754 2331 2809 illo
2370 2755 2625 2826 conjugio
2655 2798 2667 2817 .
2706 2759 3136 2827 tnystet-iumque
3171 2769 3474 2825 servasset,

1898 2849 1951 2901 in
1986 2848 2244 2919 opinione
2289 2850 2569 2904 hominum
2602 2850 2807 2905 sterilis
2834 2862 2974 2905 erat.
3004 2851 3137 2906 Cum
3174 2863 3355 2909 autem
3381 2854 3473 2908 de-

1896 2940 2007 2994 bita
2065 2941 2325 2996 modestia
2397 2941 2556 2997 nobis
2612 2943 2827 2998 obviam
2888 2945 3285 3014 processisset,
3346 2960 3474 3001 can-

1896 3048 2193 3102 gruamquc
2228 3033 2602 3089 adoratiouem
2661 3037 3030 3102 inipertisset;
3072 3036 3306 3104 primum
3346 3037 3471 3105 qui-

1896 3126 2016 3179 dem
2053 3126 2395 3181 benedicitur
2427 3143 2454 3180 a
2506 3137 2701 3181 sancto
2746 3126 2906 3181 Patre
2951 3136 3169 3193 nostro,
3209 3136 3318 3183 tum
3346 3143 3473 3185 vero

1896 3215 1971 3267 ait
2009 3215 2117 3267 illi:
2158 3233 2176 3266 ι
2201 3214 2483 3281 Quomodo
2516 3216 2707 3280 habes,
2740 3216 2957 3270 domina
2987 3217 3305 3290 Theognis?
3331 3239 3348 3271 ι
3382 3218 3474 3275 Illa

1820 3295 1863 3352 C
1904 3316 2130 3374 stupens
2158 3321 2222 3359 ex
2270 3305 2505 3362 nominis
2538 3308 2918 3379 appellatione,
2944 3311 3008 3362 ad
3041 3326 3209 3366 eum:
3251 3331 3269 3364 ι
3308 3313 3473 3379 Bene,

1900 3408 2085 3452 sancte
2116 3398 2230 3452 Dei.
2273 3416 2291 3449 ι
2334 3398 2475 3453 Dicit
2502 3399 2575 3455 illi
2600 3412 2821 3457 sanctus
2861 3403 3018 3457 Pater
3049 3413 3233 3459 noster
3260 3422 3273 3435 ο
3313 3423 3335 3456 ι
3372 3404 3472 3462 Ubi

1898 3498 1984 3544 est
2025 3490 2274 3545 dominus
2321 3492 2647 3549 Athanasius
2684 3496 2985 3568 presbyter,
3032 3495 3201 3552 frater
3251 3497 3419 3553 tuus?
3448 3515 3469 3551 ι

1902 3581 2043 3639 Dicit
2097 3584 2170 3639 illi
2204 3603 2217 3640 :
2266 3605 2284 3637 ι
2320 3584 2545 3640 Maritus
2569 3603 2717 3643 meus
2757 3598 2861 3653 est,
2904 3588 3138 3655 domine,
3176 3600 3231 3642 et
3274 3590 3371 3643 ivit
3404 3589 3475 3643 ad

1898 3677 2178 3731 colendam
2234 3689 2452 3733 terram.
2498 3697 2517 3729 ι
2574 3681 2643 3732 At
2696 3680 2787 3733 ille
2824 3698 2836 3733 :
2875 3698 2893 3729 ι
2934 3677 2990 3731 lu
3022 3680 3185 3734 domo
3240 3692 3330 3735 tua
3362 3694 3465 3743 cst.

1898 3782 2072 3836 neque
2098 3768 2359 3839 latigeris.
2402 3787 2420 3820 ι
2456 3768 2715 3823 Perculsa
2755 3770 2921 3841 igitur
2976 3771 3172 3827 mulier
3217 3772 3269 3827 in
3304 3776 3471 3830 verbo

1905 3860 2009 3912 isto
2029 3898 2042 3922 ,
2076 3875 2179 3913 non
2210 3870 2414 3914 tantum
2444 3861 2587 3930 quod
2618 3876 2681 3914 ex
2722 3863 2937 3916 nomine
2978 3862 3340 3933 appellasset,
3374 3866 3469 3919 sed

1898 3950 2061 4003 etiam
2124 3951 2267 4019 quod
2331 3966 2551 4005 uxorem
2586 3951 2806 4021 quidem
2857 3954 3075 4009 nomine
3098 3994 3113 4018 ,
3151 3969 3249 4008 usu
3283 3961 3468 4007 autem

1896 4054 2159 4108 sororem,
2187 4041 2296 4096 Deo
2324 4040 2537 4096 alllatns
2561 4042 2722 4098 Pater
2776 4053 2961 4097 noster
3002 4044 3274 4109 dixisset;
3307 4043 3471 4100 vebe-

1897 4134 2171 4201 mentique
2205 4135 2565 4188 admiratione
2599 4136 2867 4197 attonita,
2925 4150 2989 4189 ac
3045 4135 3241 4190 timore
3292 4143 3465 4202 lenta,

1894 4228 2089 4280 cecidit
2135 4229 2185 4279 in
2238 4239 2437 4281 terram
2534 4228 2773 4283 clanians
2826 4238 2881 4282 et
2919 4232 3103 4289 dicens
3142 4246 3155 4282 :
3194 4246 3214 4279 ι
3269 4227 3466 4285 Sancte

1896 4318 2011 4382 Dei,
2060 4332 2153 4372 ora
2208 4332 2306 4387 pro
2341 4333 2425 4372 me
2476 4322 2813 4388 peccatrice.
2851 4322 2976 4389 quia
3010 4337 3096 4375 res
3130 4337 3348 4392 tinignas
3407 4335 3464 4377 et

1895 4408 2242 4463 admirandas
2281 4410 2331 4463 in
2365 4420 2415 4464 te
2447 4420 2726 4466 contueor.
2754 4428 2772 4463 ι
2815 4408 2949 4465 Tum
2976 4412 3084 4479 ille,
3130 4411 3264 4466 fusis
3298 4429 3468 4483 super

1894 4502 2037 4555 illaut
2095 4503 2367 4570 precibus,
2420 4506 2627 4573 primus
2681 4505 2809 4559 ibat.
2856 4505 3213 4559 Venientibus
3271 4516 3454 4560 autem

1895 4595 2050 4649 nobis
2084 4594 2137 4648 in
2172 4594 2389 4649 domum
2423 4597 2763 4667 presbyteri,
2795 4603 2962 4654 etiam
2995 4600 3111 4668 ipse
3137 4598 3348 4651 obviam
3377 4600 3460 4655 fa-

1891 4695 2045 4752 ctus;
2096 4687 2441 4743 honorabiles
2490 4690 2591 4744 viri
2648 4690 2810 4760 pedes
2842 4691 3188 4745 deosculatur
3230 4701 3328 4747 :st
3368 4692 3458 4749 ille

1889 4779 1939 4833 ci
1963 4779 2012 4833 in
2050 4778 2274 4835 Domino
2296 4781 2541 4835 osculum
2566 4782 2735 4837 dedit.
2756 4785 2843 4836 Ait
2883 4798 3009 4838 vero
3035 4784 3105 4838 illi
3138 4786 3454 4857 presbyter:

1892 4894 1910 4925 ι
1941 4872 2089 4929 Unde
2115 4876 2215 4928 hoc
2243 4876 2397 4939 mihi,
2431 4886 2490 4928 ut
2523 4877 2731 4931 tenerit
2758 4885 2978 4931 sanctus
3006 4878 3217 4933 Domini
3244 4880 3350 4934 mei
3392 4882 3460 4934 ad

1888 4967 2015 5021 me?
2053 4986 2073 5019 ι
2112 4965 2275 5021 Pater
2316 4977 2495 5022 autem
2539 4978 2725 5024 noster
2769 4971 2845 5022 ait
2887 4970 2959 5025 illi
2993 4990 3005 5025 :
3038 4988 3058 5023 ι
3098 4972 3240 5027 Bene
3284 4982 3335 5026 te
3369 4972 3456 5026 itt-

1886 5060 2027 5123 vcui,
2059 5059 2261 5114 Christi
2303 5061 2604 5131 discipule:
2641 5077 2828 5117 eamus
2852 5103 2872 5128 ,,
2900 5076 2953 5119 et
2985 5080 3096 5120 rem
3138 5078 3352 5118 sacram
3382 5064 3459 5119 la-

1884 5151 2110 5207 ciamus.
2148 5169 2169 5205 ι
2226 5152 2358 5208 Erat
2382 5155 2527 5209 enim
2561 5156 2676 5226 ipse
2724 5160 3007 5227 presbyter
3038 5155 3282 5226 quotidie
3304 5152 3454 5225 jeju-

1885 5258 2043 5309 nans,
2096 5254 2153 5299 et
2180 5248 2566 5315 (praeterquam
2624 5246 2863 5302 Sabbalo
2896 5257 2948 5303 et
3001 5248 3089 5303 die
3146 5246 3451 5315 Dominica)

1884 5337 2358 5409 uihilcontingens
2396 5340 2497 5395 nisi
2526 5356 2716 5410 panem
2754 5351 3050 5411 etaquam.

1950 5428 2193 5499 (Sinuque
2232 5433 2658 5500 perrexissemus
2704 5433 2756 5487 in
2816 5442 3066 5487 sanctam
3125 5430 3221 5487 Dei
3282 5429 3458 5487 eccle-

1878 5557 2040 5615 supra
2086 5554 2335 5597 narratur
2384 5544 2586 5599 dixisse
2632 5548 2789 5601 uxori
2842 5562 2953 5600 sua:
2994 5562 3007 5598 :
3042 5544 3154 5615 Ego
3204 5545 3340 5598 vado
3376 5544 3455 5615 ad

1878 5613 2141 5666 culturam
2166 5615 2302 5684 agri,
2331 5623 2384 5670 ct
2416 5626 2596 5671 tanien
2631 5618 2807 5672 inscia
2856 5617 2941 5670 illa
2971 5613 3116 5671 domi
3153 5614 3454 5680 manserit;

1879 5684 1968 5736 ubi
2007 5685 2162 5751 paulo
2222 5684 2357 5740 infra
2428 5688 2627 5741 dicitur
2667 5687 2913 5741 inventus
2980 5704 3009 5741 a
3059 5684 3261 5741 Basilio
3327 5704 3339 5740 :
3398 5694 3457 5739 et

1881 5769 2001 5809 mox
2030 5756 2211 5825 jussus
2236 5759 2564 5812 Anastasius
2612 5758 2824 5825 aperire
2876 5758 3073 5812 ostium
3140 5756 3455 5819 conclavis.

1881 5826 1933 5877 in
1966 5842 2071 5895 quo
2111 5829 2425 5954 ssrvabatur
2476 5830 2639 5885 homo
2683 5831 2959 5886 ulcerosus
2982 5870 2997 5896 ,
3029 5827 3168 5885 dixit
3206 5842 3328 5884 esse
3356 5841 3452 5883 ne-

1881 5915 2111 5952 cessaria
2174 5917 2345 5954 onms.

1878 5916 2028 5951 ςυδδιι
2042 5915 2111 5952 l'lil
2137 5915 2345 5956 00111118.

3172 6073 3199 6121 ι
