4212 6488
756 418 882 459 CCCX

2114 402 2648 464 PROLEGOMENA.

757 523 916 583 siam,
966 523 1218 599 ρι-ωεοιιίι
1251 522 1566 591 presbytero
1625 525 1679 569 ιιι
1736 517 1953 571 missam
2001 517 2325 573 celebraret.
2361 523 2403 579 Α
2433 522 2708 579 civitatem
2767 540 2887 582 cum
2928 530 3126 597 gaudio
3158 574 3173 598 ,
3213 534 3492 593 laudantes
3532 555 3585 599 et
3616 542 4003 605 benetlicentrs

755 615 844 670 llle
878 628 1056 673 autem
1109 616 1181 669 ait
1214 616 1280 668 ad
1320 628 1442 667 eum
1477 632 1487 664 :
1534 629 1553 661 t
1608 609 1809 664 Sancte
1844 608 1981 673 Dei,
2025 619 2081 663 ut
2138 610 2325 673 doces,

754 710 893 776 quod
926 710 1101 763 minus
1130 717 1211 762 est
1271 724 1299 760 a
1354 703 1560 759 meliori
1623 702 1976 757 benedicitur.
2023 721 2043 754 ι
2101 703 2235 757 Dicit
2277 706 2325 758 ei

754 807 974 853 sanctus
1021 798 1184 852 Pater
1232 805 1460 851 uoster:
1498 811 1518 847 ι
1558 793 1637 848 Ad
1676 793 1910 862 reliquas
1968 804 2086 850 tuas
2136 810 2326 851 omnes

751 893 1016 954 virtutes,
1052 892 1360 946 ohetlieutia
1398 886 1640 944 accedat.
1691 907 1710 939 ι
1755 888 2113 943 Consentiens
2141 898 2323 944 autem

753 984 1061 1054 presbyter,
1102 983 1275 1037 astitit
1306 984 1371 1036 ad
1430 994 1583 1036 sacra
1629 980 1940 1037 missarum.
1975 979 2146 1033 Porro
2179 986 2319 1035 tem-

755 1091 884 1143 pore
929 1074 1252 1130 elevationis
1316 1073 1517 1128 viviﬁci
1578 1072 1823 1142 corporis
1885 1071 2099 1127 Domini
2156 1072 2322 1127 nostri

753 1166 877 1223 Jesu
901 1166 1122 1229 Christi,
1148 1168 1284 1221 vidit
1316 1175 1539 1220 sanctus
1561 1164 1651 1218 Dei
1678 1171 1732 1218 et
1769 1164 1987 1235 quidam
2021 1162 2087 1218 de
2121 1164 2319 1233 dignis,

753 1262 1153 1314 sanctissimum
1220 1259 1523 1329 Spiritum,
1575 1259 1992 1312 descendentem
2033 1258 2085 1311 in
2141 1256 2321 1324 specie

753 1351 912 1420 ignis,
961 1350 1497 1420 circumdantemque
1555 1351 1937 1421 presbyterum
1967 1360 2022 1404 et
2072 1360 2315 1404 sanetum

753 1428 942 1497 altar'e.
977 1442 1225 1513 Cumque
1252 1441 1810 1498 communicassemus
1835 1480 1850 1504 ,
1879 1450 1932 1495 et
1988 1444 2092 1496 Deo
2120 1441 2321 1506 egisse-

753 1550 873 1589 mus
897 1535 1122 1603 gratias,
1150 1535 1410 1590 rediimus
1442 1535 1495 1589 in
1530 1536 1744 1590 domum
1809 1534 2132 1605 presbyteri,
2170 1532 2321 1586 cibo-

754 1640 861 1696 que
926 1638 1139 1697 sumpto
1164 1667 1179 1691 ,
1219 1626 1354 1679 dixit
1388 1625 1463 1678 illi
1500 1632 1721 1679 sanctus
1760 1623 1887 1680 Dei:
1926 1644 1943 1676 ι
1981 1623 2137 1678 Refer
2191 1624 2317 1675 tnibi

751 1716 893 1771 unde
927 1720 1213 1771 thesaurus
1264 1716 1405 1780 iste;
1442 1725 1495 1770 et
1523 1730 1642 1785 qua:
1684 1727 1769 1771 cst
1799 1718 1903 1771 vita
1954 1726 2039 1768 tua
2072 1714 2093 1767 ?
2134 1734 2153 1766 ι
2186 1715 2321 1769 Dicit

751 1806 799 1862 ei
857 1808 1137 1878 presbyter
1171 1826 1185 1863 :
1217 1827 1235 1859 ι
1271 1807 1380 1879 Ego
1407 1846 1422 1871 ,
1463 1815 1651 1861 sancte
1705 1808 1793 1861 Dei
1822 1847 1836 1869 ,
1871 1808 2032 1859 homo
2070 1816 2321 1873 peccator

750 1882 931 1962 sum,‘
954 1897 1185 1968 publicis
1220 1898 1435 1951 tributis
1464 1899 1756 1954 obnoxius.
1793 1918 1811 1949 ι
1857 1896 1995 1951 Sunt
2023 1913 2186 1966 porro
2212 1899 2318 1950 duo

744 1988 869 2061 juga
894 1992 1086 2055 boum;
1117 2004 1279 2042 unum
1316 1991 1535 2059 quidem
1567 2005 1667 2059 ego
1711 1990 1898 2054 mino;
1928 1989 2156 2043 alterum
2196 2005 2321 2044 vero

748 2098 902 2139 meus
944 2081 1350 2149 mercenarius;
1380 2092 1435 2137 et
1474 2082 1701 2137 alterum
1728 2080 1945 2150 quidem
1991 2082 2041 2133 in
2077 2080 2322 2137 ministe-

748 2174 890 2228 rium
924 2173 1068 2230 cedit
1093 2174 1361 2245 ltospitum
1386 2193 1401 2241 ;
1425 2174 1657 2229 alterum
1694 2182 1873 2227 autem
1900 2172 1953 2227 in
1989 2174 2317 2243 obsequium

751 2269 1075 2323 tributorum
1105 2284 1117 2319 :
1151 2277 1340 2333 estque
1362 2263 1671 2319 conf-amula
1714 2264 1830 2318 haec
1872 2278 2011 2319 uxor
2049 2280 2191 2328 mea,
2218 2265 2319 2319 ho-

747 2360 977 2429 spitibus
1041 2358 1354 2411 ministraus
1403 2363 1457 2411 et
1516 2355 1667 2412 tttihi.
1722 2375 1739 2409 ι
1800 2357 1889 2412 Ait
1938 2356 2012 2412 illi
2054 2369 2314 2412 sanctus:

752 2471 770 2503 ι
810 2450 950 2505 Voca
1017 2450 1159 2504 illam
1198 2464 1465 2515 sororem,
1511 2447 1665 2517 juxta
1724 2451 1865 2520 quod
1925 2460 2043 2514 est;
2078 2450 2318 2517 mihique

746 2544 946 2600 edicito
970 2542 1208 2613 reliquas
1244 2551 1365 2596 tuas
1402 2542 1654 2596 virtutes.
1697 2561 1716 2593 ι
1746 2540 1953 2595 Dicitei
1978 2541 2263 2611 presbyter
2299 2559 2313 2596 :

751 2652 771 2686 ι
809 2632 925 2689 Non
954 2636 1125 2689 habeo
1152 2634 1443 2704 quidquam
1474 2633 1595 2687 boui
1624 2646 1787 2703 super
1826 2642 2050 2696 terram,
2081 2632 2149 2685 ab
2170 2634 2316 2686 omni

744 2725 949 2780 virtute
974 2735 1271 2780 cxtraneus
1307 2740 1449 2778 sum.
1505 2743 1522 2775 t
1554 2725 1688 2779 Dicit
1716 2724 1765 2778 ei
1798 2725 2099 2779 communis
2157 2722 2319 2780 Pater

747 2830 933 2876 noster
966 2837 979 2872 :
1013 2838 1031 2871 t
1070 2818 1264 2890 Surge,
1294 2826 1347 2874 et
1373 2834 1557 2874 eamus
1586 2817 1767 2877 simul.
1810 2836 1829 2870 ι
1868 2818 2024 2873 Ducit
2052 2832 2181 2873 vero
2196 2832 2318 2874 eum

744 2910 800 2963 iu
842 2910 1033 2966 cellam
1060 2925 1218 2963 unam
1250 2908 1442 2963 domus
1468 2907 1608 2975 ejus,
1642 2918 1697 2963 et
1724 2908 1801 2963 ait
1826 2909 1901 2963 illi
1940 2926 1954 2964 :
1993 2926 2013 2961 r
2055 2908 2216 2980 Aperi
2236 2908 2321 2978 ja-

744 3016 932 3055 uuam.
956 3020 975 3053 ι
1003 3002 1073 3054 At
1102 2999 1192 3055 ille
1219 3018 1232 3054 :
1264 3018 1283 3051 ι
1312 2997 1413 3065 Ne,
1435 3009 1620 3054 sancte
1644 2999 1761 3066 Dei,
1794 3000 2107 3068 nejusseris
2137 3001 2317 3071 ingre-

744 3094 796 3148 di
832 3112 844 3147 :
880 3093 1129 3163 quoniam
1166 3107 1295 3147 usus
1342 3102 1423 3148 est
1471 3092 1684 3147 domus.
1738 3111 1756 3144 ι
1796 3091 1891 3146 Ait
1918 3091 1968 3146 ei
2028 3102 2251 3147 sanctus
2298 3109 2312 3145 :

2433 616 2616 671 Deum.

2499 707 2741 773 Fratres,
2774 714 3140 769 narrationem
3186 719 3309 775 volo
3337 721 3515 780 facere
3546 726 3664 799 (52)
3690 731 3756 785 de
3803 747 4004 800 magno

2427 810 2479 852 et
2501 800 2699 857 celebri
2748 802 2967 874 Basilio,
3015 815 3068 862 et
3092 807 3329 877 Ephrem
3355 812 3493 885 Syro
3524 816 3657 887 (53).
3691 820 3754 875 Et
3784 837 3847 876 ea
3877 825 4000 890 qui-

2427 891 2547 945 dem
2590 908 2708 963 qua:
2733 903 2982 962 spectant
3028 900 3096 955 ad
3126 896 3343 955 Patrem
3377 917 3644 973 nostrum,
3681 909 3797 979 ipse
3852 912 3995 972 vidi;

2426 999 2546 1052 qnte
2591 995 2769 1042 autem
2798 988 3149 1060 adzsanetum
3203 1003 3259 1049 et
3313 998 3570 1055 eximium
3636 999 3898 1071 Ephrem,
3933 1021 3998 1058 ex

2428 1078 2600 1132 veraci
2630 1080 2747 1148 ejus
2776 1094 2873 1135 ore
2917 1083 3097 1138 audivi
3127 1106 3139 1141 :
3166 1088 3246 1143 sic
3290 1095 3470 1145 autem
3501 1093 3722 1151 habent.
3763 1094 3865 1149 Ubi
3905 1115 3996 1152 ce-

2427 1170 2587 1226 lebris
2617 1173 2702 1228 ille
2732 1174 2963 1242 Ephrem
2994 1216 3010 1241 ,
3037 1192 3204 1245 agens
3234 1183 3284 1236 in
3333 1183 3569 1252 deserto,
3596 1203 3701 1260 qua
3728 1204 3795 1243 ex
3820 1190 3996 1258 Spiri—

2429 1273 2514 1319 tus
2543 1269 2719 1322 sancti
2744 1268 3100 1327 illustratioue
3138 1274 3381 1341 vidisset,
3408 1291 3512 1347 qua
3537 1294 3603 1334 ex
3630 1282 3905 1338 desiderio
3936 1292 3993 1335 et

2425 1359 2865 1423 percunctatione
2928 1362 3207 1418 didicisset
3240 1366 3553 1421 admiranda
3605 1369 3783 1429 Patris
3825 1374 3995 1429 nostri

2426 1446 2609 1501 Basilii
2644 1465 2843 1519 opera;
2889 1450 3056 1509 Deum
3089 1454 3293 1512 intente
3317 1459 3623 1530 jugiterque
3674 1465 3867 1520 orabat
3894 1507 3909 1529 ,
3940 1478 3998 1519 ut

2426 1538 2521 1606 ipsi
2548 1540 2835 1607 revelaret,
2869 1542 3045 1611 qualis
3086 1544 3308 1616 Magnus
3337 1546 3568 1605 Basilius
3603 1561 3769 1608 esset.
3803 1556 3859 1610 lu
3900 1572 3997 1611 ex-

2423 1636 2609 1690 stasim
2628 1652 2756 1709 ergo
2781 1646 2985 1707 raptus,
3011 1640 3151 1696 videt
3181 1640 3483 1698 columnam
3517 1645 3675 1717 ignis,
3695 1648 3849 1719 cujus
3874 1667 3996 1707 ver-

2426 1739 2512 1780 tex
2569 1731 2867 1801 attingebat
2898 1731 3098 1786 coelum
3127 1753 3141 1788 :
3170 1750 3379 1806 voxque
3412 1736 3480 1792 de
3509 1737 3648 1792 caelo
3678 1740 3886 1804 audita,
3913 1744 3996 1794 di-

2425 1834 2553 1875 cens
2592 1836 2605 1873 :
2649 1838 2669 1873 t
2707 1823 2939 1892 Ephrem
2969 1863 2984 1888 ,
3014 1822 3252 1895 Ephrem
3283 1847 3296 1883 :
3328 1829 3779 1900 quemadmodum
3814 1833 3998 1887 vidisti

2425 1911 2731 1967 columnam
2768 1914 2929 1985 ignis,
2984 1921 3253 1987 ejusmodi
3295 1932 3380 1979 est
3413 1923 3635 1995 Magnus
3666 1923 3916 1979 Basilius.
3962 1943 3985 1976 ι

2426 2007 2488 2059 Et
2520 2007 2709 2062 statim
2757 2007 3000 2065 adhibito
3036 2010 3336 2083 interprete
3362 2055 3378 2081 ,
3415 2017 3559 2070 velut
3593 2017 3743 2073 rudis
3799 2018 3997 2087 lingua:

2422 2099 2643 2163 Crtecze,
2676 2102 2820 2156 venit
2848 2102 2913 2157 ad
2940 2117 3187 2175 magnam
3216 2104 3503 2160 ecclesiam
3550 2109 3781 2164 celebris
3830 2112 3986 2164 urbis

2421 2188 2683 2247 Caesarea:
2716 2210 2731 2248 :
2772 2192 3037 2263 adquam
3069 2196 3179 2265 ipsa
3209 2208 3396 2264 magna
3432 2195 3856 2266 Epiphaniorum
3900 2214 3994 2252 so-

2424 2282 2703 2340 lemnitate
2747 2287 3074 2355 perveniens
3107 2327 3123 2353 ,
3164 2286 3411 2357 clamque
3462 2288 3743 2360 ingressus
3782 2329 3799 2355 ,
3855 2291 3993 2346 vidit

2422 2378 2800 2442 procedentem
2824 2376 3071 2448 Magnum
3098 2378 3394 2445 Basilium;
3441 2380 3624 2451 aitque
3656 2382 3810 2439 socio
3843 2399 3947 2440 suo
3974 2403 3990 2441 :

2427 2486 2445 2517 ι
2487 2465 2540 2521 in
2579 2482 2801 2532 vanum,
2852 2478 3004 2537 puto,
3047 2468 3432 2526 laboravimus.
3474 2471 3668 2532 Frater
3696 2476 3799 2531 iste
3825 2476 3996 2538 enim,

2424 2560 2474 2612 in
2516 2566 2666 2615 tanto
2690 2559 2858 2630 gradu
2892 2562 3126 2630 positus,
3151 2577 3254 2616 non
3280 2570 3362 2617 est
3394 2564 3604 2635 qualem
3642 2566 3770 2621 vidi.
3808 2585 3829 2619 ι
3852 2566 3999 2622 Con-

2422 2652 2688 2724 splciebat
2717 2653 2862 2708 enim
2895 2654 3149 2708 amictum
3182 2653 3321 2710 stola
3360 2658 3588 2713 candida
3615 2698 3631 2724 ,
3666 2671 3997 2725 sacrumque

2422 2746 2570 2799 circa
2598 2744 2774 2815 ipsum
2809 2743 3037 2809 clerum,
3075 2744 3213 2800 albis
3244 2746 3488 2802 indutum
3521 2758 3575 2803 et
3604 2749 3652 2802 ei
3682 2745 3992 2815 obsequen-

2426 2846 2555 2891 tem.
2601 2832 2765 2891 Stans
2817 2849 2947 2905 ergo
2992 2836 3043 2889 in
3087 2849 3300 2891 secreto
3346 2838 3462 2891 loco
3499 2835 3764 2902 ecclesia),
3826 2840 3999 2903 cepit

2422 2923 2565 2978 velut
2594 2925 2659 2979 de
2687 2928 2962 2995 proposito
2994 2928 3507 2996 desperare,dicens
3531 2926 3667 2981 intra
3702 2942 3759 2984 se
3787 2946 3802 2983 :
3833 2946 3853 2981 ι
3884 2929 3996 2984 Nos

2420 3014 2506 3082 qui
2539 3016 2868 3084 portavimus
2903 3020 3111 3086 pondus
3160 3019 3265 3074 diei
3303 3029 3358 3073 et
3385 3029 3550 3075 :estus
3574 3020 3705 3075 nihil
3752 3020 3993 3091 profeci-

2421 3122 2575 3174 mus;
2613 3108 2701 3165 hic
2742 3121 2924 3166 autem
2947 3151 2962 3174 ,
2996 3113 3050 3166 in
3091 3120 3240 3167 tanto
3263 3112 3546 3176 comitatu.
3578 3122 3633 3168 et
3660 3112 3868 3167 honore
3892 3113 3994 3167 ltu-

750 3207 767 3238 I
798 3185 970 3239 Etiam
1009 3203 1107 3257 ego
1144 3185 1267 3240 veni
1317 3186 1383 3238 ad
1416 3186 1559 3241 hunc
1594 3200 1774 3241 usum.
1819 3204 1838 3239 ι
1870 3184 2117 3257 Cumque
2146 3182 2315 3240 nollet
2341 3215 2387 3276 ε
2420 3213 2598 3265 mano,
2632 3208 2716 3255 est
2746 3198 2993 3256 columna
3027 3200 3209 3272 ignis?
3250 3200 3415 3256 Plane
3446 3203 3634 3256 miror.
3681 3219 3700 3251 ι
3739 3201 3866 3257 Hzec
3892 3202 4000 3255 ita-

745 3279 1032 3349 presbyter
1058 3277 1267 3348 aperire
1302 3287 1510 3347 portam
1538 3316 1555 3343 ,
1606 3292 1857 3335 sermone
1888 3279 2107 3350 aperuit
2134 3276 2310 3333 admi-

746 3370 932 3425 rabilis
962 3369 1119 3425 Pater
1161 3378 1381 3423 uoster:
1415 3370 1805 3441 ingressusque
1862 3371 2169 3427 morbidum
2199 3369 2312 3424 illic

743 3460 1014 3514 hominem
1038 3469 1091 3513 et
1122 3458 1447 3522 ulcerosum,
1478 3461 1560 3513 cui
1585 3458 1843 3529 pleraque
1867 3459 2118 3529 corporis
2140 3472 2311 3513 mem-

742 3553 836 3609 bra
868 3550 1180 3615 deﬂuerent,
1221 3550 1427 3605 invenit
1456 3590 1468 3613 ,
1498 3564 1603 3602 uno
1647 3550 1854 3604 sciente
1885 3550 2203 3619 presbytero
2258 3559 2313 3603 et

742 3657 930 3699 sorore
982 3642 1120 3711 ejus.
1177 3640 1316 3695 Dicit
1343 3642 1391 3695 ei
1437 3650 1657 3696 sanctus
1711 3640 1873 3695 Pater
1918 3652 2139 3696 noster:
2180 3658 2199 3693 ι
2242 3638 2311 3697 Ut

741 3739 869 3807 quid
905 3736 1119 3792 voluisti
1151 3736 1327 3792 celare
1358 3736 1671 3790 thesaurum
1707 3745 1855 3789 tuum
1884 3733 2091 3791 istum?
2114 3752 2132 3785 ι
2172 3732 2313 3789 Dicit

739 3830 787 3883 ei
805 3828 1089 3901 presbyter
1116 3847 1129 3883 :
1161 3845 1179 3879 ι
1204 3827 1489 3899 Promptus
1512 3837 1616 3891 est,
1648 3827 1885 3894 domine,
1920 3838 1975 3884 et
1998 3828 2310 3898 injuriosus,

745 3920 1005 3989 timuique
1034 3933 1100 3974 ne
1118 3918 1255 3973 forte
1277 3919 1330 3972 in
1353 3920 1521 3974 verbo
1536 3918 1850 3974 oli‘endcret.
1880 3939 1898 3972 ι
1926 3920 2132 3977 Dicitei
2156 3922 2313 3979 Pater

742 4020 923 4067 noster
960 4029 974 4065 :
1009 4028 1028 4062 t
1057 4007 1202 4065 Bene
1224 4010 1369 4065 circa
1414 4010 1589 4079 ipsum
1630 4011 1852 4066 certasti
1888 4012 2053 4067 :sine
2088 4027 2218 4068 vero
2254 4026 2312 4068 ut

743 4115 798 4161 et
830 4119 929 4173 ego
958 4104 1061 4160 hac
1087 4112 1274 4159 ‘nocte
1323 4102 1396 4158 illi
1430 4102 1763 4169 ministrem;
1795 4117 1902 4174 quo
1927 4118 2025 4175 per
2058 4112 2110 4159 te
2143 4106 2307 4161 etiam

748 4197 1054 4253 mercedem
1085 4211 1409 4265 consequar.
1448 4216 1467 4250 ι
1527 4196 1756 4252 Dimisso
1798 4207 1978 4253 autem
2028 4206 2215 4254 sancto
2254 4198 2307 4252 iu

739 4289 873 4345 cella
901 4304 1023 4350 cum
1059 4290 1325 4350 ulceroso,
1352 4290 1437 4345 cui
1470 4290 1641 4344 morbi
1665 4289 1746 4346 vis
1772 4289 1851 4345 vel
1880 4305 2063 4347 vocem
2090 4292 2311 4348 ademe-

740 4393 855 4445 rat.
886 4382 1072 4437 clauso
1118 4380 1258 4438 ostio
1284 4423 1298 4444 ,
1339 4381 1717 4436 discessimus.
1760 4381 1864 4448 Qui
1910 4392 2089 4438 autem
2127 4384 2310 4439 vulne-

742 4474 891 4528 ribus
917 4473 1253 4535 medebatur,
1284 4471 1417 4527 tusis
1449 4485 1613 4540 super
1651 4488 1776 4525 eum
1825 4482 1935 4526 tota
1972 4483 2132 4529 nocte
2178 4490 2309 4545 pre-

2424 3304 2527 3358 que
2580 3290 2697 3361 ipso
2739 3291 3016 3361 cogitante
3042 3329 3060 3354 ,
3100 3290 3247 3345 misit
3286 3290 3351 3342 ad
3381 3304 3505 3343 eum
3546 3298 3767 3345 sanctus
3805 3294 3995 3348 archi-

2424 3381 2706 3436 diaconum
2765 3396 2962 3447 suum,
2997 3382 3223 3436 dicens:
3265 3397 3284 3431 t
3325 3377 3476 3434 Vade
3510 3382 3575 3435 ad
3622 3395 3834 3453 portam
3873 3400 3997 3456 quae

2425 3470 2646 3540 respicit
2678 3470 3039 3534 occidentem,
3081 3470 3263 3541 ibique
3297 3472 3348 3525 in
3384 3472 3627 3529 ecclesia
3672 3475 3871 3547 angulo
3902 3491 3991 3531 re-

2421 3562 2598 3631 peries
2621 3561 2895 3627 abbatem,
2923 3560 3191 3615 cucullam
3228 3562 3514 3619 habentem
3548 3564 3600 3619 itt
3629 3568 3830 3636 capite,
3865 3581 3993 3621 cum

2420 3653 2651 3725 quodam
2685 3653 2816 3720 alio,
2847 3653 3225 3720 raribarbium,
3256 3656 3529 3727 pusillum,
3558 3668 3612 3713 et
3640 3668 3835 3713 caetera
3872 3661 3996 3713 vui-

2422 3756 2507 3801 tus
2534 3744 2685 3817 ejus;
2717 3746 2976 3816 uicesque
3004 3747 3053 3801 ei
3081 3767 3093 3803 :
3127 3747 3319 3815 Quaeso
3348 3787 3363 3814 ,
3397 3749 3677 3820 ingredere
3710 3748 3763 3803 in
3795 3764 3985 3804 sacra-

2424 3839 2563 3893 rium
2598 3854 2612 3891 :
2644 3847 2805 3892 vocat
2868 3849 2919 3893 te
2965 3840 3426 3909 archiepiscopus.
3479 3857 3499 3891 ι
3553 3838 3994 3897 Archidiaconus

2420 3941 2601 3988 autem
2630 3971 2645 3997 ,
2696 3931 2919 3987 discissa
2953 3930 3122 3985 multo
3171 3930 3353 3985 labore
3380 3930 3557 4002 populi
3591 3930 3939 3990 multitudine
3974 3974 3993 3999 ,

2422 4026 2565 4080 venit
2605 4027 2673 4080 ad
2735 4025 2908 4080 locum
2940 4024 3027 4078 ubi
3086 4022 3145 4077 S.
3175 4021 3407 4093 Ephrem
3445 4022 3792 4089 eonsisterat,
3821 4034 3877 4080 et
3916 4027 3995 4081 ait

2420 4116 2542 4170 illi:
2581 4134 2599 4167 t
2648 4114 2902 4180 Benedic,
2953 4113 3208 4180 domine;
3245 4112 3381 4170 velis
3438 4113 3642 4184 ingredi
3702 4114 3756 4170 in
3804 4131 3992 4172 sacra-

2418 4211 2589 4275 rium;
2618 4217 2773 4263 vocat
2806 4207 2951 4263 enim
3003 4216 3054 4261 te
3082 4203 3242 4262 Pater
3284 4215 3407 4262 tuus
3434 4206 3901 4279 archiepiscopus.
3964 4228 3988 4263 ι

2420 4300 2521 4356 Ubi
2550 4310 2727 4357 autem
2762 4300 3027 4358 intellexit
3060 4315 3157 4374 per
3192 4302 3540 4373 interpretem
3594 4305 3738 4373 quod
3761 4305 3989 4362 diceba-

2420 4405 2528 4459 tur,
2562 4394 2843 4450 excusavit
2876 4393 3066 4450 dicens
3098 4412 3112 4449 :
3149 4413 3169 4447 ι
3206 4393 3390 4462 Erras,
3421 4394 3625 4461 frater;
3685 4410 3783 4452 nos
3810 4398 3991 4452 homi-

2419 4500 2515 4540 nes
2548 4483 2819 4555 peregrini
2849 4500 3039 4540 sumus
3075 4493 3130 4539 et
3159 4486 3208 4539 ei
3245 4484 3447 4556 ignoti.
3493 4505 3512 4539 ι
3549 4484 3782 4541 Rediens
3805 4495 3987 4542 autem

742 4564 913 4627 uibus,
946 4564 1253 4633 supplicans
1283 4563 1416 4628 Deo,
1440 4563 1532 4631 qui
1562 4564 1808 4619 morbum
1834 4577 2051 4618 omnem
2104 4575 2159 4621 et
2188 4566 2308 4622 lan-
2344 4574 2389 4629 ι)

2344 4574 2389 4629 D
2420 4578 2867 4640 archidiaconus,
2904 4578 3235 4633 renuntiavit
3290 4577 3484 4649 Magno
3536 4577 3755 4637 Basilio.
3817 4578 3990 4634 Porro

740 4670 961 4723 guorem
988 4664 1161 4720 sanat,
1198 4655 1411 4710 curavit
1436 4654 1605 4710 illum.
1652 4653 1947 4726 Presbyter
1971 4663 2154 4711 autem
2217 4660 2310 4728 qui

742 4745 875 4799 toris
902 4745 1181 4800 nobiscum
1208 4754 1347 4810 erat,
1375 4745 1450 4799 ait
1483 4763 1497 4800 :
1534 4764 1553 4797 ι
1609 4744 1792 4802 Gloria
1839 4744 1935 4799 tibi
1963 4786 1978 4813 ,
2018 4744 2188 4811 Deus,
2214 4748 2310 4817 qui

743 4841 875 4894 facis
928 4838 1255 4894 voluntatem
1291 4837 1587 4893 timentium
1619 4845 1671 4893 te
1702 4876 1719 4903 ,
1758 4845 1813 4893 et
1870 4838 2309 4908 deprecationem

742 4936 1194 4998 eorumesaudis;
1218 4950 1283 4987 en
1310 4934 1550 4989 medicus
1582 4948 1771 4988 sanum
1802 4932 1929 4989 fecit
1953 4934 2246 4989 intirmum.
2284 4953 2302 4985 ι

743 5028 810 5082 Et
869 5027 1048 5084 statim
1102 5025 1357 5080 clamavit
1419 5034 1681 5091 sanctus,
1741 5032 1797 5078 ut
1863 5033 2071 5095 portam
2130 5026 2313 5094 aperi-

740 5134 945 5187 remus,
978 5118 1265 5189 ednxitque
1297 5118 1604 5174 ulcerosum
1664 5117 1867 5186 integre
1909 5131 2096 5170 sanum
2130 5154 2146 5180 ,
2202 5129 2306 5170 non

739 5212 1028 5268 habentem
1079 5211 1387 5268 cicatricem
1451 5209 1505 5263 in
1568 5224 1795 5278 corpore
1858 5223 2000 5270 suo,
2051 5207 2300 5277 etpedite

740 5307 1093 5377 loquentem,
1146 5315 1200 5359 et
1256 5302 1643 5375 gloriﬁcantem
1702 5301 1889 5355 Deum.
1943 5299 2059 5355 lloc
2121 5309 2298 5355 autem

740 5396 930 5468 grandi
962 5396 1222 5452 miraculo
1269 5395 1407 5451 iacto
1434 5436 1448 5461 ,
1490 5394 1689 5449 reversi
1731 5408 1918 5447 smnus
1946 5393 1999 5446 iu
2052 5402 2289 5446 nostram

811 5576 925 5645 (5‘2)
951 5575 1179 5645 Videtur
1224 5575 1309 5645 hic
1363 5588 1548 5628 rursus
1601 5573 1967 5635 narrationem
2026 5588 2298 5627 resumere

740 5643 1398 5716 pSBIItIDfAIDpiliiOCiliilS.

808 5716 920 5785 (55)
949 5711 1280 5785 Congressus
1303 5713 1538 5785 Ephrem
1571 5728 1689 5768 cum
1722 5711 1917 5785 Basuto
1951 5712 2170 5785 dabitur
2206 5713 2293 5767 in-

737 5782 825 5840 fra'
848 5787 913 5839 ad
947 5782 1123 5839 Vitam
1176 5783 1290 5851 ejus
1319 5782 1445 5847 {ex
1500 5783 1737 5853 Nysseno
1776 5793 1830 5835 et
1870 5783 1986 5853 ipso
2031 5782 2291 5853 Ephrem,

736 5856 1139 5913 omninoaliter
1161 5869 1322 5923 quam
1376 5855 1466 5909 hic
1508 5852 1795 5920 narretur;
1834 5867 1901 5909 ea
1932 5852 2127 5924 quibus
2181 5855 2293 5908 col-

2416 4669 2544 4723 dum
2572 4668 2803 4725 Basilius
2848 4670 3015 4725 libros
3068 4685 3254 4726 sacros
3286 4668 3510 4739 exponit
3562 4668 3778 4739 populo,
3840 4672 3991 4728 videt

2416 4759 2473 4815 S.
2529 4759 2760 4831 Ephrem
2811 4760 3046 4832 linguam
3077 4763 3286 4832 igneam
3314 4798 3331 4826 ,
3358 4758 3476 4829 ejus
3526 4774 3623 4815 ore
3655 4760 3986 4831 loquentem.

2415 4852 2613 4920 Aitque
2686 4868 2901 4908 rursum
2962 4852 3186 4922 Magnus
3247 4850 3483 4907 Basilius
3550 4854 3984 4915 archidiacono:

2420 4961 2439 4994 ι
2482 4942 2641 5007 Vade,
2678 4954 2734 5000 et
2771 4945 2855 5000 dic
2887 4944 2935 4999 ei
2968 4962 2981 4998 :
3012 4942 3239 5000 Domine
3299 4944 3533 5029 Ephrem
3556 4984 3575 5012 ,
3605 4947 3741 5002 velis
3776 4947 3987 5024 ingredi

2415 5036 2483 5088 ad
2516 5049 2727 5090 sacrum
2776 5036 2985 5090 altare:
3017 5044 3174 5091 vocat
3222 5046 3272 5092 te
3317 5037 3775 5109 archiepiscopus.
3836 5058 3856 5092 ι
3920 5038 3990 5095 Et

2411 5132 2600 5186 abiens
2628 5130 2693 5184 ad
2717 5145 2838 5185 eum
2868 5130 3306 5196 archidiaconus,
3341 5131 3569 5203 ejusque
3596 5132 3847 5204 vestigiis
3876 5134 3982 5187 im—

2414 5236 2600 5291 presso
2629 5203 2833 5284 osculo,
2857 5222 2992 5275 dixit
3017 5222 3089 5275 illi
3127 5240 3139 5275 :
3173 5239 3192 5273 ι
3236 5221 3461 5278 Domine
3486 5203 3981 5294 Ephrem,iquteso,

2416 5325 2465 5368 te
2497 5314 2724 5369 accersit
2754 5314 2915 5368 Pater
2940 5324 3059 5367 tnns
3086 5313 3545 5384 archiepiscopus,
3593 5322 3649 5368 nt
3703 5314 3979 5382 ingredia-

2416 5409 2488 5460 ris
2511 5409 2561 5459 in
2590 5407 3004 5475 presbyterium.
3046 5424 3062 5455 ι
3104 5405 3337 5459 Sanctus
3360 5422 3488 5475 ergo
3534 5421 3698 5476 super
3724 5407 3809 5460 his
3839 5417 3979 5461 atto-

2416 5581 2579 5650 ligere
2613 5579 2776 5632 lector
2810 5578 3027 5650 poterit,
3058 5592 3303 5650 quteuam
3329 5579 3413 5650 hic
3446 5577 3751 5631 referantur
3774 5577 3982 5650 omissa

2413 5645 2480 5703 ab
2510 5648 2736 5718 Ephrem
2768 5645 2824 5701 et
2856 5645 3138 5718 Nysseno;
3174 5646 3570 5718 judicabitque,
3596 5646 3983 5718 auverosimi:

2414 5719 2463 5775 le
2487 5712 2595 5784 sit',
2624 5712 2917 5772 omittenda
2969 5712 3136 5771 fuisse
3160 5712 3189 5777 ,⁷
3218 5718 3264 5771 si
3319 5712 3713 5786 contigissent;
3748 5712 3984 5787 exempli

2414 5804 2591 5854 causa,
2634 5787 2700 5843 de
2731 5787 3067 5858 apparitione
3098 5787 3357 5843 columnae
3384 5787 3544 5856 ignis.
