4212 6486
608 424 977 487 EXCEBPTA
1014 427 1105 486 EX
1137 423 1335 487 AC'HS
1372 429 1432 486 S.
1466 430 1710 486 BASliJl
1744 428 2260 487 BllLLANDiANlS.
2293 460 2363 475 —
2392 429 2549 487 VITA
2593 428 3029 487 APOCRYPHA.

3298 437 3449 484 CCCXI

219 550 365 608 nitas
427 551 580 607 dedit
645 553 871 624 gloriam
943 554 1081 619 Deo;
1154 568 1217 608 ac
1284 555 1639 609 reverentiam
1716 554 1793 608 l‘a-
1822 560 1866 615 Α
1896 554 2143 623 natisque
2198 553 2491 623 interprete
2544 553 2596 608 in
2628 552 2913 608 diaconum
2944 592 2957 612 ,
2992 560 3049 605 et
3098 549 3211 615 ipso
3240 550 3293 603 in
3324 564 3450 617 pre-

220 642 366 696 ciens
398 680 417 707 ,
469 642 856 715 exclpiensque
883 645 1000 698 ait:
1038 663 1057 695 ι
1092 642 1228 699 Vere
1283 644 1504 714 Magnus
1535 643 1784 700 Basilius.

221 729 356 789 Vere
408 734 660 789 columna
706 736 845 807 ignis
877 736 1127 792 Basilius.
1158 734 1295 791 Vere
1334 751 1431 806 per
1459 750 1521 791 os
1541 736 1660 807 ejus
1703 736 1786 791 lo-

218 825 404 891 quitur
428 824 663 896 Spiritus
692 837 933 883 sanctus.
972 846 991 879 ι
1036 828 1266 899 Rogavit
1293 842 1421 883 vero
1452 828 1788 884 archidiaco-

221 930 345 970 num
380 925 445 970 ut
465 920 822 987 responderet
843 958 859 983 ,
914 920 1272 989 Opportunius
1298 958 1313 982 ,
1346 927 1467 990 post
1513 929 1787 989 peractam

221 1022 329 1061 rem
351 1022 595 1075 sacram,
619 1010 973 1065 salutatorum
1001 1010 1053 1063 in
1087 1010 1408 1065 secretario.

286 1096 426 1155 Post
460 1102 680 1157 missam
701 1115 826 1156 vero
852 1101 1126 1172 ingressus
1154 1102 1382 1158 Basilius
1412 1104 1787 1169 secretarium,

216 1208 281 1249 eo
311 1192 373 1249 S.
407 1194 638 1265 Ephrem
696 1195 1082 1251 accersendum
1130 1196 1376 1260 curavit;
1434 1196 1674 1264 deusque
1731 1195 1785 1249 in

220 1285 452 1342 Domino
484 1286 748 1349 osculum,
780 1288 853 1341 ait
886 1304 899 1340 :
939 1305 957 1339 ι
998 1287 1144 1342 Bene
1180 1287 1395 1351 venisti,
1452 1285 1614 1341 Pater
1657 1285 1789 1342 lilio.

218 1394 335 1432 rum
377 1378 575 1432 deserti
603 1395 618 1433 :
654 1378 789 1433 bene
823 1379 1016 1435 venisti
1047 1420 1062 1443 ,
1090 1379 1180 1449 qui
1211 1380 1262 1433 in
1293 1393 1360 1435 eo
1398 1378 1785 1446 discipulorum

216 1470 425 1524 Christi
455 1485 732 1524 numerum
768 1472 963 1526 auxisti
996 1511 1011 1535 ,
1063 1480 1117 1526 et
1150 1471 1418 1526 daemones
1441 1470 1714 1540 expulisti.
1762 1495 1780 1522 ο

218 1559 323 1615 Sed
362 1573 621 1628 quorsum
662 1575 783 1615 eum
823 1562 915 1617 tibi
968 1560 1205 1615 laborem
1238 1562 1546 1631 suscepisti,
1598 1575 1631 1615 o
1686 1560 1787 1614 Pa-

216 1650 344 1706 ter?
385 1647 588 1706 Venisti
626 1651 897 1706 invisurus
950 1651 1602 1723 hontintm.peccatorem
1636 1671 1650 1708 :
1681 1653 1788 1706 lar-

212 1742 396 1811 giatur
420 1740 515 1796 tibi
548 1740 852 1797 mercedem
884 1741 1053 1805 Deus,
1076 1743 1229 1812 juxta
1265 1750 1415 1798 tuum
1443 1742 1705 1799 laborem.
1764 1763 1781 1794 ›

216 1830 316 1887 Ubi
344 1846 511 1901 porro
536 1832 861 1889 venerabilis
887 1832 1123 1905 Ephrem
1174 1833 1355 1888 omnia
1409 1834 1461 1887 in
1497 1835 1659 1889 corde
1690 1848 1787 1889 sun

215 1932 341 1976 nata
375 1924 625 1995 dictaque
649 1925 800 1981 socio
842 1924 1022 1980 abbati
1065 1925 1400 1994 respondens
1430 1936 1743 1981 enarrasset
1768 1965 1782 1987 ,

214 2017 655 2074 communionem
699 2018 753 2073 in
800 2032 982 2075 sacras
1016 2031 1209 2072 manus
1252 2031 1380 2073 suas
1407 2016 1649 2088 accepit;
1688 2016 1786 2072 Ba-

213 2105 471 2177 silioque,
497 2122 595 2178 pro
617 2108 834 2180 hospitii
869 2106 1158 2177 religione,
1187 2106 1494 2185 excipiente
1518 2109 1783 2173 convivio,

214 2198 292 2255 ait
330 2198 394 2255 S.
425 2200 658 2271 Ephrem
692 2217 708 2255 :
744 2218 763 2253 ι
798 2199 979 2268 Pater,
1006 2215 1218 2258 summe
1268 2201 1605 2273 honorande,
1626 2216 1783 2257 unam

213 2290 312 2345 abs
342 2298 401 2345 te
444 2290 676 2360 deposco
705 2290 929 2361 gratiam
957 2328 973 2355 ,
1004 2299 1059 2347 et
1087 2290 1227 2347 hanc
1272 2290 1405 2346 mihi
1442 2306 1649 2346 annuas
1696 2306 1786 2346 ve-

214 2379 331 2435 lim.
377 2399 397 2433 ι
440 2381 520 2433 Ad
561 2395 722 2446 quem
756 2380 1030 2440 Basilius:
1074 2401 1093 2435 ι
1132 2381 1418 2450 Jube,dic
1442 2396 1563 2454 qua:
1593 2382 1784 2436 viden-

213 2481 343 2537 tur;
393 2472 620 2527 multum
666 2473 810 2529 enim
854 2476 1048 2539 debeo,
1098 2474 1338 2529 maxime
1386 2474 1457 2529 ob
1490 2473 1566 2527 tui
1594 2472 1660 2527 ad
1700 2488 1785 2527 me

215 2566 485 2619 adventus
532 2575 865 2637 assumptum
918 2566 1178 2621 laborem.
1247 2582 1267 2617 ι
1329 2562 1395 2617 Ει
1449 2560 1783 2617 honorabilis

215 2655 456 2726 Ephrem
509 2657 576 2711 ad
611 2657 781 2728 ipsum
811 2676 823 2711 :
855 2674 875 2710 ι
906 2656 1058 2720 Novi,
1101 2654 1265 2711 Pater
1296 2663 1501 2719 sancte,
1536 2654 1651 2709 lore
1702 2663 1779 2719 ut,

211 2747 255 2802 si
284 2761 409 2817 qua
440 2762 471 2801 a
505 2748 613 2804 Deo
638 2748 965 2818 poposceris,
1020 2747 1135 2818 ipse
1178 2744 1434 2817 praebeat.
1467 2743 1641 2817 Cupio
1686 2759 1785 2801 an-

213 2842 325 2891 tem
355 2850 455 2907 pro
488 2851 575 2891 me
603 2849 759 2906 roges
784 2874 800 2899 ,
828 2844 887 2890 ut
916 2834 1105 2892 Graece
1159 2834 1306 2906 loqui
1342 2834 1568 2907 possim.
1607 2853 1626 2885 ι
1684 2834 1780 2890 Cui

212 2926 447 2983 Basilius
483 2944 497 2981 :
534 2944 555 2978 ι
590 2925 722 2982 Rem
751 2926 1033 2997 postulasti
1064 2928 1416 2984 excedean
1451 2926 1614 2981 vires.
1640 2924 1777 2993 Quia

213 3017 571 3076 nihilominus
600 3017 706 3074 llde
765 3018 971 3090 petisti,
996 3019 1115 3074 veni
1144 3060 1160 3083 ,
1192 3018 1351 3073 Pater
1382 3016 1781 3072 venerabilissi-

211 3125 299 3166 me
329 3111 607 3182 eremique
653 3112 977 3182 praposite,
1028 3118 1083 3164 et
1136 3107 1423 3163 Dominum
1477 3123 1777 3180 rogemus:

211 3214 408 3275 potens
429 3202 575 3260 enim
617 3214 701 3262 est
723 3243 738 3267 ,
782 3212 839 3257 ut
873 3201 1037 3257 faciat
1062 3200 1393 3257 voluntatem
1418 3210 1565 3256 tuam
1599 3222 1612 3255 :
1656 3217 1778 3255 nam
1806 3235 1848 3291 α

212 3295 479 3362 scriptum
514 3303 627 3347 est:
676 3290 1004 3346 Voluntatent
1048 3291 1343 3347 timentium
1396 3306 1449 3346 se
1492 3291 1647 3360 faciet
1678 3331 1693 3351 .
1730 3304 1775 3343 et

210 3382 635 3443 deprecationem
694 3397 876 3436 eorum
938 3382 1183 3437 exaudiet
1215 3423 1231 3447 ,
1290 3390 1340 3435 et
1383 3380 1554 3435 salvos
1617 3380 1775 3448 faciet

210 3486 299 3525 eos
319 3472 418 3542 (α).
462 3490 482 3525 ι
506 3470 640 3527 Cum
674 3482 849 3528 autem
876 3472 966 3527 diu
1005 3479 1273 3535 orassent,
1309 3470 1384 3524 ait
1410 3467 1631 3538 Magnus
1677 3467 1778 3521 Ba-

209 3562 365 3619 silius
395 3583 409 3619 :
456 3582 475 3617 ι
518 3562 646 3632 Cur,
672 3563 889 3620 domine
922 3563 1157 3635 Ephrem
1183 3604 1203 3632 ,
1242 3578 1458 3620 sacram
1488 3562 1775 3618 sacerdotii

217 3656 645 3724 ordinationem,
685 3656 781 3711 tibi
823 3671 1140 3728 congruam,
1189 3669 1295 3709 non
1336 3655 1585 3724 accipis?
1617 3674 1635 3706 ι
1678 3655 1775 3709 Cui

208 3748 449 3817 Ephrem
480 3761 573 3813 per
603 3744 954 3814 interpretem
989 3762 1003 3799 :
1037 3762 1057 3796 ι
1102 3744 1241 3811 Quis
1270 3752 1522 3815 peccator
1553 3760 1699 3799 sum.
1750 3763 1769 3797 ι

210 3835 513 3905 Respondit
561 3835 611 3889 ei
666 3834 889 3905 Magnus
940 3833 1217 3891 Basilius:
1264 3852 1283 3887 ι
1319 3831 1536 3891 Utinam
1567 3843 1623 3889 et
1675 3850 1777 3903 ego

208 3930 335 3984 talis
381 3937 636 3999 peccator
664 3928 872 3983 essent!
930 3945 950 3982 ι
986 3926 1239 3999 Dixitque
1290 3926 1359 3984 ad
1386 3943 1509 3984 eum
1550 3945 1563 3982 :
1599 3947 1618 3982 ι
1654 3927 1777 3983 Fle-

205 4030 419 4076 ctamus
444 4032 638 4089 genua.
664 4038 685 4074 ι
715 4018 921 4075 Etcum
964 4018 1110 4075 humi
1146 4020 1403 4090 prostrati
1440 4026 1643 4084 essent,
1670 4019 1774 4075 im-

208 4112 393 4183 posuit
426 4112 711 4166 bierarcha
755 4126 947 4166 manus
982 4120 1172 4167 sancto
1206 4110 1475 4183 Ephrem;
1510 4111 1775 4167 recitans-

203 4218 314 4275 que
340 4202 642 4257 orationem
676 4201 929 4265 diaconi,
982 4202 1111 4257 dicit
1158 4204 1224 4255 ad
1260 4204 1433 4273 ipsum
1464 4224 1475 4258 :
1519 4221 1539 4255 ι
1582 4201 1775 4270 Quaeso

209 4307 263 4351 te
289 4336 306 4359 ,
341 4310 441 4351 nos
464 4294 632 4365 erige.
664 4311 684 4346 ι
712 4295 886 4364 Atque
928 4302 1058 4349 tunc
1087 4293 1261 4350 soluta
1288 4304 1344 4348 et
1387 4296 1635 4366 expedita
1657 4294 1774 4366 ejus

206 4389 415 4457 .ingua,
448 4387 584 4443 dixit
612 4385 672 4442 8.
700 4386 934 4457 Ephrem
969 4385 1114 4442 clare
1148 4386 1327 4457 lingua
1347 4384 1575 4442 Graeca:
1611 4407 1629 4440 ι
1658 4386 1773 4443 Sal-

207 4495 296 4543 va,
330 4480 590 4535 miserere
617 4519 632 4544 ,
662 4479 947 4543 resuscita,
972 4489 1028 4535 et
1064 4478 1275 4535 custodi
1304 4492 1399 4533 nos
1429 4518 1444 4543 ,
1488 4477 1647 4544 Deus,
1682 4490 1770 4533 tua

1885 648 2160 719 shyterum
2208 644 2345 717 (54),
2388 660 2481 702 eos
2530 646 2743 702 dimisit
2789 646 2841 700 in
2878 657 3035 715 pace,
3086 639 3450 713 glorillcantes

1890 738 2079 802 Deum,
2102 736 2157 791 in
2180 738 2433 792 omnibus
2470 752 2591 808 qua:
2621 738 2870 792 viderant
2896 776 2911 799 ,
2935 736 3075 790 sicut
3100 734 3306 787 dictum
3365 741 3449 786 est

1886 832 1953 887 ad
1978 844 2094 885 eos.

2508 943 2735 999 CAPUT
2758 941 2841 996 IV.

1892 1061 2153 1116 Βρκιῦιιιιη
2182 1062 2486 1116 orthodoxis
2520 1058 2753 1113 .Vicnmis
2781 1055 3019 1109 ecct'esia.
3048 1051 3275 1107 Castitas
3314 1048 3453 1103 Petri

1960 1132 2227 1186 Sebasleni
2266 1137 2507 1201 probata.
2545 1126 2866 1183 Peccatricts
2898 1135 2945 1179 et
2968 1124 3147 1177 Judwi
3168 1121 3450 1176 conversio.

1959 1202 2363 1347 g:srt‘.Valentis
2397 1289 2506 1344 Deo
2539 1287 2690 1344 exosi
2745 1287 3032 1341 adventum
3087 1283 3155 1337 ad
3189 1297 3308 1347 nos,
3363 1280 3451 1350 qui

1887 1396 2021 1437 avus
2045 1381 2161 1452 (55)
2212 1380 2313 1433 fuit
2353 1377 2550 1435 iuliani
2586 1378 2877 1447 Apostatat,
2909 1381 3209 1430 revertente
3239 1372 3357 1441 ipso
3387 1370 3455 1423 ad

1888 1472 2255 1529 beatissimam
2286 1466 2630 1525 Constantini
2672 1466 2861 1522 urbem
2904 1480 2968 1521 ac
3007 1470 3319 1520 transeunte
3356 1458 3450 1514 Ni.

1886 1579 2087 1628 catam;
2113 1569 2460 1617 accesserunt
2489 1558 2555 1615 ad
2581 1573 2702 1613 eum
2743 1556 3014 1627 principes
3042 1554 3253 1611 Arianae
3278 1551 3450 1607 hatre-

1888 1656 1983 1721 sis,
2028 1652 2468 1725 liagitaruntque,
2527 1646 3103 1707 consubstantialitatis
3156 1651 3453 1701 assertores

1889 1757 2070 1801 sancta
2121 1745 2384 1801 catholica
2437 1742 2667 1801 ecclesia
2724 1737 3018 1802 deturbari,
3056 1737 3242 1806 eisque
3282 1735 3450 1807 ipsam

1892 1839 2048 1892 tradi.
2087 1837 2257 1893 Porro
2284 1850 2548 1909 tyrannus
2587 1844 2643 1891 et
2675 1834 2928 1904 indignus
2958 1845 3211 1902 purpura,
3238 1828 3329 1897 qui
3357 1842 3453 1883 ex-

1887 1930 2159 1984 secranda:
2186 1928 2399 1984 illorutn
2436 1926 2659 1981 haeresis
2694 1924 3102 1992 antesignanum
3136 1928 3338 1991 ageret.
3359 1932 3452 1988 pe-

1888 2014 1999 2070 titis
2040 2012 2622 2085 annuit;depulsoque
2668 2011 2887 2068 militari
2943 2025 3102 2064 manu
3154 2008 3455 2064 orthodoxa

1885 2106 2100 2176 populo,
2141 2106 2427 2162 ecclesiam
2463 2105 2683 2161 tradidit
2721 2102 2953 2158 Arianis.
2995 2099 3227 2157 Mmrcus
3274 2099 3455 2169 itaque

1886 2198 2067 2253 animo
2092 2198 2213 2268 pius
2245 2198 2423 2254 omnis
2476 2201 2727 2269 populus,
2762 2197 2850 2251 diu
2909 2204 3175 2264 noctuque
3224 2191 3453 2247 orabant

1888 2285 2078 2353 Deum,
2107 2295 2167 2343 ut
2199 2300 2268 2343 ne
2306 2285 2423 2356 eius
2449 2285 2679 2342 ecclesia
2710 2283 2981 2341 stabulum
3015 2284 3168 2339 lleret
3193 2291 3246 2338 et
3284 2281 3454 2337 sentia

1888 2393 1955 2434 na
1982 2378 2279 2437 hereseon.
2310 2377 2490 2451 Pergit
2528 2378 2709 2448 itaque
2740 2374 2967 2432 Nicteam
3013 2372 3315 2430 communis
3351 2370 3453 2426 Ec-

1886 2470 2170 2526 clesiarum
2196 2486 2396 2541 prases
2414 2470 2674 2536 Basilius,
2700 2470 2767 2525 ad
2805 2483 2963 2541 quem
2990 2482 3321 2524 concurrens
3338 2468 3452 2520 uni-

1885 2576 2040 2618 versa
2073 2562 2500 2618 orthodoxorum
2545 2562 2850 2629 multitudo,
2878 2562 3045 2616 multo
3074 2559 3309 2615 clamore
3350 2573 3449 2614 es-

1885 2654 2155 2727 postnlant
2205 2654 2545 2725 imperatoris
2596 2654 2868 2723 injuriam.
2928 2656 2997 2709 At
3054 2652 3142 2708 ille
3178 2652 3246 2708 ad
3294 2664 3388 2707 eos
3433 2670 3447 2706 :

1892 2764 1913 2799 ι
1959 2745 2055 2815 Ne,
2079 2746 2258 2803 dilecti
2293 2746 2410 2813 lilii,
2444 2746 2821 2817 ploraveritis:
2860 2747 3272 2815 haudquaquam
3305 2744 3452 2797 enim

1888 2837 2029 2892 istud
2060 2836 2202 2892 Deus
2243 2836 2296 2890 in
2330 2836 2489 2891 linem
2530 2836 2808 2906 permittet
2840 2854 2853 2890 :
2893 2835 3155 2891 sustinete
3184 2847 3314 2891 vero
3335 2833 3450 2890 lon-

1886 2929 2126 3001 ganimcs
2159 2928 2327 2996 ipsius
2356 2928 2803 2984 misericordiam.
2836 2947 2855 2981 ι

1958 3018 2151 3081 Porro,
2206 3020 2489 3087 ingressus
2526 3015 3071 3088 Constantinopolim,
3124 3018 3213 3075 ubi
3260 3018 3455 3072 Valen-

1888 3120 1995 3164 tem
2044 3112 2425 3179 imperatorem
2474 3109 2719 3175 vidisset,
2752 3108 2941 3165 disit:
2988 3128 3008 3162 ι
3043 3108 3089 3165 0
3131 3110 3447 3180 imperator,

1891 3200 2076 3255 Honor
2116 3202 2251 3272 regis
2272 3200 2538 3271 judicium
2568 3202 2741 3270 diligit
2788 3199 2899 3271 (c):
2934 3202 3117 3271 aitque
3152 3198 3447 3268 Sapientia,

1883 3291 2155 3347 Iudicium
2185 3294 2317 3364 regis
2340 3292 2556 3362 justitia
2590 3291 2689 3361 (ά).
2720 3289 2829 3345 Cur
2843 3303 2971 3360 ergo
2999 3291 3337 3362 przesumpsit
3362 3301 3451 3345 ινα

1884 3384 2204 3449 dominatio,
2245 3382 2561 3439 orthodoxis
2585 3398 2680 3439 sua
2721 3383 2956 3453 ipsorum
2991 3380 3217 3439 ecclesia
3260 3383 3425 3453 pulsis

1884 3474 2024 3529 male
2044 3489 2207 3529 sanos
2237 3474 2290 3528 in
2321 3474 2423 3531 lide
2463 3474 2517 3529 in
2553 3489 2672 3530 eam
2711 3474 2966 3529 mitteret
3000 3494 3017 3526 ι
3050 3474 3136 3529 Αἰι
3166 3472 3358 3529 Valens
3384 3476 3449 3528 tul

1883 3581 2047 3623 eum:
2090 3584 2109 3619 t
2150 3564 2477 3631 Rursumne,
2514 3567 2697 3633 Basili,
2746 3568 2810 3619 nti
2848 3566 3223 3621 contumeliam
3260 3581 3448 3620 versus

1884 3658 1980 3713 es?
2004 3658 2073 3712 Ea
2111 3672 2199 3713 res
2220 3657 2316 3714 tibi
2340 3673 2447 3715 non
2471 3659 2739 3729 congruit.
2778 3676 2797 3709 ι
2838 3658 2926 3713 Alt
2955 3668 3176 3713 sanctus
3206 3674 3220 3711 :
3251 3675 3270 3708 ι
3304 3657 3448 3713 Con-

1884 3748 2027 3816 grttit
2062 3749 2213 3815 mihi,
2242 3759 2300 3803 ut
2323 3764 2419 3819 pro
2445 3748 2655 3817 justilia
2696 3751 2943 3821 bonoque
2976 3750 3137 3805 etiam
3167 3752 3387 3805 moriar.
3420 3768 3440 3801 ι

1884 3840 2182 3912 Imperator
2204 3841 2271 3897 ad
2320 3856 2442 3897 eum
2473 3860 2485 3896 :
2523 3860 2540 3893 ι
2578 3841 2741 3903 Vade.
2770 3851 2823 3895 tu
2850 3852 2971 3896 esto
3016 3843 3153 3895 inter
3180 3851 3444 3911 utrosque

1875 3932 2086 4003 iudex:
2144 3933 2268 3989 vide
2318 3943 2518 3996 tamen,
2554 3942 2611 3986 ttt
2662 3947 2727 3985 nc
2766 3930 3029 3987 all‘ectioni
3082 3932 3148 3987 ad
3191 3934 3445 4003 populum

1884 4035 2031 4079 tuum
2064 4024 2431 4080 concesseris:
2458 4038 2562 4079 non
2593 4022 2735 4079 enim
2764 4022 2937 4079 decet.
2970 4042 2989 4075 ι
3025 4023 3113 4079 Ait
3150 4023 3240 4081 ille
3276 4025 3447 4096 intped

1882 4116 2087 4171 ratori:
2136 4134 2155 4167 ι
2218 4114 2276 4171 Si
2331 4115 2584 4171 habueris
2630 4130 2738 4185 quo
2782 4115 3144 4185 reprehendas
3178 4115 3441 4186 judicium

1883 4222 2083 4272 meum,
2105 4205 2247 4275 iuste
2280 4215 2337 4261 et
2371 4222 2455 4263 me
2489 4206 2681 4263 exsilio
2724 4207 2924 4277 relega,
2955 4214 3013 4261 et
3051 4205 3171 4262 illos
3212 4205 3440 4276 expelle.

1880 4299 2274 4370 ecclesiamque
2314 4299 2609 4354 victoribus
2639 4298 2833 4355 tribue.
2877 4317 2896 4351 ι
2919 4298 3121 4355 Abiens
3142 4298 3321 4368 itaque
3348 4296 3442 4351 Nia

1879 4411 2044 4450 eaeam
2071 4409 2193 4450 cum
2241 4393 2436 4448 litteris
2478 4392 2737 4457 Valentis,
2774 4392 3049 4447 admonuit
3102 4392 3332 4446 Arianos
3387 4400 3444 4446 et

1880 4487 2016 4541 dixit
2052 4502 2068 4542 :
2108 4502 2128 4537 ι
2177 4483 2313 4539 Ecce
2362 4484 2655 4552 imperator
2705 4484 2837 4538 mihi
2885 4482 3131 4548 iniunxit,
3190 4480 3375 4537 dicens
3422 4497 3439 4536 :

203 4571 403 4642 gratia.
442 4588 463 4623 ι
491 4571 560 4625 Ει
592 4572 808 4642 impleta
834 4582 916 4628 est
946 4570 1262 4643 Scriptura:
1301 4570 1447 4626 Tunc
1490 4571 1641 4626 saliet
1667 4573 1771 4627 sic-
1803 4585 1849 4641 ι)
1872 4579 2022 4634 Vade
2050 4585 2104 4632 et
2135 4574 2279 4644 juste
2322 4574 2465 4629 inter
2498 4575 2746 4637 Arianos,
2798 4583 2852 4628 et
2902 4573 2991 4644 qui
3034 4574 3253 4643 sapiunt
3304 4587 3441 4629 con.

205 4673 261 4717 stt
289 4680 468 4719 cerens
514 4664 764 4727 claudus,
808 4674 856 4717 et
888 4673 1070 4735 aperta
1108 4664 1206 4718 erit
1252 4663 1431 4735 lingua
1477 4664 1770 4719 balbutien-

206 4760 343 4811 tiunt
377 4754 473 4829 (lt).
502 4754 745 4825 Cumque
774 4754 865 4809 ille
887 4771 951 4810 ex
994 4765 1236 4825 tempore
1263 4756 1444 4810 omnia
1473 4755 1661 4811 Grace
1686 4754 1768 4811 lo-

206 4862 490 4922 queretur,
524 4852 636 4921 ipsa
668 4850 803 4905 hora
830 4848 1270 4919 gloriﬁcaverunt
1299 4848 1490 4912 Deum,
1521 4849 1613 4918 qui
1652 4863 1769 4903 om-

206 4946 296 4999 nia
320 4952 498 5015 potest
523 4952 579 4997 et
608 4942 828 4998 exaudit
860 4954 1048 5010 preces
1083 4940 1606 5011 timentiumlipsum.
1634 4940 1771 5011 Spi-

207 5040 347 5095 ritali
378 5036 558 5106 itaque
586 5035 770 5090 laetitia
806 5048 929 5090 cum
962 5032 1070 5089 illis
1096 5032 1271 5089 triduo
1308 5032 1546 5090 refectus
1568 5072 1586 5098 ,
1617 5034 1770 5089 ordi-

280 5170 388 5240 (δι)
422 5167 845 5240 Prmdecessores
872 5164 1035 5240 nostri
1062 5166 1096 5240 l
1132 5165 1449 5240 Februarii,
1487 5166 1537 5240 in
1568 5164 1761 5240 _Con_t-

207 5233 472 5294 tnctttario
492 5238 687 5306 prmvio
715 5240 779 5290 al
817 5248 935 5291 acta
966 5235 1021 5289 S.
1061 5236 1287 5304 Ephrem
1327 5233 1450 5305 Syri
1500 5234 1527 5306 ᾗ
1566 5236 1637 5297 3,
1686 5234 1755 5289 de

207 5313 373 5373 gradu
428 5308 545 5376 ejus
608 5308 977 5361 ecclesiastico
1029 5306 1406 5372 disputantes,
1446 5306 1757 5372 jttdicarttnt

208 5380 340 5431 nihil
370 5381 583 5440 obesse,
616 5392 721 5445 quo
753 5378 933 5447 minus
966 5378 1245 5447 presbyter
1303 5377 1583 5447 ordinatus
1607 5376 1755 5447 credi

206 5460 386 5515 posset
412 5490 428 5512 ,
470 5448 516 5503 si
579 5457 851 5502 constaret
893 5446 1067 5501 Vitam
1122 5445 1260 5515 hanc
1287 5448 1353 5499 ab
1380 5445 1755 5513 Ampltilucbio

207 5514 460 5581 scriptam
500 5533 621 5574 esse
652 5532 666 5569 :
703 5530 825 5586 nam
862 5516 1087 5586 objectis
1121 5532 1149 5569 a
1206 5514 1439 5569 Baronio
1490 5516 1753 5586 satisl'aett

205 5587 563 5643 Combelisius
610 5588 715 5642 hic.
750 5583 946 5641 Verum
995 5601 1117 5642 cum
1152 5586 1264 5640 lta'c
1304 5588 1435 5639 Acta
1476 5584 1753 5655 Amphilo-

207 5658 312 5712 chii
344 5670 447 5709 non
468 5658 610 5722 sint,
655 5655 854 5711 nullum
877 5666 1121 5725 superest
1155 5655 1561 5711 fundamentum
1604 5670 1753 5710 asse-

282 5792 355 5857 (α)
390 5787 533 5843 Psal.
570 5801 755 5848 cxuv,
788 5786 870 5841 l9.

284 5864 351 5913 ibt
384 5860 485 5913 lsa.
524 5870 684 5916 xxxv,
722 5858 775 5911 ϐ.

1878 4664 2416 4728 substantialitatetn,
2442 4679 2604 4733 super
2624 4664 2877 4725 ecclesia,
2917 4679 3076 4735 quam
3099 4672 3304 4719 armata
3336 4665 3440 4735 ipsi

1888 4774 2045 4814 manu
2078 4755 2348 4827 rapuistis,
2378 4753 2579 4823 judica.
2626 4773 2643 4805 ι
2672 4754 2741 4809 A-t
2769 4755 2842 4809 illi
2876 4773 2890 4809 :
2927 4773 2947 4805 ι
2981 4753 3084 4809 Sed
3123 4768 3191 4809 ex
3212 4754 3443 4824 imperas

1886 4850 2019 4905 toris
2052 4847 2341 4903 sententia.
2378 4863 2397 4898 ι
2423 4845 2558 4900 Tum
2592 4846 2680 4901 ille
2708 4864 2721 4900 :
2751 4866 2769 4899 ι
2803 4847 3006 4909 Venite,
3031 4845 3238 4917 ipsique
3264 4854 3319 4899 et
3343 4860 3439 4900 or~

1875 4938 2135 5001 thodoxi;
2170 4934 2484 5005 clausaque,
2516 4945 2570 4991 et
2611 4944 2963 5006 utrorumque
2996 4936 3185 5005 sigillis
3228 4936 3439 4992 munita

1872 5030 2121 5093 ecclesia,
2152 5027 2425 5099 'datisque
2474 5028 2819 5094 custodibus,
2866 5043 2959 5084 vos
3008 5028 3163 5097 primi
3219 5038 3439 5093 euntes,

1873 5162 2022 5220 rendi
2064 5161 2298 5233 Ephrem
2332 5161 2707 5233 presbyterum
2762 5161 2965 5233 fuisse:
2998 5161 3170 5230 potuit
3196 5158 3335 5233 enim
3361 5159 3436 5233 an

1872 5234 1974 5289 hoc
2000 5227 2244 5297 auct'ore,
2272 5227 2361 5285 aut
2396 5227 2512 5284 alio'
2541 5232 2725 5297 simili,
2775 5231 2945 5301 decipi
2993 5227 3180 5285 auctor
3205 5227 3437 5284 Menelo-

1870 5304 1938 5374 gii
1968 5301 2148 5374 Basilii
2175 5302 2542 5374 imperatoris.

1941 5373 2153 5443 (55)De
2190 5369 2290 5425 hoc
2314 5370 2915 5443 pseudo-Amphilocltii
2964 5383 3155 5443 errore
3207 5370 3299 5439 egi
3367 5369 3436 5443 ad

1868 5438 2151 5513 l’rologunt
2180 5461 2194 5496 :
2220 5438 2481 5513 ubi'_noto
2518 5438 2803 5512 quod’ltzec
2829 5441 3053 5499 historia
3100 5442 3165 5497 de
3208 5438 3436 5513 ecclesia

1872 5507 2116 5586 Ιδϋίιειλιῖει,Δ
2152 5510 2463 5586 orthodoxis
2509 5507 2751 5586 destituta
2786 5514 2899 5586 sub.
2932 5512 3185 5574 Valente,
3234 5507 3438 5563 omissa

1864 5596 1947 5639 est
1982 5585 2049 5639 ab
2077 5580 2213 5637 Urso
2240 5585 2379 5651 apud
2408 5582 2783 5653 Bosweydum.

1936 5784 2007 5849 lc)
2035 5780 2179 5835 Psal.
2213 5776 2481 5849 scvttt_,_£.

1930 5844 2009 5917 (ά)
2046 5849 2204 5903 Prov.
2237 5861 2344 5906 χιιι,
2368 5844 2451 5897 l3.
