4212 6490
729 440 901 486 ιεειιι

2090 421 2614 476 νκοιδῑθυωωιᾼ.

731 538 1022 611 precamini
1071 539 1257 592 diebus
1296 537 1489 601 tribus,
1542 548 1596 590 et
1638 536 1804 591 tribus
1860 537 2129 600 noctibus,
2158 545 2295 590 tum—
2324 542 2370 597 Α
2398 552 2501 605 qua
2535 536 2695 590 etiam
2722 535 2907 590 Ariani
2941 534 3293 590 intraverant.
3316 534 3508 603 Aitque
3523 534 3749 604 pepulo:
3784 552 3804 585 ι
3838 533 3963 589 τοι-

732 647 837 701 que
867 632 932 685 ad
967 630 1247 687 ecclesiam
1277 630 1711 699 proliciscimini.
1746 629 1901 696 Quod
1933 628 1978 683 si
2006 628 2095 681 illa
2127 629 2299 698 preci-

735 727 836 779 bus
862 723 1053 779 vestris
1088 730 1271 792 aperta
1298 723 1451 778 vobis
1488 722 1738 792 patuerit,
1785 728 1995 776 maneat
2034 730 2297 774 aeternum

734 816 894 870 vestri
924 813 1096 883 juris;
1130 814 1211 868 sin
1240 829 1390 878 vero,
1433 813 1599 868 etiam
1640 812 1739 882 ipsi
1765 818 1978 866 noctem
2010 825 2168 865 unam
2203 811 2300 865 du-

732 922 916 961 cemus
964 906 1303 976 pervigilem,
1349 907 1653 977 ibimusque
1683 921 1806 962 cum
1838 903 2061 975 psalmis
2099 903 2299 972 suppli-

731 995 903 1050 cando
956 995 1023 1050 ad
1056 995 1331 1065 praefatam
1379 995 1696 1060 ecclesiam;
1754 1005 1807 1050 et
1854 993 2115 1064 siquidem
2147 992 2300 1048 nobis

733 1088 986 1157 patuerit,
1018 1088 1125 1141 erit
1154 1098 1335 1143 nostra
1370 1087 1421 1142 in
1459 1098 1775 1158 perpetuum
1811 1103 1823 1139 :
1857 1086 1939 1143 sin
1972 1102 2096 1143 vero
2125 1100 2299 1155 neque

733 1179 893 1234 nobis
949 1178 1112 1233 fuerit
1150 1190 1355 1251 aperta,
1392 1180 1471 1235 sic
1517 1196 1735 1236 rursum
1768 1188 1948 1235 vestra
1981 1180 2101 1243 erit,
2137 1187 2301 1245 utque

733 1278 965 1322 vestram
1003 1271 1336 1338 acceperitis.
1366 1288 1384 1321 ι
1415 1268 1624 1324 Placuit
1653 1277 1832 1323 autem
1859 1283 2039 1323 sermo
2072 1271 2186 1337 ejus
2216 1281 2301 1320 co-

733 1374 849 1412 ram
878 1359 1127 1425 Arianis;
1164 1361 1253 1429 qui
1310 1376 1438 1416 vero
1481 1359 1797 1414 videbantur
1841 1373 1960 1414 esse
1991 1357 2298 1421 orthodoxi,

733 1450 878 1505 velut
928 1464 1034 1506 non
1064 1450 1212 1521 juste
1246 1450 1565 1519 iudicasset,
1601 1448 2103 1520 reprehendebant.
2137 1447 2297 1502 Multa

733 1544 914 1612 itaque
942 1541 1192 1598 cautione
1214 1546 1284 1598 ab
1327 1542 1571 1611 utrisque
1601 1541 1860 1605 adhibita,
1888 1540 1999 1596 dati
2036 1548 2168 1595 sunt
2202 1555 2298 1595 cu-

732 1634 937 1698 stodes,
957 1633 1051 1704 qui
1079 1632 1353 1704 diligentia
1376 1633 1521 1688 omni
1545 1632 1879 1688 custodirent
1900 1632 2298 1689 sanctissimam

733 1724 1035 1781 ecclesiam.
1083 1724 1217 1779 Cum
1265 1724 1465 1793 itaque,
1496 1725 1648 1795 juxta
1697 1725 1873 1779 sancti
1919 1723 2099 1779 Patris
2135 1724 2298 1779 nostri

734 1814 913 1871 Basilii
965 1815 1266 1879 decretum,
1300 1815 1483 1868 Ariani
1520 1824 1629 1870 tres
1677 1815 1796 1869 illos
1842 1814 1958 1869 dies
2007 1822 2299 1883 noctesque

2401 628 2492 683 lite
2546 642 2736 682 manus
2787 637 2993 681 vestras
3037 627 3089 680 in
3153 626 3380 682 sublime
3422 627 3564 690 caeli,
3593 635 3964 696 contentoque

2400 722 2579 774 animo
2606 720 2876 774 clamate:
2907 720 3153 784 Domine,
3192 719 3498 775 miserere»
3520 718 3654 773 Tum
3680 720 3963 790 consigna-

2403 821 2453 866 to
2484 813 2703 881 populo,
2725 810 2998 865 silentium
3032 810 3250 876 indicit;
3286 818 3475 881 terque
3501 821 3701 866 sancta!
3718 811 3961 866 ecclesia:

2398 912 2582 972 portas
2612 902 2811 973 signat,
2846 910 2901 956 et
2931 901 3042 957 ait:
3094 920 3111 953 ι
3147 901 3468 958 Benedictus
3510 900 3654 957 Deus
3691 902 3960 957 Christia-

2398 1008 2612 1059 norum,
2642 993 2694 1046 in
2740 992 2933 1047 sarcula
2975 993 3309 1049 saeculorum.
3350 993 3540 1048 Amen.
3581 1011 3601 1047 ι
3637 991 3749 1048 Hac
3803 1008 3965 1062 porro

2398 1085 2643 1141 oratione
2695 1084 2912 1139 contriti
2947 1096 3072 1140 sunt
3117 1094 3316 1151 vectes,
3358 1096 3414 1141 et
3460 1084 3639 1141 claves
3665 1083 3960 1147 confracta

2398 1192 2517 1232 cum
2549 1178 2808 1247 pessulis;
2860 1187 3168 1247 apertaque
3214 1188 3336 1233 sunt
3359 1179 3539 1248 januaz
3572 1176 3694 1232 forti
3718 1192 3878 1237 aura,
3911 1186 3965 1229 et

2401 1270 2465 1323 ad
2513 1285 2691 1322 tnuros
2736 1269 2928 1322 illisae:
2980 1269 3199 1337 ipseque
3233 1269 3512 1340 deiloquus
3552 1269 3605 1324 in
3638 1267 3726 1323 illa
3760 1267 3961 1321 verba:

2404 1359 2589 1414 Tollite
2623 1370 2821 1427 portas,
2855 1361 3138 1430 principes,
3164 1373 3381 1425 vestras,
3408 1370 3457 1415 et
3477 1360 3773 1426 eleramini,
3803 1369 3968 1427 parte:

2401 1450 2674 1504 a'teruales
2712 1450 2813 1519 (α),
2841 1452 3141 1506 orthodoxo
3187 1451 3383 1519 populo
3422 1452 3641 1514 comite,
3691 1452 3967 1522 ingressus

2401 1551 2479 1594 est
2520 1542 2572 1593 in
2620 1551 2862 1594 sanctam
2919 1540 3011 1594 Dei
3062 1541 3345 1595 ecclesiam
3384 1558 3397 1593 :
3439 1540 3757 1609 expletoque
3790 1538 3969 1593 missa

2405 1631 2603 1696 cilicio,
2638 1630 2843 1685 dimisit
2870 1631 3117 1701 populum
3146 1647 3267 1686 cum
3297 1630 3476 1686 laetitia
3503 1640 3559 1687 et
3582 1646 3731 1700 pace,
3765 1631 3971 1703 glorifi-

2402 1740 2459 1777 ca
2472 1734 2613 1779 ntem
2629 1722 2819 1786 Deum,
2836 1725 2927 1793 qui
2948 1738 3048 1777 non
3067 1723 3310 1792 despexit
3331 1723 3663 1779 confidentes
3680 1723 3733 1779 in
3751 1724 3925 1793 ipsum
3951 1739 3965 1775 :

2405 1816 2683 1868 innumera
2722 1824 2901 1868 autem
2953 1812 3277 1867 Arianorum
3326 1812 3631 1879 multitudo,
3691 1827 3831 1869 novo
3878 1811 3973 1867 ill'o

733 1904 935 1973 precati
973 1912 1174 1967 8888!".
1203 1918 1266 1956 ac
1283 1917 1407 1957 cum
1431 1902 1821 1973 supplicatione
1841 1900 1906 1955 ad
1935 1908 2177 1956 Sancum
2208 1882 2298 1953 Dei
2335 1885 2374 1941 Β
2410 1882 2668 1962 miraculo
2700 1906 3042 1969 confirmata,
3098 1905 3497 1960 abrenuntiavit
3554 1905 3768 1969 haeresi,
3806 1919 3871 1959 ac
3916 1904 3970 1958 in

734 1995 1019 2050 ecclesiam
1046 1994 1314 2065 progressi
1346 2002 1553 2059 essent,
1578 1992 1766 2059 sicque
1797 2006 1826 2043 a
1858 2002 2019 2043 mane
2046 2002 2215 2059 usque
2238 1988 2303 2040 ad

735 2097 942 2143 sextam
963 2084 1238 2149 fecissent,
1263 2085 1562 2140 clamantes
1586 2082 1749 2137 illud:
1783 2100 1802 2134 r
1830 2081 2072 2149 Domine,
2092 2081 2309 2135 misere-

738 2196 816 2245 re,
861 2198 882 2232 ι
920 2195 1022 2235 non
1043 2187 1128 2233 est
1142 2186 1329 2248 aperta
1364 2175 1592 2231 ecclesia
1621 2195 1633 2230 :
1666 2174 1945 2246 fractaque
1984 2172 2150 2229 animi
2185 2187 2307 2228 cou-

739 2273 999 2335 tantione,
1023 2270 1272 2324 abierunt
1294 2283 1351 2323 re
1380 2267 1601 2326 infecta.

811 2368 901 2421 Ait
925 2374 1103 2419 autem
1146 2374 1363 2419 sanctus
1392 2363 1624 2418 Basilius
1662 2361 1815 2433 (56):
1856 2380 1876 2413 ς
1923 2361 2060 2417 Ecce
2109 2358 2310 2417 fecistis

738 2472 797 2512 ut
841 2455 1191 2513 constitutum
1236 2464 1355 2509 erat
1392 2473 1406 2507 :
1451 2470 1574 2518 nec,
1607 2463 1663 2505 ut
1701 2453 1907 2521 accepi,
1939 2452 2089 2507 vobis
2121 2461 2306 2521 aperta

737 2563 821 2611 est
842 2550 1101 2611 ecclesia:
1128 2550 1301 2605 adhuc
1318 2559 1371 2603 et
1403 2548 1501 2617 ipsi
1533 2546 1875 2616 prccabimur
1890 2552 2101 2601 noctem
2122 2558 2307 2606 unam,

739 2656 795 2701 et
823 2641 1178 2714 supplicando
1232 2636 1657 2710 processerimus
1691 2655 1705 2691 :
1756 2635 1899 2706 quod
1941 2633 1987 2689 si
2026 2647 2127 2688 nec
2158 2633 2311 2687 nobis

739 2736 905 2792 fuerit
943 2742 1127 2802 aperta
1154 2730 1406 2793 ecclesia,
1438 2744 1557 2785 eam
1581 2729 1681 2799 ipsi
1708 2727 1939 2798 accipite
1971 2725 2125 2794 juxta
2162 2722 2309 2792 judi-

740 2828 881 2885 cium
902 2838 1099 2882 meum.
1135 2842 1155 2877 ι
1178 2824 1473 2879 Assumens
1502 2820 1683 2890 itaque
1709 2829 1930 2875 sanctus
1948 2817 2106 2872 Pater
2125 2824 2311 2872 noster

740 2916 1061 2975 etEcclesia
1096 2928 1315 2985 praeses,
1341 2911 1592 2985 populum
1626 2911 2009 2976 orthodoxam,
2036 2925 2160 2966 cum
2192 2925 2308 2965 mu-

740 3010 966 3067 lieribus
998 3017 1052 3064 et
1081 3006 1345 3079 parvulis,
1375 3005 1524 3062 foras
1576 3004 1853 3060 civitatem
1901 3003 2198 3072 egreditur,
2252 3001 2305 3055 in

745 3103 1001 3174 templum
1042 3094 1215 3157 saticti
1261 3108 1315 3154 et
1339 3097 1559 3169 gloriosi
1592 3097 1842 3165 martyris
1877 3094 2184 3153 Diomedis;
2212 3108 2307 3146 ex-

2407 1998 2761 2053 orthodoxam
2791 1997 2947 2053 fidem
2982 1998 3280 2052 concessit.
3326 1993 3430 2049 Ubi
3493 2010 3621 2050 vero
3667 1996 3971 2066 imperator

2408 2089 2626 2144 rescivit
2651 2088 2793 2158 quod
2824 2099 3031 2159 gestum
3054 2097 3194 2149 erat,
3213 2085 3534 2157 vituperavit
3563 2086 3779 2156 quidem
3807 2086 3971 2141 Aria-

2408 2198 2487 2236 nae
2517 2182 2741 2237 haeresis
2768 2181 3085 2250 nequitiam,
3134 2179 3269 2234 nihil
3298 2178 3503 2234 habens
3531 2191 3636 2246 quo
3687 2176 3863 2231 sancti
3921 2188 3974 2232 et

2408 2273 2587 2327 divina
2627 2271 2897 2341 sapientis
2922 2271 3101 2325 Patris
3127 2271 3295 2325 nostri
3334 2267 3518 2324 Basilii
3545 2266 3810 2337 judicium
3844 2283 3969 2323 car-

2407 2374 2557 2435 peret
2580 2366 2750 2433 (nam,
2779 2364 2973 2431 inquit,
2998 2364 3161 2416 etiam
3183 2362 3333 2417 vobis
3349 2359 3579 2431 amplius
3604 2360 3976 2430 gratificavit),

2410 2456 2521 2525 ipse
2552 2462 2755 2516 tamen,
2806 2448 2917 2519 jam
2951 2450 3078 2504 olim
3133 2458 3312 2505 motus
3340 2450 3588 2507 sensibus
3631 2458 3977 2520 cacatusquc

2407 2544 2585 2601 cordis
2622 2542 2841 2605 oculos,
2873 2555 3045 2610 neque
3070 2540 3147 2595 sic
3170 2548 3228 2593 ut
3258 2540 3323 2594 ad
3350 2540 3636 2594 Dominum
3691 2550 3976 2595 converte—

2412 2643 2557 2687 retur
2610 2630 2834 2699 adjecit;
2886 2630 2980 2683 sed
3036 2628 3234 2682 mansit
3282 2626 3511 2684 inflexus
3536 2639 3590 2683 et
3635 2631 3973 2697 obstinatus,

2409 2725 2626 2779 tradens
2657 2724 2709 2778 in
2744 2722 2888 2778 bello
2922 2722 3194 2794 spiritum,
3212 2728 3335 2793 post
3355 2736 3603 2793 magnam
3626 2723 3838 2779 cladem
3862 2740 3976 2779 am-

2410 2818 2600 2871 bustus
2641 2814 2692 2868 in
2720 2814 3005 2885 paleario,
3064 2813 3117 2867 in
3170 2813 3418 2885 partibus
3470 2811 3752 2880 Thraciae;
3806 2828 3979 2883 eoque

2409 2906 2568 2963 modo
2600 2906 2830 2962 traditus
2874 2914 2960 2961 est
2989 2914 3195 2961 :eterno
3234 2904 3383 2975 igni,
3425 2905 3478 2959 in
3502 2904 3755 2960 saeculum
3792 2905 3979 2960 saeculi

2408 3000 2752 3054 crnciandus.

2480 3091 2623 3145 Bene
2673 3076 2967 3160 (58)-0lim
3013 3090 3226 3145 divinus
3259 3089 3451 3155 David,
3479 3104 3576 3145 ceu
3625 3090 3846 3159 perenni
3881 3088 3972 3143 in-

742 3196 993 3268 pletaque
1027 3201 1186 3250 nocte
1216 3189 1480 3263 pervigili,
1522 3204 1585 3244 ac
1619 3185 1899 3242 matutinis
1944 3185 2190 3255 precibus
2215 3183 2309 3236 ab-
2339 3212 2381 3267 ο
2415 3186 2680 3251 scnlptnm
2706 3184 2820 3243 teri,
2849 3183 3147 3236 immortali
3198 3184 3340 3238 fama
3399 3184 3673 3254 publicum
3707 3181 3852 3246 fecit,
3893 3181 3976 3235 di-

743 3287 953 3350 solutis.
985 3284 1237 3357 populum
1277 3282 1503 3347 reducit,
1562 3289 1785 3337 cantans
1822 3277 1991 3332 illud:
2028 3294 2046 3327 ‹
2081 3275 2312 3329 Sanctus

745 3379 925 3445 Deus,
951 3388 1168 3434 sanctus
1201 3376 1379 3441 fortis,
1425 3382 1647 3430 sanctus
1680 3368 2021 3433 immortalis,
2054 3366 2311 3422 miserere

746 3472 936 3527 nobis:
974 3490 993 3523 ι
1016 3469 1419 3538 ingrediturque
1437 3475 1634 3520 sanctae
1662 3463 1901 3520 ecclesia:
1930 3460 2151 3515 ferulam
2173 3458 2308 3546 (57).,

820 3583 931 3655 (56)
959 3582 1128 3655 Quam
1156 3581 1393 3655 amplam
1424 3579 1703 3655 habuisset
1724 3576 1999 3655 l‘iyssenus
2027 3573 2308 3627 materiam

748 3646 847 3724 pro
888 3646 1093 3724 funebri
1125 3646 1312 3724 simul;
1330 3660 1385 3724 et
1424 3646 1807 3705 encomiastica
1853 3646 2102 3700 oratione
2134 3658 2308 3724 ,“gttn

750 3712 973 3780 fratrem
996 3722 1251 3777 Basiliam
1280 3722 1407 3773 Elia:
1452 3726 1842 3785 comparassvt,
1887 3724 2133 3769 sanctum
2165 3712 2310 3785 illum

753 3793 1101 3850 introducens
1134 3806 1256 3845 cum
1298 3789 1512 3842 Ariauis
1548 3784 1642 3853 pro
1681 3788 1910 3839 ecclesia
1960 3784 2313 3853 Nicaenade-

751 3873 1068 3929 certantem,
1099 3872 1353 3929 tanquani
1384 3850 1611 3912 alterum
1663 3855 1834 3910 Eliam
1872 3850 2314 3930 cumsacerdoti-

752 3936 853 3989 hus
882 3934 1007 3987 Baal
1035 3923 1536 4002 s'uper'holocausto
1562 3929 1574 3980 !
1607 3932 1802 4002 verum
1828 3933 1981 4002 estne
2010 3923 2122 3976 haec
2144 3923 2316 3975 credi-

754 4004 880 4061 .iilis
908 3992 1157 4064 historia,
1194 4002 1240 4057 si
1271 4002 1433 4055 fuerit
1459 4002 1639 4066 iguOta
1673 3992 1964 4066 Nysscuo?

827 4072 939 4145 (57)
980 4062 1188 4145 Ferula
1212 4062 1535 4145 vestibulum
1567 4110 1581 4132 ,
1624 4062 1734 4125 seu'
1765 4067 1943 4136 potius
1966 4062 2205 4135 porticus
2249 4063 2313 4117 ad

757 4140 1055 4215 ingressum
1080 4140 1339 4215 ecclesiae.

827 4201 939 4287 (58)
970 4211 1141 4280 Caput
1166 4212 1287 4272 hoc,
1317 4203 1912 4287 inquitncombeﬁsitls,
1948 4216 2013 4287 ex
2040 4201 2200 4284 unico
2226 4218 2316 4255 co-

758 4271 877 4340 dice
902 4271 1370 4352 r'eprtesentanius,
1391 4271 1749 4352 desiderante
1779 4272 1905 4352 alio.
1950 4271 2157 4351 Etenim
2207 4289 2317 4352 ιιιυτ

761 4366 929 4417 retur,
965 4343 1013 4408 'n
1046 4352 1188 4423 quod
1210 4350 1376 4415 aliud,
1413 4350 1477 4403 ad
1504 4348 1717 4423 fabulas
1745 4343 2007 4413 relegari;
2038 4356 2141 4423 non
2165 4344 2315 4423 quod

762 4412 1103 4479 continentia:
1123 4412 1371 4489 probatio
1406 4435 1499 4488 per
1526 4421 1702 4488 ignem
1744 4412 2017 4489 nunquam
2045 4412 2204 4463 fuerit
2227 4412 2318 4489 ad-

762 4496 928 4550 hibita
974 4483 1193 4552 (dicitur
1229 4490 1370 4543 enim
1407 4483 1505 4540 'tali
1547 4483 1816 4542 iniraculo
1852 4483 2075 4553 probata
2132 4484 2319 4536 uxoris

2414 3289 2589 3330 cens:
2629 3271 2914 3327 Geueratio
2974 3282 3231 3327 rectorum
3283 3277 3610 3330 benedicatur
3643 3292 3662 3332 :
3693 3274 3864 3345 gloria
3926 3282 3979 3329 et

2411 3366 2610 3421 divitia:
2659 3365 2713 3417 in
2744 3364 2899 3417 doma
2960 3379 3143 3418 eorum
3173 3366 3272 3434 (ὁ).
3318 3366 3457 3421 Vere
3511 3369 3653 3421 enim
3695 3366 3978 3436 generatio

2415 3467 2560 3512 recta
2584 3467 2637 3512 et
2666 3470 2852 3511 semen
2910 3452 3209 3525 longaevum
3233 3464 3287 3509 et
3318 3456 3589 3524 gentilitas
3626 3457 3805 3510 omnis
3856 3456 3970 3512 Deo

2414 3568 2790 3629 Sehastenum,
2813 3578 3035 3619 uxorem
3062 3565 3340 3629 habuerit;
3373 3574 3428 3620 et
3455 3564 3684 3620 alterum
3709 3576 3837 3620 natu
3868 3566 3971 3619 mi-

2414 3641 2617 3692 nimum
2646 3677 2661 3701 ,
2712 3646 2767 3690 et
2791 3635 2992 3706 prolem
3041 3646 3349 3691 sanctorum
3400 3646 3683 3706 parentum
3725 3637 3979 3692 duodeci-

2415 3724 2554 3762 mam
2585 3706 2769 3778 (credo
2793 3707 3056 3778 decimam
3098 3708 3277 3762 dicere
3304 3707 3564 3777 voluisse)
3610 3710 3970 3762 monasticam

2414 3779 2576 3831 vitam
2598 3777 2929 3846 professum.
2959 3777 3207 3831 Forsitan
3238 3778 3321 3833 vir
3367 3780 3470 3834 iste
3501 3780 3747 3833 eruditus
3778 3778 3972 3842 voluit,

2416 3848 2515 3901 hac
2542 3862 2637 3919 sua
2666 3848 3008 3919 cogitatione,
3034 3848 3272 3902 historia:
3298 3849 3487 3919 peritis
3512 3863 3819 3919 preponere
3862 3850 3975 3903 dis-

2416 3917 2630 3984 putandi
2684 3918 2962 3997 materiam
2996 3936 3009 3972 :
3044 3928 3097 3973 et
3126 3917 3413 3997 ostendere
3435 3934 3596 3997 quam
3616 3917 3624 3919 ⁷
3644 3918 3863 3974 difficile
3887 3920 3978 3997 sit,

2416 3988 2767 4059 argumentis,
2798 3995 2851 4059 ut
2874 3989 3044 4052 aiunt,
3072 3988 3315 4055 positivis
3340 3989 3663 4045 convincere
3697 4005 3849 4053 eum,
3882 3992 3977 4059 qui

2414 4056 2723 4112 oblirmavit
2750 4058 2985 4129 animum
3025 4059 3246 4129 aliquid,
3279 4061 3525 4127 quamvis
3557 4059 3886 4129 paradoxum
3903 4056 3972 4115 ὀι

2415 4128 2667 4199 tinnitibus
2690 4128 3009 4199 inauditum,
3041 4128 3326 4199 sustinere.
3356 4128 3573 4183 Certum
3622 4130 3838 4199 quidem
3882 4140 3969 4184 est

2421 4197 2600 4250 Basilii
2628 4196 2799 4263 patris
2851 4205 2906 4247 et
2953 4196 3222 4250 Emmelia:
3264 4197 3463 4251 liberos
3516 4196 3699 4254 decem
3752 4200 3977 4252 omnino

2421 4267 2619 4327 fuisse;
2656 4280 2721 4317 ex
2768 4264 2883 4317 istis
2920 4273 3148 4333 quatuor
3186 4264 3380 4319 fratres
3440 4274 3649 4319 tantum
3680 4270 3933 4321 novimus
3960 4308 3977 4333 ,

2422 4346 2557 4388 teste
2585 4333 2827 4405 Nysseno
2864 4334 2915 4387 in
2953 4334 3067 4387 Vita
3085 4331 3344 4405 _Macrin:e
3373 4352 3385 4387 :
3410 4349 3474 4387 ex
3523 4345 3758 4405 quatuor
3785 4331 3973 4390 fratri;

2422 4407 2540 4467 hus,
2567 4406 2608 4458 is
2632 4401 2721 4473 qui
2757 4407 3052 4459 secundum
3083 4401 3337 4457 Basilium
3374 4414 3500 4457 natu
3542 4401 3813 4460 iunximus
3839 4417 3978 4471 erat,

2422 4473 2745 4530 Naucratius
2775 4476 3066 4528 vocabatur
3100 4490 3115 4545 ς
3164 4474 3316 4530 locus
3340 4476 3500 4545 igitur
3546 4492 3651 4529 non
3689 4486 3774 4532 est
3818 4478 3979 4533 alteri

762 4543 1097 4631 virginitasa
1133 4561 1190 4615 S.
1224 4561 1490 4613 Demetrio
1516 4559 1669 4631 inter
1697 4543 2035 4631 patriarchas
2079 4552 2314 4631 Alexan-
2354 4557 2399 4612 ι)
2428 4548 2611 4631 lietro,
2643 4547 2756 4627 .Itisi
2804 4547 3069 4631 quinqueu
3096 4543 3311 4631 fratres,
3365 4543 3552 4601 contra
3606 4548 3975 4631 testimonium

767 4621 950 4689 driiios
993 4632 1342 4691 duodecimo;
1380 4638 1435 4684 et
1486 4628 1551 4682 ab
1579 4621 1781 4700 abbate
1812 4627 2066 4700 quodam,
2120 4624 2173 4676 in
2193 4621 2318 4700 χμςι

770 4705 828 4759 S.
859 4702 1082 4757 Joannis
1105 4700 1523 4770 Eleemosynarii
1572 4694 1913 4770 23_Januarii
1940 4707 2158 4770 numer._
2191 4693 2318 4756 85);

767 4776 859 4827 sed
909 4773 1049 4841 quod
1106 4781 1179 4841 tot
1208 4762 1400 4841 fabulis
1429 4780 1482 4823 et
1508 4768 1721 4841 ineptiis
1752 4771 2089 4841 exornatum
2115 4762 2211 4824 sit,
2264 4771 2320 4813 ut

768 4832 1115 4912 suam-palam
1143 4840 1301 4893 faciat
1329 4832 1633 4893 falsitatem.
1664 4837 1819 4901 Nam,
1850 4844 1907 4887 ut
1941 4832 2323 4953 omittam

768 4910 1131 4953 nnnciilnrnnli
1158 4919 1354 4953 nnlmtl-
1394 4923 1665 4953 nnnmtam
1712 4909 1925 4953 vivente
1966 4900 2164 4953 83811Ῑο
2267 4918 2322 4953 C-

768 4900 1133 4969 consideranti
1158 4919 1359 4979 patent,
1394 4923 1665 4977 nunquam
1712 4900 1925 4979 vivente
1950 4900 2164 4979 _BaSI|io
2224 4900 2322 4953 Pe-

770 4996 883 5038 trus
904 4973 1254 5038 Sebasten'um
1278 4973 1639 5048 episcOpatiim
1658 4977 1844 5047 gessit,
1866 4973 2168 5048 ordinatus
2184 4985 2323 5024 anno

772 5055 963 5107 saltem
1019 5068 1125 5107 uno
1176 5040 1548 5119 post'mort'em
1580 5040 1763 5099 frairis
1798 5064 1809 5099 :
1838 5057 2111 5119 nunquam
2134 5040 2322 5119 Petrus

773 5125 1103 5177 Sehastenus
1137 5111 1419 5189 episcopus
1444 5133 1694 5189 sponsam
1726 5126 1816 5169 aut
1848 5128 2069 5168 uxorem
2100 5111 2319 5189 habuit:

774 5196 888 5257 sed,
926 5208 954 5244 a
983 5192 1153 5261 prima
1172 5183 1337 5243 aetate
1363 5183 1780 5261 per'hlacrinam
1814 5198 2052 5261 sororem
2079 5186 2168 5261 pie
2194 5183 2323 5261 edu-

776 5251 927 5316 catus
956 5251 1010 5315 e't
1032 5260 1331 5321 institutus,
1355 5251 1653 5312 solitariam
1678 5257 1842 5307 vitam
1878 5265 1931 5306 et
1957 5251 2319 5321 virginitatem

776 5332 977 5396 coluit;
1013 5332 1147 5385 utin
1204 5328 1317 5383 Vita
1358 5330 1525 5397 ipsius
1581 5329 1742 5397 Petri,
1773 5321 2324 5397 aApriedecessoribus

780 5402 914 5455 meis
942 5392 1209 5455 ostensum
1258 5408 1339 5451 cst
1364 5392 1396 5453 9
1419 5397 1677 5452 Januarii.
1718 5394 1784 5447 At
1811 5392 2183 5455 Combelisius,
2207 5406 2323 5443 ccr-

779 5485 864 5525 tus
896 5468 1072 5523 Vitam
1108 5472 1263 5531 hanc,
1289 5470 1476 5521 saltem
1514 5478 1569 5519 ut
1598 5462 1930 5525 credibilem,
1960 5462 2179 5517 creditis
2222 5460 2323 5511 oh-

781 5543 1014 5603 trudcrc,
1047 5541 1186 5594 sicut
1206 5540 1429 5591 alterum
1452 5536 1731 5589 Libanium
1750 5532 2068 5601 sophistam,
2088 5532 2321 5584 alterum

778 5621 1095 5681 quaestorem
1138 5608 1341 5681 Juliaui
1387 5606 1751 5681 excogitarat;
1792 5604 1865 5681 ita
1904 5615 2041 5655 nunc
2095 5602 2322 5681 alterum

780 5669 917 5735 iiuer
939 5680 1134 5734 fratres
1168 5678 1342 5730 Basilii
1372 5669 1800 5729 comminiscitur
1827 5670 2068 5733 Petrum,
2098 5673 2235 5723 inter
2257 5669 2320 5720 li-

772 5753 932 5805 heros
970 5760 1087 5820 post
1110 5749 1395 5802 Macrinam
1425 5748 1672 5814 primum,
1697 5746 1784 5814 qui
1810 5752 1935 5796 ante
1957 5742 2323 5811 episc0patnm

842 5863 916 5929 (α)
944 5860 1079 5912 Psal.
1111 5872 1266 5920 xxiii,
1294 5855 1343 5921 7,
1372 5856 1425 5909 9.

2430 4616 2681 4688 Nysseni,
2717 4611 2983 4688 muneres.
3026 4611 3133 4669 Nec
3171 4625 3347 4688 tamen
3376 4629 3660 4685 propterea
3697 4618 3977 4688 credibilis

2430 4684 2881 4757 conjecturafleri
2911 4693 3121 4757 potest,
3153 4686 3307 4740 alteri
3373 4684 3727 4757 pric’terqnatn
3776 4686 3980 4757 juniori

2431 4754 2623 4811 nomen
2686 4754 2905 4807 inditum
2950 4754 3105 4811 l’etro
3151 4757 3317 4810 fuisse
3348 4754 3605 4809 {sieuim
3640 4756 3775 4809 alter
3820 4756 3871 4809 in
3914 4774 3978 4812 ea

2430 4828 2632 4880 familia
2657 4824 2876 4877 vixisset
2902 4823 3089 4881 Petrus
3119 4868 3132 4888 ,
3168 4844 3290 4881 cum
3351 4826 3567 4879 ultimus
3624 4826 3866 4893 prodiret
3924 4829 3977 4881 in

2432 4898 2626 4958 lucem,
2678 4895 3057 4948 ver0similiter
3111 4897 3196 4949 hic
3247 4896 3397 4965 aliud
3438 4909 3629 4947 nomen
3657 4898 3978 4965 accepisset.

2430 4966 2589 5033 Quin,
2646 4974 2703 5016 ut
2760 4970 3121 5020 concedamus
3170 4964 3981 5028 Cninbelisio,alterum’fnisse

2431 5037 2647 5089 Petrum
2671 5034 2889 5089 fratrem
2917 5036 3127 5096 Basilii,
3158 5036 3248 5101 qui
3280 5034 3427 5102 prius
3483 5036 3826 5089 matrimonio
3867 5035 3983 5101 jun-

2432 5119 2565 5165 ctus,
2597 5102 2766 5159 factus
2793 5107 2984 5159 deinde
3016 5106 3084 5157 sit
3109 5106 3396 5172 episcopus
3422 5103 3782 5168 Sehastenus;
3808 5104 3982 5172 potuit

2432 5177 2483 5227 id
2507 5176 2675 5229 solum
2720 5186 2839 5244 post
2886 5184 3110 5229 mortem
3158 5172 3340 5244 Basilii
3374 5178 3659 5230 evenisse:
3694 5188 3815 5225 nam
3866 5174 3980 5241 ipso

2432 5244 2674 5307 florente,
2700 5241 3015 5300 Eustathius
3047 5245 3202 5296 istam
3230 5241 3522 5301 Ecclesiam
3569 5243 3823 5307 turbavit,
3876 5260 3979 5299 non

2434 5316 2607 5369 minus
2640 5332 2799 5385 quam
2846 5314 3181 5384 gubernavit.
3231 5318 3377 5369 Adde
3409 5324 3663 5383 pra-terea
3707 5312 3981 5385 silentium

2432 5382 2675 5439 omnium
2702 5382 3041 5454 antiquorum
3069 5400 3080 5435 :
3110 5400 3206 5439 nec
3235 5382 3417 5438 unam
3442 5385 3654 5452 quidem
3700 5400 3729 5435 a
3780 5382 3982 5441 Basilio

2434 5468 2523 5509 aut
2562 5455 2821 5524 Gregorio
2852 5462 3065 5506 exstare
3092 5456 3156 5506 ad
3210 5457 3381 5524 ipsum
3432 5454 3749 5524 epistolam;
3776 5457 3981 5510 nullam

2435 5526 2486 5577 in
2518 5537 2593 5578 tot
2616 5528 2829 5593 scriptis
2876 5524 3220 5595 mentionem.
3263 5524 3400 5591 Quid
3427 5525 3569 5595 quod
3602 5524 3713 5591 ipse
3749 5530 3981 5595 pseudo-

2431 5595 2859 5663 Amphilochius,
2888 5594 2938 5646 in
2972 5595 3076 5648 line
3105 5596 3261 5664 hujus
3292 5594 3577 5660 \’ita:,’tres
3598 5595 3771 5649 solum
3800 5595 3982 5651 Basilii

2434 5665 2629 5717 fratres
2660 5674 2923 5727 numeret,
2955 5664 3196 5733 interque
3221 5680 3312 5719 eos
3344 5682 3508 5720 unum
3551 5664 3724 5720 solum
3760 5665 3981 5722 Petrum

2435 5736 2785 5788 Sebastennm
2809 5732 2831 5783 ζ’

2506 5849 2578 5917 (ὑ)
2604 5848 2743 5904 Psal.
2786 5863 2867 5915 iit,
2898 5848 2953 5915 2,
2976 5848 3031 5902 ὃ.
