4212 6486
609 436 976 491 EXCERPTA
1019 435 1109 493 EX
1150 437 1355 494 ACTIS
1396 438 1454 491 S.
1497 434 1741 493 BASILII
1781 435 2302 491 BOLLANDMNIS.
2331 465 2401 475 —
2434 434 2597 490 VITA
2628 433 3063 490 APOCRYPHA.

3237 451 3427 492 CCCXIII

210 546 425 617 placita.
460 548 616 615 Quod
646 548 827 616 itaque
856 550 909 601 in
938 547 1121 618 Petro,
1152 550 1328 605 Patris
1372 550 1542 603 nostri
1591 549 1769 606 Basilii
1800 555 1847 609 Α
1879 549 2004 605 illa:
2039 568 2056 602 t
2091 549 2220 605 Sum
2253 548 2305 603 in
2356 548 2603 603 manibus
2641 545 2746 599 tois
2769 585 2784 609 ,
2817 545 3286 603 honorabilissime
3335 547 3436 601 Pa-

210 642 412 703 fratre,
474 647 599 706 post
654 638 944 695 Macrinam
1000 644 1241 697 omnium
1285 640 1604 710 magistram
1665 642 1773 696 loci

208 736 437 804 primum
458 730 631 797 edito,
667 740 873 799 gestum
909 743 996 789 est
1021 735 1229 801 signum
1278 747 1371 787 seu
1430 732 1767 799 miraculum,

210 822 603 878 corroborante
633 824 859 879 Domino
884 836 1066 879 nostro
1086 821 1214 877 Iesu
1250 824 1486 889 Christo,
1520 839 1775 882 enarrare

209 922 402 969 statuo.
427 911 627 969 Petrus
653 916 765 983 hic,
789 917 1061 970 secundus
1100 914 1188 970 ille
1242 915 1436 972 Petrus
1459 958 1475 982 ,
1508 918 1600 975 ille
1654 929 1775 990 post

208 1004 425 1057 Petrum
455 1006 757 1076 principem
799 1006 947 1058 illum
979 1004 1210 1071 Petrus;
1248 1009 1637 1065 sacerdotalem
1670 1011 1770 1065 Se-

208 1094 447 1152 bastenre
490 1099 754 1161 civitatis,
789 1096 1018 1166 benigna
1047 1096 1141 1152 Dei
1184 1102 1352 1157 nostri
1378 1113 1433 1157 et
1482 1102 1660 1158 Patris
1697 1105 1775 1157 lo-

211 1184 412 1240 minum
447 1185 809 1256 providentia,
842 1186 1068 1255 adeptos
1108 1191 1327 1258 sedem;
1378 1207 1500 1246 cum
1558 1196 1772 1261 propria

211 1277 398 1342 adest,
426 1290 600 1330 uxore
622 1276 834 1345 quidem
873 1282 1268 1349 nuncupatione
1292 1324 1307 1349 ,
1332 1299 1430 1339 uso
1462 1297 1590 1339 vero
1633 1298 1777 1337 soro-

211 1382 287 1423 re.
338 1366 418 1421 Eo
445 1364 751 1420 Ecclesiam
802 1365 946 1421 illam
994 1370 1268 1438 sapienter
1318 1371 1731 1426 administrante
1760 1408 1773 1430 ,

210 1458 484 1513 aemulatio
516 1458 880 1514 turbatoribus
904 1461 1101 1515 animis
1119 1461 1483 1517 excitantibus
1510 1474 1628 1518 orta
1651 1473 1732 1517 est
1761 1484 1773 1516 ;

211 1549 464 1620 populum
494 1551 637 1607 enim
683 1561 1045 1620 provocat-unt
1093 1551 1352 1618 dicentes,
1406 1553 1555 1607 nefas
1578 1570 1697 1611 esse
1720 1564 1778 1609 ut

211 1640 497 1711 episcopus
546 1658 656 1698 sua:
706 1643 861 1698 uxori
914 1642 1287 1709 cohabitaret;
1335 1642 1607 1713 multaque
1648 1662 1777 1700 con-

211 1733 370 1788 siliati
396 1744 588 1790 contra
624 1747 872 1787 normam
926 1746 1205 1789 sacrorum
1259 1748 1526 1787 canonum
1577 1735 1643 1787 ad
1684 1751 1779 1788 no-

212 1832 384 1877 strum
418 1834 718 1890 pastorem,
750 1821 883 1877 orbe
924 1833 1106 1878 autem
1146 1832 1259 1879 toto
1289 1823 1776 1881 celebratissimum

1878 650 1978 696 ter.
2016 663 2034 696 ι
2074 644 2246 699 Porro
2272 640 2432 709 jussit
2476 651 2697 696 sanctos
2730 638 2844 701 Dei,
2890 648 2948 691 ut
2986 640 3194 696 modius
3225 638 3437 694 ferreos

1874 731 2180 802 aﬂ’erretur,
2206 733 2399 803 plenos
2426 729 2816 787 ardentissimis
2834 728 3189 799 lampadibus,
3210 731 3393 801 aitque
3420 747 3433 782 :

1881 841 1900 874 ι
1944 824 2188 893 Explica,
2217 822 2435 879 domina
2462 822 2533 874 mi
2566 836 2783 891 sponsa,
2830 817 3050 887 pallium
3082 828 3269 875 tuum:
3315 840 3335 875 ι
3383 828 3439 876 et

1876 914 2183 983 explicavit.
2203 914 2400 983 Aitqoe
2422 913 2487 968 iis
2520 913 2609 981 qui
2636 912 2981 982 bajulahant:
3010 930 3027 961 ι
3056 910 3248 966 Mittite
3276 914 3327 967 in
3354 915 3435 983 ip-

1876 1020 1993 1059 sum
2025 1005 2482 1059 ﬂammatissimas
2505 1002 2812 1072 lampades;
2853 1027 2869 1057 ι
2896 1006 3282 1069 miseruntque.
3301 1001 3436 1057 Tutu

1877 1097 2184 1167 aitsponsa:
2223 1113 2237 1149 :
2272 1113 2289 1145 ι
2320 1095 2467 1150 Tene
2521 1096 2574 1149 in
2629 1095 2727 1149 hoc
2776 1098 3083 1167 maphorio,
3128 1095 3302 1148 donec
3341 1092 3438 1148 tibi

1877 1187 2074 1242 dicam.
2117 1205 2135 1239 ι
2161 1188 2359 1255 Aitque
2390 1204 2402 1240 :
2432 1206 2449 1238 ι
2488 1185 2691 1241 Afferte
2729 1185 2903 1240 adhuc
2954 1185 3255 1257 lampadem
3280 1184 3437 1238 aliam

1876 1282 2314 1337 accensissimatn
2352 1299 2366 1335 :
2404 1298 2421 1330 ι
2475 1280 2904 1347 attolcruntqoe.
2937 1280 3072 1334 Tum
3116 1280 3205 1335 ille
3233 1278 3386 1334 fratri
3422 1298 3436 1334 :

1882 1388 1901 1420 ι
1946 1371 2184 1440 Explica,
2216 1371 2428 1426 domine
2460 1367 2645 1435 frater,
2691 1371 2940 1439 penulam
2981 1377 3124 1424 tuam
3163 1391 3176 1425 :
3219 1391 3238 1425 ι
3269 1380 3323 1427 et
3346 1386 3440 1425 ex-

1882 1463 2115 1530 plicavit.
2154 1462 2290 1517 Tum
2325 1462 2414 1517 ille
2446 1479 2459 1517 :
2490 1478 2510 1513 t
2546 1460 2741 1518 Mittite
2791 1465 2845 1518 in
2896 1465 3112 1535 ipsum:
3151 1480 3169 1513 ι
3205 1473 3258 1515 et
3282 1464 3441 1516 mise-

1879 1563 2025 1611 runt.
2049 1554 2181 1610 Cutn
2234 1570 2365 1610 vero
2426 1555 2729 1610 diutissime
2780 1564 3026 1610 tenerent
3072 1556 3151 1611 sic
3184 1568 3441 1609 accensas

1878 1648 2157 1719 lampades
2183 1656 2237 1701 et
2280 1656 2521 1713 starent,
2564 1648 2619 1702 in
2678 1655 2951 1715 stuporem
3003 1656 3155 1702 actus
3212 1646 3443 1717 populus

1879 1757 2042 1811 super
2069 1756 2134 1796 eo
2157 1740 2299 1810 quod
2330 1737 2634 1805 videbatur,
2661 1740 2903 1797 clamare
2939 1738 3103 1808 coepit
3130 1747 3185 1793 et
3213 1740 3392 1794 dicere
3424 1756 3437 1790 :

1886 1848 1905 1880 ε
1948 1830 2211 1886 Dominus
2233 1830 2573 1883 conservabit
2600 1842 2816 1887 sanctos
2841 1844 2991 1894 suos,
3023 1838 3078 1884 et
3105 1828 3290 1883 beatos
3320 1826 3439 1881 illos

212 1914 492 1978 Basiliom,
530 1914 658 1983 quid
700 1929 786 1970 res
828 1914 1052 1973 haberet
1090 1918 1449 1983 informaturi,
1492 1928 1772 1973 venerunt.
1808 1894 1850 1951 Β
1881 1921 2042 1975 faciet
2075 1922 2125 1975 in
2156 1932 2299 1977 terra
2330 1919 2427 1991 (b).
2463 1938 2482 1972 ι
2512 1919 2962 1993 Projecerontqoe
2998 1935 3258 1977 accensas
3308 1921 3442 1972 lam-

211 2003 302 2058 llle
355 2004 555 2074 gaudio
608 2005 984 2062 abundantiori
1034 2009 1289 2078 profusos
1320 2046 1336 2072 ,
1397 2010 1506 2062 ait:
1546 2028 1566 2061 ι
1610 2009 1774 2075 Bene,

213 2093 302 2148 lilii
328 2134 345 2160 ,
400 2098 664 2155 veneritis
704 2118 719 2155 :
762 2099 901 2154 vado
952 2100 1230 2152 vobiscum
1294 2099 1361 2153 ad
1394 2102 1470 2154 rei
1510 2101 1779 2170 probatio-

212 2200 355 2241 nem.
417 2207 437 2241 ι
469 2186 865 2261 Profectosqoe
918 2190 1031 2245 ibat
1085 2204 1207 2245 cum
1258 2190 1365 2245 illis
1406 2193 1472 2246 ad
1525 2192 1779 2248 Sebaste-

210 2291 331 2330 natn
400 2282 740 2349 metropolim
794 2299 808 2336 :
860 2280 1058 2336 Petrus
1110 2294 1290 2337 autem
1360 2285 1528 2353 ipsius
1590 2283 1775 2353 frater,

212 2368 447 2423 adventu
499 2370 619 2438 ejus
653 2374 890 2441 cognito,
919 2373 968 2427 ei
1010 2376 1249 2429 occurrit
1314 2378 1380 2431 ab
1422 2389 1547 2430 octo
1584 2378 1772 2431 millia-

212 2457 404 2522 ribos;
453 2458 802 2530 exhibitaque
837 2462 1019 2517 debita
1058 2466 1362 2520 reverentia
1394 2507 1409 2531 ,
1460 2482 1523 2521 ac
1558 2470 1610 2523 itt
1669 2471 1772 2522 Do-

211 2548 356 2602 mino
384 2549 683 2615 osculatus,
716 2552 954 2624 gratiose
980 2555 1268 2613 subridens
1320 2558 1452 2613 dixit
1475 2560 1629 2614 fratri
1679 2577 1777 2615 suo

210 2648 263 2692 et
307 2638 461 2696 Patri
517 2652 705 2699 nostro
748 2643 947 2701 Basilio
982 2666 1038 2703 :t
1081 2646 1362 2718 Tanquam
1409 2651 1475 2704 ad
1517 2651 1775 2706 latronem

214 2731 397 2785 exiisti
434 2772 449 2795 ,
512 2734 729 2789 domine
783 2735 975 2805 frater,
1029 2755 1152 2794 cum
1196 2744 1380 2808 turba,
1426 2753 1483 2798 ut
1511 2758 1597 2798 me
1625 2760 1779 2814 cape-

211 2836 295 2874 res
321 2823 420 2893 (a).
452 2841 470 2874 .

279 2910 416 2965 Cutn
450 2925 629 2975 autem
677 2931 924 2974 essemus
956 2921 1179 2991 ingressi
1214 2923 1267 2976 in
1298 2924 1488 2977 urbem
1521 2922 1779 2979 Sebaste-

212 3015 364 3065 nam,
391 3002 787 3075 fuissemusque
819 3011 1017 3077 precati
1063 3011 1114 3064 in
1162 3012 1777 3069 venerabilissimotem-

212 3091 298 3159 plo
336 3092 653 3165 Martyrum,
686 3097 966 3169 multiplici
993 3116 1191 3157 corona
1216 3101 1507 3159 illustrium
1538 3107 1775 3175 quadra—

213 3186 384 3253 ginta,
424 3187 841 3245 ascendentibus
863 3192 1020 3246 nobis
1049 3195 1114 3245 ad
1170 3209 1379 3250 sacram
1407 3196 1645 3266 episcopi
1680 3198 1776 3249 do—

213 3290 380 3341 mum,
419 3277 677 3334 salutavit
724 3280 815 3337 ille
847 3281 1117 3337 dominam
1152 3300 1439 3354 sponsam;
1472 3298 1526 3341 et
1557 3290 1629 3341 ait
1659 3289 1731 3340 illi
1760 3304 1774 3341 :

217 3382 235 3416 ι
291 3366 453 3421 Salve
476 3408 492 3434 ,
521 3383 647 3423 vera
679 3385 797 3424 mea
830 3386 1052 3440 sponsa,
1078 3390 1172 3429 seu
1210 3376 1390 3445 potius
1414 3378 1613 3431 Christi
1644 3395 1659 3434 :
1703 3381 1777 3434 tui

214 3470 374 3512 causa
408 3468 552 3513 totus
568 3460 721 3515 nobis
746 3460 838 3516 hic
865 3462 1022 3517 labor
1039 3476 1345 3535 assumptus
1371 3477 1472 3522 est.
1499 3487 1517 3520 ι
1539 3469 1631 3526 Ait
1650 3470 1772 3525 illa:

217 3568 235 3601 ι
272 3548 402 3605 Sum
433 3551 486 3605 in
514 3551 759 3608 manibus
792 3554 916 3617 tuis,
946 3556 1414 3614 houorabilissime
1442 3558 1623 3620 Pater.
1668 3565 1775 3619 Do-

216 3642 395 3696 minus
422 3642 736 3698 occasiones
769 3642 894 3700 facit
931 3662 944 3699 :
980 3661 1173 3715 magno
1215 3649 1357 3702 enim
1385 3650 1657 3705 desiderio
1687 3662 1775 3706 te-

218 3745 346 3784 neor
403 3731 743 3801 amplexandi
781 3737 1050 3803 pretiosos
1082 3746 1204 3790 tuos
1232 3738 1399 3806 pedes
1434 3757 1448 3792 :
1478 3740 1635 3807 cujus
1700 3742 1775 3794 rei

212 3838 431 3895 compos
461 3823 674 3889 effecta,
730 3828 935 3895 gratias
964 3842 1066 3897 ago
1115 3826 1339 3883 Domino
1397 3846 1540 3887 meo.
1589 3830 1777 3887 Faciet

212 3928 361 3982 ergo,
398 3917 633 3971 maximo
657 3918 785 3971 mihi
823 3920 1227 3987 prosequendos
1267 3921 1470 3979 honore
1497 3937 1648 3979 meos
1672 3924 1774 3979 Pa-

216 4015 319 4072 ter,
346 4009 398 4060 in
436 4008 601 4063 filiam
658 4024 833 4075 suam,
869 4026 1208 4080 quaecunque
1248 4014 1499 4067 voluerit.
1536 4034 1555 4067 ι
1583 4018 1775 4087 Aitqtte

212 4096 297 4151 ille
339 4100 533 4152 fratri:
568 4119 587 4151 ι
629 4102 777 4171 llogo
828 4113 899 4169 te,
944 4105 1157 4158 domine
1211 4104 1282 4157 mi
1339 4102 1525 4171 frater,
1559 4116 1615 4160 ut
1670 4124 1774 4162 una

213 4202 331 4241 cum
384 4189 604 4243 domina
638 4207 833 4260 sponsa
890 4211 1005 4247 nica
1055 4196 1290 4249 dormias
1331 4196 1383 4249 in
1436 4199 1774 4254 sanctissima

211 4278 461 4332 ecclesia.
497 4297 520 4331 ι
548 4278 618 4333 At
652 4280 740 4335 ille
766 4283 831 4336 ad
869 4298 991 4336 eum
1026 4302 1038 4336 :
1078 4302 1096 4334 ‹
1136 4284 1349 4340 Faciam
1368 4289 1626 4358 quidquid
1656 4292 1775 4361 jus-

211 4372 371 4436 seris,
403 4373 545 4427 sicut
572 4374 744 4428 debeo
778 4392 791 4428 :
823 4374 1077 4443 fecitque.
1118 4396 1138 4430 »
1171 4380 1465 4436 Assumens
1489 4397 1619 4452 ergo
1651 4400 1775 4439 san-

211 4477 330 4518 ctus
354 4464 516 4519 Pater
550 4473 734 4520 noster
758 4467 1046 4524 nonnullos
1083 4468 1191 4524 Deo
1232 4468 1439 4528 afllatos
1469 4486 1523 4529 et
1555 4476 1773 4545 spirita-

1878 2012 2074 2082 pades;
2105 2028 2203 2067 nec
2223 2023 2342 2068 erat
2368 2016 2418 2067 in
2448 2012 2527 2067 eis
2568 2012 2650 2067 vel
2698 2012 2829 2066 fumi
2865 2015 3015 2078 odor,
3076 2027 3247 2079 neque
3280 2013 3442 2066 vesti-

1881 2114 2063 2160 menta
2092 2104 2305 2158 illorum
2328 2107 2577 2161 ambusta
2607 2112 2754 2158 sunt.
2787 2101 2939 2158 Tunc
2975 2104 3252 2159 adducens
3272 2104 3435 2174 quin-

1877 2212 1983 2267 que
2010 2206 2230 2253 sanctos
2258 2196 2419 2261 viros,
2460 2198 2535 2252 ait
2564 2195 2672 2251 illis
2704 2212 2719 2249 :
2759 2213 2777 2247 t
2818 2194 3024 2251 Edicite
3056 2196 3197 2266 quod
3227 2196 3438 2250 vidistis

1877 2286 1931 2340 in
1962 2288 2301 2342 sanctissima
2346 2286 2595 2342 ecclesia.
2644 2306 2664 2340 ι
2727 2286 3198 2359 Narraveruntque
3223 2286 3439 2358 populo,

1878 2387 1934 2431 ut
1966 2376 2227 2432 vidissent
2266 2387 2488 2433 sanctos
2541 2378 2767 2447 angelos
2792 2419 2808 2443 ,
2836 2378 3156 2434 ventilantes
3197 2379 3441 2449 inculpa-

1879 2482 1989 2523 tum
2046 2483 2234 2524 eorum
2266 2469 2443 2523 cubile
2474 2487 2489 2523 :
2520 2478 2572 2524 et
2596 2468 3033 2539 glorificaverunt
3076 2470 3243 2524 Deum
3275 2511 3290 2536 ,
3346 2472 3440 2540 qui

1878 2559 2013 2616 facit
2060 2560 2329 2616 mirabilia
2396 2575 2587 2631 magna
2648 2569 2703 2615 et
2754 2561 3144 2616 inscrutahilia.
3199 2560 3444 2630 Cumque

1878 2656 2096 2702 sanctos
2144 2646 2304 2703 Pater
2353 2658 2534 2703 noster
2575 2646 2804 2705 Basilius
2866 2665 3052 2718 pacem
3102 2651 3155 2703 in
3212 2650 3439 2707 Domino

1877 2738 2125 2805 dixisset,
2182 2740 2385 2794 reversi
2417 2754 2602 2795 sumus
2639 2738 2690 2793 in
2722 2748 2962 2795 nostram
3011 2740 3307 2810 civitatem,
3327 2740 3441 2811 glo-

1880 2830 2146 2899 riﬁcantes
2175 2830 2345 2885 Deum
2372 2870 2389 2895 ,
2432 2832 2522 2898 qui
2563 2832 2705 2887 dedit
2752 2841 3059 2902 potestatem
3092 2833 3251 2889 talem
3279 2833 3444 2888 Itami-

1878 2923 2029 2974 nibus
2061 2917 2153 2992 (c).

1953 3011 2078 3067 Fuit
2113 3011 2444 3081 temporibus
2478 3012 2807 3066 sanctissimi
2848 3027 2911 3065 ac
2942 3012 3239 3068 beatissimi
3265 3015 3434 3071 archi-

1890 3102 2125 3171 episcopi
2157 3100 2363 3167 Basilii,
2401 3100 2630 3156 haeredis
2659 3100 2804 3156 illius
2854 3103 3000 3170 regni
3033 3100 3253 3166 Christi,
3301 3104 3444 3156 vasis

1879 3190 2157 3244 electionis
2182 3190 2324 3244 illius
2350 3191 2440 3259 qui
2473 3193 2709 3259 portavit
2749 3191 2950 3247 Christi
3006 3207 3204 3246 nomen
3256 3205 3441 3248 coram

1885 3282 2133 3353 gentibus
2160 3290 2215 3337 et
2254 3283 2474 3353 regibus
2501 3292 2556 3338 et
2586 3282 2711 3337 filiis
2732 3283 2919 3349 lsrael,
2946 3284 3085 3339 sicut
3116 3284 3330 3339 divinos
3388 3296 3443 3338 et

1880 3376 2067 3430 beatus
2096 3374 2386 3442 Apostolus
2418 3375 2495 3448 (ά)
2524 3417 2536 3442 ,
2574 3375 2769 3431 mulier
2796 3377 3036 3446 quaedam
3061 3417 3076 3443 ,
3130 3376 3335 3431 divitiis
3390 3384 3438 3429 et

1878 3465 2162 3522 nobilitate
2191 3467 2336 3522 clara
2366 3507 2382 3533 ,
2412 3467 2746 3537 reliquisque
2782 3467 2847 3521 ad
2900 3482 3052 3521 vana:
3108 3465 3267 3533 hujus
3325 3467 3440 3519 vitae

1880 3558 2138 3628 obsequia
2178 3560 2506 3627 comparatis
2528 3575 2688 3629 supra
2738 3573 2929 3613 omnes
2954 3559 3114 3612 elata.
3151 3557 3275 3613 Haec
3334 3570 3437 3614 sta-

1880 3660 1989 3704 tum
2029 3651 2291 3706 vidualem
2326 3651 2608 3719 amplexa,
2647 3650 2875 3718 turpiter
2930 3658 3192 3717 potestate
3241 3649 3430 3710 abusa,

1878 3742 2109 3811 seipsam
2132 3741 2269 3810 gula:
2302 3740 2633 3809 luxuriaeque
2659 3741 3018 3810 mancipavit;
3058 3742 3191 3795 nihil
3238 3743 3440 3795 habens

1877 3848 1985 3901 quo
2011 3834 2249 3901 placeret
2272 3832 2400 3901 Deo,
2432 3834 2524 3888 sed
2552 3834 2783 3903 seipsam
2814 3833 2987 3887 instar
3025 3848 3310 3901 porcorum
3343 3848 3439 3888 vo-

1878 3923 2054 3980 lutans
2088 3927 2137 3979 in
2193 3926 2417 3981 luxuria:
2471 3939 2651 3980 emno.
2714 3924 2954 3978 Tandem
2994 3923 3196 3993 itaque,
3224 3925 3439 3992 dispen-

1875 4028 2030 4071 sante
2066 4016 2195 4082 Deo,
2246 4016 2509 4070 immensa
2538 4032 2633 4070 sua
2665 4027 2890 4084 peccata
2932 4014 3113 4069 animo
3166 4026 3437 4085 repetens.

1877 4116 2161 4175 menteque
2216 4105 2430 4160 coalitos
2485 4104 2772 4170 illustrata,
2807 4112 2968 4175 atque
3004 4103 3227 4158 seorsim
3280 4106 3439 4159 tacite

1877 4208 2062 4264 agens,
2093 4208 2317 4263 pensare
2366 4195 2531 4263 capit
2560 4194 2953 4250 multitudinem
2994 4208 3213 4249 suorum
3244 4209 3437 4263 pecca-

1878 4296 2051 4339 torum
2077 4302 2091 4339 :
2122 4286 2360 4355 dixitque
2384 4285 2801 4341 lamentabiliter
2824 4287 3075 4356 plorans:
3114 4304 3133 4337 ι
3161 4284 3273 4339 Heu
3302 4286 3317 4339 l
3355 4300 3439 4339 me

1873 4380 2233 4447 peccatricem
2253 4387 2306 4433 et
2328 4377 2656 4434 luxuriosam
2686 4380 2699 4432 l
2732 4378 2999 4447 quomodo
3020 4378 3279 4431 immensa
3317 4393 3436 4445 qua:

1876 4469 2090 4538 peccavi
2140 4470 2440 4523 confitebor
2482 4478 2535 4521 et
2562 4468 2789 4538 expiabo
2816 4467 2839 4521 1
2867 4467 3145 4539 Templum
3193 4468 3435 4539 Spiritus

212 4552 287 4607 les
320 4553 470 4609 viros
499 4594 514 4620 ,
555 4555 794 4625 quinque
822 4570 1072 4621 numero,
1107 4574 1175 4613 ex
1224 4559 1421 4630 quibus
1480 4580 1616 4619 unus
1660 4582 1768 4620 retu
1810 4583 1850 4635 ι)
1880 4560 2049 4613 sancti
2078 4560 2272 4627 pollui;
2304 4560 2636 4614 habitantem
2669 4560 2722 4613 in
2750 4574 2974 4628 corpore
3005 4560 3239 4614 animam
3292 4564 3437 4616 eoin.

210 4650 377 4714 probe
409 4657 601 4712 norat;
633 4647 794 4703 etiam
818 4649 1000 4717 ipsein
1026 4660 1212 4705 sancta
1236 4652 1463 4708 ecclesia
1492 4654 1766 4712 dormivit.

210 4736 366 4791 Circa
390 4738 621 4792 mediam
655 4752 832 4794 autem
864 4752 1076 4796 noctem
1114 4741 1234 4797 illos
1259 4744 1531 4799 suscitans
1566 4762 1592 4799 a
1624 4762 1765 4803 som-

212 4844 277 4883 no
306 4831 421 4883 ait:
472 4849 491 4881 ι
522 4831 659 4897 Quid
696 4834 892 4887 videtis
932 4838 1076 4889 circa
1109 4834 1328 4890 fratrem
1376 4853 1551 4890 meum
1581 4839 1604 4891 ἵ
1639 4858 1657 4891 ι
1708 4843 1772 4893 At

210 4922 327 4976 illi:
370 4940 391 4973 I
439 4921 694 4977 Videmus
754 4941 948 4978 novum
1017 4928 1354 4982 miraculum.
1401 4947 1419 4980 ι
1464 4928 1554 4982 llle
1601 4947 1767 4987 vero:

216 5032 233 5064 ι
296 5015 579 5081 Quodnam
641 5016 813 5070 illud?
854 5037 871 5070 ι
930 5017 1384 5087 Responderunt:
1430 5038 1449 5071 t
1522 5021 1771 5079 Videmus

212 5108 451 5179 angelos,
482 5106 802 5163 ventilantes
836 5108 1031 5163 lectum
1061 5110 1176 5177 ejus
1202 5111 1603 5181 inculpabilcm.
1633 5132 1651 5165 ι
1679 5116 1769 5169 Ait

210 5214 389 5253 autem
422 5207 644 5255 sanctus
676 5198 834 5253 Pater
862 5210 1046 5255 noster
1074 5200 1305 5257 Basilius
1335 5221 1349 5257 :
1388 5221 1407 5255 ι
1437 5202 1649 5261 Nemini
1688 5209 1768 5261 di-

215 5291 407 5345 xeritis
434 5291 578 5361 quod
606 5291 836 5346 vidistis.
872 5310 889 5342 ι

278 5380 537 5452 Sequenti
559 5398 689 5438 vero
716 5398 872 5437 mane
902 5385 1134 5439 reversis
1168 5387 1321 5442 nobis
1343 5390 1408 5442 ad
1434 5391 1762 5460 episcopum,

211 5474 387 5529 dixit:
432 5494 450 5527 ε
496 5471 729 5545 Tempus
759 5487 863 5539 est,
895 5478 1109 5531 domina
1162 5479 1233 5531 mi
1278 5493 1492 5547 sponsa,
1527 5498 1616 5533 st-u
1669 5498 1757 5549 p0-

213 5566 313 5620 tius
339 5566 564 5631 Christi,
602 5580 658 5620 ut
688 5571 826 5636 quod
853 5570 1113 5640 quaeritur
1169 5570 1222 5623 in
1277 5571 1448 5631 palam
1481 5572 1591 5625 fiat.
1629 5593 1646 5625 ι
1698 5576 1765 5628 At

278 5721 353 5771 και
382 5720 546 5758 mare.
585 5718 693 5763 xiv,
722 5702 810 5761 id.

281 5773 350 5889 (to?
382 5773 518 5828 Psal.
556 5788 639 5835 ιι..
663 5773 716 5828 3.

281 5853 325 5889 tr
370 5844 556 5889 Μηιιιι,
597 5845 716 5889 1L!

280 5844 343 5914 (Γ)
369 5844 558 5900 Matth.
597 5860 674 5908 ιι,
699 5845 729 5899 8

1880 4650 2095 4716 qoinavi
2128 4668 2140 4701 :
2174 4650 2284 4703 lleu
2309 4666 2393 4704 me
2423 4651 2437 4702 l
2473 4649 2708 4719 proiecta
2744 4666 2883 4703 sum.
2918 4650 3051 4702 Nunt
3104 4651 3241 4703 sicut
3272 4663 3435 4701 mere-

1875 4741 1976 4790 trix
1999 4738 2086 4791 illa
2103 4740 2276 4791 dicam
2305 4759 2317 4794 :
2342 4758 2361 4791 ι
2374 4738 2629 4793 Miserere
2644 4738 2801 4793 mei?»
2822 4748 2913 4791 aut
2928 4738 3064 4792 sicut
3079 4737 3398 4793 Publicanus
3419 4756 3433 4792 :

1879 4850 1895 4880 ι
1945 4829 2194 4893 Peccavi,
2233 4848 2252 4881 ι
2287 4846 2408 4884 cum
2440 4834 2734 4901 praesertim
2783 4840 2900 4900 post
2936 4830 3257 4900 baptismum
3313 4845 3435 4899 pec-

1873 4925 2112 4979 caverim
2141 4924 2165 4977 2
2206 4912 2311 4990 Qui
2335 4939 2462 4978 vero
2496 4926 2697 4978 certior
2720 4922 2841 4978 ﬁam
2863 4965 2878 4987 ,
2916 4924 3055 4992 quod
3087 4922 3228 4975 Deos
3260 4923 3433 4991 patui-

1876 5024 2069 5066 tentem
2134 5014 2437 5081 suscipiet?
2482 5034 2500 5065 r
2558 5012 2681 5067 llam
2734 5029 2892 5082 porro
2937 5016 3066 5082 ‘ipsa
3121 5013 3430 5081 cogitante,

1873 5108 1917 5161 is
1971 5108 2062 5176 qui
2120 5108 2223 5159 vult
2281 5122 2456 5159 omnes
2503 5110 2668 5159 salvos
2725 5106 2839 5174 ﬁeri
2893 5116 2939 5159 et
3001 5105 3069 5158 ad
3113 5106 3431 5174 agnitionem

1871 5199 2097 5251 veritatis
2156 5198 2329 5251 venire
2375 5197 2468 5269 (ι),
2524 5208 2580 5253 et
2634 5200 2902 5252 neminem
2954 5198 3064 5250 vult
3106 5198 3321 5264 perire,
3378 5197 3429 5248 iu

1870 5290 2185 5344 memoriam
2216 5290 2265 5343 ei
2298 5299 2531 5353 revocat,
2566 5303 2685 5358 qua:
2719 5303 2747 5340 a
2776 5288 3056 5357 juventute
3078 5286 3380 5356 deliquerat
3414 5302 3427 5339 :

1868 5378 2190 5447 sedensque,
2219 5394 2315 5433 sua
2364 5379 2552 5449 ipsius,
2587 5395 2616 5432 a
2650 5378 2876 5445 juvenili
2930 5382 3171 5446 adusque
3201 5374 3426 5430 senilem

1872 5481 2107 5535 :etatem,
2169 5480 2389 5539 peccata
2439 5471 2655 5539 scripsit
2708 5472 2759 5523 in
2808 5471 2992 5525 charta
3032 5467 3427 5523 :novissimom

1870 5569 2050 5614 autem
2087 5561 2325 5631 scripsit,
2352 5561 2495 5630 quod
2535 5560 2749 5615 dicebat
2802 5575 3054 5629 magnum
3104 5565 3429 5628 peccatum;

1943 5721 2157 5781 td)Act.
2195 5736 2268 5780 Ix,
2307 5720 2391 5771 15.

1944 5786 2061 5859 te)l
2092 5786 2209 5842 Tito
2248 5804 2306 5853 It,
2334 5790 2386 5841 ι.
