4212 6486
790 416 968 465 ᾂεειιν

2131 415 2653 473 PROLEGOIIENA.

786 524 1138 595 cbartamque
1172 524 1318 581 bulla
1342 525 1592 597 plumbea
1623 526 1931 601 obsignavit
1960 529 2096 599 (59).
2119 530 2345 605 Captato
2373 535 2420 592 Α
2448 534 2589 589 inter
2616 549 2803 591 omnes
2832 536 3017 591 Patres
3050 535 3349 604 celebrem,
3373 536 3606 606 Ephrem
3630 535 3743 609 (6|)
3777 538 4014 596 nomine.

784 622 961 670 autem
993 626 1291 685 Opportuno
1327 627 1589 689 tempore,
1616 632 1742 675 cum
1769 628 1993 677 sanctus
2020 618 2255 681 Basilius
2281 624 2345 677 ad

783 720 972 773 preces
998 706 1189 763 solitas
1238 709 1291 763 in
1335 710 1622 767 ecclesiam
1669 712 2147 783 proficisceretur,
2208 717 2344 774 clam

781 812 1119 866 pra-currens
1162 798 1230 853 ad
1277 800 1440 869 pedes
1472 802 1589 872 ejus
1610 802 1853 859 chartam
1879 804 2107 873 proiecit
2143 828 2155 862 :
2186 821 2348 878 seque

781 889 834 942 in
860 887 1053 945 faciem
1084 891 1151 946 ad
1188 891 1354 962 ipsius
1379 894 1542 962 pedes
1574 894 1808 966 iactans,
1842 895 2341 957 clamabatdicens:

785 1000 804 1031 s
841 978 1094 1037 Miserere
1118 982 1244 1048 mei,
1274 994 1461 1040 sancte
1491 984 1607 1051 Dei,
1650 1004 1769 1058 qua:
1811 1003 1974 1057 supra
2008 1004 2195 1046 omnes
2227 1006 2344 1046 sum

780 1074 1073 1143 peccatrix.
1110 1093 1130 1125 ι
1166 1074 1330 1131 Stans
1359 1086 1537 1131 autem
1567 1079 1754 1135 beatus
1782 1078 1871 1135 ille
1908 1081 2111 1139 Christi
2171 1082 2346 1137 famu-

781 1163 885 1231 lus,
910 1166 976 1220 ab
1007 1178 1066 1218 ea
1094 1167 1439 1236 perquirehat
1464 1182 1684 1224 causam
1714 1172 2030 1236 gemituum.
2059 1169 2194 1226 Tum
2218 1174 2302 1227 illa
2330 1191 2341 1226 :

785 1275 804 1308 ι
836 1255 994 1319 Ecce,
1038 1256 1275 1324 domine,
1309 1274 1425 1315 mea
1464 1261 1642 1315 omnia
1673 1273 1894 1331 peccata
1934 1273 1989 1318 et
2034 1266 2265 1320 crimina
2292 1268 2342 1320 in

780 1345 963 1401 charta
1012 1346 1114 1404 hac
1146 1349 1380 1419 scripsi,
1430 1361 1483 1404 et
1511 1352 1820 1423 obsignavi:
1852 1366 1904 1409 tu
1941 1369 2091 1420 vero,
2142 1370 2328 1415 sancte

781 1437 897 1502 Dei,
927 1451 993 1493 ne
1022 1441 1355 1512 signaculum
1393 1442 1701 1515 bullamque
1731 1447 1991 1513 moveris;
2042 1450 2138 1505 sed
2196 1453 2329 1506 solis

780 1529 1029 1597 precibus
1053 1548 1114 1587 ea
1143 1531 1523 1603 dele(60).Qui
1545 1538 1686 1591 enim
1722 1536 1859 1591 hanc
1894 1540 2021 1594 mihi
2056 1544 2338 1612 cogitatio-

780 1637 901 1676 nem
929 1623 1091 1686 dedit,
1106 1621 1263 1693 plane
1278 1625 1528 1682 obaudiet
1549 1641 1645 1697 pro
1673 1642 1757 1682 me
1782 1642 2050 1687 orantem.
2082 1632 2341 1702 sMagnus

775 1725 935 1779 porro
963 1710 1190 1769 Basilius
1209 1715 1448 1769 chartam
1488 1717 1724 1781 elevans,
1758 1728 1813 1774 et
1840 1722 2106 1790 aspiciens
2138 1724 2189 1777 in
2215 1739 2332 1779 ete-

776 1805 894 1857 luirr
918 1805 1029 1861 ait;
1071 1826 1090 1859 ε
1128 1805 1327 1869 Tuum,
1365 1804 1612 1874 Domine,
1661 1809 1828 1866 solius
1860 1823 1942 1869 est
1975 1829 2109 1883 opus
2154 1815 2337 1874 istud:

772 1898 863 1965 qui
916 1899 1058 1952 enim
1107 1900 1247 1952 tollis
1301 1908 1581 1966 peccatum
1614 1904 2085 1969 mundi,facilius
2112 1924 2334 1982 quoque

773 1991 932 2043 unius
962 1989 1121 2057 hujus
1151 1991 1347 2047 animae
1382 1994 1612 2049 crimina
1652 1996 1951 2053 deleveris:
1984 2003 2164 2059 omnia
2186 2007 2337 2077 quip-

770 2098 837 2154 pe
873 2094 1056 2139 nostra
1085 2086 1278 2139 delicta
1305 2087 1445 2156 apud
1472 2095 1523 2140 te
1568 2098 1852 2145 numerata
1882 2102 2007 2148 sunt
2033 2114 2047 2151 :
2072 2107 2160 2152 tua
2206 2114 2335 2156 vero

770 2175 1139 2231 misericordia
1171 2178 1433 2231 immensa
1466 2187 1569 2240 est,
1619 2191 1687 2233 .et
1741 2181 2264 2256 impervestigahilis.
2310 2211 2328 2244 ι

769 2265 865 2321 llis
896 2275 1074 2319 autem
1108 2265 1268 2321 dictis
1300 2308 1316 2332 ,
1372 2268 1646 2339 ingressus
1673 2282 1757 2328 est
1786 2276 2071 2331 ecclesiam
2091 2319 2105 2343 ,
2146 2290 2334 2337 tenens

766 2360 1007 2412 chartam
1041 2399 1057 2423 ,
1093 2372 1259 2429 seque
1310 2359 1524 2429 iactans
1578 2379 1760 2419 coram
1795 2365 1950 2422 altari
1977 2406 1992 2430 ,
2022 2377 2187 2424 totam
2243 2388 2332 2428 no-

766 2462 904 2505 ctem
960 2450 1281 2521 pervigilem
1338 2452 1391 2506 in
1447 2457 1697 2523 precibus
1724 2456 1861 2526 egit;
1916 2458 2080 2526 inque
2132 2465 2332 2518 crasti-

767 2561 919 2608 num,
966 2558 1061 2615 per
1092 2552 1201 2599 tota
1236 2544 1523 2598 missarum
1557 2545 1818 2603 solemnia
1839 2590 1853 2612 ,
1884 2549 2053 2606 Deum
2078 2554 2331 2612 obnixius

765 2638 961 2691 oravit.

833 2728 960 2784 Post
1012 2731 1206 2783 factam
1249 2741 1426 2786 autem
1448 2731 1779 2797 missionem,
1816 2738 2099 2793 accersivit
2130 2741 2323 2797 mulie-

764 2836 904 2880 rem:
942 2822 1263 2881 tradensque
1288 2823 1553 2885 chartam,
1590 2827 1664 2877 ait
1704 2840 1719 2878 :
1764 2846 1783 2879 ο
1814 2828 2081 2885 Audistin‘
2112 2833 2325 2899 mulier,

760 2914 905 2983 quod
968 2929 1123 2967 nemo
1180 2912 1349 2982 possit
1405 2924 1620 2983 peccata
1683 2916 1975 2983 dimittere,
2027 2923 2129 2977 nisi
2181 2925 2327 2979 solus

764 3006 934 3058 Doris?
972 3024 991 3056 s
1046 3005 1135 3059 Ait
1168 3003 1296 3060 illa:
1340 3020 1359 3055 ο
1402 3004 1622 3072 Audivi,
1671 3005 1851 3075 Pater,
1905 3019 2063 3080 teque
2114 3014 2233 3069 ideo
2257 3019 2325 3073 ad

764 3095 1200 3152 intercedendum
1246 3097 1388 3165 apud
1430 3096 1988 3155 misericordissimum
2024 3103 2189 3158 Deum
2221 3105 2325 3161 sol.

2453 623 2588 680 Huic
2635 628 2787 683 trade
2815 628 3083 691 chartam,
3118 628 3267 699 isque
3317 627 3518 692 orabit,
3545 641 3600 684 et
3640 628 3803 685 Deum
3837 631 3989 700 propi

2452 716 2582 772 tium
2618 719 2710 774 tibi
2736 718 2917 776 faciet.
2953 739 2972 771 s

2518 809 2590 865 At
2613 811 2695 864 illa
2730 810 3032 868 valedicens
3065 822 3270 877 sancto,
3300 811 3535 869 cucurrit
3564 815 3630 868 ad
3674 817 3949 872 desertum
3989 829 4005 866 :

2449 899 2802 969 confectoque
2834 901 2989 971 longo
3012 903 3219 964 itinere.
3255 904 3496 972 pervenit
3526 904 3593 957 ad
3621 914 4007 973 praemonstra-

2451 1003 2561 1046 tmn
2611 994 2783 1049 locum
2828 998 3004 1065 magni
3063 994 3206 1049 illius
3242 996 3521 1063 eremitze;
3565 994 3897 1069 pulsansque
3952 995 4017 1051 ad

2442 1084 2665 1152 januam
2691 1084 2961 1139 clamabat
2990 1088 3177 1143 dicens
3226 1104 3239 1142 :
3282 1105 3301 1139 ι
3348 1084 3604 1142 Miserere
3648 1088 3776 1152 mei,
3828 1099 4020 1146 sancte

2450 1178 2563 1234 Dei.
2604 1198 2622 1232 ι
2659 1178 2748 1233 Ille
2778 1177 3034 1246 praescius
3076 1180 3265 1249 spiritu
3304 1193 3464 1250 quam
3495 1177 3564 1231 ob
3589 1192 3808 1234 causam
3842 1182 4022 1237 venis-

2446 1278 2549 1335 set,
2583 1271 2660 1325 ait
2683 1268 2756 1325 illi
2786 1287 2797 1323 :
2840 1286 2859 1320 ι
2892 1266 2989 1322 Exi
3022 1284 3051 1321 a
3077 1285 3181 1334 me,
3220 1271 3437 1337 mulier,
3471 1272 3595 1341 quia
3627 1270 3789 1326 homo
3819 1290 4017 1343 pecca-

2447 1371 2532 1414 tor
2556 1377 2697 1428 sum,
2725 1360 2971 1430 indigens
2999 1369 3055 1412 et
3089 1359 3202 1429 ipse
3232 1362 3525 1431 adjutorio.
3562 1380 3582 1415 s
3619 1360 3689 1414 At
3715 1361 3803 1415 illa
3835 1364 4016 1433 jacta-

2447 1453 2521 1506 vit
2540 1454 2807 1518 chartam,
2833 1453 3015 1506 dicens
3045 1474 3057 1505 ι
3090 1469 3108 1501 ι
3138 1449 3275 1505 Misit
3300 1466 3384 1506 me
3412 1455 3479 1507 ad
3503 1464 3555 1509 te
3576 1454 4017 1527 archiepiscopus

2443 1542 2696 1609 Basilius,
2726 1552 2785 1597 ut
2814 1543 2978 1597 Deum
3006 1558 3102 1613 pro
3124 1557 3207 1595 me
3234 1543 3562 1614 depreceris,
3600 1560 3707 1615 quo
3730 1558 4013 1615 peccatum

2445 1638 2498 1693 in
2519 1640 2707 1694 charta
2731 1637 2963 1707 positum
3004 1641 3247 1695 deleatur
3280 1654 3295 1693 :
3329 1637 3524 1693 delevit
3548 1637 3853 1707 enim,ipsa
3887 1653 4014 1706 pre.

2442 1740 2616 1797 catus,
2644 1728 2873 1799 reliqua.
2910 1729 2989 1786 Tu
3018 1746 3146 1786 vero
3179 1745 3245 1785 ne
3292 1727 3569 1801 pigriteris
3609 1744 3706 1799 pro
3734 1728 3897 1785 unico
3947 1730 4014 1784 ad

2449 1824 2612 1879 Deum
2641 1821 3000 1887 intercedere,
3025 1823 3291 1891 siquidem
3314 1823 3381 1877 ad
3409 1833 3459 1878 te
3489 1822 3650 1877 missa
3678 1820 4015 1876 sumaTun¢

2446 1916 2511 1968 ad
2542 1928 2661 1968 eam
2690 1924 2910 1969 sanctus
2949 1914 3041 1968 Dei
3072 1930 3087 1966 :
3125 1931 3143 1963 α
3177 1911 3274 1978 Ne,
3322 1913 3454 1976 filia,
3486 1929 3554 1968 ne
3584 1914 3657 1969 ita
3689 1931 3704 1968 :
3737 1914 3831 1984 qui
3867 1913 4013 1968 enim

2444 2020 2540 2077 pro
2568 2004 2753 2061 multis
2777 2006 2880 2060 illis
2909 2005 3147 2076 peccatis
3175 2002 3343 2071 potuit
3375 2003 3539 2059 Deum
3578 2004 3793 2074 placare
3812 2046 3828 2072 ,
3847 2005 4013 2061 etiam

2444 2113 2541 2168 pro
2593 2112 2701 2153 uno
2739 2099 2879 2167 quod
2926 2105 3166 2162 superat,
3209 2092 3419 2149 facilius
3456 2110 3619 2159 quam
3658 2112 3758 2167 ego
3788 2098 4009 2166 poterit.

2443 2189 2592 2244 Vade
2626 2204 2777 2260 ergo,
2815 2204 2880 2242 ne
2919 2187 3239 2251 tardaveris,
3291 2194 3350 2240 ut
3382 2188 3663 2257 pervenias
3695 2187 3761 2240 ad
3808 2188 4010 2258 ipsum,

2442 2284 2755 2354 priusquam
2804 2296 2833 2335 a
2883 2294 3110 2351 corpore
3158 2280 3486 2353 migraverit.
3519 2296 3538 2331 s
3584 2278 3675 2334 llla
3701 2279 4012 2337 valedicens

2442 2387 2657 2440 sancto,
2694 2374 2854 2430 rediit
2901 2372 3224 2431 Caesaream.
3275 2374 3517 2445 Cumque
3546 2374 3927 2445 ingrederetur
3954 2375 4007 2429 in

2438 2470 2712 2525 civitatem
2736 2508 2750 2532 ,
2774 2467 3207 2523 occurritsancti
3243 2466 3425 2522 Basilii
3455 2468 3692 2535 corpori,
3721 2467 3864 2533 quod
3878 2464 4009 2521 elle-

2440 2561 2661 2618 rebatttr
2695 2581 2707 2615 :
2739 2575 2914 2632 eoque
2943 2561 3059 2617 viso
3082 2573 3140 2613 se
3168 2558 3221 2612 in
3251 2568 3449 2613 terram
3468 2558 3681 2628 jactare
3696 2559 3888 2625 cmpit;
3919 2572 4006 2623 ac,

2437 2658 2585 2712 velut
2634 2665 2881 2711 sanetunt
2930 2653 2983 2708 in
3029 2650 3117 2721 jus
3162 2659 3419 2716 vocaret,
3462 2649 3598 2704 dixit
3633 2668 3645 2704 :
3680 2666 3699 2700 ι
3752 2648 3865 2704 Heu
3895 2664 4005 2714 me,

2436 2760 2623 2806 sancte
2650 2749 2767 2804 Dei.
2802 2746 3002 2801 idcirco
3035 2758 3120 2798 me
3148 2743 3199 2796 in
3222 2742 3494 2797 desertum
3525 2739 3743 2807 misisti,
3772 2750 3833 2795 ut
3864 2740 4008 2797 liber

2435 2859 2463 2897 a
2490 2840 2733 2895 molestia
2782 2833 3205 2907 proﬁciscereris
3238 2850 3254 2887 :
3291 2841 3346 2888 et
3374 2846 3523 2898 ecce,
3558 2847 3617 2889 re
3642 2832 3863 2897 inlecta,
3894 2844 4004 2891 tarn

2435 2936 2699 2988 immenso
2759 2928 2954 2984 itinere
3006 2924 3207 2981 frustra
3270 2924 3539 2993 confecto,
3600 2926 3753 2981 redii.
3812 2926 4007 2983 Videat

2434 3024 2595 3087 Deus,
2624 3032 2677 3078 et
2694 3018 2900 3090 iudicet
2928 3018 3067 3075 inter
3105 3035 3189 3073 me
3222 3027 3276 3073 et
3308 3027 3357 3072 te
3390 3032 3405 3070 :
3440 3018 3726 3087 quodcum
3758 3017 3873 3087 ipse
3903 3031 4003 3085 po-

2432 3119 2630 3172 tuisses
2690 3115 2857 3169 Deum
2916 3112 3209 3181 propitium
3248 3110 3446 3173 facere,
3481 3124 3566 3163 me
3614 3108 3881 3163 direxeris
3933 3106 4003 3163 ad

762 3188 985 3245 licitavi.
1030 3209 1051 3243 s
1092 3190 1265 3259 Atque
1325 3190 1407 3243 his
1454 3191 1637 3257 dictis,
1684 3192 1926 3248 chartam
1980 3198 2207 3266 aperuit,
2242 3208 2324 3256 to-
2356 3236 2397 3291 ϐ

2356 3236 2397 3291 C
2436 3212 2617 3267 alium.
2630 3206 2753 3263 illis
2767 3218 2887 3260 cum
2907 3203 3137 3255 clamore
3154 3200 3559 3268 dictis,projecit
3578 3199 3821 3291 chartam
3839 3212 4003 3269 super

762 3291 978 3349 tamque
1010 3279 1241 3333 deletam
1275 3281 1484 3336 invenit
1528 3301 1542 3336 :
1572 3297 1883 3351 quanquam
1923 3302 2025 3342 non
2059 3301 2326 3359 expuncto

758 3370 975 3438 grandis
1004 3369 1144 3425 illius
1200 3370 1403 3440 peccati
1468 3370 1701 3441 piaculo.
1737 3370 1938 3429 Videas
1978 3388 2157 3432 autem
2212 3382 2322 3450 illa,

757 3460 995 3516 concidit
1013 3462 1213 3526 animo,
1247 3464 1585 3533 tundensque
1611 3474 1797 3532 pectus
1829 3467 2094 3532 manibus,
2120 3474 2326 3528 corruit

758 3556 823 3606 ad
855 3555 1017 3623 pedes
1050 3554 1184 3622 ejus,
1208 3568 1327 3608 cum
1354 3554 1593 3610 clamore
1615 3556 1833 3610 dicens:
1869 3576 1887 3607 ι
1916 3558 2166 3617 Miserere
2196 3566 2321 3629 mei,

756 3658 914 3699 serve
946 3643 1035 3697 Dei
1061 3644 1306 3698 altissimi
1339 3663 1353 3699 :
1396 3655 1452 3697 et
1484 3662 1588 3715 qua
1628 3648 1839 3702 ratione
1888 3665 1983 3717 pro
2023 3654 2159 3708 meis
2204 3670 2323 3710 om-

756 3737 913 3791 nibus
944 3736 1181 3806 peccatis
1217 3737 1535 3799 decertasti,
1571 3753 1635 3793 ac
1686 3738 1827 3794 fuisti
1882 3744 2191 3812 exauditus,
2222 3762 2317 3802 ea-

752 3830 875 3884 dem
909 3843 1129 3900 queque
1157 3842 1254 3899 pro
1303 3830 1407 3883 isto
1450 3830 1717 3899 supplies.
1769 3832 2033 3903 planeque
2068 3838 2323 3896 oblitera-

756 3920 923 3975 hitur.
967 3938 985 3971 ι
1022 3917 1376 3990 Lacrymatus
1422 3934 1549 3974 vero
1587 3925 2083 3983 commisrrationis
2127 3927 2321 3985 allec-lu

756 4012 1215 4082 archiepiscopus,
1252 4011 1426 4065 dixit:
1473 4031 1491 4065 ι
1526 4012 1721 4084 Surge,
1747 4016 1957 4081 mulier,
1989 4034 2112 4075 nam
2139 4031 2194 4079 et
2224 4036 2325 4094 ego

758 4109 918 4161 homo
945 4116 1196 4174 peccator
1222 4120 1365 4168 sum,
1419 4108 1509 4173 qui
1544 4114 1596 4159 et
1642 4106 1757 4174 ipse
1816 4109 2146 4179 indulgentia
2181 4114 2323 4167 indi-

754 4211 929 4265 geam.
962 4196 1062 4263 Qui
1092 4195 1288 4249 delevit
1318 4205 1543 4265 peccata
1572 4204 1835 4266 tua,quot
1884 4201 2049 4253 voluit
2086 4202 2319 4270 delevit;

755 4290 1059 4351 potestque,
1084 4282 1175 4351 qui
1204 4282 1386 4336 mundi
1425 4292 1704 4352 peccatum
1744 4284 1905 4351 tollit,
1947 4290 2112 4342 etiam
2150 4292 2251 4346 hoc
2288 4308 2318 4345 a

754 4383 807 4427 te
827 4382 1104 4443 peccatum
1139 4374 1344 4428 tollere.
1383 4371 1441 4427 Si
1473 4374 1631 4428 modo
1657 4376 1907 4446 deinceps
1936 4386 2033 4433 tea
2087 4390 2315 4449 peccato

752 4463 1103 4529 continueris,
1125 4465 1345 4535 viasque
1372 4463 1577 4520 Domini
1598 4467 1982 4535 ambulaveris,
2017 4485 2123 4524 non
2145 4471 2316 4529 solum

2426 3302 2697 3371 capulum,
2764 3311 2876 3351 rem
2910 3292 3213 3348 minutatim
3243 3291 3493 3346 universa
3519 3290 3715 3361 populo
3743 3304 3998 3347 narrans.

2424 3390 2595 3444 Porro
2625 3400 2764 3441 unus
2782 3383 2849 3439 de
2869 3383 3037 3446 clero,
3068 3381 3209 3436 scire
3238 3379 3420 3435 volens
3444 3395 3605 3452 quam
3632 3379 3836 3448 grande
3855 3388 4003 3436 esset

2424 3478 2555 3534 illud
2590 3485 2895 3547 peccatum,
2930 3473 3148 3528 sustulit
3194 3474 3476 3539 chartam;
3521 3481 3892 3543 apertamque,
3919 3483 4000 3527 to-

2426 3582 2533 3627 tam
2573 3567 2802 3625 deletam
2856 3565 3092 3629 invenit;
3139 3579 3204 3618 ac
3234 3579 3364 3617 voce
3398 3579 3589 3632 magna
3639 3563 3897 3618 clamavit
3928 3562 3997 3617 ad

2425 3662 2701 3725 feminam,
2754 3657 2977 3711 dicens:
3018 3673 3037 3705 ι
3078 3653 3123 3709 0
3158 3653 3368 3716 mulier,
3404 3655 3597 3705 munda
3621 3660 3705 3707 est
3732 3654 3921 3707 charta
3943 3659 3998 3707 et

2423 3760 2714 3822 expuncta.
2750 3747 2889 3815 Quid
2923 3759 3074 3810 vero,
3116 3744 3207 3798 Dei
3246 3744 3298 3798 in
3344 3753 3395 3798 te
3445 3743 3861 3799 inenarrabilem
3890 3745 3993 3799 mi-

2422 3842 2773 3899 sericordiam
2796 3838 3074 3909 ignorans,
3112 3834 3403 3906 allligeris?
3433 3852 3453 3887 ›
3479 3832 3604 3888 Viso
3633 3836 3818 3905 itaque
3846 3835 3986 3891 insi-

2423 3936 2511 4007 gni
2553 3934 2832 3998 miraculo,
2862 3931 3084 4001 pepulus
3112 3929 3395 3985 universus
3431 3929 3594 3983 Deum
3629 3928 3978 3999 gloriﬁcavit,

2423 4028 2516 4100 qui
2551 4027 2606 4084 in
2640 4038 2782 4083 terra
2829 4030 3151 4096 potestatem
3186 4022 3348 4077 habet
3381 4022 3681 4076 dimittendi
3727 4033 3944 4092 peccata
3975 4040 3991 4079 :

2426 4121 2621 4190 quippe
2677 4130 2877 4172 tantam
2944 4115 3117 4172 servis
3152 4114 3265 4169 suis
3314 4115 3583 4169 concessit
3636 4116 3888 4184 gratiam,
3937 4124 3993 4169 ut

2423 4214 2585 4266 etiam
2618 4219 2736 4278 post
2771 4218 2999 4261 mortem
3049 4206 3360 4275 languorem
3388 4218 3603 4259 onmem
3643 4214 3838 4260 sanent
3877 4222 3992 4260 om-

2422 4319 2653 4373 nemque
2691 4304 3049 4359 debilitatem,
3076 4300 3205 4366 quin
3236 4298 3399 4354 etiam
3428 4307 3484 4351 ut
3511 4309 3723 4367 peccata
3763 4300 3992 4354 fideliter

2421 4395 2791 4453 accedentium
2830 4392 3125 4445 remittant.

2492 4485 2714 4554 loseph,
2738 4492 2999 4551 prtestans
3028 4480 3219 4549 peritia
3253 4479 3388 4536 artis
3405 4479 3646 4544 medicae,
3680 4480 3835 4535 valde
3860 4496 3989 4551 pro-

755 4554 1103 4623 consequeris
1123 4556 1358 4621 veniam,
1382 4571 1564 4610 verum
1594 4558 1754 4611 etiam
1785 4557 1950 4626 gloria
1976 4560 2311 4630 dignaberis.
2347 4570 2393 4629 ι)
2423 4580 2579 4633 huius
2639 4577 2923 4644 clarusque
2972 4575 3021 4627 in
3066 4573 3149 4627 illa
3204 4570 3323 4637 fuit,
3376 4586 3640 4627 summam
3696 4574 3986 4643 quamdam

754 4640 902 4701 Vade
931 4648 1131 4717 ergoin
1158 4650 1453 4715 desertum,
1474 4649 1829 4721 inveniesque
1856 4652 2028 4707 virum
2049 4664 2315 4722 sanctum,

806 4840 917 4920 (59)
932 4839 1119 4920 Grece
1137 4844 1369 4918 μολίϐδῳ
1386 4848 1717 4920 secubitus“
1737 4865 1750 4900 :
1778 4848 2022 4920 «plumbo
2039 4852 2281 4920 bullavit,
2293 4874 2311 4908 ι

752 4912 978 4989 verbum
994 4912 1279 4989 barbarum
1300 4912 1460 4989 medii
1484 4919 1603 4983 aevi,
1623 4934 1731 4988 quo
1747 4912 2171 4989 Amphilochius,
2196 4912 2290 4979 erit
2304 4954 2319 4967 ο

753 4980 899 5053 dirus
938 4979 1126 5039 (ἕνεκα
1177 4984 1504 5053 eloquentia.
1542 4979 1762 5043 mitiitue
1803 4979 1933 5045 usus
1979 4979 2194 5048 fuisset.
2251 4992 2318 5050 Et

752 5049 951 5133 fati-Itur
971 5049 1324 5112 Combetlsius
1350 5057 1449 5111 hac
1470 5057 1526 5133 in
1558 5055 1704 5121 Vita,
1734 5058 1964 5133 subinde
1981 5059 2141 5119 verba
2168 5049 2316 5133 ejusé

752 5121 895 5200 modi
938 5136 1255 5191 occurrere;
1287 5127 1555 5200 quomodo
1591 5139 1770 5200 autem
1816 5129 1930 5183 hanc
1962 5132 2140 5200 operis
2164 5121 2317 5190 n'ovi-

755 5199 924 5263 tatem
946 5206 1052 5263 non
1074 5205 1322 5263 arguant,
1351 5204 1411 5250 ut
1442 5196 1581 5249 idem
1622 5200 1717 5259 ait,
1753 5198 1865 5263 ipse
1890 5196 2103 5255 viderit.

824 5260 935 5332 (60)
961 5260 1153 5332 Simile
1182 5262 1385 5319 factum
1418 5266 1657 5320 mulieris
1691 5260 1963 5322 invenitur
1993 5270 2048 5323 iu
2091 5270 2211 5325 Vita
2253 5272 2312 5329 S.

750 5325 976 5412 {cannis
1028 5331 1559 5412 Eleemosynariiﬁi’)
1596 5335 1833 5412 Januarii
1892 5354 2013 5412 cap.
2050 5339 2140 5412 15,
2172 5325 2314 5412 quod

750 5354 976 5386 mannis
1028 5354 1451 5405 nreemosyuartt
1488 5354 1559 5392 τί)
1596 5354 1833 5391 Januartt
1892 5354 2013 5460 car.
2050 5354 2140 5407 1:),
2172 5354 2314 5412 quad

750 5399 935 5481 forsit!)
956 5402 1245 5481 occasione
1269 5406 1499 5481 praebuit
1539 5408 1955 5481 pseudo-Amph]
1980 5410 2164 5481 ochio,
2213 5412 2315 5467 hoc

750 5469 817 5523 de
847 5467 1045 5527 Basilio
1073 5467 1393 5550 miraculum
1417 5467 1887 5550 _conr'r_niniscer_idi'.
1914 5467 2187 5550 Quidquid
2221 5481 2310 5547 sit,

750 5551 897 5596 recte
929 5550 1112 5601 monet
1142 5542 1520 5609 Combellsius,
1552 5544 1749 5599 factum
1787 5546 1924 5601 istud
1944 5542 2314 5605 'non'traheul

747 5608 962 5701 r‘l’umrin
986 5612 1311 5701 exemplum,
1335 5608 1555 5701 quodsi
1587 5616 1759 5701 solum
1784 5617 1837 5669 in
1876 5617 1978 5701 hac
2006 5622 2311 5701 apocrypha

745 5674 952 5756 Basilii
991 5678 1105 5756 Vita
1144 5674 1467 5756 liabet-clm,
1526 5689 1717 5756 merito
1748 5674 2129 5756 computarém
2169 5674 2312 5746 inter

746 5748 1109 5827 pia§_fabulas.
1142 5749 1273 5827 Sed
1293 5756 1434 5827 quod
1461 5768 1491 5809 a
1526 5752 1747 5827 Leontio
1784 5748 2046 5827 scriptum
2075 5759 2310 5815 refertur

750 5819 802 5871 in
840 5820 953 5877 Vita
996 5821 1050 5874 S.
1084 5819 1774 5896 Juartnis'l‘lleeumsytrarii,
1804 5819 1977 5896 pro-ea
2009 5844 2169 5901 quam
2193 5846 2305 5885 me-

2422 4673 2647 4740 adeptns
2674 4684 2741 4723 ex
2772 4667 3013 4737 pulsibus
3054 4664 3245 4734 indicii
3290 4665 3703 4730 certitudiuem;
3739 4678 3797 4719 ut
3843 4667 3988 4724 nullo

2419 4879 2567 4923 retur
2606 4866 2785 4930 tidem.
2838 4874 3019 4936 potest
3081 4864 3316 4933 benigne
3361 4862 3653 4936 explicari;
3685 4862 3731 4917 si
3764 4862 3987 4936 dicatur

2417 4946 2681 5013 Sanctus,_
2721 4932 3022 5013 rmilierem,
3075 4932 3356 5013 peccatum
3382 4932 3625 4988 confiteri
3654 4932 3987 5013 erpbescen-

2422 5021 2550 5071 tem,
2592 5006 2870 5062 induxisse
2897 5014 2955 5060 ut
2982 5006 3185 5074 scripto
3208 5005 3350 5059 istud
3372 5011 3669 5074 exponeret
3688 5003 3983 5069 in'charta,

2418 5077 2601 5156 sigillo
2648 5078 2953 5156 obsignata,
2997 5072 3237 5156 adeoque
3288 5072 3577 5156 anetiiine
3627 5072 3877 5156 legenda,
3919 5090 3985 5129 eo

2416 5141 2660 5215 co'nsilio,
2698 5156 2755 5200 ut
2774 5141 2978 5203 deinde
3004 5141 3361 5215 persuaderet
3381 5141 3984 5215 facilius,permitteret

2416 5212 2702 5271 chartania
2739 5234 2798 5271 se
2836 5216 2953 5271 solo
2974 5214 3167 5283 aperiri
3185 5222 3237 5266 et
3264 5212 3388 5281 legi,
3431 5222 3590 5280 atque
3625 5214 3697 5267 ita
3724 5227 3850 5268 cum
3877 5216 3981 5268 mi-

2420 5288 2533 5341 nori
2572 5287 2947 5341 erubescenda
2982 5295 3259 5353 peccatum
3286 5296 3439 5335 suum
3465 5283 3854 5353 conﬁteretur;
3884 5288 3979 5337 sed

2415 5372 2536 5410 cum
2583 5366 2802 5411 sanctus
2838 5355 2942 5408 vita
2964 5352 3303 5417 excessisset,
3332 5362 3615 5421 antequam
3638 5352 3690 5407 id
3713 5352 3979 5421 perlicere

2413 5434 2618 5493 posset,
2660 5436 2781 5495 post
2818 5436 3039 5495 inertem
3075 5423 3420 5495 apparuerit;
3450 5432 3505 5477 et
3538 5432 3789 5495 tanquam
3816 5422 3977 5495 mini-

2414 5491 2526 5548 ster
2567 5491 2891 5549 sacratttetiti
2928 5493 3385 5546 extraordinarius
3418 5491 3768 5547 conlitentem
3796 5491 3976 5548 absol—

2414 5565 2585 5630 verit;
2627 5574 2790 5633 atque
2830 5565 2882 5616 in
2915 5562 3123 5639 signum
3160 5575 3283 5613 vere
3315 5561 3522 5639 remissi
3542 5562 3778 5630 peccati,
3801 5577 3869 5619 eo
3890 5564 3977 5618 de-

2414 5636 2519 5687 leto
2551 5632 2793 5690 chartam
2821 5632 3132 5686 restituerit.
3354 5632 3368 5639 ’
3728 5664 3738 5669 -

2486 5705 2595 5775 (6|)
2630 5704 2949 5775 S.7l£phrem
2983 5715 3105 5775 ante
3250 5698 3501 5754 Basilium
3529 5708 3801 5758 mortuum
3828 5717 3973 5770 esse,

2414 5770 2832 5844 supradiximus
2871 5788 2932 5826 ex.
2972 5770 3177 5827 meliori
3211 5781 3449 5828 auctore.
3896 5776 3903 5781 ’
