4212 6486
598 439 961 497 ΕΧΩΕΒΡΤΑ
1002 443 1094 500 EX
1139 445 1342 500 ACTIS
1383 446 1439 500 S.
1484 445 1721 499 BASILII
1764 443 2287 498 BOLLANDIANIS.
2327 472 2397 481 —
2438 442 2594 496 VITA
2638 439 3077 497 APOCRYPHA.

3278 450 3442 492 (κων

212 561 416 611 errore,
463 559 591 605 ante
648 556 863 608 tertium
913 557 1230 624 quintumve
1276 558 1437 622 diem,
1482 559 1772 611 morituros
1801 562 1847 616 Α
1882 565 1960 619 ut,
1992 558 2036 610 si
2067 556 2117 609 in
2142 557 2439 609 crastinum
2484 554 2703 617 vixeris,
2740 554 3059 621 baptismum
3096 550 3439 619 suscipiam.»

211 642 513 709 praesciret;
570 656 733 712 utque
783 648 947 702 verbo
986 650 1183 715 dicam,
1231 659 1411 703 tantus
1448 660 1587 711 erat,
1636 660 1774 704 utet

213 731 430 786 .nedicis
454 743 511 786 et
536 736 870 804 philosophis
901 739 1155 793 invidiam
1181 748 1440 793 moveret.
1463 738 1573 795 Deo
1595 748 1773 795 autem

211 818 419 879 adlatus
447 822 609 880 Pater
636 836 844 891 uoster,
871 828 1051 882 divina
1081 828 1377 897 prazsciens
1417 828 1775 883 illustratione

210 912 436 977 quodin
477 928 543 969 eo
589 917 881 983 gerendum
922 926 1077 982 erat,
1109 917 1285 986 ipsum
1333 917 1629 986 impensius
1654 916 1776 969 dili-

211 1005 388 1071 gebat,
412 1006 765 1073 crebriusque
794 1010 860 1062 ad
891 1022 1243 1078 congressum
1272 1009 1529 1073 vocabat;
1575 1011 1777 1065 docens

213 1092 425 1160 planam
481 1098 792 1167 regiamque
839 1099 1082 1154 veritatis
1134 1100 1279 1154 viam
1331 1100 1599 1155 incedere.
1642 1100 1775 1155 Cum

214 1186 393 1256 itaque
416 1202 523 1242 non
567 1204 690 1243 raro
713 1190 1044 1254 hortaretur,
1076 1200 1422 1261 moneretque
1446 1200 1501 1245 ut
1520 1193 1777 1248 abscede-

214 1286 293 1332 ret
333 1294 364 1332 a
408 1280 631 1336 scelesta
692 1282 974 1354 religione,
1028 1284 1411 1355 Christumque
1456 1285 1777 1354 baptismate

211 1384 365 1425 sacro
395 1372 669 1440 indueret;
701 1388 809 1429 non
839 1374 1076 1437 admisit,
1107 1374 1323 1430 dicens:
1362 1392 1381 1427 ι
1416 1376 1472 1430 In
1493 1392 1596 1445 qua
1620 1386 1776 1431 natus

213 1478 329 1517 sum
348 1464 475 1529 ﬁde,
501 1467 552 1519 in
576 1482 637 1519 ea
664 1478 717 1520 et
740 1466 959 1520 moriar.
982 1484 1000 1517 ι
1029 1466 1098 1519 At
1122 1477 1341 1521 sanctus
1370 1467 1459 1522 Dei
1478 1468 1540 1521 ad
1570 1468 1771 1537 ipsum:

217 1574 233 1603 ο
271 1554 594 1613 Persuasum
636 1559 791 1623 habe,
833 1558 1055 1631 Ioseph,
1090 1560 1207 1617 fore
1242 1572 1300 1616 ut
1338 1578 1511 1631 neque
1536 1577 1657 1632 ego,
1687 1579 1779 1618 ne-

212 1662 315 1716 que
350 1657 407 1702 tu
441 1649 566 1703 vitae
612 1652 893 1717 praesentis
951 1652 1257 1707 turbinibus
1296 1652 1528 1707 absoluti
1583 1656 1777 1721 migre-

214 1754 349 1801 nius,
387 1740 559 1794 donec
595 1741 854 1798 Dominus
884 1758 1035 1798 meus
1075 1758 1171 1814 per
1209 1759 1405 1812 aquam
1437 1754 1491 1797 et
1527 1746 1775 1813 spiritum

214 1838 263 1880 te
288 1834 691 1898 regeneraverit
719 1852 731 1888 :
764 1834 880 1889 ﬁeri
904 1834 1048 1890 enim
1071 1836 1278 1904 nequit,
1308 1845 1366 1889 ut
1392 1837 1514 1904 quis
1552 1836 1666 1889 sine
1694 1836 1777 1890 his

214 1919 376 1973 intret
415 1919 467 1974 iu
512 1937 736 1992 regnum
787 1925 901 1980 Dei.
946 1924 1137 1980 Nonne
1186 1927 1349 1981 etiam
1393 1938 1571 1997 patres
1616 1929 1777 1982 vestri
1812 1906 1851 1958 Β

211 2011 470 2079 baptizati
508 2024 633 2068 sunt
657 2016 708 2068 in
740 2015 942 2086 Moyse,
987 2026 1041 2073 et
1078 2017 1132 2072 in
1160 2021 1300 2073 nuhe
1340 2022 1464 2074 etin
1502 2022 1666 2085 mari,
1695 2023 1777 2075 bi-

211 2102 519 2173 heruntqne
572 2107 637 2159 de
690 2108 955 2176 spirituali
992 2123 1362 2181 consequente
1409 2114 1776 2181 petra?i’etra

208 2204 389 2248 autem
414 2205 532 2247 erat
566 2196 816 2252 Christus
858 2199 958 2270 (α),
1001 2204 1091 2273 qui
1139 2206 1452 2260 novissimis
1479 2206 1670 2259 diebus
1717 2208 1781 2261 de

213 2284 432 2357 Virgine
468 2287 783 2347 incarnatus
810 2304 915 2361 est,
953 2306 1005 2349 et
1042 2308 1260 2367 propter
1294 2308 1533 2353 nostram
1555 2298 1779 2353 salutem

211 2382 389 2437 factus
423 2383 607 2450 homo,
654 2400 1019 2459 operatusque
1056 2402 1139 2446 est
1177 2393 1437 2447 miracula
1472 2403 1527 2446 et
1554 2404 1725 2447 morte
1752 2410 1779 2443 a

210 2474 457 2541 patribus
492 2480 689 2533 vestris
725 2481 776 2533 in
808 2495 972 2535 catne
1007 2481 1263 2546 affectus;
1299 2484 1667 2552 sepultusque,
1696 2486 1781 2536 die

210 2568 365 2619 tertia
388 2571 718 2637 resurrexit;
752 2575 1061 2630 et-ascendit
1095 2576 1145 2630 in
1188 2577 1404 2642 coelum,
1428 2579 1683 2648 sedetque
1716 2580 1781 2633 ad

208 2656 487 2711 dexteram
518 2658 723 2716 Patris:
752 2664 842 2733 qui
876 2665 1037 2719 etiam
1072 2679 1329 2723 venturus
1358 2678 1466 2733 est,
1497 2670 1553 2723 in
1588 2686 1781 2739 magna

208 2749 380 2817 gloria
412 2766 537 2807 cum
570 2756 796 2825 angelis,
827 2757 1165 2827 judicaturus
1190 2760 1341 2815 vivos
1364 2770 1420 2815 et
1441 2772 1701 2823 mortuos,
1732 2771 1784 2815 et

212 2843 503 2914 unicuique
538 2849 845 2903 redditurus
873 2848 1022 2915 juxta
1047 2866 1211 2921 opera
1234 2853 1368 2919 ejus.
1393 2850 1576 2921 itaque
1600 2854 1784 2921 nequit

214 2933 353 3001 ﬁeri,
389 2946 449 2991 ut
492 2937 693 2993 dictum
725 2950 830 2995 est.
865 2949 921 2995 ut
948 2941 1071 3010 quis
1112 2944 1274 2997 intret
1313 2944 1365 2997 in
1410 2958 1629 3013 regnum
1667 2944 1780 3008 Dei,

212 3026 313 3080 nisi
348 3042 447 3096 per
491 3043 686 3098 aquam
738 3042 792 3085 et
827 3033 1111 3102 spiritum,
1154 3045 1209 3088 et
1258 3036 1358 3089 nisi
1392 3037 1600 3090 vivitica
1648 3038 1784 3089 anti-

214 3128 333 3186 typa
389 3117 503 3188 (62)
537 3119 843 3179 intemerati
897 3128 1143 3196 corporis
1172 3138 1226 3182 et
1275 3131 1553 3197 sanguinis
1585 3129 1783 3184 Christi

211 3209 519 3274 sumpserit.
559 3228 578 3262 ι

277 3297 524 3371 Cumque
565 3312 785 3360 sanctus
842 3307 1035 3365 talibus
1077 3310 1474 3365 hortationibus
1521 3318 1785 3375 uteretur,

215 3408 320 3446 non
352 3395 654 3454 sustinebat
686 3400 858 3470 ipsum
883 3403 1091 3461 audire.
1121 3403 1221 3460 Ubi
1254 3417 1433 3461 autem
1479 3406 1529 3460 ei
1566 3406 1786 3475 placuit,

213 3486 304 3553 qui
329 3503 455 3543 eum
491 3504 869 3560 segregaverat
902 3498 971 3553 ab
1007 3509 1165 3553 utero
1194 3500 1380 3553 matris
1413 3514 1542 3563 sua,
1572 3510 1629 3555 ut
1664 3518 1789 3557 sur-

214 3578 420 3647 ciperet
468 3583 887 3640 sacratissimum
928 3589 1219 3659 baptisma,
1271 3606 1393 3644 eum
1448 3592 1530 3646 vir
1572 3604 1791 3647 sanctus

210 3668 321 3739 jam
362 3670 487 3724 vita:
530 3671 685 3742 hujus
731 3676 1037 3732 turbinibus
1095 3681 1433 3743 eximendus,
1484 3682 1786 3745 accersivh,

214 3768 478 3829 pnetextu
530 3764 782 3819 nimirum
835 3768 1077 3823 scientia:
1131 3771 1390 3836 medicae,
1442 3772 1625 3842 aitque
1658 3773 1730 3827 illi
1771 3792 1785 3829 :

222 3872 241 3903 ι
273 3851 415 3921 Quid
439 3854 534 3910 tibi
561 3857 627 3911 de
656 3874 741 3915 me
767 3861 1010 3915 videtur?
1043 3880 1062 3913 ι
1098 3861 1209 3926 Ille,
1258 3879 1323 3917 ex
1355 3864 1511 3933 pulsu
1551 3868 1789 3922 sentiens

216 3946 336 4017 ejus
376 3949 520 4005 vires
562 3952 866 4020 proximam
908 3955 1102 4009 minari
1134 3964 1394 4021 mortem,
1417 3956 1581 4024 jussit
1608 3960 1791 4013 dome-

216 4038 391 4103 sticis,
449 4049 509 4095 ut
561 4051 896 4111 opportunas
954 4044 1245 4114 sepultura:
1277 4057 1452 4101 vestes
1498 4062 1785 4104 emerent:

222 4145 241 4179 ι
282 4128 443 4195 Nam,
488 4131 688 4199 inquit,
728 4132 839 4186 cito
875 4134 1038 4189 citius
1072 4134 1366 4190 moriturus
1392 4146 1496 4193 est.
1533 4155 1553 4190 ι
1583 4138 1673 4192 Ait
1722 4140 1788 4192 ad

217 4236 341 4276 eum
372 4237 599 4294 magnus
629 4221 857 4279 Basilius
891 4241 903 4275 :
942 4243 961 4275 ι
1006 4225 1192 4281 Nescis
1219 4227 1349 4293 quid
1379 4226 1552 4282 dicas.
1586 4246 1604 4279 ι
1655 4228 1790 4282 Dicit

219 4314 294 4367 illi
324 4312 523 4385 Ioseph
558 4315 818 4373 Hebrazus
851 4336 864 4371 :
905 4334 923 4367 ι
963 4317 1185 4383 Credas,
1230 4319 1467 4385 domine,
1510 4319 1589 4374 sol
1630 4320 1790 4375 hodie

222 4422 347 4462 cum
376 4407 492 4461 sole
522 4409 757 4466 occidet.
798 4429 817 4462 ι
842 4411 931 4464 Ait
956 4408 1028 4465 illi
1062 4423 1285 4467 sanctus
1318 4432 1329 4466 :
1378 4430 1396 4461 ι
1436 4412 1572 4477 Quid
1598 4428 1721 4467 vero
1742 4417 1785 4467 si

219 4516 325 4557 non
373 4508 501 4555 ante
548 4514 708 4555 mane
751 4501 989 4556 moriar?
1025 4520 1043 4554 ι
1083 4501 1225 4557 Dixit
1268 4502 1523 4558 liebmus
1555 4522 1568 4559 :
1606 4525 1624 4556 ι
1670 4506 1783 4559 Non

1879 649 2106 719 Rogavit
2132 665 2259 719 ergo
2282 650 2447 704 Deum
2473 648 2821 702 admirandus
2841 645 3017 709 Pater,
3041 654 3098 697 ut
3125 646 3191 697 ad
3216 644 3445 698 salutem

1880 743 2116 798 hominis
2140 742 2239 798 sibi
2293 741 2659 797 accessionem
2682 740 3039 801 concederet,
3064 746 3226 805 utque
3255 735 3445 789 mulie-

1888 853 2000 891 rem
2034 852 2089 891 re
2118 835 2317 891 infecta
2341 851 2370 888 a
2404 834 2461 889 S.
2506 832 2740 903 Ephrem
2785 831 3096 885 redeuntem
3129 828 3445 895 susciperet.

1882 927 2003 981 Voti
2051 940 2229 981 autent
2296 941 2517 994 compos
2578 923 2803 979 eﬂ'ectus
2846 934 3067 977 sanctus
3106 919 3237 992 (65),
3285 920 3449 971 mittit

1884 1033 2042 1071 mane
2075 1028 2129 1071 et
2155 1014 2703 1073 aecersitltebracum.
2727 1015 2843 1083 Ipse
2861 1027 2964 1067 non
2997 1012 3246 1075 credens,
3283 1010 3443 1070 venit.

1884 1112 2040 1182 plane
2081 1111 2400 1166 existimans
2455 1110 2616 1164 morti
2656 1106 3014 1162 concessisse.
3064 1104 3265 1159 Videris
3322 1118 3449 1155 vero

1881 1202 2085 1269 vii-um,
2123 1205 2402 1273 factusque
2456 1202 2510 1256 in
2549 1200 2832 1263 exstasim,
2884 1206 2939 1253 et
2989 1210 3151 1251 ruens
3179 1194 3246 1248 ad
3292 1194 3451 1264 pedes

1880 1299 2017 1368 ejus,
2037 1298 2111 1352 ait
2134 1312 2149 1352 :
2176 1316 2193 1349 ‹
2224 1295 2281 1349 in
2305 1296 2531 1350 veritate
2559 1292 2841 1357 conﬁteor,
2866 1303 3115 1358 magnum
3146 1301 3267 1341 esse
3283 1285 3450 1339 Deum

1886 1390 2322 1444 Christianorum
2362 1387 2650 1457 :qnodque
2680 1401 2785 1438 non
2814 1384 2885 1438 sit
2920 1382 3058 1436 alius
3085 1380 3225 1434 Deus
3258 1389 3453 1447 praeter

1883 1486 2083 1551 ipsum.
2115 1482 2449 1536 Abrenuntio
2475 1481 2655 1549 itaque
2689 1478 2921 1531 inimicae
2958 1474 3175 1528 Christo
3206 1470 3450 1540 religioni

1887 1574 2221 1637 Judzeorum,
2257 1587 2449 1640 meque
2483 1570 2698 1627 veritati
2749 1566 2976 1621 ﬁdeliter
3028 1564 3281 1635 adjungo.
3318 1560 3452 1617 Jube

1881 1684 2029 1737 ergo,
2063 1665 2377 1719 honorande
2410 1663 2652 1727 Pater,ut
2674 1661 2790 1715 sine
2825 1658 3083 1714 dilatione
3113 1656 3226 1724 ipse
3249 1656 3455 1709 omnis-

1882 1776 1987 1829 que
2038 1762 2227 1812 domns
2247 1772 2361 1811 mea
2390 1755 2592 1811 Christi
2650 1754 2942 1822 consigner
2974 1748 3270 1819 signaculo.
3304 1768 3321 1799 ι
3363 1749 3454 1801 Ait

1881 1852 1954 1902 illi
1978 1860 2195 1903 sanctus
2227 1865 2242 1902 :
2281 1866 2298 1899 ι
2331 1847 2447 1917 Ipse
2474 1846 2738 1915 intingam
2768 1844 3013 1896 manibus
3045 1842 3177 1896 meis
3201 1856 3319 1893 cum
3345 1850 3452 1893 tota

1883 1946 2059 1994 duum.
2098 1960 2115 1987 ι

1958 2033 2304 2100 Rursumque
2365 2030 2628 2085 accedens
2686 2029 2961 2091 medicus,
3013 2026 3453 2096 :ippt‘citcnsaqtte

1884 2126 1998 2193 ejus
2020 2126 2267 2191 dextera,
2294 2124 2407 2178 ait;
2461 2140 2479 2172 ι
2515 2120 2883 2189 Elanguerunt
2934 2132 3035 2172 tum
3089 2120 3252 2183 vires,
3288 2117 3457 2171 domi-

1885 2232 1949 2268 ne
1985 2230 2001 2268 :
2032 2224 2337 2281 naturaque
2378 2217 2680 2265 extremum
2721 2208 2999 2261 debilitata
3054 2206 3277 2261 fatiscit.
3317 2225 3333 2256 ι
3368 2206 3456 2259 Ait
3500 2246 3503 2247 ν

1884 2316 2146 2361 sanctus:
2182 2323 2201 2355 ι
2261 2302 2536 2358 Habemus
2567 2310 2776 2356 natura:
2822 2310 3124 2361 auctorem,
3179 2297 3268 2367 qui
3303 2298 3456 2352 nobis

1884 2399 2045 2452 addat
2078 2398 2243 2451 vires.
2277 2415 2295 2447 ι
2325 2395 2677 2464 Surgensqne
2714 2406 2904 2461 gressu
2932 2390 3207 2445 contendit
3252 2392 3317 2444 ad
3368 2406 3457 2443 ec-

1884 2488 2131 2551 clesiam,
2163 2494 2217 2539 et
2268 2485 2367 2538 sub
2405 2483 2645 2537 omnium
2680 2483 2994 2550 prmsentia,
3024 2496 3145 2534 eum
3194 2479 3313 2533 ﬁdei
3365 2494 3455 2533 sa-

1886 2590 2162 2633 cramento
2186 2576 2346 2631 tinxit
2376 2615 2390 2639 ,
2419 2588 2473 2629 et
2505 2574 2721 2628 domum
2752 2574 2869 2642 ejus
2896 2580 3057 2627 totam
3093 2590 3108 2626 :
3138 2572 3460 2643 vocavitque

1888 2687 2084 2727 nomen
2122 2669 2261 2739 ejus,
2293 2668 2554 2724 Joannem
2594 2688 2605 2724 :
2638 2665 3063 2736 impertitusque
3112 2665 3325 2719 viviﬁca
3367 2682 3453 2719 sa-

1886 2772 2189 2825 cramenta,
2216 2777 2337 2815 eum
2371 2760 2668 2827 assumpsit
2701 2769 2756 2813 et
2802 2757 3016 2812 reduxit
3049 2759 3114 2810 ad
3146 2756 3453 2812 cubiculum

1888 2871 2090 2911 suum:
2143 2854 2373 2922 ciboque
2426 2851 2691 2921 apposito,
2748 2849 3069 2917 docuitquae
3093 2856 3338 2916 spectant
3393 2850 3459 2903 ad

1888 2953 2050 3004 vitam
2084 2960 2363 3012 atternant,
2397 2944 2689 3014 adjuugens
2719 2957 2817 2999 suo
2845 2941 2972 2997 ovili
2999 2957 3199 2996 novum
3229 2940 3457 2995 militem

1886 3057 2005 3097 cum
2032 3056 2196 3094 uxore
2226 3051 2278 3092 et
2310 3040 2449 3091 ﬁliis.
2472 3040 2621 3103 Quod
2648 3052 2772 3091 vero
2802 3035 3061 3103 reliquum
3088 3036 3209 3087 vitae
3228 3033 3347 3096 fuit,
3372 3048 3460 3085 sa-

1886 3150 2007 3189 cras
2031 3135 2175 3189 aedes
2204 3141 2255 3186 et
2295 3130 2525 3199 hospitia
2573 3144 2867 3198 pauperum
2906 3128 3147 3182 lustrans
3170 3168 3188 3192 ,
3213 3142 3331 3196 qua:
3354 3126 3455 3180 sibi

1815 3246 1859 3304 ρ
1896 3229 2113 3282 fuerunt
2140 3228 2334 3279 donata
2360 3239 2389 3277 a
2416 3220 2644 3285 medico,
2676 3230 2727 3273 et
2747 3234 2867 3289 quae
2898 3222 2962 3274 de
2994 3220 3227 3291 propriis
3251 3218 3454 3287 reliqua

1893 3332 2052 3373 erant
2088 3358 2109 3381 ,
2154 3318 2395 3372 donavit.
2425 3314 2581 3368 Circa
2634 3328 2828 3367 nonam
2871 3318 3049 3365 autem
3110 3321 3303 3381 praesto
3358 3310 3459 3365 fuit

1904 3412 1969 3466 ad
2025 3410 2295 3463 sacriﬁcia
2354 3407 2639 3461 missarum
2693 3407 2742 3459 in
2783 3403 3147 3459 sacratissima
3195 3402 3446 3464 ecclesia,

1894 3517 1997 3557 una
2027 3516 2149 3554 cum
2181 3498 2309 3553 cleri
2341 3508 2396 3553 et
2432 3498 2665 3552 civitatis
2703 3495 3031 3566 primoribus
3058 3534 3073 3549 .
3106 3510 3226 3547 cum
3254 3493 3449 3562 quibus

1893 3604 2150 3664 percepto
2182 3592 2375 3646 iterum
2410 3604 2550 3657 pane
2577 3630 2590 3652 ,
2630 3588 2839 3641 dimisit
2871 3602 2967 3642 eos
2993 3627 3007 3651 ,
3045 3602 3109 3641 ac
3154 3586 3461 3640 valedicens

1896 3696 1952 3739 et
1975 3686 2295 3741 deosculaus
2334 3683 2388 3737 in
2422 3680 2609 3736 osculo
2638 3688 2828 3735 sancto
2872 3678 3230 3742 dimisitcos,
3263 3693 3457 3729 novum

1893 3777 2091 3833 Christi
2118 3775 2374 3847 lpugilem
2408 3775 2793 3841 universosque
2850 3769 3236 3826 commendans
3288 3769 3458 3824 Citri-

1893 3877 2000 3922 sto.
2032 3866 2383 3921 Testamento
2414 3875 2592 3919 autem
2628 3862 2847 3932 sepeliri
2898 3861 3118 3926 sanxit,
3150 3875 3271 3915 cum
3304 3861 3459 3913 tertia

1894 3958 1983 4011 illa
2012 3955 2263 4027 portione
2293 3957 2431 4009 data:
2463 3954 2564 4008 sibi
2591 3969 2618 4006 a
2651 3952 2759 4006 Deo
2782 3952 3201 4007 communionis.
3234 3950 3461 4005 [tecum-

1895 4052 2140 4119 bcusqne
2168 4049 2219 4102 in
2257 4046 2415 4110 lecto,
2442 4062 2565 4099 cum
2602 4043 2941 4098 Eucharistia
2993 4044 3168 4098 adhuc
3227 4043 3279 4097 in
3341 4058 3456 4109 ore,

1895 4140 2123 4194 reddidit
2145 4138 2390 4207 spiritum
2423 4136 2680 4197 Domitio;
2733 4133 3129 4203 adjunctusque
3167 4143 3250 4187 est
3284 4133 3463 4201 ponti-

1895 4233 2089 4287 ticibus
2144 4230 2386 4300 pontifex
2424 4230 2547 4291 ille,
2603 4238 2656 4280 et
2716 4226 3165 4295 przedicatorihus
3204 4240 3460 4295 magnum

1895 4326 2023 4381 illud
2054 4322 2323 4378 sermonis
2355 4322 2586 4375 tonitru.
2618 4318 2817 4373 Videris
2855 4326 3030 4369 autem
3062 4316 3234 4371 ﬁdeiis
3260 4333 3325 4371 ex
3356 4316 3459 4370 He-

1894 4425 2039 4475 braeo
2068 4418 2329 4478 medicus,
2363 4418 2434 4468 ita
2470 4413 2561 4467 Dei
2605 4409 2879 4465 hominem
2920 4420 2974 4463 et
3007 4408 3311 4478 pontificem
3344 4424 3461 4463 nta-

1894 4526 2055 4578 gnnm
2105 4508 2361 4563 Basilium
2410 4504 2705 4573 quievisse,
2745 4502 3017 4571 quomodo
3046 4502 3291 4566 dixerat,
3336 4514 3461 4568 pro-

222 4603 398 4661 potest
428 4594 529 4649 hoc
563 4608 687 4649 esse
730 4608 743 4643 :
781 4594 864 4646 vix
897 4596 1040 4649 enim
1086 4606 1206 4664 post
1235 4596 1422 4650 horam
1454 4600 1559 4651 erit
1608 4600 1785 4652 anima
1822 4587 1863 4643 Β
1898 4619 2061 4656 ruens
2110 4602 2159 4652 in
2191 4601 2306 4665 ejus
2349 4606 2537 4663 pectus
2564 4609 2685 4647 cum
2712 4592 2965 4661 lacrymis
2994 4591 3208 4643 dicebat
3237 4608 3249 4642 :
3304 4609 3321 4640 ι
3358 4591 3461 4643 lte-

220 4694 307 4737 tua
339 4682 392 4738 in
422 4692 493 4737 te.
532 4682 727 4740 Verum
752 4684 975 4753 dispone
1017 4686 1083 4739 de
1113 4696 1202 4740 tua
1237 4685 1476 4743 Ecclesia
1516 4702 1569 4744 et
1602 4692 1669 4745 de
1705 4711 1787 4750 re-

216 4778 317 4831 bus
345 4774 454 4830 tuis
479 4792 492 4829 :
519 4789 625 4829 non
649 4780 817 4841 enim,
839 4786 888 4831 te
910 4777 1187 4841 vivo,dies
1210 4779 1368 4834 hodie
1398 4784 1783 4843 tenebrescet.»

216 4865 306 4920 Ait
334 4865 384 4919 ei
428 4872 691 4920 sanctus:
741 4884 759 4917 ι
797 4864 937 4931 Quid
967 4866 1011 4919 si
1042 4882 1238 4923 venero
1281 4884 1450 4938 usque
1483 4873 1548 4926 ad
1576 4881 1786 4929 sextam

218 4973 396 5021 mane,
454 4956 585 5027 quid
632 4969 692 5010 es
728 4956 986 5012 acturus?
1031 4976 1049 5008 ι
1100 4958 1391 5028 Respondit
1450 4964 1537 5017 ille
1572 4982 1583 5017 :
1618 4984 1636 5017 ι
1673 4967 1785 5020 Μυ-

215 5047 348 5102 t'iar.
385 5069 404 5102 ι
440 5050 533 5103 Ait
563 5056 821 5102 sanctus:
857 5069 875 5100 ο
921 5049 1115 5104 Etiam.
1150 5052 1396 5107 Moriaris
1431 5068 1670 5123 pet-cato,
1710 5060 1786 5110 vi-

217 5153 313 5191 vas
367 5149 548 5192 autem
587 5138 802 5192 Christo
837 5153 975 5192 meo.
1025 5156 1041 5187 ι
1086 5139 1220 5192 Dicit
1270 5140 1356 5193 ille
1388 5160 1401 5194 :
1435 5160 1451 5191 ι
1489 5144 1612 5199 Seio
1660 5147 1786 5213 quid

218 5233 368 5293 velis,
395 5231 666 5287 etfaciam
708 5232 848 5299 quod
898 5230 1079 5298 jubes,
1105 5230 1264 5286 Pater
1303 5244 1521 5301 sancte;
1557 5238 1600 5291 si
1630 5238 1789 5295 fuerit

218 5324 359 5394 quod
391 5324 501 5388 ais,
531 5322 756 5377 terribili
791 5336 878 5375 me
910 5333 1255 5378 sacramento
1284 5326 1626 5395 obstringens
1651 5331 1785 5397 fore,

292 5462 404 5534 (62)
430 5462 513 5534 An
561 5476 720 5534 verus
746 5460 1162 5534 Amphilochius
1200 5480 1304 5516 non
1344 5463 1533 5534 fuisset
1590 5470 1788 5523 clarius

219 5530 535 5612 locutusode
577 5532 707 5612 rea‘lt
740 5530 954 5612 _Cliristi
1004 5534 1289 5612 praesentia
1330 5536 1381 5587 in
1426 5533 1785 5606 Eucharistia,

219 5601 630 5672 praesertinrubi
645 5599 866 5672 Iudaeus
894 5599 1225 5656 instituitur?

291 5673 403 5743 (65)
434 5670 1011 5743 RefertNazianzetius
1033 5674 1282 5727 oratione
1305 5673 1393 5739 20,
1425 5676 1674 5732 Basiliam
1689 5681 1787 5735 sub

224 5740 391 5799 ﬁnem
439 5743 562 5795 vita:
594 5742 662 5791 ad
689 5740 904 5810 aliquod
957 5750 1167 5811 tempus
1230 5745 1301 5797 ita
1329 5747 1428 5801 sibi
1482 5748 1786 5805 restitutum

289 5881 360 5948 (η)
397 5880 411 5931 l
436 5879 563 5931 Cur.
590 5892 640 5936 Χ,
670 5873 722 5929 4.

1900 4709 2044 4753 vera,
2082 4691 2172 4745 Dei
2208 4686 2407 4741 famute
2444 4684 2628 4749 Basili,
2666 4698 2837 4752 neque
2875 4681 3037 4735 modo
3078 4679 3271 4736 fuisses
3316 4696 3460 4735 mor-

1898 4795 2040 4844 tuus,
2082 4780 2181 4834 nisi
2208 4778 2490 4833 voluisses.
2530 4795 2547 4827 ι

1971 4872 2238 4929 Postridie
2285 4882 2464 4925 autem
2521 4866 2774 4921 convenit
2828 4864 3079 4918 universa
3114 4865 3401 4920 multitudo
3445 4885 3459 4930 ;

1900 4968 2125 5036 ejusque
2145 4964 2359 5034 corpori
2388 4961 2645 5031 pretioso,
2671 4960 2811 5029 quod
2839 4968 3003 5011 totam
3028 4959 3269 5011 materia:
3304 4961 3462 5013 obui-

1901 5060 2123 5113 tentiam
2160 5062 2547 5126 superaverat,
2585 5054 2637 5108 in
2698 5051 3123 5105 sacratissimam
3177 5051 3461 5106 ecclesiam

1903 5154 2077 5212 illato,
2111 5150 2251 5219 justa
2284 5147 2527 5200 fecerunt
2556 5188 2571 5208 ,
2604 5145 2748 5199 omni
2801 5156 3196 5213 unguentorum
3234 5143 3464 5211 thymia-

1901 5256 2213 5312 matumque
2266 5242 2547 5309 obsequio.
2581 5239 2819 5293 Audiens
2868 5255 2995 5294 vero
3040 5249 3093 5294 et
3150 5237 3462 5305 Gregorius,

1901 5338 2276 5391 Nazianzenus
2301 5332 2584 5401 episcopus
2605 5330 2743 5401 (64),
2776 5331 3015 5385 adfuitet
3044 5331 3157 5399 ipse
3185 5328 3412 5385 festinus
3444 5346 3460 5383 :

1897 5473 2087 5532 fuisse,
2125 5478 2181 5521 ut
2208 5467 2467 5537 quosdam
2506 5465 2676 5519 sacris
2708 5464 3232 5537 ormniuusjinitiare
3268 5471 3456 5537 potuc-

1900 5545 1972 5595 rit
1999 5559 2011 5593 :
2039 5531 2242 5608 quidni-
2262 5548 2314 5592 et
2348 5537 2614 5608 potuisset
2656 5538 2795 5588 hunc
2833 5531 3465 5608 Juscpliuntsolentuitcr

1899 5613 1954 5666 in
1970 5600 2195 5666 ecclesia
2218 5600 2525 5678 baptizare?
2548 5604 2765 5678 Verum,
2789 5600 3065 5678 uttactum
3093 5604 3142 5655 id
3162 5600 3327 5678 fuisse
3348 5616 3467 5655 cre-

1898 5684 2106 5740 damus,
2128 5696 2231 5733 non
2256 5673 2450 5732 suﬁicit
2476 5677 2676 5741 pseudo
2712 5674 3066 5741 Amphilochii
3099 5673 3412 5725 auctoritas.

1969 5750 2081 5822 (64)
2111 5749 2426 5819 Gregorium
2452 5740 2782 5812 Theologum
2815 5760 2919 5798 non
2949 5740 3255 5797 interfuisse
3301 5740 3462 5795 morti
