4212 6488
721 430 951 474 πολι-ιιι

2103 419 2630 482 PROLEGOMENA.

725 544 875 599 sum,
926 536 1035 589 imo
1074 548 1212 602 pene
1258 534 1589 599 necessarii;
1623 548 1774 599 nam,
1808 543 1867 589 ut
1894 542 2125 590 testatur
2156 536 2301 593 Goa-
2328 549 2375 605 Α
2405 542 2617 597 caeteris
2644 541 2881 596 discreto
2913 554 3049 595 sono
3071 541 3354 595 acclnitur.
3388 541 3466 595 Ad
3488 542 3756 610 obiectum
3782 546 3960 603 locum

729 641 822 681 rus
851 639 975 696 pag.
1002 624 1107 679 456
1134 667 1149 688 ,
1203 644 1221 676 ι
1253 624 1421 679 libros
1456 625 1587 680 totis
1622 624 1849 681 musicis
1877 635 2131 681 exaratos
2158 628 2299 682 inter

728 718 1054 773 mutandum
1077 718 1360 773 rarissime
1392 718 1764 787 conspiciunt,
1795 718 1879 773 vel
1907 720 2069 773 etiam
2102 719 2300 775 habent

725 811 898 867 Graeci
942 826 957 865 :
997 825 1421 879 communesque
1470 811 1613 877 ideo,
1673 820 1730 864 et
1782 811 1966 867 verbis
2020 821 2074 866 et
2110 823 2296 876 cantu,

727 905 1002 959 memoria:
1063 903 1331 958 tenaciter
1389 902 1621 974 inligunt
1669 902 1899 973 hymnos
1928 942 1943 965 ,
1977 901 2043 956 ad
2069 917 2297 972 quorum

730 1011 977 1050 normam
1014 996 1151 1051 alios
1184 996 1297 1067 pari
1346 996 1681 1067 syllabarum
1719 1011 1946 1049 numero
1988 1006 2300 1050 constantes

725 1088 998 1144 cantando
1026 1087 1349 1156 inﬂectunt;
1380 1088 1610 1157 ideoque
1632 1102 1818 1142 eorum
1853 1088 2147 1156 primordia
2172 1102 2301 1141 can-

728 1178 851 1232 ticis
880 1176 1001 1232 aliis
1045 1178 1376 1241 inscribunt,
1407 1186 1465 1229 ut
1522 1176 1588 1229 ad
1636 1192 1825 1231 eorum
1864 1176 2104 1245 regulam
2134 1217 2147 1240 ,
2216 1192 2301 1230 se-

730 1281 959 1338 quentes
986 1270 1224 1325 indicent
1270 1284 1391 1324 esse
1440 1269 1833 1323 decantaudos.
1884 1288 1901 1320 ι
1944 1266 2147 1322 Versus
2206 1285 2301 1322 au-

730 1375 858 1423 tem,
884 1363 973 1431 qui
1010 1363 1064 1417 in
1092 1363 1241 1417 hunc
1272 1363 1428 1418 linem
1471 1361 1669 1431 :equali
1700 1361 2034 1431 syllabarum
2073 1378 2301 1414 numero

728 1456 1038 1527 alligantur,
1084 1457 1340 1511 dicuntur
1398 1453 1639 1526 στιχηρὰ
1676 1455 2002 1525 προσόμοια,
2040 1452 2303 1521 Papebro-

727 1549 885 1602 chius
924 1562 1113 1603 versus
1166 1546 1439 1603 similares
1472 1544 1747 1615 appellare
1800 1543 2109 1599 consuevit.
2167 1542 2302 1597 Hinc

728 1638 1045 1709 intelligitur
1076 1640 1207 1709 quid
1235 1639 1339 1694 sibi
1395 1637 1563 1692 velint
1609 1652 1672 1693 ea
1726 1652 1846 1707 quae
1904 1638 2161 1706 leguntur
2192 1648 2304 1691 sta-

726 1733 825 1785 tim
878 1733 929 1788 in
977 1734 1094 1803 ipsa
1146 1730 1499 1801 inscriptione
1548 1732 1804 1801 promissi
1871 1730 2051 1786 ollicii.
2091 1730 2304 1783 Ψάλλο-

734 1838 833 1890 μεν
910 1820 1141 1893 στιχηρὰ
1208 1822 1531 1892 προσόμοια.
1589 1817 1763 1893 Ἦχος
1825 1821 1887 1875 δ’.
1926 1823 2015 1883 Ὠς
2058 1824 2303 1890 γενναῖον

2402 633 2547 699 quod
2575 631 2789 691 attinet.
2811 630 2856 682 is
2878 629 3033 685 nobis
3061 644 3394 699 nequaquam
3410 629 3601 687 ollicit:
3628 649 3803 704 neque
3819 637 3964 691 enim

2400 721 2692 790 quidquam
2721 722 2864 775 aliud
2896 720 2967 775 ibi
2998 722 3111 774 vult
3137 721 3391 788 Codinus,
3420 738 3583 792 quam
3618 739 3783 794 super
3818 743 3968 781 men-

2401 828 2516 867 sam
2541 814 2928 884 imperatorisa
2956 813 3273 868 cantoribus
3291 817 3502 869 concini
3530 818 3669 871 idem
3689 818 3816 873 illud
3844 818 3971 873 ἰδιό-

2407 905 2598 975 μελον,
2633 909 2774 974 quod
2800 920 2863 960 eo
2885 906 2969 959 die
2988 908 3198 958 canitur
3228 905 3280 958 in
3305 905 3550 961 ecclesia.
3591 908 3703 964 Huc
3733 912 3968 976 accedit,

2402 1000 2546 1065 quod
2582 997 2847 1067 ξδιόμελον
2880 996 3075 1051 ibidem
3104 996 3157 1050 in
3183 998 3427 1070 margine
3447 1002 3731 1069 exponitur
3758 1006 3968 1075 proprii

2404 1097 2599 1140 cantus
2650 1085 2943 1140 canticum.
2972 1086 3146 1155 Atque
3194 1086 3308 1142 haec
3354 1090 3668 1157 marginalia
3700 1095 3971 1163 expositio

2407 1177 2642 1232 recurrit
2697 1179 2873 1232 denuo
2904 1190 3025 1245 cap.
3055 1177 3145 1241 lO,
3195 1194 3342 1233 num.
3381 1178 3436 1244 5,
3470 1182 3558 1234 Ulli
3590 1194 3775 1239 narrat
3827 1186 3969 1240 idem

2404 1267 2663 1333 (Zodinus,
2694 1268 2890 1337 quibus
2925 1270 3264 1324 caeremoniis
3312 1270 3448 1326 festo
3497 1270 3805 1327 Palmarnm
3842 1295 3861 1329 ι
3917 1279 3968 1331 in

2405 1360 2780 1414 ambulacrum
2810 1358 2990 1413 veniat
3024 1358 3407 1427 lampadarius,
3435 1363 3733 1431 lampadem
3764 1364 3968 1432 ferens,

2407 1463 2686 1522 totumque
2744 1450 2867 1506 festi
2914 1451 3192 1522 proprium
3240 1454 3509 1507 canticum
3569 1457 3910 1523 decantatis,
3945 1484 3965 1512 ι

2410 1540 2595 1595 Gra-ce
2631 1550 2843 1595 tantum
2869 1550 2954 1595 est
2975 1540 3195 1609 ψάλλων
3215 1540 3334 1593 ὅλον
3358 1542 3418 1594 τὸ
3446 1542 3707 1615 ιδιόμελον
3749 1560 3975 1617 praeter-

2409 1634 2572 1685 misso
2608 1633 2798 1696 verbo,
2844 1632 2944 1703 τῆς
2976 1632 3187 1704 ἑορτῆς.
3212 1630 3329 1685 Jam
3361 1647 3488 1687 vero
3519 1637 3647 1705 quid
3680 1647 3787 1706 est,
3820 1654 3974 1693 ama-

2407 1724 2515 1786 ιι),
2590 1741 2607 1774 ι
2675 1727 2875 1793 preprii
2938 1736 3130 1781 cantus
3198 1726 3509 1791 canticum,
3563 1748 3582 1780 ι
3642 1731 3745 1787 nisi
3794 1734 3972 1789 canti-

2406 1831 2530 1868 curn
2563 1815 2823 1885 peculiari
2860 1831 2922 1871 ac
2946 1819 3165 1887 proprio
3196 1817 3501 1872 modulandi
3532 1834 3728 1888 genere
3754 1836 3975 1880 cantan-

729 1914 791 1964 ἐν
837 1913 1133 1985 μάρχυσιν.
1187 1916 1257 1967 At
1319 1927 1450 1969 vero
1505 1928 1612 1969 non
1663 1914 1895 1983 quilibet
1946 1929 2135 1969 versus
2189 1930 2302 1967 στι·
2338 1907 2377 1961 Β
2408 1906 2575 1959 (Ιηιιιν

730 2004 877 2077 χηρὰ
911 2007 1249 2071 vocitantur;
1302 2008 1397 2061 sed
1450 2005 1549 2061 soli
1586 2006 1661 2061 illi
1702 2008 1793 2076 qui
1832 2007 1990 2075 paulo
2034 2007 2305 2077 lengiorcs

730 2109 895 2153 sunt.
920 2106 975 2152 et
998 2098 1066 2151 ab
1100 2096 1524 2167 Hymnograpbo
1562 2099 1937 2153 ecclesiastito
1990 2100 2301 2169 conscripti.

733 2185 869 2239 Nam
909 2200 1101 2240 versus
1130 2186 1409 2240 breviores
1429 2227 1444 2250 ,
1470 2200 1525 2241 et
1553 2202 1584 2241 e
1610 2185 1841 2241 Psalmis
1870 2186 2161 2253 Davidicis,
2223 2188 2305 2240 vel

732 2276 855 2331 aliis
872 2274 1308 2346 Scriptumlocis
1323 2278 1582 2347 excerpti,
1608 2276 1943 2349 appellantur
1958 2277 2149 2350 στίχοι.
2172 2278 2306 2334 Hinc

732 2371 909 2424 oritur
935 2368 1263 2441 στιχολογία,
1291 2386 1410 2438 qua:
1452 2382 1537 2425 est
1576 2370 1780 2424 alterna
1818 2368 2152 2424 Psalmorum
2190 2369 2297 2423 Da-

738 2462 1039 2516 vidicorum
1086 2477 1182 2529 per
1213 2477 1403 2515 versus
1438 2462 1704 2517 recitatio.
1742 2460 1858 2517 Non
1892 2471 2303 2531 possumtamen

734 2553 1003 2607 assentire
1036 2552 1263 2622 Cangio,
1305 2554 1395 2618 qui
1440 2562 1592 2622 putat
1624 2552 1824 2622 στίχος,
1876 2554 2209 2616 uersiculum,
2254 2563 2307 2607 et

740 2646 996 2719 στιχηρὺν
1034 2663 1259 2711 uersum,
1312 2646 1505 2702 Litine
1553 2648 1699 2703 reddi
1743 2663 1921 2718 posse.
1969 2648 2101 2703 Cum
2159 2648 2304 2703 enim

739 2743 823 2803 (ut
879 2756 944 2795 ex
1000 2740 1113 2809 jam
1165 2740 1327 2796 dictis
1376 2749 1628 2805 constat,
1683 2750 1738 2796 et
1786 2740 2171 2797 animadvertit
2222 2742 2303 2809 ip-

734 2848 793 2886 se
832 2830 1086 2901 Cangius)
1143 2832 1324 2902 στίχος
1374 2832 1665 2903 Scriptum
1715 2833 1894 2888 verbis
1926 2874 1941 2899 ,
1998 2841 2055 2888 et
2110 2850 2298 2903 στιχη-

736 2922 828 2994 ρὸν
858 2922 1035 2978 verbis
1076 2920 1479 2994 Bymnograplti
1532 2933 1944 2989 contesantur,
2002 2924 2086 2978 he
2138 2939 2305 2980 voces

735 3030 911 3067 uersu
936 3023 992 3069 et
1026 3013 1312 3068 versiculus
1362 3012 1503 3065 istud
1541 3013 1831 3069 discrimen
1870 3015 2013 3068 haud
2055 3014 2187 3069 satis
2212 3014 2308 3070 de-

737 3104 973 3158 clarant.
1026 3101 1160 3158 Nolo
1216 3113 1391 3159 tamen
1432 3102 1775 3174 λογομαχεῖν,
1826 3104 1941 3157 sive
1985 3106 2309 3159 contendere

738 3194 806 3249 de
835 3193 1075 3249 nomine.
1128 3192 1469 3265 Quapropter
1518 3195 1679 3249 modo
1714 3192 1937 3262 intelligi
1989 3208 2073 3247 me
2098 3194 2306 3257 sciam,

2410 2001 2435 2071 §
2487 2000 2549 2053 ll.
2612 1997 2763 2053 Unde
2814 2002 2955 2053 dicta
3006 2002 3238 2069 trnparia
3289 2014 3333 2054 et
3377 2002 3540 2055 hinni
3579 2020 3591 2065 ;
3630 2004 3745 2073 quis
3794 2004 3975 2059 horum

3118 2088 3261 2124 usus.

2480 2189 2535 2243 8.
2572 2188 2607 2239 Α
2639 2188 2895 2242 sticheris
2922 2187 2986 2240 ad
3024 2188 3261 2257 treparia
3302 2188 3601 2242 veniamus.
3632 2186 3978 2259 Tmparium.

2410 2281 2584 2348 inquit
2612 2278 2819 2334 Gnarus
2848 2293 2968 2349 pag.
3001 2278 3102 2343 '52,
3134 2294 3233 2333 vox
3265 2281 3516 2349 generica
3545 2291 3660 2347 est,
3691 2292 3742 2335 et
3768 2281 3981 2335 cum-tis

2407 2370 2639 2423 ι’τιιιιὶεἱδ
2666 2371 2716 2422 in
2745 2368 2980 2424 Ecclesia
3007 2368 3196 2424 Grieca
3230 2371 3461 2439 receptis
3488 2372 3833 2435 communis;
3866 2370 3980 2425 Ilo-

2410 2462 2594 2516 .lulum
2632 2463 2830 2531 ubique
2865 2463 3350 2531 interpretamur...
3386 2463 3574 2529 Quoad
3625 2465 3706 2518 sui
3757 2480 3981 2535 compo-

2410 2554 2661 2607 sitionem
2721 2553 2926 2607 Latinis
2977 2554 3299 2622 Antipltonis
3347 2554 3539 2609 similis
3600 2564 3733 2610 est:
3783 2572 3978 2625 quam-

2414 2646 2493 2699 vis
2563 2643 2917 2713 antipltonam
2996 2645 3098 2697 ulla
3168 2647 3377 2699 ratione
3455 2647 3801 2714 interpretari
3879 2664 3980 2703 ne-

2414 2750 2698 2804 queamus.
2731 2733 2880 2787 llanc
2908 2748 3096 2787 vocem
3132 2735 3209 2786 sic
3255 2734 3489 2802 explicat
3534 2735 3779 2789 laudatus
3816 2736 3977 2805 Liga-

2415 2828 2608 2894 ridus,
2666 2837 2919 2896 tanquam
2976 2827 3019 2882 si
3079 2827 3471 2897 τροπαιάριον,
3532 2826 3639 2880 ἀπὸ
3698 2828 3791 2881 τοῦ
3852 2845 3983 2903 τρο-

2415 2922 2618 2988 παίου,
2678 2921 2989 2986 derivetur;
3050 2930 3100 2976 et
3146 2922 3218 2975 sit
3249 2921 3403 2990 quasi
3456 2919 3610 2974 Paean
3666 2923 3780 2975 sive
3828 2922 3987 2992 hym-

2414 3030 2513 3070 nus
2539 3054 2555 3079 ,
2590 3014 2642 3068 in
2672 3030 2779 3085 quo
2804 3024 3033 3069 canatur
3061 3013 3317 3078 vit-toria;
3347 3013 3428 3067 vel
3485 3013 3535 3066 in
3569 3013 3764 3082 quibus
3789 3014 3838 3066 οἱ
3864 3016 3989 3087 τρό-

2415 3123 2530 3168 ποι,
2561 3106 2612 3159 id
2636 3116 2740 3167 est,
2776 3120 2956 3160 mores
2980 3104 3206 3171 alicujus
3239 3106 3411 3160 sancti
3441 3104 3762 3159 referantur.
3784 3105 3983 3159 Verum

2413 3195 2558 3250 Goar
2589 3196 2911 3248 existimans
2942 3196 3050 3249 ἀπὸ
3082 3196 3175 3249 τοῦ
3200 3196 3423 3267 τρέπειν
3456 3206 3701 3259 vertere,
3735 3195 3817 3251 vel
3853 3212 3981 3265 pro-

743 3287 911 3342 ltasce
934 3286 1278 3343 Grateauicas
1302 3263 1463 3342 voces
1494 3286 1547 3339 in
1580 3296 1857 3354 posterum
1887 3287 1959 3340 ita
2013 3284 2205 3339 Latine
2230 3287 2307 3337 iu-
2337 3263 2379 3316 (ἶ
2416 3288 2675 3356 pinquius
2701 3286 2808 3339 ἀπὸ
2854 3286 3069 3357 τροπῆς
3094 3263 3448 3343 conversione
3495 3290 3762 3361 originem
3816 3263 3937 3345 duei
3971 3310 3986 3355 ;

737 3379 1093 3448 terpretabor.
1129 3377 1294 3431 Porro
1318 3377 1548 3451 στιχηρὰ
1572 3378 1675 3433 alia
1706 3390 1829 3434 sunt
1852 3379 2182 3449 προσόμοια,
2202 3381 2306 3432 alia

742 3468 1002 3540 ιδιόμελα.
1052 3468 1184 3537 Quae
1234 3469 1346 3525 sint
1400 3470 1745 3543 προσόμοια,
1778 3470 1979 3523 dictum
2017 3486 2157 3524 nunc
2204 3483 2306 3524 est.

752 3560 1019 3631 Ἰδιόμελα
1043 3576 1172 3615 vero
1197 3571 1324 3616 sunt
1351 3577 1413 3617 ea
1440 3562 1695 3634 στιχηρὰ,
1739 3576 1861 3631 qua:
1902 3561 1983 3631 (ut
2016 3560 2093 3615 ait
2123 3562 2311 3617 doctus

741 3650 1029 3720 Ligaridus
1057 3652 1196 3720 apud
1231 3651 1467 3707 Goarutn
1490 3653 1685 3723 p.206)
1712 3652 1970 3722 peculiari
2007 3652 2132 3714 sibi,
2163 3654 2310 3723 gravi

741 3757 935 3812 nempe
954 3751 1008 3796 et
1028 3743 1314 3809 concinna,
1345 3758 1475 3798 voce
1503 3743 1777 3797 recitanda
1822 3752 1968 3806 sunt,
1989 3743 2143 3811 quasi
2185 3742 2315 3797 ἴδιον

747 3832 946 3904 μέλος,
1006 3834 1057 3889 id
1103 3844 1187 3889 est
1220 3874 1236 3899 ,
1293 3835 1566 3905 propriam
1627 3833 2046 3890 modulationem
2110 3833 2314 3888 haben-

744 3926 838 3978 tia.

854 4017 909 4070 7.
984 4015 1282 4087 Ohjit-ietur
1347 4019 1578 4075 fortasse
1648 4020 1773 4076 huic
1844 4020 2150 4076 deﬁnitioni
2209 4019 2316 4075 Coo

744 4109 941 4173 diuus,
980 4110 1031 4163 itt
1087 4111 1227 4164 libro
1266 4108 1341 4163 De
1387 4113 1691 4179 ofﬁcialibua
1748 4113 1934 4177 palatii
1979 4111 2094 4166 CP.
2140 4124 2193 4166 et
2239 4113 2316 4167 De

744 4202 923 4270 ofﬁciis
980 4219 1184 4272 magna
1229 4203 1515 4267 Eccleaiw,
1578 4220 1697 4273 cap.
1749 4204 1799 4268 7,
1855 4222 1907 4255 ιι.
1942 4205 2037 4271 23,
2066 4205 2311 4282 .dicens;

746 4294 1099 4367 Εἰσὲρχονται
1140 4298 1235 4350 καὶ
1290 4299 1336 4352 οἱ
1398 4298 1617 4367 ψάλται.
1645 4339 1661 4355 .
1698 4342 1709 4353 .
1739 4339 1752 4351 .
1786 4338 1800 4354 .
1831 4338 1845 4351 .
1904 4300 1996 4352 καὶ
2027 4299 2317 4369 ψάλλουσιν

748 4387 1011 4458 ιδιόμελον
1081 4390 1178 4459 τῆς
1249 4392 1489 4464 ἑορτῆς·
1549 4393 1691 4462 quod
1760 4392 1831 4446 ita
1903 4394 2065 4447 vertit
2130 4405 2319 4450 noster

746 4476 1041 4532 Gretserus
1070 4502 1081 4533 ;
1114 4498 1132 4529 ι
1162 4480 1543 4549 Ingrediuntur
1568 4482 1733 4536 etiam
1776 4493 2056 4544 cantores,
2085 4493 2316 4536 canunt-

2420 3400 2438 3432 ι
2473 3380 2600 3435 Sive
2644 3379 2811 3439 dicas.
2854 3379 3049 3447 inquit,
3082 3377 3152 3431 ob
3184 3393 3366 3431 vocem
3420 3381 3474 3433 in
3517 3383 3791 3437 rantando
3830 3386 3982 3438 varie

2417 3488 2627 3529 versam
2661 3482 2711 3527 et
2738 3472 3027 3537 inﬂexam,
3053 3490 3070 3523 ι
3106 3476 3247 3540 (quae
3295 3471 3424 3525 mihi
3463 3473 3599 3526 ratio
3621 3483 3726 3538 est,
3764 3484 3825 3529 ut
3874 3492 3985 3530 mo-

2414 3566 2596 3617 dulum
2628 3580 2846 3633 semper
2908 3562 3254 3633 reddiderim)
3287 3581 3305 3614 ι
3347 3563 3463 3617 sive
3495 3603 3507 3625 ,
3543 3563 3669 3632 quia
3724 3580 3992 3620 canonar-

2414 3656 2540 3720 i-lta,
2581 3655 2707 3708 dum
2750 3658 3045 3724 troparium
3077 3656 3204 3709 illud
3240 3671 3335 3726 per
3356 3667 3627 3710 commata
3658 3657 3928 3726 suggerit,
3963 3677 3981 3708 ι

2417 3748 2563 3815 (raro
2589 3761 2819 3813 namque
2845 3746 3065 3813 pulpitis
3098 3755 3276 3799 astant
3304 3745 3500 3816 Graeci)
3536 3763 3555 3796 ι
3596 3745 3754 3799 modo
3781 3746 3834 3799 in
3855 3744 3988 3799 cbo-

2418 3849 2536 3885 rutn
2574 3834 2736 3895 hunc,
2760 3835 2918 3886 modo
2943 3833 2996 3886 in
3025 3834 3188 3887 alium
3224 3836 3506 3906 τρέπεται,
3534 3837 3648 3890 sive
3676 3836 3932 3891 vertitur.
3964 3855 3983 3887 ι

2419 3922 2677 3991 Superest
2709 3924 2974 3979 sententia
3038 3924 3141 3976 alia
3170 3966 3184 3988 ,
3220 3928 3312 3981 sed
3366 3942 3485 3997 quae
3551 3928 3709 3997 plene
3756 3929 3989 3999 intelligi

2417 4026 2545 4070 ante
2574 4032 2679 4071 non
2712 4027 2911 4086 potest,
2939 4030 3098 4085 quam
3139 4019 3219 4071 vis
3258 4033 3324 4072 ac
3364 4030 3560 4074 natura
3606 4021 3769 4075 hirmi
3812 4022 3993 4077 decla-

2421 4119 2537 4163 rata
2566 4108 2745 4163 luerit.

2490 4202 2542 4256 9.
2572 4221 2592 4252 ι
2634 4201 2854 4256 Hirmus
2884 4216 3047 4271 porro
3074 4244 3087 4266 ,
3135 4221 3153 4254 ι
3192 4209 3248 4255 ιιι
3278 4211 3359 4255 est
3402 4201 3542 4270 apud
3585 4202 3848 4254 Allatium
3882 4202 3990 4260 loc.

2418 4294 2512 4347 cit.
2538 4308 2659 4363 pag.
2683 4293 2772 4357 98,
2796 4311 2816 4345 ι
2836 4304 2918 4347 est
2951 4295 3183 4363 hymnus
3214 4295 3329 4349 sive
3358 4294 3683 4363 troparium,
3712 4309 3741 4347 a
3776 4307 3887 4363 quo
3907 4308 3993 4349 re-

2419 4386 2685 4454 liquorum
2720 4385 3100 4453 tropariormn,
3124 4401 3242 4455 quae
3274 4388 3326 4440 in
3373 4402 3436 4441 ea
3479 4386 3582 4441 ode
3639 4396 3994 4451 canerentur.

2419 4476 2807 4547 consequentia
2845 4488 2900 4530 et
2952 4478 3123 4532 series
3154 4479 3476 4532 ducebatur.
3508 4476 3676 4545 quue
3729 4481 3802 4532 ita
3868 4493 3993 4535 esse

745 4585 851 4637 que
910 4570 1033 4625 l'esti
1116 4573 1393 4641 prOprium
1455 4574 1753 4630 canticum.
1818 4593 1839 4626 ι
1894 4574 2050 4629 Unde
2106 4574 2318 4627 videtur
2351 4605 2391 4657 Ι)
2423 4577 2679 4623 notarunt
2703 4568 2803 4621 viri
2832 4569 2973 4622 docti
3006 4609 3019 4631 ,
3060 4586 3123 4624 ex
3158 4570 3428 4624 Simeonis
3484 4571 3996 4629 Thessalonicensis

748 4675 909 4730 posse
941 4663 1187 4717 concludi
1219 4705 1234 4730 ,
1285 4664 1561 4720 canticum
1601 4665 1819 4735 aliquod
1853 4666 2155 4735 nuncupari
2188 4666 2315 4719 ἰδιό-

754 4752 940 4824 μελον,
966 4754 1091 4823 quia
1129 4754 1270 4810 festo
1292 4757 1566 4827 preprium
1587 4757 1681 4823 sit,
1711 4772 1816 4812 non
1852 4773 1982 4815 vero
2016 4759 2140 4829 quia
2165 4774 2321 4831 pecu-

749 4845 947 4900 liarem
977 4846 1081 4899 silui
1108 4848 1527 4903 modulationem
1582 4848 1843 4904 vindicet.
1882 4849 1982 4904 Per
2020 4851 2136 4906 haec
2188 4867 2321 4905 sane

752 4935 949 4991 Codmi
979 4939 1142 4993 verba
1166 4940 1453 5008 scrupulus
1480 4980 1496 5003 ,
1549 4940 1743 5007 lateor,
1778 4941 1907 4996 mihi
1953 4943 2183 5011 injectus
2222 4943 2321 4995 luit

754 5046 858 5085 non
883 5030 1013 5084 levis
1036 5046 1052 5096 ;
1074 5034 1163 5085 sed
1180 5037 1422 5100 evanuit,
1442 5040 1658 5106 quando
1683 5037 1789 5090 vidi
1810 5038 1962 5107 plura
1987 5050 2107 5089 esse
2126 5038 2323 5091 stiche-

754 5140 813 5178 ra
849 5124 989 5179 festo
1042 5130 1434 5195 congruentia,
1464 5143 1585 5199 quae
1616 5143 1721 5183 non
1774 5129 2147 5184 inscribuntur
2197 5129 2320 5182 ἰδιό-

758 5215 917 5285 μελα.
955 5215 1034 5271 Ne
1069 5217 1282 5290 longius
1332 5220 1622 5287 abeamus;
1683 5219 1867 5275 lideles
1922 5230 2044 5273 tuos
2096 5221 2317 5285 oculos,

758 5306 975 5371 Lector,
1003 5310 1054 5362 in
1087 5310 1279 5365 horum
1309 5312 1468 5366 trium
1498 5311 1789 5382 praesulum
1808 5311 2041 5367 olilcitnn
2070 5311 2317 5366 intende:

756 5408 810 5450 et
834 5397 961 5452 licet
992 5398 1224 5454 sticbera
1262 5400 1444 5456 omnia
1471 5403 1581 5457 sint
1609 5404 1735 5457 huic
1761 5400 1897 5457 festo
1924 5403 2138 5472 propria
2160 5418 2319 5472 quam

756 5504 875 5556 qua:
916 5490 1168 5557 maxime,
1200 5506 1379 5548 tamen
1410 5510 1516 5548 non
1549 5494 1794 5549 invenias
1823 5495 1926 5547 alia
1956 5494 2180 5549 inscribi
2206 5494 2324 5547 ξδιὸ·

763 5582 899 5651 μελα.
956 5592 1151 5652 prazter
1206 5587 1438 5640 stichera
1499 5587 1601 5640 Nili
1664 5587 1989 5654 Xantliopuli
2026 5628 2040 5649 ,
2083 5588 2133 5640 id
2180 5594 2320 5655 quod

760 5676 917 5731 nobis
987 5687 1301 5744 argumento
1373 5682 1532 5734 debet
1610 5696 1773 5747 esse,
1860 5697 1964 5734 non
2036 5694 2319 5749 pmpterezt

761 5772 1030 5822 canticum
1112 5772 1331 5840 aliqu0'l
1411 5774 1549 5841 apud
1625 5773 1843 5827 Grtrcos
1925 5773 2027 5826 dici
2114 5772 2319 5841 ἰδιόμε-

766 5856 878 5924 λον,
907 5863 1029 5927 quia
1051 5861 1188 5915 fcsto
1218 5864 1493 5937 proprium
1522 5874 1625 5928 est,
1656 5864 1749 5917 sed
1773 5864 1894 5931 quia
1934 5862 2189 5932 peculiari
2219 5872 2271 5916 et
2292 5878 2322 5914 a

2421 4661 2814 4732 archiepiscopi
2847 4660 2986 4715 libro
3024 4661 3098 4715 De
3126 4663 3335 4730 templo,
3372 4665 3645 4718 sacerdote
3695 4675 3743 4717 et
3798 4677 3997 4736 mysta-

2419 4756 2593 4826 gogia.
2632 4755 2769 4808 Addi
2819 4765 2994 4824 potest
3019 4754 3257 4810 Zonaras
3284 4796 3299 4819 ,
3328 4765 3623 4809 comment.
3663 4757 3716 4811 in
3745 4773 3992 4813 canones

2421 4849 2786 4902 Anastasimos
2812 4848 3145 4921 Damasceni,
3181 4850 3229 4901 in
3260 4848 3553 4917 promtum:
3589 4850 3799 4921 Εἱρμὸς
3830 4850 3886 4901 δὲ
3912 4849 3999 4902 M-

2424 4954 2576 5006 τεται
2611 4938 2686 4999 ὼς
2722 4920 3041 4991 ἁκολουθίῖιν
3068 4938 3210 5000 τινὰ,
3239 4938 3329 4990 καὶ
3353 4935 3505 5003 τάξιν
3531 4920 3745 5009 μέλοιδς,
3784 4940 3879 4993 καὶ
3904 4940 4001 5013 ἁρ-

2428 5030 2615 5099 μονίας
2636 5030 2809 5094 διδοὺς
2834 5032 2949 5092 τοῖς
2994 5032 3109 5100 μετ’
3152 5028 3315 5082 αὑτοῦ
3353 5031 3687 5102 τροπαρίοις.
3722 5030 3868 5099 Πρὸς
3893 5032 4001 5103 γὰρ

2422 5124 2489 5176 τὸ
2522 5123 2633 5177 τῶν
2656 5122 2865 5193 εἱρμῶν
2891 5122 3051 5192 μέλος
3076 5125 3303 5177 κάκεῖνα
3334 5123 3701 5195 ρυθμίζονται,
3730 5123 3825 5174 καὶ
3865 5125 4001 5192 πρὸς

2428 5216 2636 5269 ἐκεῖνον
2681 5214 3067 5287 ἀναφερόμενα
3100 5214 3432 5285 ἁρμόζονται
3462 5232 3518 5268 τε
3562 5215 3655 5266 καὶ
3681 5211 3997 5281 ψάλλονται.

2426 5311 2519 5362 καὶ
2539 5312 2603 5378 τῇ
2640 5307 2873 5378 ἁρμονίᾳ
2899 5306 2991 5359 τοῦ
3020 5306 3404 5377 μελῳδήματος
3437 5306 3645 5360 ἐκείνου
3671 5306 3997 5359 ἀκολουθοῦ-

2431 5419 2534 5465 σιν,
2580 5401 2611 5471 ἢ
2660 5400 2739 5453 ὅτι
2775 5399 3011 5469 συνείρει
3051 5398 3145 5453 καὶ
3202 5399 3501 5469 συμπλέκει
3551 5398 3730 5469 ἐαυτῷ
3767 5403 3911 5451 κατὰ
3940 5398 3999 5449 τὸ

2437 5495 2599 5563 μέλος
2625 5497 2653 5546 ό
2685 5492 2876 5563 εἱρμὺς
2904 5489 2966 5544 τὸ
3016 5491 3329 5562 τροπάριον.
3368 5510 3387 5542 ι
3426 5488 3645 5544 llirmus
3674 5489 3995 5557 appellatur,

2426 5601 2489 5639 eo
2515 5586 2655 5653 quod
2688 5586 2883 5639 seriem
2936 5586 3223 5652 quamdam
3258 5594 3313 5637 et
3350 5583 3740 5638 connexionem
3772 5593 3827 5635 et
3852 5581 3995 5636 ordi-

2429 5693 2548 5729 nem
2594 5687 2786 5730 cantus
2829 5684 2883 5730 et
2910 5676 3278 5730 consonantiae
3307 5675 3505 5728 tribuat
3540 5673 3996 5741 consequentibus

2428 5778 2549 5834 post
2578 5783 2634 5820 se
2684 5768 2953 5834 tropariis.
2984 5766 3117 5819 Nam
3161 5767 3226 5819 ad
3261 5779 3474 5820 cantum
3518 5768 3818 5820 hirtnorum
3862 5778 3993 5815 con-

2432 5860 2751 5923 formantur,
2780 5868 2833 5911 et
2872 5866 3295 5926 attetnperantur
3342 5858 3507 5912 etiam
3539 5857 3795 5924 troparia,
3818 5862 3872 5909 et
3900 5856 3990 5908 de-
