4212 6490
752 443 839 498 AD
878 441 1328 502 ACOLUTHIAM
1365 442 1611 501 OFFICll
1650 442 1885 503 GBECI
1930 443 2173 502 DlSSER
2190 443 2397 503 TATIO
2437 444 2898 504 ONUMAS'HLA.

3288 464 3472 506 CCC\tx

224 567 513 617 cantantur
567 574 673 615 non
727 557 848 614 sine
891 558 1153 617 relatione
1202 562 1270 617 ad
1303 560 1529 625 hirmos,
1560 575 1787 629 quorum
1821 562 1866 616 A
1896 575 1992 613 vos
2028 561 2372 631 psallentium
2396 562 2665 631 exigatur,
2697 575 2869 629 neque
2894 568 3194 617 concinnus
3218 564 3320 615 erit
3349 577 3475 616 can.

226 654 410 711 itidem
466 650 751 709 melodiam
806 661 861 706 et
915 665 1107 708 sonum
1164 653 1469 709 imitantur.
1527 650 1623 705 Vel
1675 653 1796 709 inde

227 749 437 803 hirmus
478 759 671 799 nomen
718 746 903 811 habet,
944 748 1086 815 quod
1114 745 1405 801 contrahat
1429 754 1485 801 et
1512 755 1796 801 connectat

222 840 324 894 sibi
372 838 429 891 in
472 833 699 889 melodia
746 844 803 891 et
846 847 1004 892 cantu
1036 836 1354 905 troparium.
1382 856 1400 890 ι
1439 837 1503 892 Et
1530 848 1675 893 certe
1704 838 1796 893 EE-

225 949 340 1003 ρω,
390 942 420 981 a
472 941 579 997 quo
630 926 837 983 birmus
881 927 1199 991 deducitur,
1234 928 1503 996 signiﬁcat
1550 931 1706 983 trabo
1744 943 1799 985 et

226 1030 400 1084 uncto,
440 1030 497 1073 ut
527 1028 671 1090 patet
702 1037 765 1077 es
794 1021 906 1083 illo,
952 1018 1095 1090 quod
1128 1017 1391 1077 Hesiodus
1418 1022 1469 1077 in
1502 1020 1797 1093 Theogenis

228 1115 293 1168 tle
321 1111 491 1168 Ilusls
521 1115 715 1169 cecinit
744 1137 756 1169 ε

229 1248 1415 1317 ............,ταὶΔιιπατρὶ

239 1318 562 1387 ’Υμνεῦσαι
583 1319 867 1385 τέρπουσι
878 1316 1071 1387 μέγαν
1094 1320 1240 1373 νόον
1266 1316 1438 1386 enim
1474 1319 1797 1387 Ὀλύμπου,

224 1388 502 1461 Εῑρεῦσαι
527 1387 599 1441 τά
618 1390 675 1461 ς’
695 1388 873 1442 ἐόντα
894 1388 963 1443 τά
979 1390 1027 1443 τ’
1053 1389 1357 1461 ἐσσόμενα
1386 1390 1501 1459 πρό
1525 1391 1574 1442 τ’
1602 1387 1797 1455 ἐόντα,

228 1460 400 1529 Φωγή
425 1458 770 1527 ὁμηρεῦσαι.

230 1636 253 1665 ,ί
287 1633 305 1650 .
348 1634 363 1649 .
407 1634 422 1649 .
466 1634 481 1650 .
527 1634 542 1649 .
587 1632 603 1649 .
648 1637 661 1652 .
702 1594 985 1651 Hominum
1010 1610 1209 1665 patrem
1237 1605 1391 1665 atque
1418 1596 1635 1650 deorum

230 1664 555 1739 l_._anduntes,
582 1683 827 1739 magnam
858 1675 1082 1739 mentem
1116 1664 1413 1739 exhilarant
1444 1670 1499 1720 in
1531 1668 1789 1739 Olympo;

231 1736 509 1805 .«S’cctentcs
536 1738 843 1804 prmsenlia.
874 1735 1139 1801 praeterita
1170 1745 1325 1805 atque
1360 1737 1559 1805 futura,

229 1804 452 1861 Cultura
481 1807 757 1877 fundentes
817 1816 1050 1858 cantum.

231 1945 296 1999 Et
322 1942 569 2013 quamvis
606 1942 841 1999 Boninus
884 1940 1252 2007 Iombritius,
1304 1944 1553 2013 patritius
1606 1944 1803 1997 Medio-

232 2036 492 2099 lanensis,
526 2034 579 2089 in
610 2048 708 2089 sua
737 2034 1137 2103 elegantissima
1195 2033 1507 2106 Theogoniw
1536 2036 1804 2100 versione,

233 2140 337 2180 non
366 2125 611 2182 videatur
644 2139 862 2183 sensum
890 2126 1103 2184 Hesiodi
1138 2126 1273 2181 satis
1296 2127 1650 2197 expressisse,
1680 2127 1803 2183 dum

230 2217 390 2273 νυνύι
426 2233 442 2272 2

443 2370 675 2455 animiin;
705 2372 870 2472 pairis
889 2372 1193 2457 exhilaranl
1222 2372 1254 2457 ε’
1274 2332 1583 2471 plernrnlqlg
1610 2419 1803 2458 canen-

234 2540 364 2606 Qua:
391 2540 522 2605 sint,
552 2557 667 2610 quae
683 2541 900 2611 fuerint,
927 2554 971 2597 et
999 2558 1116 2614 quae
1142 2552 1357 2597 ventura
1391 2472 1700 2606 transultare:

234 2687 412 2731 tamen
454 2693 483 2731 a
534 2677 930 2747 signiﬁcatione
984 2678 1134 2734 verbi
1192 2678 1339 2751 Εἴρω
1368 2686 1681 2747 neutiquam
1719 2690 1805 2731 re-

232 2771 417 2824 cessit.

305 2859 393 2913 lﬂ.
447 2859 667 2915 Hirmus
690 2874 841 2931 ergo.
886 2862 1065 2929 quoad
1100 2859 1224 2913 licet
1253 2874 1489 2927 assequi,
1520 2870 1808 2927 sequentes

236 2950 482 3007 modulos
510 2951 577 3005 ad
623 2965 777 3007 suam
830 2944 1088 3005 musicam
1125 2949 1466 3004 inﬂexionem
1503 2950 1697 3014 trahit,
1724 2958 1809 3002 at-

233 3056 339 3111 que
372 3042 492 3098 ideo
525 3057 631 3098 non
659 3041 799 3095 male
830 3054 861 3095 a
895 3037 1075 3095 Goaro
1107 3038 1349 3093 redditur
1401 3047 1628 3092 tractus.
1672 3036 1809 3090 Tra-

234 3144 379 3189 ctum
424 3143 603 3188 autem
632 3147 753 3188 cum
786 3132 929 3197 dico,
984 3130 1148 3187 nolim
1176 3129 1424 3200 equidem
1459 3144 1583 3184 cum
1629 3128 1810 3197 aliquo

236 3225 375 3294 apud
403 3224 657 3279 Allatinm
688 3223 987 3287 existimes.
1017 3223 1250 3279 hirmmn
1273 3234 1303 3275 a
1338 3229 1513 3276 tractu
1552 3220 1809 3276 Ecclesim

238 3315 446 3371 Latinas
499 3330 602 3371 non
630 3315 872 3371 diﬂ‘erre.
923 3315 1157 3378 Etenim,
1192 3323 1250 3369 ut
1296 3310 1585 3370 Gretserus
1627 3323 1809 3368 noster

238 3416 368 3462 tom.
408 3404 496 3470 lli,
524 3406 591 3460 de
619 3420 800 3471 cruce,
832 3420 951 3475 pag.
970 3404 1111 3460 2328
1139 3404 1463 3471 observavit,
1488 3403 1802 3459 Latinorum

240 3508 445 3553 tractus
504 3513 536 3551 a
592 3498 856 3552 trahendo
910 3496 1087 3552 dictus
1140 3508 1265 3563 est,
1312 3511 1417 3550 non
1470 3510 1533 3550 eo
1590 3495 1810 3564 quidem

238 3592 381 3661 quod
410 3589 481 3646 sit
506 3604 692 3645 norma
721 3589 787 3643 ad
820 3602 979 3658 quam
1029 3588 1384 3643 coucinantur
1424 3587 1809 3656 subsequentia

239 3684 384 3753 (nam
426 3681 740 3739 Latinorum
786 3691 989 3736 tractus
1040 3680 1163 3736 talis
1196 3694 1381 3734 norma
1423 3696 1527 3734 non
1556 3680 1684 3747 est),
1718 3682 1813 3734 sed

238 3775 379 3843 quod
413 3774 629 3828 tractim
648 3784 915 3830 cantetur.
948 3772 1114 3842 Igitur
1130 3770 1578 3827 cumGnrt-orum
1608 3772 1815 3825 hirmus

239 3882 413 3921 canon
448 3867 521 3920 sit
554 3880 617 3919 ac
646 3867 825 3936 regula
883 3865 1222 3936 sequentium
1272 3866 1657 3933 troparlorum,
1703 3875 1815 3917 tra-

240 3970 359 4014 ctus
383 3958 699 4012 Latinorum
734 3970 838 4010 non
870 3956 1033 4023 item;
1070 3968 1411 4023 consequens
1451 3964 1556 4016 est,
1594 3964 1652 4006 ut
1677 3952 1812 4009 alte-

245 4064 359 4102 rum
396 4047 467 4103 ab
494 4047 665 4101 altero
698 4042 913 4100 tiiﬂ‘erre
943 4045 1375 4111 pronuntiemus.
1408 4042 1498 4096 Est
1524 4053 1703 4095 autem
1728 4042 1813 4096 in-

243 4148 325 4193 ter
351 4136 665 4193 Grzcorum
701 4136 871 4191 libros
909 4133 1312 4188 ecclesiasticos
1336 4132 1556 4201 aliquis,
1582 4130 1671 4200 qui
1698 4130 1814 4185 hir-

244 4244 383 4295 mos,
419 4229 713 4283 secundum
743 4235 867 4282 octo
902 4236 1149 4280 tonorum
1192 4225 1511 4280 varietatem
1539 4222 1811 4287 collectos,

242 4320 512 4384 continet,
550 4326 713 4389 atque
748 4318 870 4375 ideo
907 4316 1251 4390 εἱρμολόγιον
1279 4315 1496 4372 dicitur.

317 4415 403 4469 ll.
425 4411 587 4467 Hisce
614 4412 901 4481 explicatis
930 4411 1144 4466 videtur
1177 4408 1306 4463 mihi
1336 4409 1447 4479 jam
1481 4408 1811 4463 redeundum

243 4509 307 4562 ad
344 4506 604 4576 troparia,
650 4513 706 4559 et
758 4492 1229 4559 commemoranda
1269 4501 1537 4556 sententia
1598 4498 1808 4569 Caugii,

243 4600 331 4665 qui
362 4598 630 4653 Zonaram
683 4605 921 4661 secutus,
953 4596 1027 4649 ait
1080 4594 1203 4647 inde
1252 4591 1492 4662 troparia
1532 4591 1809 4661 appellari,
1846 4605 1889 4660 ι)

248 4709 266 4741 ι
308 4690 449 4759 quod
478 4690 544 4743 ad
576 4688 761 4743 modos
796 4688 1091 4740 hirmornm
1112 4686 1428 4757 τρέπονται,
1459 4693 1738 4738 vertuntur
1761 4693 1815 4735 et

244 4782 607 4836 inﬂectuntur.
667 4799 685 4832 ο
732 4779 955 4834 Zonaras
1000 4778 1188 4842 verba,
1242 4793 1363 4847 quae
1424 4791 1451 4829 a
1499 4775 1706 4845 Caugio
1759 4775 1811 4827 in

245 4882 383 4932 hanc
406 4877 729 4932 sententiam
770 4873 1130 4937 adducuntur,
1168 4877 1283 4929 hac
1310 4880 1433 4925 sunt
1466 4888 1481 4925 :
1519 4869 1813 4943 Τροπάρια

240 4970 511 5039 λέγονται,
547 4967 625 5031 ὡς
650 4968 782 5041 πρὸς
809 4970 937 5030 τοὺς
980 4968 1206 5038 εἰρμοὺς
1234 4965 1564 5037 τρεπόμενα,
1595 4962 1689 5017 καὶ
1716 4962 1815 5033 τὴν

240 5060 521 5132 ἀναφορὰν
548 5057 644 5113 τοῦ
668 5059 860 5134 μέλους
884 5059 1021 5131 πρὸς
1043 5058 1283 5121 ἐκείνους
1310 5056 1623 5126 ποιούμενα.⁸
1656 5054 1689 5125 ἢ
1721 5053 1816 5107 καὶ

240 5154 513 5225 τρέποντα
544 5150 644 5223 τὴν
678 5153 859 5227 φωνὴν
886 5152 995 5208 τῶν
1022 5150 1257 5223 ᾀδόντων
1280 5149 1417 5224 πρὸς
1445 5147 1506 5201 τὸ
1535 5147 1692 5219 μέλος
1722 5148 1815 5201 καὶ

242 5246 331 5300 τδν
366 5242 579 5316 ῥυθμὸν
602 5241 710 5296 τῶν
742 5242 968 5316 ιῑρμῶν.
1007 5243 1073 5296 Et
1118 5241 1193 5313 μὴ
1222 5238 1332 5310 γὰρ
1357 5239 1491 5307 πρὸς
1528 5237 1816 5301 ἐκείνου.)ςό

242 5335 348 5389 τῶν
377 5334 517 5389 αὑτά
531 5330 839 5404 ψαλλόντων
865 5332 1099 5402 φθόγγος
1122 5328 1415 5393 ιῦθύνοιτο,
1431 5326 1533 5381 οὐκ
1548 5324 1815 5397 εὔρυθμον

242 5428 395 5482 ἐπει
426 5428 489 5481 τὸ
524 5427 705 5499 μέλος,
734 5424 852 5480 οὐδὲ
877 5424 1216 5497 ὶναρμόνιον,
1235 5420 1355 5476 οὐδὲ
1379 5418 1539 5491 μέλος
1559 5418 1623 5471 ἂν
1637 5417 1812 5487 γένοι-

242 5536 323 5583 το,
349 5520 465 5574 ἀλλ’
488 5518 700 5589 ἀπηχὲς
720 5516 813 5570 καὶ
841 5514 1179 5587 ἀνάρμοστον
1203 5512 1438 5582 φώνημα
1472 5528 1485 5563 :
1509 5526 1529 5561 ι
1558 5507 1814 5578 Troparia

244 5622 530 5679 vocantur,
562 5620 620 5664 ut
651 5624 773 5680 qua
818 5610 885 5663 ad
932 5608 1137 5663 hirmos
1170 5613 1451 5659 vertuntur
1483 5616 1683 5670 eosque
1727 5618 1813 5654 re-

246 5703 480 5772 spiciunt
531 5712 787 5770 tauquam
850 5697 1233 5754 modulationis
1306 5694 1664 5750 subsidium:
1733 5694 1811 5745 vel

247 5795 436 5861 etiam,
465 5808 585 5871 qua:
608 5799 824 5847 vertunt
868 5789 1177 5845 canentium
1224 5801 1380 5840 voces
1405 5787 1469 5839 ad
1502 5785 1689 5839 modos
1715 5802 1811 5838 nu-

251 5897 537 5955 merosque
568 5884 884 5942 hirmornm.
918 5880 1029 5936 Nisi
1059 5879 1202 5934 enim
1248 5876 1312 5932 ad
1345 5892 1529 5934 eorum
1568 5891 1809 5932 normam

1900 659 2008 713 tus,
2038 669 2209 725 neque
2235 656 2416 708 suavis
2462 653 2768 719 harmonia,
2816 666 2989 721 neque
3024 654 3252 709 melodia
3279 654 3478 723 poterit

1899 744 2177 811 appellari,
2215 744 2308 798 sed
2340 743 2652 799 vociferatio
2686 744 3008 799 inconcinna
3038 758 3088 795 et
3118 748 3409 804 inamteua.
3446 766 3464 799 ι

1900 835 2120 890 Zonarae
2172 838 2438 891 consentit
2492 837 2778 898 Arcadius,
2840 837 3107 891 consentit
3165 837 3473 897 Grctserus.

1901 926 2005 981 Sed
2037 931 2078 983 si
2111 933 2211 985 hoc
2243 930 2313 983 ita
2351 930 2444 991 sit,
2496 932 2594 984 tria
2644 930 2776 984 satis
2838 930 3023 983 mirari
3073 945 3177 985 non
3229 945 3468 999 possum.

1903 1018 2076 1075 Unum
2128 1033 2233 1083 est,
2273 1022 2415 1090 quod
2456 1022 2663 1078 hirmus
2712 1025 2781 1078 ab
2814 1022 3012 1077 Allatio
3063 1024 3205 1077 inter
3239 1028 3478 1091 troparia

1902 1125 2211 1181 reponatur.
2262 1113 2528 1177 Alterum,
2569 1116 2709 1182 quod
2757 1116 2989 1185 Caugius
3027 1115 3189 1170 etiam
3256 1116 3479 1186 Ἰδιὸμε-

1900 1206 1993 1259 λον
2025 1204 2251 1261 aﬂirmet
2280 1220 2403 1261 esse
2442 1208 2769 1277 troparium.
2809 1208 3053 1263 Tertium
3083 1207 3315 1277 denique
3339 1211 3481 1278 quod

1906 1298 2046 1352 idem
2084 1298 2321 1370 Cangius
2366 1313 2485 1352 cum
2515 1298 2717 1363 Goaro,
2754 1300 3047 1367 troparium
3083 1300 3305 1354 deﬁniat
3338 1322 3356 1352 1
3395 1317 3483 1355 voc

1903 1404 2020 1445 cem
2055 1393 2360 1461 genericam
2402 1400 2453 1444 et
2482 1392 2689 1445 cunctis
2717 1391 2967 1454 canticis,
2999 1391 3049 1443 iu
3071 1391 3309 1447 Ecclesia
3334 1392 3484 1448 Grae-

1903 1496 1965 1538 Ca
2003 1484 2254 1551 receptis,
2279 1495 2646 1537 communem.
2684 1499 2703 1532 ι
2731 1481 2939 1536 Etenim
2972 1481 3168 1536 tradita
3205 1499 3233 1537 a
3274 1482 3484 1539 Zonara

1907 1571 2260 1640 tropariurum
2290 1572 2555 1635 deﬁnitio,
2587 1586 2693 1624 non
2718 1571 3363 1643 complectiturtanquam
3388 1590 3482 1627 sua

1907 1662 2143 1718 membra
2170 1672 2261 1715 aut
2293 1663 2527 1717 hirmmn
2562 1674 2659 1716 aut
2690 1662 3025 1727 idiomelum,
3060 1674 3247 1734 utpote
3280 1679 3401 1734 quae
3417 1666 3483 1717 ad

1906 1756 2103 1811 nullius
2134 1755 2296 1809 hinni
2334 1772 2590 1810 nnmeros
2626 1754 2995 1811 inﬂectuntur.
3030 1756 3129 1823 Qui
3166 1757 3486 1825 igituridio-

1908 1847 2103 1902 melum
2138 1855 2192 1901 et
2234 1846 2440 1899 hirtum
2481 1850 2717 1916 imparia
2764 1861 2885 1901 esse
2920 1844 3332 1909 dicuntur?Qui
3381 1860 3487 1899 vox

1910 1939 1995 1991 illa
2029 1941 2320 2008 troparium
2351 1940 2653 1993 communis
2684 1950 2761 1993 est
2789 1938 3043 1993 omnibus
3068 1936 3327 1992 Ecclesia:
3355 1950 3487 1992 cau-

1911 2029 2184 2084 tionibus?

1980 2119 2069 2175 l2.
2108 2119 2296 2175 limen
2334 2123 2572 2179 incertus
2607 2121 2797 2184 animi,
2836 2136 3010 2190 neque
3043 2132 3220 2177 tamen
3246 2138 3331 2177 me
3357 2137 3484 2193 pos-

1907 2226 2025 2267 sum
2048 2212 2337 2278 adducere,
2364 2221 2421 2265 ut
2445 2216 2593 2270 viros
2624 2218 2675 2269 iu
2703 2216 2903 2269 rituum
2923 2213 3237 2270 Graecorum
3257 2214 3485 2270 scientia

1908 2305 2152 2377 apprime
2200 2313 2467 2368 versatos,
2500 2317 2555 2359 et
2579 2306 2679 2361 hoc
2728 2308 2943 2360 nomine
2980 2322 3077 2375 per
3100 2318 3267 2363 totum
3298 2309 3486 2365 orbem

1909 2408 2175 2453 terrarum
2206 2397 2478 2462 celebres.
2504 2406 2778 2451 autumem
2812 2398 2955 2466 loqui
2985 2403 3296 2468 pugnantia,
3321 2413 3376 2456 et
3399 2401 3490 2457 hic

1916 2502 1947 2542 a
1986 2503 2116 2543 vero
2137 2489 2347 2545 abesse.
2374 2488 2513 2557 Quid
2545 2490 2745 2561 igitur?
2775 2488 2841 2545 Ut
2865 2490 2945 2543 hac
2980 2504 3167 2544 eorum
3189 2493 3489 2548 locutiones

1914 2580 2175 2635 duntaxat
2214 2581 2269 2633 in
2315 2582 2551 2648 speciem
2588 2592 2893 2650 pugnantes
2941 2583 3307 2638 concilientur
3350 2585 3491 2638 inter

1911 2686 1989 2731 se.
2060 2679 2278 2739 totaque
2318 2672 2676 2738 tropariorum
2740 2684 2931 2726 natura
2986 2675 3336 2744 intelligatur,
3388 2690 3491 2746 ego

1908 2764 2123 2833 quidem
2146 2762 2227 2819 sic
2257 2771 2439 2817 statuo
2462 2781 2473 2816 :
2499 2762 2798 2831 quamlibet
2822 2764 2872 2817 in
2898 2764 3135 2819 Ecclesia
3158 2765 3341 2821 Graica
3362 2782 3491 2822 can-

1910 2858 2106 2912 tionem
2139 2856 2411 2913 communi
2461 2856 2680 2911 nomine
2738 2856 2997 2926 appellari
3054 2859 3373 2926 troparium.
3404 2859 3491 2913 vel

1907 2950 1977 3003 ob
2003 2964 2212 3012 vocem,
2238 2963 2358 3017 qute
2395 2949 2535 3003 inter
2588 2951 2917 3004 cantandum
2971 2950 3253 3019 multiplici
3308 2967 3372 3006 ac
3410 2953 3494 3006 di-

1909 3051 2069 3091 verso
2099 3038 2256 3091 modo
2300 3035 2621 3103 inﬂectitur;
2652 3039 2732 3093 vel
2762 3040 2925 3093 etiam
2955 3041 3025 3094 ob
3063 3044 3488 3109 canonarcham,

1910 3128 1999 3197 qui
2030 3128 2154 3182 dum
2187 3142 2282 3197 per
2310 3140 2577 3183 commata
2611 3131 2916 3185 cautionem
2954 3130 3189 3199 aliquam
3223 3136 3488 3204 suggerit,

1834 3263 1877 3321 ο
1910 3222 2119 3275 varium
2160 3221 2391 3275 vertitur
2449 3222 2501 3276 in
2550 3222 2808 3287 chorum;
2863 3223 2933 3277 ita
2987 3231 3045 3277 ut
3090 3228 3389 3295 troparium
3422 3230 3494 3283 sit

1916 3314 2078 3369 veluti
2125 3328 2296 3382 genus
2340 3314 2406 3367 ad
2440 3312 2620 3383 plures
2652 3315 2965 3369 cantionum
3008 3313 3343 3373 iliﬂ‘ereutias
3382 3320 3495 3373 sive

1914 3407 2115 3463 formas
2135 3408 2427 3478 pertinens.
2472 3408 2648 3478 Atque
2684 3409 2948 3462 alterutro
2983 3423 3171 3475 sensu,
3203 3411 3287 3465 vel
3314 3414 3493 3482 potius

1916 3510 2166 3568 utroque.
2192 3508 2247 3553 et
2271 3498 2516 3553 idiomela
2554 3509 2610 3553 et
2642 3501 2803 3552 birmi
2850 3509 2905 3553 et
2944 3500 3179 3555 stichera
3211 3509 3267 3555 et
3306 3502 3493 3565 stichi,

1915 3599 1970 3641 et
1991 3590 2269 3643 cautiones
2286 3588 2506 3657 reliquae
2521 3603 2710 3643 omnes
2732 3590 2854 3659 jure
2887 3591 3085 3645 merito
3112 3603 3496 3661 nuncupantur

1919 3679 2181 3749 troparia.
2210 3680 2292 3733 An
2326 3679 2469 3734 enim
2502 3682 2685 3734 cantio
2724 3689 2900 3750 potest
2934 3696 3053 3736 esse
3078 3683 3209 3747 ulla,
3238 3683 3293 3738 in
3331 3698 3493 3753 quam

1918 3782 2147 3842 utraque
2172 3770 2259 3825 illa
2295 3772 2433 3825 ratio
2458 3786 2563 3825 non
2585 3772 2909 3828 conveniat?
2934 3773 3257 3843 Quanquam
3289 3776 3495 3829 cantio-

1916 3880 2009 3918 ues
2034 3864 2135 3918 illa:
2160 3864 2277 3917 alia:
2324 3864 2439 3917 sive
2481 3864 2704 3928 moduli,
2737 3866 2825 3934 qui
2874 3866 3017 3920 inter
3046 3868 3349 3922 canendum
3386 3868 3495 3921 hir-

1916 3958 2019 4009 mis
2056 3966 2508 4025 attemperautur,
2559 3972 2665 4011 non
2696 3958 2869 4010 solum
2923 3968 3145 4027 propter
3176 3960 3492 4013 alterutram

1916 4048 1997 4102 vel
2035 4060 2321 4117 utramque
2344 4048 2635 4111 rationem,
2667 4050 2761 4102 sed
2782 4051 2947 4103 etiam
2978 4061 3197 4119 propter
3225 4051 3368 4104 illam
3394 4064 3497 4106 ter-

1918 4140 2045 4192 tiam
2094 4156 2123 4191 ο
2169 4138 2379 4195 Zonara
2436 4138 2676 4205 allatam,
2711 4156 2997 4195 commune
3040 4157 3233 4197 nomen
3268 4145 3491 4211 troparii

1914 4232 2015 4285 sibi
2053 4230 2350 4293 vindicent,
2385 4238 2641 4301 tanquam
2675 4232 2945 4299 peculiare
2974 4242 3027 4285 et
3068 4234 3367 4303 proprium,
3407 4235 3490 4287 id-

1914 4337 2018 4390 que
2046 4336 2139 4391 per
2160 4322 2585 4375 antonomasiam
2617 4331 2709 4374 aut
2730 4337 2824 4390 per
2857 4322 3260 4377 excellentiam.

1914 4411 1941 4482 ᾗ
1976 4410 2056 4466 lll.
2089 4410 2230 4476 Quid
2274 4412 2601 4476 contacium,
2635 4414 2753 4480 quis
2778 4414 2892 4481 ejus
2930 4415 3360 4477 inventum-quid
3400 4428 3493 4469 ca-

2405 4497 2509 4535 non
2532 4520 2548 4545 ,
2591 4492 2639 4536 et
2683 4485 2985 4553 quotnplex.

1991 4592 2075 4648 l3.
2110 4594 2313 4664 Duplex
2348 4594 2436 4649 illa
2468 4596 2816 4665 signiﬁcatio,
2850 4610 3015 4664 quam
3048 4598 3164 4651 voci
3196 4599 3494 4665 troparinm

1920 4701 2079 4755 supra
2108 4686 2371 4752 dedimus,
2422 4690 2582 4741 modo
2608 4687 2857 4756 generica
2882 4729 2898 4753 ,
2933 4690 3091 4743 modo
3114 4690 3389 4761 speciﬁca,
3446 4691 3495 4745 si

1921 4778 2257 4841 admittatur,
2284 4777 2440 4848 plana
2467 4787 2596 4831 sunt
2640 4781 2845 4844 omnia,
2894 4782 3026 4835 nihil
3066 4782 3117 4835 in
3148 4782 3496 4839 doctissimo-

1923 4887 2038 4925 rum
2088 4872 2363 4925 hominum
2420 4870 2779 4927 locntiouibus
2827 4887 3095 4941 pugnans,
3139 4874 3269 4929 nihil
3311 4876 3491 4931 ambi-

1920 4978 2101 5032 guum.
2133 4962 2201 5016 Et
2234 4977 2364 5017 vero
2394 4961 2707 5015 admittetur
2729 4964 2849 5019 sine
2887 4964 2992 5019 ulla
3029 4970 3396 5022 controversia
3425 4968 3496 5025 ab

1923 5054 2006 5119 iis,
2044 5053 2134 5123 qui
2160 5059 2363 5107 norunt
2395 5053 2598 5107 similes
2643 5053 3018 5125 homonymias
3041 5056 3091 5109 in
3120 5057 3494 5114 ecclesiastico

1920 5142 2228 5198 Graecorum
2272 5155 2520 5195 sermone
2543 5154 2665 5195 esse
2710 5143 3033 5211 complures.
3066 5143 3338 5197 Vocabula
3382 5145 3489 5199 alia

1922 5245 1979 5288 ut
2012 5243 2353 5302 praeteream,
2385 5248 2545 5286 unum
2566 5233 2848 5288 κοντάκιον
2879 5250 3041 5302 quam
3075 5235 3239 5287 multa
3273 5237 3497 5302 signiti-

1919 5324 2043 5379 cat!
2076 5337 2238 5392 quam
2274 5322 2517 5375 diversa!
2565 5321 2845 5392 Signiﬁcat
2876 5324 3020 5377 aliud
3061 5324 3111 5376 in
3159 5337 3495 5379 commentu-

1923 5417 2087 5477 tioue.
2121 5412 2267 5468 aliud
2287 5414 2341 5467 in
2365 5411 2547 5466 divino
2573 5414 2827 5468 horarum
2859 5414 3058 5477 oﬂicio.
3082 5416 3226 5469 aliud
3259 5418 3311 5469 in
3340 5416 3494 5468 litur-

1920 5508 2028 5578 gia,
2061 5506 2254 5560 iterum
2286 5504 2339 5558 in
2380 5504 2720 5559 ordinatione
2768 5505 2913 5558 aliud
2952 5517 3116 5573 atque
3154 5506 3316 5559 aliud.
3382 5506 3491 5561 Has

1921 5598 2345 5669 signiﬁcationes
2372 5596 2628 5665 singulas,
2670 5599 2721 5650 in
2764 5598 3186 5673 ’Λρχιερατικῷ,
3217 5601 3329 5654 sive
3353 5600 3490 5653 libro

1922 5688 2211 5759 pontiﬁcali
2243 5684 2496 5741 Ecclesiae
2527 5684 2750 5750 Graecae,
2781 5704 3011 5759 operose
3048 5706 3247 5761 perque
3281 5690 3493 5744 erudite

1920 5782 2152 5852 esplicat
2179 5779 2411 5834 Isaacius
2446 5774 2733 5846 liabet-tus,
2764 5782 2954 5836 doctor
2981 5782 3334 5842 Sorbonicus.
3362 5789 3492 5836 tunc

1922 5877 2085 5931 abbas
2115 5872 2172 5928 S.
2216 5869 2397 5925 Maria:
2427 5867 2492 5923 de
2542 5869 2784 5938 Allodiis,
2824 5883 3011 5945 postea
3047 5873 3340 5930 Vahrensis
3374 5872 3488 5935 eci-
