4212 6498
735 463 903 503 CCCI!

2096 438 2625 496 PROLEGOMENA.

738 578 955 632 scopas,
976 576 1132 633 quem
1159 561 1348 615 avidus
1377 562 1581 615 sciendi
1601 562 1768 615 lector
1788 566 1962 627 potest
1990 556 2303 611 consulere:
2335 560 2382 619 Α
2411 554 2810 609 solemnitatum
2844 593 2858 617 ,
2889 550 2982 609 sed
3028 558 3082 605 et
3119 548 3405 609 illustrium
3440 561 3751 611 sanctorum
3785 568 3971 611 conta-

740 654 958 725 longum
996 662 1078 707 est
1112 654 1258 707 enim
1304 651 1496 706 afferre
1522 668 1722 708 omnia.
1760 652 1831 704 At
1882 664 2009 705 vero
2055 663 2178 702 cum
2219 649 2305 702 hic

737 746 1046 800 Graecorum
1108 743 1425 797 ἀκολουθίαν
1502 739 1851 798 evolvendam
1933 741 2299 809 susceperim,

738 850 959 890 necesse
995 843 1077 890 est
1127 835 1326 901 dicere,
1362 835 1514 905 quid,
1564 833 1870 899 κοντάκιον,
1908 833 2095 887 saltem
2146 834 2196 886 iu
2241 848 2303 888 ea

736 927 1019 996 signiﬁcet.
1057 946 1074 978 ι
1118 925 1174 980 lu
1210 928 1476 994 oratione,
1519 948 1536 979 ι
1568 926 1741 994 inquit
1773 926 1844 980 ibi
1886 924 2152 979 Habertus
2182 939 2300 994 pag.

736 1017 824 1080 59,
862 1036 882 1069 ι
918 1032 1011 1073 seu
1044 1019 1209 1074 divini
1252 1018 1507 1073 horarum
1545 1016 1703 1072 olIicii
1731 1018 2050 1073 recitatione
2080 1016 2161 1071 vel
2206 1018 2302 1072 de-

736 1108 1067 1173 raritatione,
1118 1108 1420 1161 contacium
1453 1116 1535 1162 est
1554 1122 1723 1178 genus
1753 1110 2023 1177 quoddam
2064 1108 2302 1163 modula-

738 1209 848 1253 tum
880 1198 1060 1269 hymni
1088 1213 1181 1252 seu
1214 1200 1406 1255 cantici
1429 1199 1803 1263 ecclesiastici,
1835 1202 2046 1255 cateris
2090 1200 2299 1272 simpli-

735 1292 872 1355 cius,
929 1293 1100 1361 iisque
1156 1294 1396 1361 brevius,
1436 1298 1593 1366 quale
1636 1297 1861 1366 singulis
1913 1296 2100 1351 diebus
2154 1296 2301 1349 festis

734 1383 1003 1452 proprium
1053 1394 1174 1441 est:
1223 1390 1365 1443 unde
1405 1390 1704 1444 Κοντάκιον
1730 1389 1830 1459 τῆς
1863 1390 2076 1463 ἡμέρας
2115 1398 2302 1443 conta-

732 1474 874 1527 cium
906 1476 1008 1530 diei
1034 1490 1276 1535 vocatur.
1310 1500 1328 1533 ι
1393 1480 1530 1535 Tum
1567 1481 1784 1550 subjicit
1830 1487 2134 1551 exemplum
2173 1496 2303 1534 con-

736 1566 859 1621 tacii
884 1567 1001 1635 ejus
1028 1572 1133 1624 diei
1170 1576 1221 1624 in
1252 1587 1358 1641 quo
1389 1573 1454 1627 de
1479 1574 1729 1629 coutaciu
1745 1575 2036 1639 scribebat,
2064 1575 2153 1643 qui
2185 1584 2301 1626 erat

733 1658 851 1712 dies
874 1674 1029 1714 sacer
1049 1672 1238 1716 sancto
1263 1663 1518 1734 Georgio.
1546 1663 1660 1719 Non
1694 1676 1775 1720 est
1819 1666 1869 1718 in
1908 1666 2091 1718 animo
2113 1676 2299 1717 excin-

730 1748 876 1815 plum
902 1750 1031 1804 illud
1061 1755 1446 1821 transcribere,
1482 1758 1606 1826 quia
1635 1757 1779 1810 aliud
1814 1757 1865 1810 in
1901 1755 2075 1810 ollicio
2106 1755 2297 1809 horum

733 1840 894 1894 trium
928 1858 1237 1901 sanctorum
1272 1866 1393 1903 mox
1436 1852 1752 1903 inventurus
1784 1862 1866 1905 est
1895 1849 2084 1903 lector.

805 1932 890 1986 Η.
925 1934 1093 1991 Porro
1120 1953 1183 1991 ex
1224 1942 1324 1992 hac
1353 1939 1572 1994 Haherti
1597 1941 1963 2011 descriptione
1985 1938 2122 1994 efﬁci
2150 1943 2300 2011 cogi-

732 2038 839 2091 que
884 2036 1077 2092 potest,
1128 2030 1432 2083 contacium
1494 2030 1762 2101 proﬂuere
1813 2049 1841 2085 a
1892 2032 2126 2088 dictione
2177 2050 2301 2086 κον-

730 2114 844 2177 τός,
879 2129 991 2167 rem
1013 2116 1227 2172 brevem
1262 2119 1624 2189 significante.
1654 2122 1837 2191 Neque
1860 2138 1987 2177 vero
2022 2125 2196 2193 placet
2216 2124 2300 2178 ιι.

729 2205 1002 2275 garidius,
1026 2209 1115 2277 qui
1152 2213 1312 2265 audet
1339 2213 1446 2265 ἀπὸ
1467 2213 1559 2265 τοῦ
1582 2212 1773 2267 κοντοῦ
1793 2214 1859 2269 ab
1891 2214 2045 2270 hasta
2073 2217 2185 2272 sive
2212 2216 2293 2282 ja~

730 2294 1129 2352 culodeducere
1155 2299 1435 2353 κοντάκιον
1456 2341 1471 2364 ,
1504 2302 1731 2371 perinde
1765 2306 1919 2374 quasi
1956 2305 2094 2359 foret
2114 2312 2299 2358 conta-

728 2387 871 2438 cium
916 2388 1089 2440 oratio
1118 2405 1280 2456 quam
1307 2405 1565 2448 vocamus
1588 2394 1991 2463 jaculatoriam.
2010 2395 2121 2449 Non
2154 2395 2295 2447 enim

730 2475 917 2540 κοντός
969 2477 1207 2544 jarulutu
1264 2485 1478 2552 proprie
1528 2486 1825 2556 significat;
1888 2489 2013 2542 licet
2066 2484 2297 2540 Joannes

729 2566 968 2623 Morinos
1002 2569 1077 2625 De
1113 2579 1276 2626 uteris
1313 2577 1737 2632 ordinationibus
1782 2594 1906 2646 pag.
1924 2577 2049 2642 κει),
2089 2577 2140 2632 id
2164 2579 2299 2632 velle

731 2666 967 2731 probare
991 2665 1233 2719 videatur
1260 2680 1321 2718 ex
1360 2665 1451 2720 illo
1474 2666 1690 2722 Homeri
1726 2669 1992 2723 versiculo
2026 2668 2218 2742 Odyss.
2242 2688 2295 2725 I:

806 2756 1001 2821 Αὐτὰρ
1013 2754 1126 2823 ἐγὼ
1149 2757 1421 2824 χειζρεσσι
1446 2759 1649 2811 λαϐὼν
1675 2760 1999 2830 περιμήκεα
2031 2765 2266 2817 κοντόν.

732 2840 883 2894 llmtc
938 2842 1152 2899 [Intueri
1206 2848 1381 2901 locum
1439 2851 1483 2903 si
1519 2849 1757 2906 Morinus
1805 2853 2045 2915 adiisset,
2076 2855 2300 2909 vidisset

732 2931 849 2986 luce
887 2932 1104 2999 clarius,
1146 2938 1333 3001 κοντός
1379 2954 1480 2993 non
1511 2956 1628 2995 esse
1664 2940 1925 3011 iaculum,
1953 2944 2045 2998 sed
2071 2945 2298 3015 pralon-

730 3038 851 3092 gain
902 3028 1163 3093 perticam
1218 3045 1323 3100 qua
1383 3033 1591 3089 minora
1648 3037 1859 3106 navigia
1936 3038 2299 3107 impelluntur,

730 3115 921 3171 Latine
945 3136 1157 3190 quoque
1182 3137 1369 3179 contus
1397 3128 1623 3191 dictam;
1673 3128 1742 3182 ibi
1768 3132 1908 3183 enim
1952 3130 2078 3184 facit
2111 3130 2303 3186 Home-

736 3225 826 3262 rus
872 3209 1113 3282 Ulyssem
1162 3230 1409 3281 narrare,
1468 3219 1738 3286 quomodo
1783 3221 2300 3288 appropinquantem
2327 3242 2373 3304 (ς

731 3300 798 3351 ad
844 3300 993 3353 littus
1042 3300 1421 3373 Polyphemum
1454 3307 1764 3373 detruserit,
1818 3319 2037 3377 arrepto
2079 3310 2297 3363 immani

731 3396 912 3443 conlo.

803 3478 891 3533 l5.
917 3478 1023 3536 Sed
1058 3481 1212 3552 juvat
1237 3486 1434 3539 iterum
1452 3486 1644 3542 audire
1674 3487 1971 3543 Habertum
2004 3491 2084 3545 sic
2106 3506 2297 3556 prose-

731 3581 987 3637 quentem
1024 3588 1038 3624 :
1071 3591 1091 3625 ι
1129 3573 1253 3630 Haec
1284 3584 1462 3632 autem
1494 3578 1739 3634 contacia
1776 3580 1995 3635 inventa
2030 3590 2155 3637 sunt
2203 3585 2303 3638 cir-

734 3680 795 3751 r/a
828 3679 1031 3720 annum
1074 3668 1282 3723 Domini
1320 3671 1833 3740 quingentesimum,
1880 3676 1980 3728 sub
2013 3675 2303 3729 Anastasio

734 3754 1077 3819 imperatore.
1134 3759 1374 3825 Inventa,
1411 3763 1652 3830 inquam,
1700 3763 1959 3819 divinitus
1991 3782 2020 3818 a
2059 3766 2301 3820 Romano

732 3846 1040 3916 (Emeseno)
1082 3850 1344 3913 diacono;
1371 3854 1484 3919 qui,
1524 3853 1653 3904 dum
1692 3853 1745 3906 iu
1780 3856 2012 3921 quadam
2064 3857 2303 3922 Deipara

730 3935 956 3991 ecclesia
986 3939 1085 4009 τὴν
1111 3938 1430 4008 παννυχίδα,
1465 3954 1649 3995 sacras
1677 3942 1889 4010 v?gilias
1913 3955 2213 4010 perageret,
2247 3952 2302 3993 ut

732 4038 987 4081 narratur
1021 4030 1073 4083 in
1109 4028 1311 4084 Meuao
1344 4030 1652 4086 Gracorum
1678 4032 1786 4101 (die
1822 4035 1838 4087 Ι
1877 4031 2182 4098 Octobris);
2230 4032 2304 4085 Τὸ

732 4118 999 4190 χάρισμα,
1024 4120 1217 4190 inquit.
1240 4122 1337 4192 τῆς
1359 4122 1629 4190 συνάξεως
1658 4125 1961 4192 (legendum
1980 4124 2300 4195 συντάξεως)

732 4209 843 4261 τῶν
870 4210 1163 4265 κοντακίων
1198 4212 1406 4279 ἐλαϐεν,
1440 4215 1795 4285 ἐπιφανείσης
1837 4215 1987 4289 αὐτῷ
2013 4216 2112 4287 τῆς
2134 4215 2303 4288 ὑπερ-

734 4305 894 4371 αγίας
922 4304 1182 4358 Θεοτόκου
1232 4310 1347 4359 κατ’
1371 4310 1522 4381 ὄναρ,
1551 4310 1648 4363 καὶ
1680 4311 1840 4381 τόμον
1863 4310 2064 4383 χάρτου
2099 4309 2307 4365 ἐπιδού-

735 4412 834 4465 σης
865 4396 960 4448 καὶ
998 4396 1334 4467 κελευσὰσης
1367 4399 1528 4451 αὑτὸν
1576 4403 1913 4468 καταφαγεῖν
1973 4401 2188 4467 Ἐδοξεν
2214 4397 2307 4455 οὖν

734 4484 942 4552 ἀνοῖξαι
970 4486 1033 4539 τὸ
1065 4487 1239 4559 στόμα
1270 4488 1365 4542 καὶ
1398 4494 1687 4542 καταπιεῖν
1733 4491 1823 4543 τὸν
1867 4491 2093 4562 χάρτην·
2130 4488 2219 4562 (ἦν
2249 4491 2306 4544 δὲ

2406 646 2493 699 cia
2528 645 2775 717 perfecit,
2803 646 2873 697 ita
2908 655 2965 700 ut
2993 642 3365 700 contaciornm
3400 649 3466 703 ab
3498 648 3613 718 ipso
3635 649 3964 714 composito-

2407 754 2525 791 rum
2560 728 2713 809 copia
2739 736 3100 790 millenarium
3140 735 3387 802 excedat,
3419 742 3470 794 in
3497 751 3628 809 pace
3655 736 3819 788 vitam
3851 737 3968 792 lini-

2406 831 2500 883 Vit.
2543 850 2562 883 ›

2482 922 2565 977 16.
2598 920 2792 977 Verum
2822 917 2898 988 (id
2923 922 3063 988 quod
3101 938 3232 993 pace
3274 919 3372 973 viri
3405 923 3536 975 tanti
3571 919 3825 981 dixerint)
3853 918 3967 975 hac

2408 1012 2731 1069 Mcnmorum
2755 1013 2915 1065 verba
2941 1012 3181 1069 indicant
3209 1012 3448 1085 quidem,
3478 1013 3744 1077 contacia,
3779 1023 3809 1063 a
3836 1024 3965 1063 san-

2403 1116 2494 1160 cto
2527 1108 2767 1161 Romano
2789 1106 3083 1176 composita
3107 1106 3275 1163 fuisse
3297 1119 3455 1174 quam
3482 1105 3749 1172 plurima;
3780 1101 3875 1157 sed
3898 1102 3965 1157 ab

2405 1197 2524 1267 ipso
2542 1198 2707 1253 fuisse
2728 1196 2960 1266 primum
2985 1196 3273 1251 adinveuta
3294 1212 3398 1253 non
3420 1195 3677 1251 indicant.
3696 1197 3963 1251 Praterea

2403 1292 2575 1345 sancti
2612 1288 2837 1343 Romani
2869 1287 3061 1343 fesmm
3090 1288 3144 1341 in
3174 1288 3391 1343 Menwix
3413 1286 3488 1340 sic
3513 1285 3967 1353 indiciturzhivfj-

2410 1400 2484 1453 μη
2516 1382 2609 1436 τοῦ
2648 1382 2798 1434 ὁσίου
2849 1381 3058 1452 Πατρὸς
3092 1381 3244 1450 ἡμῶν
3280 1376 3539 1452 Ῥομανοῦ
3582 1381 3806 1451 ποιητοῦ
3858 1379 3965 1432 τῶν

2403 1473 2725 1528 κοντακίων.
2760 1470 2858 1525 Ubi
2884 1472 3275 1526 observandum
3310 1482 3421 1539 est,
3452 1468 3675 1539 ποιητοῦ
3697 1470 3807 1526 τῶν
3837 1484 3961 1525 κον⁴

2401 1567 2625 1629 τακίων,
2678 1574 2846 1633 poeta
2890 1566 3003 1620 sive
3060 1564 3357 1620 conditoris
3409 1561 3774 1620 contaciorum
3815 1564 3959 1626 diei;

2403 1674 2507 1713 nou
2561 1656 2787 1727 εὑρετοῦ
2818 1657 3152 1720 inventoris,
3188 1671 3297 1725 quo
3350 1668 3509 1726 pacto
3550 1654 3694 1721 loqui
3754 1651 3963 1708 Merica

2404 1749 2740 1811 debuissent,
2774 1749 2819 1805 si
2849 1749 3145 1805 voluissent
3192 1748 3562 1805 contaciorum
3593 1745 3962 1802 inventionem

2407 1843 2464 1894 ι).
2527 1840 2771 1898 Romano
2824 1841 3140 1896 attribuere.
3184 1840 3349 1896 Miror
3399 1857 3531 1898 sane
3591 1838 3961 1895 acutissimum

2404 1933 2694 1988 Ilabertum
2718 1937 2784 1990 ad
2813 1935 2927 1989 hac
2961 1947 3064 1986 non
3097 1934 3398 1989 advertisse
3424 1935 3688 2001 animum,
3727 1946 3832 1987 non
3863 1930 3963 1983 ad-

2402 2021 2628 2077 vertisse
2662 2023 2940 2087 Morinum,
2975 2036 3076 2074 non
3109 2020 3447 2087 Gretserum,
3499 2041 3605 2078 non
3637 2027 3787 2079 viros
3821 2022 3964 2077 alios

2398 2114 2660 2169 eruditos.
2697 2118 2872 2183 Atque
2907 2113 3019 2167 hac
3050 2113 3182 2167 mihi
3215 2113 3508 2182 disputanti
3540 2117 3690 2168 venit
3722 2116 3774 2169 in
3807 2129 3964 2169 men-

2402 2216 2505 2259 tem
2543 2204 2821 2278 Ligaridii,
2850 2206 2939 2274 qui
2974 2215 3111 2259 teste
3167 2203 3367 2268 Goaro,
3401 2205 3737 2259 inventorem
3775 2216 3963 2275 tropa-

2400 2315 2601 2355 rtorum
2636 2300 2763 2355 facit
2790 2298 3261 2369 Chrysostomum.
3299 2299 3379 2352 An
3432 2296 3732 2366 Ligaridius
3763 2298 3964 2353 habeat

2400 2400 2675 2445 auctorem
2708 2391 2993 2453 idoneum,
3025 2406 3129 2444 non
3156 2389 3291 2445 scio.
3327 2388 3437 2443 Hoc
3466 2386 3597 2453 scio,
3622 2386 3770 2451 circa
3833 2396 3965 2441 ata-

2403 2494 2509 2538 tem
2547 2483 2922 2554 Chrysostonti
2956 2484 3007 2536 in
3039 2497 3135 2535 usu
3177 2480 3343 2533 fuisse
3366 2478 3637 2548 troparia;
3674 2480 3800 2547 quia
3860 2478 3963 2533 Ce-

2398 2578 2598 2633 drenus
2633 2586 2929 2638 memorat,
2962 2589 3102 2628 anno
3134 2584 3326 2628 octavo
3358 2571 3553 2626 Leonis
3579 2568 3753 2640 Magni
3792 2570 3966 2640 impe-

2401 2668 2616 2731 ratoris,
2655 2667 2986 2737 Authymum
3015 2680 3079 2719 ac
3110 2663 3401 2719 Timoclem
3426 2662 3786 2733 tropariorum
3827 2677 3964 2733 poe-

2402 2765 2481 2809 tas
2521 2756 2841 2809 iunotuisse.
2906 2752 3128 2809 Molesta
3176 2753 3406 2810 fortasse
3453 2751 3640 2808 lecton
3695 2753 3961 2809 acciderit

2398 2847 2512 2902 hac
2550 2847 2724 2916 qualis
2754 2846 2930 2918 qualis
2968 2847 3035 2902 ad
3067 2846 3375 2903 inventores
3400 2846 3685 2919 digressio,
3707 2860 3878 2915 quare
3895 2846 3964 2899 ad

2402 2940 2734 3010 propositum
2767 2947 3122 2995 revertamur.
3151 2939 3472 2995 COItlacium
3524 2954 3652 3008 ergo
3679 2938 3968 3007 subsequi-

2404 3040 2489 3083 tur
2516 3022 2696 3093 Οἶκος,
2722 3028 2810 3098 qui
2847 3044 2875 3081 a
2906 3027 3083 3084 Goaro
3124 3043 3178 3096 p.
3206 3028 3271 3082 67
3297 3029 3625 3083 describitur
3657 3045 3671 3081 :
3710 3045 3729 3077 ι
3765 3025 3963 3095 Hymni

2403 3136 2570 3191 genus
2603 3122 2655 3176 in
2692 3121 2781 3175 Del
2837 3119 2923 3174 vel
2980 3121 3153 3174 sancti
3188 3120 3412 3189 alicujus
3446 3120 3659 3172 laudem
3703 3116 3775 3169 ita
3831 3129 3967 3168 con-

2404 3220 2693 3275 structum,
2726 3222 2783 3264 ut
2838 3211 2991 3277 quasi
3031 3225 3344 3277 compagem
3378 3250 3392 3269 ,
3448 3208 3756 3271 adilicium,
3796 3206 3963 3260 fabri-

2403 3313 2634 3366 camque
2668 3300 2925 3352 virtutum
2964 3298 3083 3367 ejus
3117 3310 3172 3352 et
3224 3298 3410 3366 gloria
3449 3296 3694 3349 videatur
3747 3310 3965 3365 compo-

2402 3406 2529 3445 nere
2556 3409 2571 3446 :
2601 3400 2656 3447 et
2690 3391 2811 3445 ideo
2834 3389 3104 3461 κοντακίῳ
3136 3391 3444 3459 opponitur,
3479 3398 3536 3443 ut
3563 3404 3627 3444 eo
3656 3389 3888 3459 amplius
3913 3399 3969 3443 et

2402 3483 2675 3539 diffusius.
2730 3504 2747 3534 ι
2790 3483 3182 3554 Explicationis
3221 3484 3465 3538 clarioris
3517 3498 3678 3538 causa
3707 3525 3722 3547 ,
3786 3484 3968 3537 subdit

2401 3578 2543 3633 Goar
2598 3594 2615 3632 :
2684 3596 2703 3630 ι
2775 3576 2894 3631 Itali
2961 3592 3175 3647 quoque
3237 3591 3335 3631 sua
3399 3584 3644 3645 poemata
3711 3573 3914 3628 habent
3949 3591 3963 3601 ·

2403 3682 2583 3725 uanae
2639 3685 2736 3725 sua
2789 3670 3005 3740 lingua,
3057 3669 3107 3723 id
3164 3679 3247 3723 est
3294 3668 3482 3722 donius
3512 3668 3627 3720 sive
3659 3664 3966 3719 habitacula

2403 3765 2567 3818 dicta.
2597 3782 2617 3813 ι

2477 3853 2564 3907 17.
2612 3852 2734 3924 ᾨδὴ
2769 3862 2947 3903 autem
3001 3848 3084 3902 vel
3138 3850 3411 3903 canticum
3449 3847 3578 3916 quid
3618 3846 3730 3909 sit,
3786 3846 3969 3899 notius

2406 3942 2619 3995 videtur
2672 3954 2812 4002 esse,
2848 3953 3008 4006 quam
3039 3948 3097 3991 ιιι
3149 3937 3235 3991 hic
3268 3951 3298 3990 a
3330 3952 3416 3991 tne
3441 3935 3702 4005 esplicari
3753 3934 3968 3991 debeat.

2404 4031 2535 4095 Quis
2555 4029 2698 4082 enim
2725 4028 2908 4094 Musis,
2937 4028 3186 4082 !Iabacuc
3216 4028 3551 4095 aliorumque
3580 4026 3969 4095 prophetarum

2407 4121 2619 4175 cantica
2680 4120 2938 4189 ignoret?
2998 4117 3185 4173 Solent
3212 4126 3393 4174 autem
3429 4133 3621 4173 novem
3672 4117 3972 4187 Scriptura

2405 4228 2575 4267 sacra
2605 4212 2837 4277 cantica,
2860 4213 3151 4265 sectnnlum
3185 4212 3429 4266 ordinem
3460 4220 3515 4265 et
3556 4210 3743 4275 ferias,
3770 4211 3823 4264 in
3851 4208 3970 4264 Ma—

2407 4304 2580 4357 ttttitto
2603 4302 2832 4357 recitare
2858 4300 3052 4357 Graci.
3084 4301 3325 4357 Primum
3358 4303 3576 4372 quidem
3609 4302 3886 4356 Dominica
3918 4310 3973 4353 et

2410 4394 2540 4448 feria
2578 4408 2652 4457 tt,
2684 4393 2956 4447 canticum
3008 4392 3172 4447 Hosis
3222 4392 3402 4464 (quod
3448 4402 3625 4447 exstat
3669 4394 3835 4445 Exodi
3881 4404 3970 4452 xv,

2407 4496 2459 4538 et
2483 4485 2532 4536 in
2555 4481 2798 4536 Romano
2824 4481 3099 4536 Breviario
3115 4482 3254 4536 seria
3282 4497 3333 4544 v.
3364 4482 3430 4535 ad
3451 4479 3972 4552 ιιιιιιάοε),ᾊσωμεν

735 4576 770 4645 ἡ
797 4575 957 4647 ἑορτὴ
985 4575 1077 4629 τοῦ
1130 4576 1362 4650 Χριστοῦ
1394 4579 1643 4647 γενεῶν),
1684 4580 1778 4631 καὶ
1830 4581 2033 4643 εὐθέως
2077 4580 2305 4648 ἔξυπνος
2337 4603 2379 4657 ο
2407 4574 2485 4643 τῷ
2520 4574 2730 4645 Κυρίῳ.
2757 4572 2981 4640 ἐνδόξως
3006 4573 3112 4645 γὰρ
3132 4572 3460 4638 δεδόξασται.
3492 4570 3769 4625 cunmm“
3794 4572 3974 4625 θοηιίο

734 4668 1042 4737 γενόμενος,
1098 4670 1304 4734 ἀναϐὰς
1336 4674 1391 4723 ὲν
1418 4670 1496 4742 τῷ
1540 4671 1772 4743 ἄμόωνι,
1821 4670 2024 4741 ηρξατο
2059 4671 2301 4740 ψάλλειν

750 4755 817 4807 Ἢ
850 4755 1123 4827 Παρθένος
1181 4761 1420 4831 σήμερον
1466 4760 1552 4813 τὸν
1593 4760 1913 4831 ὑπερούσιον
1966 4760 2157 4813 τίκτει.
2196 4761 2307 4816 Καὶ

740 4849 971 4919 ποιήσας
1000 4852 1095 4903 καὶ
1144 4850 1251 4904 τῶν
1288 4852 1487 4909 λοιπῶν
1514 4852 1715 4926 ἑορτῶν
1754 4854 1822 4907 τὰ
1863 4854 2137 4917 κοντάκια,
2169 4852 2307 4906 ἀλλὰ

738 4936 800 5006 δὴ
828 4937 923 4991 καὶ
948 4938 1056 4991 τῶν
1084 4942 1370 5011 ἐπισήμων
1405 4944 1596 5009 ἁγίων,
1617 4943 1691 5007 ὡς
1712 4941 1849 4997 εἶναι
1878 4945 1938 4997 τὸ
1967 4943 2169 5014 πλῆθος
2197 4943 2306 4997 τῶν

740 5027 832 5080 ὑπ’
875 5029 1037 5083 αὑτοῦ
1075 5032 1379 5102 γενομένων
1417 5036 1715 5089 κοντακίων
1756 5035 1898 5107 ὑπὲρ
1927 5035 1997 5089 τὰ
2039 5034 2204 5107 χίλια,
2250 5037 2308 5088 ὲν

740 5122 931 5195 εἰρήνῃ
984 5123 1295 5197 ἐτελειώθη,
1357 5144 1376 5177 ι
1428 5126 1703 5182 Romanus
1758 5129 2014 5183 diaconus
2078 5128 2305 5199 gratiam

742 5214 1144 5281 compositionis
1191 5218 1563 5272 contaeiorum
1621 5218 1991 5274 faciendorum
2050 5220 2306 5288 accepit,

744 5318 865 5357 cum
918 5306 976 5361 in
1025 5309 1231 5363 somnis
1282 5311 1623 5379 apparuisset
1668 5310 1770 5381 ipsi
1815 5311 2156 5365 sanctissima
2212 5309 2305 5364 Dei

746 5392 1016 5460 Genitrix,
1068 5399 1230 5467 eique
1281 5408 1482 5455 tornum
1518 5416 1612 5455 seu
1663 5411 1872 5469 partem
1908 5401 2113 5456 charta
2142 5400 2308 5455 tradi-

746 5485 935 5552 disset,
980 5491 1311 5545 manducare
1337 5492 1552 5559 jubens.
1614 5489 1774 5544 Visus
1800 5501 2042 5560 estergo
2087 5502 2307 5558 osape-

747 5575 858 5630 rire
904 5587 959 5632 et
1015 5583 1257 5635 chartam
1322 5583 1615 5636 absorbere
1665 5582 1806 5653 (erat
1875 5591 2057 5635 autem
2117 5580 2311 5634 natalis

746 5667 951 5724 Christi
984 5670 1145 5743 dies),
1196 5684 1358 5744 atque
1406 5674 1688 5729 confestim
1711 5688 1904 5730 sonmo
1937 5674 2165 5735 solutus,
2198 5688 2313 5724 am-

749 5758 944 5812 bonem
980 5765 1350 5819 conscendens
1389 5775 1617 5819 cantare
1668 5765 1880 5835 capit:
1922 5763 2091 5819 llodie
2151 5761 2312 5831 Virgo

750 5854 1328 5920 supersubstautialem
1386 5860 1549 5928 parit.
1609 5860 1784 5929 Atque
1834 5858 1923 5912 ubi
1980 5857 2309 5926 reliquarum

2408 4683 2476 4719 no
2518 4680 2537 4719 .°
2580 4668 2804 4734 gloriose
2856 4667 2992 4720 enim
3062 4665 3425 4735 magniﬁcatus
3489 4676 3587 4719 est.
3659 4663 3973 4720 Secundum

2410 4756 2575 4826 (quod
2638 4764 2718 4826 est
2765 4754 2929 4809 Hosis
2976 4756 3244 4808 canticum
3310 4754 3542 4809 alterum
3572 4793 3587 4819 ,
3631 4768 3699 4809 ex
3740 4755 3970 4810 Denter.

2411 4824 2602 4911 iam,
2649 4824 2703 4900 έι
2746 4846 2798 4900 in
2857 4844 3134 4899 Breviario
3204 4844 3446 4899 Romano
3500 4846 3718 4914 ponitur
3760 4846 3970 4903 Sabba-

2411 4951 2467 4994 to
2510 4941 2575 4993 ad
2604 4937 2859 5007 Laudes).
2902 4936 3195 5006 incipitque
3227 4937 3724 5010 Πρόσεχε,οὒρανὲ,
3761 4940 3858 4994 καὶ
3883 4938 3976 4992 λα-

2408 5031 2576 5102 λήσωο
2626 5030 2839 5093 Audite,
2868 5029 3005 5093 cali,
3054 5044 3171 5095 qua
3195 5035 3400 5099 loquor,
3426 5039 3480 5083 et
3512 5040 3764 5084 cantatur
3792 5032 3895 5085 hoc
3932 5046 3961 5083 a

2408 5122 2612 5177 Gracis
2629 5122 2763 5175 feria
2789 5136 2868 5176 ιιι.
2886 5120 3148 5185 Tertium,
3175 5120 3560 5193 Ἐστερεώθηή
3580 5121 3774 5192 καρδία
3796 5138 3900 5192 μου
3918 5123 3974 5173 ἐν

2410 5214 2621 5285 Κυρίῳ,
2645 5213 2940 5267 Επκιιανὶι
2959 5228 3052 5266 cor
3078 5227 3249 5265 meum
3276 5214 3332 5265 in
3358 5211 3602 5276 Domino,
3630 5226 3824 5280 nempe
3843 5226 3977 5265 can-

2412 5307 2576 5360 ticum
2622 5306 2815 5370 Anua,
2857 5304 3147 5359 ascribitur
3206 5303 3356 5359 feria
3409 5319 3482 5367 tv,
3542 5305 3681 5359 sicut
3726 5312 3782 5357 et
3826 5304 3969 5371 apud

2412 5397 2653 5453 Latinos.
2704 5395 2966 5462 Quartum
3001 5435 3017 5459 ,
3061 5393 3234 5465 Κύριε
3261 5434 3277 5459 ,
3322 5396 3618 5466 εἰσακήκοα
3659 5392 3759 5464 τὴν
3805 5394 3975 5463 ἀκοήν

2414 5503 2508 5539 σου
2529 5525 2544 5548 ,
2583 5483 2804 5538 Domine
2826 5522 2842 5547 ,
2882 5484 3062 5537 audivi
3114 5485 3443 5538 auditionem
3488 5498 3631 5537 tuam
3655 5520 3672 5547 ,
3699 5481 3973 5537 canticum

2413 5578 2621 5634 scilicet
2656 5574 2930 5638 Habacuc,
2966 5592 2995 5629 a
3031 5575 3241 5630 Latinis
3270 5576 3401 5630 feria
3426 5585 3577 5629 sexta
3601 5574 3707 5630 dici
3729 5574 3974 5639 solitum,

2415 5671 2549 5724 feria
2602 5686 2632 5721 v
2690 5681 2979 5736 usurpatur
3030 5686 3058 5721 a
3109 5667 3337 5724 Gracis.
3392 5668 3667 5735 Quintum,
3709 5667 3856 5737 quod
3892 5675 3971 5722 est

2414 5762 2681 5818 canticum
2714 5760 2861 5816 Isaia
2892 5805 2906 5827 ,
2946 5777 3050 5815 non
3104 5760 3230 5813 illm!
3263 5761 3474 5829 quidem
3508 5761 3649 5828 quod
3672 5770 3758 5814 est
3812 5758 3963 5816 Isaia

2420 5872 2517 5919 χιι,
2548 5865 2602 5909 et
2633 5854 2837 5925 incipit,
2874 5853 3174 5923 Conﬁtebor
3206 5854 3325 5918 tibi,
3362 5853 3600 5919 Domino,
3632 5852 3973 5922 proponitur-
