4212 6490
724 452 814 505 AD
851 449 1299 507 ACOLUTlllAM
1333 447 1583 504 OFFlCll
1623 444 1855 503 CIL-ECI
1904 445 2351 501 DISSERTATIO
2386 444 2852 502 ONOMASTICA.

3228 462 3425 507 οεειιι

196 587 293 645 que
340 575 393 628 in
440 572 685 628 Romano
724 571 1004 627 Breviario
1034 571 1166 625 feria
1195 585 1256 635 Il,
1291 571 1356 625 ad
1392 570 1630 633 Laudes;
1664 567 1758 621 sed
1787 571 1834 627 Α
1860 580 2099 621 canones
2119 566 2273 620 relati
2299 573 2445 632 sunt,
2480 573 2533 619 et
2564 564 2658 634 qui
2684 564 2884 620 idcirco
2917 562 3072 619 libris
3096 564 3426 623 ecclesiasti-

190 668 332 737 quod
384 666 534 722 Isaia:
582 680 702 736 cap.
748 681 898 729 xm,
927 679 978 717 ν.
1007 664 1041 719 9
1075 703 1091 727 ,
1141 663 1331 732 incipit
1378 664 1429 715 in
1477 662 1699 731 Vulgata
1736 677 1751 714 :

193 761 383 812 Anima
406 774 520 812 mea
542 758 854 812 desiderarit
879 767 928 811 te
948 756 1001 809 in
1036 767 1201 821 nocte,
1248 757 1343 809 Ἐκ
1363 753 1551 817 νυκτὸς
1571 749 1756 823 ὀρθρί-

192 851 271 916 ζει
313 850 377 904 τὸ
409 848 629 921 πνεῦμά
661 866 760 920 μου
802 846 938 919 πρὸς
972 848 1067 914 σὲ,
1094 849 1124 901 ὁ
1149 847 1280 911 Θεὸς
1312 864 1327 881 ο
1361 848 1463 901 hoc
1484 886 1498 910 ,
1533 847 1752 916 inquam

194 943 341 997 lsaize
370 944 639 997 canticum
678 941 904 996 alterum
937 942 1075 1012 apud
1112 939 1327 995 Graecos
1359 939 1637 1009 proprium
1666 950 1752 993 est

194 1037 337 1090 teris:
383 1050 453 1088 vt.
488 1034 722 1090 Sabbato
762 1048 889 1089 vero
928 1048 1161 1097 sextum,
1211 1030 1444 1102 Ἐϐόησα
1476 1032 1536 1085 ἐν’
1574 1031 1753 1103 θλίψει

195 1144 293 1199 μου
326 1126 465 1198 πρὸς
492 1124 714 1195 Κύριον,
756 1125 869 1179 sive
899 1123 1169 1179 canticum
1199 1120 1381 1187 Jonae,
1417 1119 1657 1174 διανιαυί
1689 1126 1755 1175 de

193 1218 530 1273 tribulatione
555 1233 669 1270 mea
694 1218 760 1269 ad
794 1215 1072 1269 Dominum
1096 1230 1116 1279 ;
1158 1224 1213 1268 et
1242 1214 1528 1284 septimum
1550 1254 1566 1278 ,
1589 1214 1752 1267 Εὑλο·

192 1310 357 1381 γητος
378 1303 452 1375 εἷ,
492 1308 665 1379 Κύριε
686 1310 715 1361 ὁ
744 1306 874 1369 Θεὸς
902 1305 1009 1358 τῶν
1042 1305 1294 1378 πατέρων
1320 1304 1498 1377 ἡμῶν,
1532 1305 1754 1361 Benedi-

193 1414 306 1456 ctus
340 1418 433 1463 .es,
482 1399 705 1455 Domine
738 1398 879 1452 Deus
930 1408 1141 1467 patrum
1173 1411 1493 1452 nostrorum.
1524 1400 1749 1469 lieliqua

194 1497 317 1559 duo,
343 1492 553 1549 scilicet
576 1492 743 1546 beatae
773 1488 954 1545 Maria
985 1488 1219 1560 Virginis
1244 1499 1297 1545 et
1320 1490 1597 1545 Zachariae
1621 1506 1746 1560 pro-

194 1586 391 1654 phetae,
423 1583 530 1637 alio
558 1593 797 1650 tempore
827 1581 1207 1636 deeantantur.

262 1674 350 1730 18.
372 1679 543 1744 Atque
561 1674 671 1728 tunc
684 1686 875 1727 novem
906 1674 1113 1729 cantica
1135 1675 1365 1745 integra,
1382 1674 1435 1727 in
1452 1687 1573 1728 eum
1594 1690 1752 1745 quem

186 1767 297 1836 jam
339 1763 587 1820 recensui
632 1762 878 1819 ordinem
922 1763 1420 1834 redacta,reperire
1449 1774 1533 1819 est
1556 1764 1610 1819 in
1646 1766 1753 1836 νέῳ

202 1856 521 1925 ’Δνθολογίῳ
546 1857 657 1911 sive
684 1870 824 1911 novo
846 1855 1131 1923 Florilegio
1144 1854 1360 1911 Antonii
1376 1857 1612 1920 Arcudii,
1633 1872 1757 1911 cou-

1861 659 1942 716 cis
1970 667 2309 714 accensetur.

1929 751 2019 807 20.
2068 751 2249 821 Pergit
2292 750 2527 823 Cangius
2565 758 2620 804 et
2650 750 2773 804 ait:
2825 768 2843 801 ι
2879 748 3126 803 Canones
3164 758 3425 818 praeterea

1862 862 1926 900 ex
1956 847 2183 900 materia
2212 860 2371 913 quam
2427 852 2661 899 tractant
2719 844 2933 897 nomina
2978 855 3275 909 sumpsere.
3319 843 3425 896 Alii

1862 938 2005 991 enim
2045 937 2412 1007 ἁναστάσιμοι
2444 937 2719 1001 dicuntur,
2747 936 2885 1003 quod
2912 935 2979 988 de
3010 932 3215 989 Christi
3247 950 3414 988 resur-

1861 1030 2099 1085 rectione
2120 1038 2314 1097 agant;
2353 1026 2747 1099 σταυρὼσιμοι,
2777 1027 2866 1096 qui
2902 1026 2967 1081 de
2999 1041 3197 1093 cruce;
3224 1025 3425 1096 νεκρώ-

1862 1141 2009 1194 σιμοι
2052 1134 2105 1177 ct
2150 1121 2539 1192 ἁναπαύσιμοι,
2588 1121 2677 1189 qui
2709 1120 2774 1173 tle
2830 1118 3089 1183 mortuis;
3135 1135 3427 1189 σταυρονε·

1861 1215 2151 1287 κρώσιμοι,
2194 1214 2285 1284 qui
2336 1213 2404 1268 de
2460 1227 2621 1268 cruce
2668 1221 2723 1265 et
2790 1210 3051 1275 mortuis;
3087 1210 3429 1280 παρακλητι-

1862 1306 1966 1369 κοί,
2002 1306 2091 1375 qui
2134 1308 2200 1360 de
2246 1304 2510 1358 solamine
2562 1304 2905 1368 animarum;
2962 1303 3249 1372 ἱκετήριοι.
3299 1319 3429 1370 sup-

1862 1398 2159 1467 plicatorii;
2211 1395 2495 1467 τριειδικοὶ.
2559 1395 2651 1463 qui
2709 1394 2777 1449 de
2833 1391 3124 1459 Trinitate;
3173 1394 3425 1463 δογματι-

1861 1490 1969 1552 κοί,
1999 1488 2087 1559 qui
2138 1490 2204 1541 de
2230 1484 2568 1556 dogmatibus
2607 1494 2792 1555 agunt,
2836 1495 2889 1537 et
2935 1486 3013 1537 sic
3050 1485 3117 1537 de
3169 1484 3422 1552 reliquis;

1860 1593 2097 1635 canones
2127 1579 2307 1648 itaque
2334 1578 2387 1632 in
2418 1576 2553 1633 odas
2570 1576 2883 1629 dividuntur
2902 1614 2916 1637 ,
2942 1576 3059 1629 odte
3088 1574 3139 1628 in
3169 1576 3428 1640 troparia,

1862 1687 1928 1725 ex
1959 1671 2153 1742 quibus
2182 1677 2600 1740 c0tnponuntur.
2631 1666 2864 1735 Singqu
2898 1680 3132 1735 namque
3167 1668 3246 1735 (ut
3269 1667 3429 1720 habet

1863 1762 1968 1815 alio
2006 1762 2123 1815 loco
2154 1762 2294 1816 idem
2345 1762 2580 1829 Cangius
2626 1775 2689 1814 ex
2727 1761 2945 1832 Allatio)
2978 1761 3215 1831 tmparia
3256 1762 3418 1815 coali-

1864 1861 1991 1906 nent
2021 1851 2173 1921 plura
2200 1860 2294 1905 aut
2316 1852 2591 1923 pauciora,
2623 1867 2744 1907 cum
2776 1867 2961 1907 eorum
2982 1868 3239 1907 numerus
3256 1856 3427 1905 deter-

191 1951 342 2001 tinuo
378 1956 502 2017 post
536 1945 858 2001 Psalterium
897 1965 952 1999 ς(
975 1945 1278 2000 Secundum
1312 1959 1488 2001 autem
1518 1948 1751 2011 illorum,
1788 1929 1829 1985 Β
1860 1944 2100 1998 minatus
2118 1960 2223 1999 non
2252 1943 2347 1999 sit.
2392 1941 2654 2013 Troparia
2697 1958 2859 2013 porro
2903 1945 3233 2014 quandoque
3258 1944 3424 1998 libera

188 2037 455 2109 Πρόσεχε,
499 2037 714 2109 οὐρανὲ,
762 2037 855 2091 καὶ
880 2036 1115 2108 λαλήσω,
1164 2038 1290 2107 quia
1321 2038 1755 2107 correptionihus

187 2141 238 2184 et
268 2130 434 2186 minis
472 2130 525 2184 in
546 2131 854 2199 pervicaces
878 2140 932 2183 et
953 2129 1256 2199 perduelles
1283 2128 1543 2185 Hebrxeos
1572 2138 1751 2197 tonat,

186 2221 449 2277 omissum
485 2221 690 2277 idcirco
724 2228 838 2276 toto
870 2221 998 2275 anni
1054 2220 1286 2275 decursu
1314 2260 1330 2285 ,
1368 2221 1483 2277 solo
1511 2222 1758 2290 Quadra-

188 2316 406 2387 gesimze
437 2328 642 2385 magna:
667 2324 910 2383 tempore
951 2313 1203 2385 lugubri,
1233 2328 1342 2385 quo
1373 2316 1756 2371 comminatio-

190 2408 350 2465 nibus
410 2416 467 2463 et
515 2405 688 2461 tristis
722 2406 932 2477 augurii
978 2408 1205 2463 vocibus
1243 2418 1559 2479 peccatores
1588 2420 1759 2465 terret

190 2500 455 2562 Ecclesia,
477 2500 805 2552 cantandum
842 2500 1085 2554 resumit.
1122 2519 1141 2551 ι
1164 2501 1237 2555 Ita
1263 2500 1491 2566 Goarus,
1519 2502 1758 2573 allegans

192 2590 464 2661 Horologii
491 2600 695 2659 typum.
726 2590 949 2655 ἰστέον,
972 2592 1051 2645 ὅτι
1072 2594 1104 2663 ἠ
1124 2592 1354 2664 δευτέρα
1368 2592 1477 2665 ᾠδὴ
1502 2592 1757 2646 οὐδέποτε

194 2682 605 2754 στιχολογεῖται,
632 2684 680 2735 εἰ
720 2684 795 2755 μὴ
825 2686 883 2738 ὲν
914 2684 1050 2759 μόνῃ
1074 2687 1139 2757 τῇ
1172 2686 1384 2759 μεγάλῃ
1414 2686 1762 2759 Τεσσαρακο-

193 2777 290 2846 στῇ
328 2772 473 2828 κατὰ
518 2774 616 2847 τὴν
641 2776 851 2847 τρίτην.
889 2776 1178 2831 Sciendum
1227 2777 1429 2846 quod2
1485 2780 1756 2832 canticum

194 2880 471 2936 nunquam
512 2880 606 2937 per
640 2881 831 2923 versus
880 2867 1159 2933 recitatur,
1182 2867 1284 2921 nisi
1324 2865 1760 2937 Quadragesimae

192 2972 399 3028 magna:
426 2958 601 3013 tertiis
620 2957 795 3013 feriis.

260 3048 349 3103 19.
384 3047 509 3103 Haec
538 3049 604 3103 de
655 3049 939 3118 scripturae
996 3046 1243 3101 canticis.
1281 3045 1601 3117 Progredior
1646 3048 1757 3120 iam

190 3141 255 3195 ad
280 3156 569 3203 canonem,
593 3156 711 3204 qua:
757 3148 841 3193 est
896 3153 1020 3208 pars
1046 3136 1218 3193 Otilcii
1256 3136 1429 3195 Graeci
1465 3140 1601 3196 bene
1640 3157 1757 3195 ma-

191 3248 319 3303 gna.
352 3232 558 3300 Quippe
608 3250 626 3283 σ
688 3244 924 3285 canones
983 3231 1065 3298 (ut
1121 3232 1356 3303 loquitur
1391 3233 1647 3305 Cangius)
1706 3235 1757 3287 in

190 3323 430 3379 Ecclesia
458 3321 646 3375 Graeca
705 3320 955 3376 dicuntur
986 3324 1175 3395 hymni
1217 3325 1305 3395 (ex
1335 3335 1597 3394 perpetuo
1623 3327 1753 3380 oda-

188 3428 308 3469 rum
342 3422 397 3466 et
452 3413 809 3481 tropariorutn
843 3416 1033 3471 ordine
1060 3429 1122 3469 ac
1152 3415 1291 3469 serie
1334 3415 1406 3466 ita
1437 3414 1749 3483 appellati),

188 3504 278 3572 qui
340 3510 463 3572 post
523 3501 771 3561 Psalmos
808 3505 1116 3571 Davidicos,
1152 3518 1487 3576 precesque,
1543 3513 1599 3560 et
1649 3506 1753 3561 alia

187 3595 454 3669 troparia,
514 3606 805 3666 antequam
855 3597 1115 3651 liniantur
1164 3596 1344 3652 divina
1401 3596 1755 3667 oﬂlcia,qua>

189 3696 456 3743 nocturno
488 3697 731 3754 tempore
759 3687 904 3742 domi
938 3697 1031 3743 aut
1062 3688 1114 3743 in
1168 3688 1414 3743 ecclesiis
1436 3690 1750 3758 exiguntur,

188 3780 307 3834 cani
338 3786 431 3832 aut
460 3777 677 3832 recitari
712 3779 906 3833 solent.
933 3780 1175 3833 Zonaras
1215 3780 1281 3833 ad
1323 3779 1572 3836 Canones
1606 3785 1752 3836 Ana-

187 3872 438 3925 stasimos
468 3870 777 3923 Damasceni
808 3885 826 3922 :
851 3869 1042 3922 Κανὼν
1074 3870 1309 3937 λέγεται,
1341 3872 1422 3925 ὅτι
1449 3872 1752 3945 ὡρισμένον

188 3966 281 4017 καὶ
304 3961 687 4030 τετυπωμένον
712 3960 822 4031 ἔχει
848 3962 909 4014 τὸ
954 3961 1151 4035 μέτρον
1179 3965 1338 4020 ἐννέα,
1370 3966 1532 4037 ᾠδαῖς
1570 3984 1753 4023 συντε-

186 4050 467 4122 λούμενον.
533 4050 777 4107 Cauoues
846 4054 1009 4123 igitur
1075 4054 1385 4111 dividuntur
1445 4060 1497 4112 in
1564 4073 1752 4114 novent

187 4143 357 4207 udas;
394 4141 538 4196 inter
578 4157 714 4211 quas
771 4154 948 4199 tamen
1006 4148 1246 4202 secunda
1279 4149 1469 4204 nullibi
1507 4162 1751 4221 apparet,

187 4236 280 4292 sed
342 4234 719 4306 componentis
788 4236 840 4289 in
921 4245 1139 4305 pectore
1204 4249 1489 4307 remanet;
1558 4254 1677 4311 post
1720 4243 1754 4296 4

187 4343 317 4382 vero
360 4328 498 4383 oden
537 4334 579 4398 ,ι
609 4342 780 4383 canon
840 4328 1247 4399 interrumpitur
1289 4333 1411 4395 ταῖς
1476 4332 1748 4403 ’Δναγνὼ-

188 4436 327 4474 creet.
352 4419 489 4475 Tum
519 4420 661 4475 enim
689 4422 942 4477 lectiones
969 4422 1035 4476 de
1062 4420 1197 4478 Vitis
1239 4433 1571 4489 sanctorum,
1608 4442 1751 4495 quo-

190 4530 305 4566 rum
336 4529 403 4567 eo
446 4513 529 4568 die
580 4514 1027 4569 commemoratio
1066 4516 1390 4579 celebratur,
1420 4529 1511 4572 aut
1551 4518 1619 4573 de
1650 4521 1750 4573 diei

1857 2050 1950 2089 aut
1980 2052 2112 2108 vaga
2168 2037 2580 2106 relinquuntur;
2618 2036 2940 2105 quandoque
2982 2037 3175 2105 primis
3206 2036 3422 2100 litteris,

1857 2128 2011 2196 quasi
2054 2128 2271 2182 annulis
2303 2128 2357 2183 in
2405 2128 2589 2183 verbis
2621 2127 2780 2182 veluti
2810 2126 3054 2183 catenula
3093 2128 3427 2193 inseruntur,

1859 2236 2022 2289 quam
2046 2219 2411 2276 acrostichida
2436 2228 2692 2274 auctores
2710 2230 2922 2273 vocant.
2944 2218 3060 2275 Non
3086 2221 3153 2274 ab
3179 2221 3427 2275 omnibus

1861 2325 2041 2369 tamen
2072 2312 2161 2367 illa
2192 2311 2480 2383 colligendi
2513 2313 2649 2364 ratio
2673 2322 2727 2365 et
2771 2312 2959 2365 modus
2994 2320 3265 2367 servatur.
3296 2311 3428 2379 Qni-

1860 2405 1984 2460 dam
2034 2404 2308 2475 alphabeti
2336 2404 2580 2459 ordinem
2612 2414 2849 2466 servant,
2888 2404 2960 2457 ita
2998 2410 3057 2457 ut
3078 2404 3312 2472 primum
3339 2421 3428 2460 ca.

1861 2497 2020 2553 nonis
2062 2496 2359 2566 troparium
2388 2496 2458 2551 ab
2484 2498 2528 2549 Α
2557 2497 2802 2567 incipiat,
2843 2505 2898 2552 et
2934 2496 2988 2550 iu
3016 2497 3057 2549 Ω
3089 2495 3305 2551 demum
3341 2500 3427 2551 de-

1861 2587 2025 2646 sinat.
2061 2588 2165 2641 Alii
2214 2587 2269 2642 in
2296 2587 2679 2644 'acrostichide
2711 2588 2970 2642 Θεοτόκια
2997 2589 3255 2659 (troparia
3297 2598 3427 2643 snut

1862 2682 2085 2738 odarnm
2116 2693 2415 2752 postrema,
2446 2681 2499 2735 in
2520 2681 2782 2737 honorem
2806 2679 3040 2752 Virginis
3080 2682 3428 2753 concinnata)

1862 2771 2165 2826 includunt.
2191 2770 2294 2824 Alii
2327 2780 2482 2824 extra
2499 2784 2616 2825 eam
2632 2784 2731 2825 suo
2760 2771 2918 2824 modo
2940 2770 3021 2841 agi
3057 2769 3298 2843 ferrique
3337 2788 3429 2829 ca-

1860 2875 2033 2917 nones
2062 2876 2189 2916 suos
2215 2860 2423 2915 sinunt.
2458 2878 2478 2912 ι

1931 2953 2022 3011 21.
2051 2954 2155 3010 Alii
2187 2953 2378 3025 primis
2412 2951 2777 3023 tropariorum
2811 2952 3008 3008 litteris
3040 2953 3275 3021 aliquam
3304 2970 3428 3010 sen-

1864 3047 2086 3103 tentiam
2122 3055 2452 3112 contexunt;
2486 3043 2828 3116 alphabetum
2858 3044 2970 3111 alii,
3002 3053 3057 3100 et
3075 3054 3203 3100 tunc
3233 3046 3429 3101 dicitur

1862 3153 2032 3194 canon
2068 3137 2207 3191 κατὰ
2235 3137 2544 3206 ἀλφάδητον
2572 3155 2585 3191 :
2641 3146 2696 3191 et
2742 3138 3046 3208 exemplum
3074 3138 3429 3207 alphabeticm

1864 3230 2205 3287 acrosticbia:
2259 3229 2481 3284 exhibet
2517 3228 2905 3283 Paracleticum
2940 3247 2992 3299 p.
3057 3232 3145 3286 16.
3186 3232 3428 3287 Aliorum

1861 3320 2105 3391 exempla
2140 3321 2287 3375 varia
2315 3320 2535 3375 exhibet
2562 3320 2851 3390 aliquoties
2884 3318 3307 3389 Papebrochius,
3329 3337 3427 3377 oc-

1858 3417 2075 3469 casioue
2099 3422 2409 3469 sanctorum
2430 3415 2808 3481 quorumdam,
2836 3413 2995 3466 aliam
3016 3412 3126 3468 fere
3148 3412 3427 3469 historiam

1859 3506 1942 3562 vel
1975 3507 2281 3563 encomium
2314 3520 2418 3559 non
2446 3505 2778 3559 habentium.
2801 3506 2980 3577 Longe
3004 3508 3433 3575 pulcherrimum

1859 3602 1950 3656 dat
1977 3601 2131 3657 nobis
2158 3602 2318 3655 trium
2345 3601 2625 3654 doctorum
2659 3597 2969 3654 Graecorum
3007 3596 3429 3671 ollicium,quod

1852 3695 1963 3763 jam
1995 3708 2252 3766 paramus
2288 3692 2584 3759 illustrare,
2612 3694 2922 3762 exprimens
2953 3694 3163 3764 primus
3192 3692 3427 3749 clemen-

1859 3787 1929 3841 tis
1958 3787 2102 3841 lmnc
2132 3801 2346 3841 versum
2371 3786 2659 3841 iambicum
2701 3809 2713 3841 :

2004 3878 2321 3947 Τρισήλιον
2340 3876 2485 3947 φῶς,
2519 3875 2666 3945 τρεῖς
2695 3874 2931 3944 ἀνῆψεν
2954 3877 3186 3942 ἡλίους.

1858 3968 2029 4040 Hujus
2058 3986 2276 4026 sensum
2311 3971 2502 4025 Latine
2536 3971 2752 4024 reddam
2782 3970 2931 4033 alihi,
2975 3971 3195 4024 totidem
3229 3970 3427 4028 litteris

1861 4063 2455 4134 totidemquetropariis
2478 4076 2572 4117 seu
2605 4064 2861 4131 strophis.
2887 4064 2950 4117 Et
2974 4078 3124 4127 vero,
3148 4079 3216 4118 ne
3240 4075 3424 4134 postea

1860 4157 2083 4223 haereas,
2142 4162 2355 4223 oportet
2403 4170 2787 4225 praemoneam,
2836 4162 3042 4209 tantum
3096 4156 3311 4223 abesse,
3365 4167 3427 4215 ut

1856 4246 2118 4313 eiusmodi
2144 4246 2538 4303 acrostichides
2569 4261 2784 4315 semper
2813 4247 3201 4302 continuentur
3222 4258 3275 4303 et
3300 4264 3427 4317 pro-

1859 4337 2003 4394 xime
2024 4337 2331 4393 cohmreant
2354 4336 2496 4392 inter
2526 4350 2606 4402 se,
2640 4346 2698 4389 ut
2723 4335 3037 4402 interjectos
3064 4345 3116 4391 et
3148 4338 3422 4408 dispersos

1858 4432 2091 4487 habeant
2116 4436 2197 4498 et]
2226 4431 2431 4484 hirmos
2476 4438 2532 4484 et
2562 4429 2821 4498 trnparia,
2863 4431 3174 4501 tnartyrica,
3208 4430 3423 4486 theoto-

1857 4523 1962 4585 eia,
1992 4523 2230 4592 aliaque,
2276 4523 2472 4592 quibus
2505 4520 2714 4575 exactis
2748 4522 3042 4577 resmuitnr
3071 4538 3241 4577 canon
3274 4541 3289 4578 :
3326 4524 3420 4593 qui

190 4604 441 4668 historia,
492 4605 667 4658 altiori
698 4618 825 4658 voce
879 4607 948 4659 ab
978 4606 1265 4661 sacerdote
1295 4609 1378 4663 vel
1417 4609 1485 4663 ab
1522 4608 1629 4662 alio
1676 4610 1753 4663 le-
1790 4652 1831 4705 υ
1858 4613 1900 4665 si
1932 4611 2126 4681 duplex
2158 4621 2259 4677 est,
2294 4620 2352 4665 ut
2375 4619 2461 4666 est
2498 4625 2660 4683 saepe,
2684 4611 2907 4667 alterius
2928 4614 3116 4667 canoui
3140 4614 3421 4668 continua-

190 4704 387 4760 guntur
414 4710 427 4745 :
454 4694 648 4759 quibus
681 4694 846 4747 ﬁnitis
874 4693 1093 4764 reliqua:
1129 4696 1354 4751 canonis
1381 4699 1497 4753 odte
1530 4714 1753 4767 percur-

189 4795 401 4841 runtur.
449 4782 629 4852 Neque
676 4801 815 4841 untts
848 4801 1021 4839 canon
1081 4788 1133 4841 iu
1176 4802 1279 4839 uno
1330 4788 1508 4844 oﬂicio
1539 4805 1753 4859 semper

190 4880 411 4939 dicitur,
460 4876 555 4930 sed
606 4876 871 4933 interdum
924 4878 1031 4933 duo
1062 4880 1145 4934 vel
1175 4890 1303 4941 tres,
1335 4893 1458 4933 raro
1492 4893 1749 4951 quatuor,

190 4986 285 5038 pro
332 4971 562 5041 plurium
609 4968 698 5023 illo
724 4971 810 5027 die
843 4970 1201 5026 festivitatum
1243 4986 1541 5037 concursu,
1582 4974 1751 5030 inter-

188 5064 505 5118 miscentur.
533 5060 791 5128 Quamvis
821 5078 949 5119 vero
979 5066 1278 5119 canonibus
1303 5064 1420 5119 eda:
1446 5065 1751 5121 tribuantur

189 5169 407 5221 novem,
438 5170 543 5211 non
572 5157 642 5210 ita
674 5162 853 5209 tamen
888 5156 1017 5209 illud
1064 5166 1384 5228 perpetuum
1414 5166 1519 5220 est,
1564 5170 1622 5213 ut
1650 5162 1748 5214 ali-

188 5246 400 5315 quando
446 5262 701 5302 numerus
742 5260 927 5302 earum
975 5262 1080 5301 non
1132 5250 1500 5304 lmtninuatur.
1554 5249 1743 5316 Quan-

189 5337 363 5405 doque
393 5337 539 5390 enim
566 5337 738 5392 tribus
786 5337 867 5394 vel
899 5348 1131 5407 quatuor
1167 5346 1372 5395 tantum
1430 5339 1549 5396 odis
1578 5340 1744 5396 inter-

186 5427 453 5481 cluditur:
477 5430 615 5483 unde
638 5430 1130 5484 cauonibusnomen
1159 5432 1405 5502 τριῳδίου
1436 5444 1489 5488 et
1514 5450 1748 5505 τετραῳ-

186 5517 317 5575 δίου.
360 5535 381 5568 ι
415 5515 620 5575 Triodii
661 5528 838 5575 tamen
879 5535 1071 5576 nomen
1105 5520 1264 5575 latins
1288 5534 1437 5591 patet
1467 5544 1479 5580 :
1518 5543 1638 5579 nam
1665 5527 1747 5598 (nt

190 5610 427 5679 pluribus
483 5620 538 5662 et
567 5613 778 5668 erudite
811 5612 1142 5669 demonstrat
1193 5615 1424 5672 Allatius
1476 5618 1551 5672 De
1596 5618 1744 5675 libris

1858 4702 1987 4755 tioni
2036 4702 2367 4771 praeponitur
2396 4716 2501 4757 vox
2548 4702 2723 4766 ἄλλος,
2777 4701 3095 4773 plerumque
3130 4718 3257 4759 vero
3310 4713 3418 4759 tatn

1854 4793 2015 4849 unius
2038 4807 2200 4862 quam
2228 4791 2452 4847 alterius
2480 4794 2701 4848 canonis
2749 4794 2864 4847 odze
2895 4794 3300 4864 distinguuntur
3324 4811 3422 4865 per

1853 4900 2104 4941 numeros
2133 4885 2332 4941 litteris
2373 4886 2642 4956 alphabeti
2676 4884 2920 4954 signatos
2953 4886 3056 4943 hoc
3092 4888 3270 4951 modo,
3304 4887 3417 4962 ᾠδὴ

1850 4972 1919 5037 α’,
1943 4970 2007 5041 β’,
2030 4976 2101 5041 γ’,
2121 4984 2227 5027 etc.
2252 4972 2381 5039 Quae
2402 4973 2581 5029 omnia
2604 4973 2939 5043 appositione
2962 4976 3210 5045 promissi
3234 4990 3422 5031 exem-

1859 5063 1927 5133 pli
1960 5064 2189 5119 clariora
2218 5065 2468 5120 evadent.

1924 5155 2333 5227 2‘2.Atquinam
2356 5156 2505 5210 luere
2534 5171 2799 5213 canonum
2832 5158 3121 5215 auctores?
3146 5158 3415 5216 Inﬁnitum

1856 5256 1939 5300 cst
1968 5261 2255 5305 recensere
2277 5260 2491 5314 omnes,
2520 5263 2693 5319 neque
2730 5250 2785 5305 id
2815 5250 2986 5305 nostri
3021 5253 3159 5307 ratio
3182 5253 3415 5310 instituti

1855 5339 2124 5409 postulat;
2178 5356 2300 5397 eum
2350 5354 2446 5396 eos
2484 5356 2675 5397 omnes
2719 5342 2938 5398 novisse
2987 5344 3054 5398 ad
3100 5343 3413 5403 Grrccornut

1855 5432 2182 5488 acoluthiam
2235 5433 2638 5506 intelligendam
2683 5435 2814 5490 nihil
2846 5436 3077 5490 intersit.
3107 5434 3418 5506 Praecipuus

1855 5526 2040 5581 lectori
2065 5534 2318 5598 suggeret
2342 5529 2506 5600 typici
2560 5538 2720 5598 caput
2762 5529 2815 5592 6,
2854 5532 2993 5598 quod
3027 5529 3113 5584 hic
3144 5534 3409 5601 prmteriri

1847 5616 1987 5669 haud
2015 5626 2205 5686 potest.
2255 5617 2450 5673 ’ἰστέον
2481 5619 2536 5672 δὲ
2565 5621 2657 5671 καὶ
2688 5618 2867 5682 τοῦτο,
2902 5622 2997 5684 ὡς,
3025 5622 3185 5694 εἴπερ
3210 5622 3321 5693 ἔχει
3353 5621 3416 5676 τὸ

186 5705 469 5758 ccclesiast.
523 5699 693 5759 erc.
742 5706 959 5760 dissert.
1015 5708 1066 5774 1,
1098 5723 1223 5779 pag.
1277 5707 1387 5777 71),
1430 5725 1533 5765 non
1573 5712 1744 5767 solum
1844 5709 1849 5759 Ι

1844 5708 2083 5792 Μηναῑον
2102 5709 2160 5761 ὲν
2178 5710 2283 5780 μνή
2293 5727 2369 5783 μῃ
2398 5712 2555 5780 ἁγίου
2579 5711 2724 5776 τινὸς
2754 5713 2981 5778 κανόνας
3001 5714 3110 5768 τῶν
3138 5716 3410 5788 διαφόρων

188 5808 445 5851 canonem
482 5794 753 5851 extribus
805 5804 1143 5851 constantem
1184 5798 1303 5853 odis
1342 5801 1742 5870 complectitur,

186 5898 366 5940 verum
392 5883 799 5943 etiam.|ibrum
858 5886 1050 5955 ipsum,
1096 5888 1146 5939 in
1171 5902 1330 5956 quem
1368 5887 1741 5955 hujuscemodi

1845 5800 2100 5869 ποιητῶν.
2143 5803 2190 5854 ει
2220 5801 2317 5871 μέν
2344 5806 2457 5855 ὲστι
2478 5820 2654 5855 κανων
2684 5802 2777 5857 τοῦ
2807 5804 2911 5875 κῦρ
2933 5808 3146 5879 Κοσμᾶ.
3185 5823 3412 5881 προκρι-

1842 5889 1979 5951 τὲος·
2006 5890 2053 5940 εἰ
2082 5889 2135 5943 δὲ
2176 5890 2271 5944 τοῦ
2304 5889 2408 5961 κῦρ
2447 5892 2693 5946 Ἰωάννου
2730 5895 2820 5947 καὶ
2851 5896 3072 5967 érégow,
3097 5897 3188 5952 τοῦ
3224 5897 3401 5952 Ἰωάν·
