4212 6492
750 454 958 498 CCCLX“

2116 432 2645 491 l’RULEGUMENA.

756 576 841 613 νον
866 558 1239 630 προκρίνεται’
1272 558 1320 610 εἰ
1348 556 1404 610 δὲ
1427 550 1521 610 τοῦ
1548 553 1654 627 κῦρ
1666 552 1973 623 Θεοφάνους
1990 551 2084 607 καὶ
2105 551 2329 621 ἑτέρων,
2360 553 2408 611 Α

2360 553 2408 611 Α
2435 553 2758 622 composita,
2789 554 3117 610 exsecranda
3158 562 3443 625 putemus;
3480 555 3610 614 facit
3649 555 3892 628 ejusdem
3933 561 3995 617 ad

753 658 781 708 ὁ
810 653 901 708 τοῦ
946 653 1052 724 κῢρ
1081 652 1388 722 Θεοφάνους
1428 650 1803 722 προκρινεταιο
1834 643 2196 719 προτιμητέος
2221 642 2331 714 γάρ

752 749 869 801 ἐστι
897 746 1005 802 τῶν
1036 745 1229 799 ἄλλων·
1270 747 1318 798 εἰ
1345 744 1401 798 δὲ
1428 742 1521 797 τοῦ
1539 741 1645 813 κῦρ
1674 740 1893 812 Ἰωσὴφ,
1922 730 2077 802 οὗτος
2097 736 2206 792 τῶν
2219 737 2333 790 λοι-

754 838 870 893 ¹πηδῶν
905 836 1301 910 προτετίμηται
1333 834 1596 905 ποιητῶν*
1634 832 1843 887 τούτων
1874 830 1932 885 δὲ
1966 830 2044 902 μὴ
2070 828 2261 895 ὄντων,
2280 828 2333 882 oi

751 932 846 986 τοῦ
887 932 997 1004 κῦρ
1031 931 1298 985 Ἰωάννου·
1331 928 1510 983 αὐτῶν
1540 926 1596 981 δι
1627 926 1701 998 μὴ
1733 922 2127 995 τυγχανόντων.
2162 924 2211 975 oi
2238 920 2332 975 τοῦ

753 1022 860 1091 κῦρ
898 1023 1224 1090 Θεοφάνους
1243 1021 1492 1074 ἀπόντων
1514 1019 1572 1073 δὲ
1616 1018 1840 1084 τούτων,
1874 1016 1925 1069 οἱ
1955 1012 2047 1070 τοῦ
2070 1014 2176 1086 κῦρ
2217 1015 2331 1069 ’ἰω-

756 1118 865 1188 σὴφ
888 1116 997 1170 τῶν
1023 1114 1228 1169 λοιπῶν
1255 1115 1500 1168 ἀπόντων
1542 1109 1949 1183 προκρίνονται.
1988 1126 2007 1159 ι
2044 1104 2158 1163 Hoc
2187 1120 2327 1177 quo-

756 1224 862 1279 que
892 1208 1168 1264 sciendum
1203 1216 1306 1266 est,
1331 1206 1373 1259 si
1406 1202 1668 1258 Menmum
1709 1203 1869 1257 habet
1905 1200 1958 1255 in
2014 1198 2331 1255 memoriam

758 1300 986 1370 alicujus
1010 1298 1093 1362 S.,
1130 1314 1367 1353 canones
1390 1299 1671 1351 diversorn
1685 1311 1733 1348 ιιι
1759 1305 2059 1363 poetarum,
2082 1290 2128 1347 si
2156 1304 2329 1343 canon

762 1392 997 1447 adfuerit
1043 1388 1227 1445 domui
1260 1387 1490 1450 Cosma2,
1531 1386 1674 1440 hunc
1724 1383 1845 1438 aliis
1892 1380 2329 1452 praeferendum;

757 1482 801 1538 si
820 1482 1000 1535 domui
1025 1478 1254 1535 Joannis
1270 1476 1590 1538 etaliorum,
1612 1489 1734 1529 eum
1758 1471 2335 1545 quiJoannisestprae-

770 1569 899 1624 ferri
918 1587 931 1628 ;
953 1570 997 1623 si
1016 1569 1196 1623 domui
1215 1563 1554 1636 Theophanis
1572 1564 1890 1628 etuliorum,
1906 1561 1970 1616 ι).
1991 1558 2333 1629 Theophanis

759 1660 1027 1732 praeferri,
1062 1660 1148 1714 ille
1180 1660 1323 1715 enim
1367 1668 1491 1712 ante
1518 1657 1650 1711 alios
1680 1655 2024 1711 honorandus
2052 1662 2164 1719 est;
2193 1652 2237 1707 si
2272 1652 2331 1704 Ι).

756 1751 997 1823 Josepbi,
1026 1752 1172 1806 hunc
1206 1748 1428 1819 reliquis
1447 1748 1619 1819 poetis
1650 1745 1901 1815 anteponi
1920 1744 1994 1810 ;si
2023 1742 2204 1800 cazteri
2240 1742 2334 1797 de-

760 1844 786 1900 l'
789 1842 1314 1907 ucrint,D.Joannis;
1334 1842 1380 1896 si
1400 1840 1452 1896 hi
1471 1856 1684 1911 quoque
1696 1834 2335 1906 defuerint,D.Theopha-

2433 643 2689 701 unionem
2726 643 3017 702 Romanam
3049 647 3293 703 accessio
3329 660 3474 703 anno
3502 664 3786 707 soccum
3827 652 3998 723 patri-

2432 732 2687 789 archatus
2724 735 2807 789 sui
2865 736 3056 804 quinto
3084 776 3102 802 ,
3146 737 3199 791 in
3240 750 3413 807 eaque
3456 740 3540 807 (ut
3582 740 3795 809 opinari
3854 741 4001 810 licet)

2431 826 2832 894 perseverantia
2857 841 3027 896 usque
3051 829 3117 882 ad
3161 827 3344 895 linem,
3379 829 3432 884 id
3473 838 3558 885 est
3596 845 3769 901 usque
3798 832 3870 886 ad
3899 846 3997 886 au-

2439 932 2563 971 num
2594 932 2933 976 ιιοεοιιιιν.

2502 1009 2591 1067 25.
2624 1008 2906 1066 Philotheo
2947 1011 3000 1065 in
3054 1010 3155 1066 ista
3208 1013 3410 1069 Catena
3451 1015 3698 1071 succedit
3748 1016 3997 1073 Andreas

2435 1099 2707 1157 Cretensis
2737 1100 3202 1172 archiepiscopus,
3227 1102 3298 1158 de
3350 1119 3479 1175 quo,
3515 1116 3777 1177 tanquam
3817 1107 3996 1179 magni

2433 1190 2672 1247 Canonis
2691 1201 2934 1257 auctore,
2966 1193 3214 1264 quaedam
3243 1192 3478 1252 diximus
3499 1196 3535 1251 2
3562 1196 3793 1268 Aprilis,
3824 1210 3998 1268 agen-

2438 1291 2519 1338 tes
2554 1283 2620 1337 de
2651 1282 2713 1337 S.
2748 1281 2915 1338 Maria
2938 1282 3259 1356 Egyptlaca
3288 1295 3344 1342 et
3383 1286 3524 1342 intra
3561 1288 3825 1347 dicemus.
3853 1289 4001 1345 Coll-

2436 1385 2524 1432 tur
2556 1377 2589 1431 4
2640 1373 2764 1431 Julii
2807 1386 2900 1432 aut
2926 1376 3094 1435 Junii.
3128 1377 3362 1447 Quintus
3395 1381 3450 1435 in
3480 1380 3582 1436 hoc
3605 1382 3783 1439 dextri
3812 1382 4001 1438 lateris

2433 1466 2623 1523 ordine
2655 1464 2891 1521 Joannes
2916 1464 3303 1523 Euchaitarum
3347 1468 3723 1539 metropolita,
3756 1480 3845 1527 est
3899 1485 3997 1526 au—

2434 1572 2572 1626 ctor,
2611 1570 2669 1613 ut
2708 1558 2964 1624 diximus,
2994 1559 3113 1628 ejus
3143 1560 3304 1617 cilicii
3333 1562 3478 1631 quod
3526 1562 3616 1619 hic
3669 1571 3993 1620 tractamus.

2436 1651 2692 1722 Sequitur
2725 1651 2991 1720 Georgius
3020 1649 3342 1710 Nicomedia:
3386 1654 3827 1725 archiepiscopus
3864 1672 3879 1710 ς
3910 1655 3998 1711 cui

2436 1742 2615 1797 varias
2638 1755 2960 1814 pauegvres,
2987 1740 3055 1793 ad
3086 1739 3483 1811 Metaphrasten
3531 1744 3783 1816 imperite
3807 1746 3999 1800 tradu.

2435 1846 2577 1901 ctas,
2612 1835 2853 1891 restituit
2904 1831 3135 1889 Allatius
3164 1870 3179 1896 ,
3219 1832 3462 1903 pluribus
3497 1836 3563 1892 de
3614 1852 3682 1894 eo
3730 1852 3899 1909 agens
3946 1838 3996 1891 in

756 1938 920 1999 nis;si
940 1901 991 1991 hi
1010 1937 1195 2001 etiam,
1215 1934 1274 1992 Ι).
1291 1901 1508 2004 Josephi
1528 1901 1740 1989 caneris
1754 1901 2005 1987 omnibus
2022 1901 2326 1998 anteponi.»
2361 1901 2404 1957 Β
2443 1924 2689 1983 Diatriba
2726 1925 2794 1981 de
2817 1923 3065 1996 Georgiis
3096 1943 3111 1977 ε
3145 1901 3253 1994 quo
3286 1934 3466 1979 autem
3499 1927 3698 1985 vixerit
3722 1901 3997 2002 tempore.

824 2029 915 2084 25.
949 2030 1026 2085 Ex
1060 2029 1217 2084 dictis
1267 2042 1374 2082 non
1411 2036 1621 2081 tantum
1676 2025 1975 2095 colligitur,
2009 2022 2101 2091 qui
2140 2021 2335 2090 quibus

761 2123 813 2178 in
849 2136 1113 2178 canonum
1140 2134 1410 2177 concursu
1448 2126 1882 2187 anteponantur;
1921 2128 2107 2171 verum
2142 2114 2332 2175 etiam,

757 2217 976 2287 quinam
1008 2213 1119 2269 sint
1136 2227 1326 2269 eorum
1358 2220 1610 2265 auctores
1649 2207 1929 2278 praecipui.
1953 2203 2168 2260 Talium
2198 2202 2334 2258 insi-

759 2325 919 2378 gnem
949 2316 1196 2363 catenam
1220 2304 1402 2360 videre
1416 2312 1499 2359 est
1523 2312 1650 2358 ante
1683 2299 1979 2363 Triodium,
2002 2312 2145 2352 anno
2173 2294 2330 2361 l60l,

758 2414 1017 2457 excusum
1054 2398 1312 2463 Venetiis,
1356 2411 1520 2466 opera
1542 2404 1597 2450 et
1619 2393 1797 2451 studio
1830 2389 2047 2447 Maximi
2076 2389 2336 2462 Cythere-

758 2510 876 2549 rum
906 2495 963 2548 in
977 2492 1154 2564 Cypro
1172 2489 1432 2560 episc0pi.
1452 2488 1528 2543 lbi
1546 2494 1825 2557 spectatur
1852 2485 1906 2541 in
1925 2484 2103 2539 fronte
2134 2483 2333 2552 imago,

759 2588 973 2643 titulum
1020 2585 1140 2640 libri
1171 2581 1560 2651 complectens,
1592 2586 1806 2648 sumpta
1845 2591 1910 2631 ex
1939 2574 2171 2646 quodam
2224 2589 2336 2628 ma-

760 2680 1061 2747 nuscripto,
1112 2676 1341 2733 duorum
1398 2681 1492 2727 aut
1548 2673 1709 2726 trium
1767 2667 2087 2724 saeculorum
2121 2674 2336 2722 aetatem

758 2770 1032 2826 habente:
1088 2768 1139 2822 in
1190 2781 1294 2837 qua
1326 2765 1583 2835 imagine,
1620 2760 1924 2818 ministerio
1951 2760 2113 2816 trium
2153 2757 2337 2829 genio-

760 2876 878 2915 rum
943 2861 1210 2913 minorum
1266 2856 1603 2922 duorumque
1680 2852 1942 2923 majorum
2019 2849 2333 2921 angelorum

759 2953 1017 3022 utrinque
1061 2950 1321 3005 stantium
1357 2986 1372 3012 ,
1431 2947 1855 3003 circumducitur
1905 2946 2058 3015 quasi
2116 2955 2336 3015 torques

759 3060 854 3102 seu
904 3053 1093 3100 catena
1143 3042 1465 3097 annulorum
1516 3038 1704 3110 viginti
1755 3050 1971 3099 novem,
2047 3044 2234 3089 mutuo
2276 3048 2337 3091 se

758 3136 1266 3205 complectentium,
1293 3130 1599 3201 dependens
1620 3141 1687 3184 ex
1713 3141 1933 3184 summo
1960 3138 2069 3180 uno
2090 3124 2339 3180 ornatio-

761 3230 915 3299 rique
931 3227 1539 3293 toreumate,Christum
1566 3222 1852 3281 Dominum
1877 3224 2334 3291 repmsentantc;
2363 3240 2407 3301 ο

756 3332 881 3377 cum
908 3319 1012 3376 hoc
1037 3333 1132 3389 per
1152 3319 1387 3375 extimos
1408 3315 1722 3387 angelorum
1746 3312 2052 3369 lateralium
2073 3310 2332 3368 humeros

759 3410 1024 3469 deﬂuente
1062 3410 1327 3466 versiculo
1352 3426 1368 3462 :

870 3587 937 3641 οι
975 3585 1045 3640 τὰ
1059 3584 1214 3655 μέλη
1240 3581 1572 3650 πλέξαντες
1593 3582 1795 3649 ὕμνων
1816 3580 2057 3647 ἐνθέων,

872 3656 1198 3723 ηυηιιιοηιιιι
1231 3655 1468 3707 modulos
1500 3654 1551 3706 Ιιὶ
1574 3668 1905 3722 composuere
1931 3669 2225 3711 sacrarunt.

764 3837 923 3893 Juvat
958 3836 1117 3907 hujus
1146 3845 1351 3892 caterua
1374 3833 1790 3905 explicationem
1828 3832 1941 3901 jam
1979 3847 2011 3888 a
2060 3832 2118 3887 Ρ.
2165 3834 2336 3903 Pape-

765 3934 988 3990 hrochio
1023 3932 1091 3987 ad
1123 3926 1264 3986 diem
1296 3928 1367 3985 30
1394 3928 1615 3997 Aprilis,
1644 3937 1774 3983 tom.
1809 3926 1895 3995 Ill,
1929 3943 1981 3998 p.
2020 3924 2146 3991 788,
2171 3942 2333 3984 exor-

767 4038 884 4080 sant
904 4061 921 4085 ,
954 4020 1076 4075 istic
1112 4034 1496 4089 recognoscere
1522 4028 1683 4089 atque
1710 4019 2004 4088 corrigere,
2032 4016 2189 4090 juxta
2221 4032 2339 4072 me-

767 4115 933 4170 liores
957 4113 1177 4169 notitias
1205 4120 1386 4183 postea
1422 4121 1697 4181 acceptas.

836 4206 926 4261 ει.
980 4203 1405 4275 Uniuscujusque
1460 4203 1601 4258 sacri
1671 4212 1838 4272 poets
1891 4205 2012 4260 icon
2074 4202 2333 4267 dimidia,

766 4298 985 4370 preprio
1019 4297 1229 4353 habitus
1277 4306 1332 4351 et
1375 4296 1579 4353 ordinis
1613 4295 1887 4351 schemate
1916 4295 2193 4359 distincta,
2256 4295 2339 4348 in-

769 4404 850 4448 ιη
904 4391 1188 4461 praedictos
1232 4388 1458 4444 annulos
1508 4396 1939 4459 reprzesentatur.
1976 4386 2069 4453 Et,
2101 4401 2167 4443 ne
2208 4403 2340 4460 vaga

770 4491 990 4538 exerret
1034 4480 1379 4548 conjectura,
1442 4477 1711 4532 adduntur
1764 4478 1969 4533 circum
2021 4487 2183 4547 caput
2244 4493 2341 4534 no-

2437 2018 2668 2073 necdum
2688 2016 3077 2086 comperimus.
3113 2014 3351 2071 Proximi
3376 2014 3608 2087 Georgio
3626 2028 3683 2075 et
3708 2018 3854 2076 inter
3877 2021 3993 2091 cpi-

2434 2125 2626 2180 scopos
2659 2109 2832 2165 ultimi
2865 2117 3122 2166 notantur
3151 2106 3473 2175 Methodius,
3498 2110 3826 2182 Cyprianus,
3852 2114 4001 2169 Atta-

2436 2203 2597 2261 tolius
2626 2221 2643 2259 :
2675 2217 2866 2260 omnes
2914 2202 3074 2259 nobis
3123 2202 3309 2275 ignoti.
3363 2202 3495 2271 Quis
3535 2203 3679 2258 enim
3724 2217 4001 2274 postremo

2434 2295 2555 2352 loco
2582 2294 2809 2351 relatum
2842 2292 3034 2349 credat
3075 2307 3197 2349 esse
3243 2293 3303 2349 S.
3337 2290 3793 2360 Anatolium,sub
3820 2296 4001 2353 Theo-

2435 2384 2592 2441 dosio
2621 2383 2845 2441 Juniore
2897 2382 3550 2458 Constantinopolitanum
3578 2383 3946 2456 patriarcham
3978 2387 4003 2441 τ

2434 2473 2676 2531 Primum
2698 2476 2886 2533 liceret
2917 2477 3280 2533 verosimilius
3307 2478 3530 2533 credere
3558 2489 3681 2532 esse
3725 2489 3879 2543 eum,
3905 2480 3999 2549 qui

2434 2568 2539 2623 sub
2564 2566 2623 2623 S.
2650 2566 2934 2624 Theodora
2959 2568 3339 2625 orthodoxiam
3395 2568 3671 2636 restituit;
3718 2567 3819 2626 sed
3872 2578 4003 2626 tunc

2443 2656 2718 2714 debuisset
2743 2658 2980 2729 praeponi
3016 2657 3299 2716 Philotheo
3318 2668 3373 2717 et
3405 2660 3619 2718 ceteris
3639 2660 4003 2717 intermediis.

2436 2745 2712 2802 Clauduut
2761 2760 2926 2816 porro
2956 2746 3098 2802 hanc
3130 2745 3328 2803 seriem
3375 2748 3670 2820 scriptores
3710 2764 3778 2806 ex
3809 2749 4007 2806 ordine

2434 2836 2683 2894 saeculari
2708 2839 2979 2910 quinque,
3002 2838 3112 2895 Leo
3140 2839 3419 2910 Despotes,
3447 2838 3557 2895 Leo
3578 2839 3853 2911 Magister,
3897 2841 4006 2895 Ba-

2433 2929 2589 2988 silius
2634 2930 2972 3003 Pegoriotes,
3017 2928 3283 2997 Justinus,
3314 2929 3536 3000 Sergius
3561 2947 3577 2985 :
3606 2930 3672 2988 de
3698 2932 3896 3003 quibus
3922 2934 4008 2989 ni-

2436 3022 2512 3079 hil
2532 3023 2729 3081 docere
2756 3038 2997 3095 possum.

2508 3116 2768 3173 Catenam
2812 3116 3195 3187 pralaudatam
3228 3117 3281 3172 in
3316 3116 3538 3174 sinistro
3565 3115 3736 3173 latere
3765 3118 3997 3190 implent

2438 3221 2505 3262 ex
2543 3207 2733 3263 ordine
2764 3208 3066 3265 monastico
3118 3210 3412 3281 scriptores
3463 3208 3901 3280 quatuordecim.
3951 3213 4006 3266 In

2440 3300 2528 3357 his
2588 3300 2743 3356 nobis
2776 3297 2977 3371 cogniti
3041 3308 3187 3368 sunt,
3242 3301 3476 3359 Joannes
3521 3302 3915 3368 Damascenus,
3954 3314 4008 3358 et

2438 3408 2560 3451 cum
2589 3393 2694 3450 hoc
2732 3392 2941 3465 pariter
2969 3389 3234 3447 educatus
3259 3391 3484 3447 Cosmas
3502 3432 3518 3457 ,
3548 3404 3734 3464 postea
3762 3395 4009 3468 lajnmm

2441 3487 2752 3558 episcopus,
2779 3486 2847 3543 de
2890 3498 3000 3555 quo
3034 3496 3261 3557 agemus
3320 3482 3385 3539 lt
3433 3483 3724 3550 Octobris;
3780 3486 4010 3561 Joseph,

2440 3576 2810 3634 communiter
2845 3575 3298 3649 Hymuographus
3352 3574 3529 3631 dictus
3558 3614 3577 3643 ,
3612 3574 3769 3647 cujus
3824 3576 4005 3634 Vitam

2439 3668 2686 3726 dedimus
2713 3683 2774 3725 ιιι
2798 3667 3032 3739 Aprilis;
3064 3668 3442 3740 Theophanes,
3470 3678 3836 3741 cognomento
3870 3670 4011 3728 Gra-

2437 3770 2581 3834 ptus,
2617 3761 2688 3819 ob
2718 3759 2953 3819 frontem
2992 3760 3406 3819 contumeliosis
3438 3762 3688 3819 versibus
3716 3763 3786 3820 ab
3818 3762 4009 3822 icono-

2441 3857 2635 3911 macho
2664 3852 2965 3924 Theophilo
2986 3862 3287 3919 exaratam,
3316 3851 3412 3923 qui
3448 3868 3501 3910 ιι
3543 3855 3798 3913 Octobris
3830 3855 4008 3923 solus,

2439 3956 2494 4001 et
2526 3959 2742 4000 rursum
2780 3957 2905 3998 cum
2959 3942 3127 3998 l'ratre
3170 3942 3455 3999 Theodoro
3488 3959 3638 4000 xxvn
3690 3946 4008 4006 Decembris

2441 4040 2908 4091 commemoratur.
2925 4027 3116 4088 Casteri
3136 4033 3292 4089 nobis
3308 4032 3478 4105 ignoti
3506 4043 3659 4101 sunt,
3685 4034 4008 4109 Byzantius,

2441 4124 2751 4195 Stephanus
2781 4121 3149 4195 Hagiopolites
3173 4163 3190 4190 ,
3222 4122 3489 4197 Georgius
3539 4123 3850 4196 Siceliotes,
3917 4131 4005 4186 Si-

2441 4231 2619 4281 meon,
2646 4214 2982 4283 Philotheus,
3008 4216 3273 4273 Arsenius
3292 4257 3309 4284 ,
3348 4217 3595 4291 Babylas,
3619 4218 3858 4291 Ephrem
3908 4222 4009 4279 Ca-

2440 4309 2571 4372 ria,
2626 4308 2870 4365 Andreas
2924 4304 3170 4380 Pyrrhus
3220 4309 3337 4365 sive
3376 4309 3547 4366 liuius
3578 4351 3594 4376 ,
3633 4319 3690 4367 et
3740 4312 4007 4369 Studites.

2440 4399 2573 4469 Quis
2614 4409 2794 4457 autem
2823 4400 2915 4456 hic
2953 4413 3051 4469 per
3080 4400 3510 4457 antonomasiam
3559 4402 3632 4456 ita
3661 4401 3839 4459 dictus
3866 4403 3893 4458 2
3922 4406 4007 4459 An

2446 4504 2671 4562 magnus
2705 4489 3031 4547 Theodorus
3056 4490 3081 4545 l
3106 4491 3178 4547 At
3207 4491 3351 4548 inter
3375 4492 3581 4561 primos
3624 4492 3790 4551 locari
3838 4511 4007 4553 merc-

771 4576 940 4639 mina,
993 4583 1051 4628 ut
1101 4572 1277 4627 solent
1318 4573 1370 4627 in
1415 4571 1695 4627 nummis:
1729 4578 1890 4641 atque
1937 4571 2010 4627 ita
2040 4586 2106 4627 ex
2146 4570 2334 4626 dextro
2368 4581 2414 4639 ι)
2440 4583 2634 4639 pawn

777 4670 945 4723 latere
970 4666 1327 4729 descendunt,
1365 4662 1694 4725 Germanus,
1724 4662 2033 4731 patriarcha
2062 4662 2337 4718 Constan-

774 4759 1201 4828 tinopolitanus,
1238 4756 1327 4826 qui
1388 4754 1582 4811 colitur
1648 4755 1715 4809 12
1768 4752 1929 4819 Maii,
1988 4752 2109 4809 lldci
2172 4766 2335 4808 causa

773 4850 875 4907 sub
898 4848 1077 4905 Leone
1110 4851 1346 4904 Armeno
1393 4848 1523 4904 sede
1552 4861 1648 4901 sua
1694 4847 1934 4917 eiectus:
1966 4844 2336 4917 Sophronius,

774 4943 1078 5016 patriarcha
1129 4940 1679 5011 Hierosolymitanus,
1729 4941 1796 4994 de
1839 4937 1993 5009 cujus
2023 4952 2212 5011 opera,
2281 4940 2335 4993 in

774 5036 1121 5094 restituendis
1162 5033 1378 5090 Menmis
1437 5049 1557 5088 cum
1602 5030 1661 5089 S.
1713 5029 1925 5088 Joanne
1993 5032 2335 5089 Damasceno

777 5130 1039 5198 impensa,
1065 5127 1272 5197 egimus
1303 5126 1363 5181 ll
1410 5123 1584 5181 Martii
1620 5122 1979 5180 :Philotheus
2012 5124 2331 5195 patriarcha

775 5216 1529 5290 Constantinopolitanus,ab
1561 5232 1701 5273 anno
1744 5230 1995 5274 ucccutt
2052 5230 2224 5287 usque
2266 5214 2335 5271 ad

777 5328 916 5369 Lxxv
939 5312 1176 5381 ejusdem
1208 5310 1385 5366 sreculi
1420 5324 1622 5379 :quem
1688 5307 1813 5365 licet
1854 5306 2330 5380 Wangnerechius

779 5416 987 5464 noster.
1029 5405 1083 5457 in
1125 5403 1260 5459 libro
1292 5402 1363 5456 De
1392 5400 1640 5456 Mariana
1668 5395 1971 5456 Grc-corum
1997 5400 2209 5467 pietate,
2269 5413 2334 5454 ac

779 5492 888 5548 Leo
942 5494 1170 5550 Albitius
1223 5494 1414 5549 merito
1472 5491 1722 5563 sugillent
1753 5529 1770 5555 ,
1804 5505 1909 5546 non
1969 5488 2141 5547 solum
2200 5488 2339 5545 schi-

781 5584 971 5640 smatis
996 5587 1169 5648 titulo,
1198 5585 1290 5641 sed
1318 5586 1480 5642 etiam
1511 5585 1782 5640 haereseos
1817 5583 1870 5637 iu
1902 5582 2139 5654 Georgio
2179 5580 2335 5637 Pala-

784 5691 869 5733 ma
893 5717 911 5746 ,
950 5675 1285 5734 Thahoritici
1332 5678 1550 5733 luminis
1592 5686 1863 5732 assertore
1896 5715 1914 5741 ,
1949 5675 2177 5730 laudata:
2203 5711 2220 5737 ,
2270 5687 2339 5729 ne

784 5778 963 5827 tamen
986 5769 1103 5841 ejus
1131 5786 1293 5841 opera
1319 5772 1524 5838 omnia,
1546 5771 1601 5826 in
1631 5770 1843 5825 laudem
1893 5777 2210 5825 sanctorum
2243 5784 2340 5823 va-

796 5865 996 5921 riorum
1042 5874 1096 5921 et
1148 5864 1617 5933 locupletationem
1671 5877 1949 5919 sacrorum
2008 5863 2329 5931 hymnorum

2506 4672 2596 4729 26.
2630 4667 2778 4726 intra
2814 4685 3028 4737 omnes,
3064 4680 3119 4727 et
3171 4669 3324 4741 quasi
3369 4686 3595 4744 gemma:
3627 4672 3789 4730 seriei
3824 4675 4013 4732 vincu-

2440 4762 2547 4818 lum
2574 4803 2588 4830 ,
2625 4761 2849 4832 ponitur
2897 4762 3085 4818 Cassia
3111 4802 3129 4827 ,
3168 4761 3234 4819 de
3264 4777 3371 4835 qua
3422 4763 3740 4821 Theodorus
3764 4765 4004 4822 Prodro-

2441 4870 2561 4911 mus
2594 4852 2735 4924 apud
2757 4853 3013 4909 Allatium
3040 4852 3260 4910 dissert.
3292 4853 3317 4909 ί
3353 4854 3419 4909 de
3442 4853 3601 4911 libris
3623 4856 3820 4913 eccles.
3854 4858 4006 4915 Grat-

2438 4958 2626 5001 corum
2682 4956 2806 5015 pag.
2846 4944 2936 5009 75,
2966 4956 3134 5015 agens
3179 4946 3247 5001 de
3277 4957 3488 5000 canone
3529 4943 3753 5003 Sabbati
3776 4949 3955 5003 sancti
3989 4965 4004 5003 :

2445 5054 2465 5088 ι
2502 5034 2650 5104 Opus
2682 5034 2900 5105 quidem
2929 5042 3035 5099 est,
3069 5034 3262 5107 inquit,
3297 5034 3365 5089 ad
3390 5032 3634 5105 quintam
3663 5035 3837 5107 ipsam
3865 5038 4006 5094 oden

2437 5126 2605 5183 Marci
2629 5127 2868 5199 episcopi
2900 5124 3265 5196 Hydruntini;
3291 5125 3359 5182 ab
3382 5142 3446 5183 ea
3473 5142 3650 5199 usque
3678 5128 3748 5183 ad
3778 5142 4005 5198 nonam,

2439 5219 2616 5290 magni
2663 5228 2835 5292 poetae
2879 5216 3124 5284 Cosmae;
3159 5218 3255 5273 sed
3289 5219 3458 5275 multo
3484 5229 3611 5277 ante
3634 5217 3923 5290 (Marcum)
3948 5233 4009 5276 ut

2440 5327 2506 5368 ex
2530 5325 2634 5366 non
2674 5310 2876 5380 scripta
2918 5310 3211 5366 traditione
3241 5309 3524 5377 discimus,
3545 5310 3741 5365 mulier
3754 5314 4005 5383 quaedam

2439 5402 2655 5465 nobilis,
2690 5410 2837 5459 casta
2867 5410 2923 5456 et
2944 5403 3115 5471 virgo,
3147 5402 3233 5457 cui
3254 5417 3449 5460 nomen
3474 5402 3699 5469 Cassia,
3734 5404 4004 5475 ejusmodi

2440 5494 2820 5551 modulationis
2856 5492 3027 5561 prima
3065 5493 3165 5549 fuit
3214 5500 3426 5560 auctor,
3456 5502 3511 5548 et
3530 5508 3797 5550 canonem
3826 5494 4001 5564 ipsum

2442 5585 2686 5644 absolvit.
2724 5584 2826 5653 Qui
2854 5599 2986 5642 vero
3015 5599 3137 5642 eam
3182 5586 3457 5643 subsecuti
3511 5594 3660 5650 sunt,
3695 5584 3867 5642 melos
3910 5588 4006 5641 ad-

2439 5680 2647 5747 mirati,
2674 5678 2952 5750 indignum
2983 5677 3347 5734 nihilominus
3379 5676 3687 5748 judicantes
3718 5677 4003 5734 muliebri-

2440 5769 2542 5826 bus
2603 5769 2943 5825 sermonibus
3012 5768 3197 5825 herois
3258 5768 3403 5824 illius
3453 5770 3661 5825 Cosma
3722 5768 4005 5825 cautiones

2445 5859 2808 5932 conjungere,
2856 5858 3023 5916 Meles
3078 5860 3352 5915 tradentes
3412 5858 3590 5915 Marco
3619 5896 3637 5925 ,
3675 5868 3732 5915 et
3794 5859 4006 5913 hirnos
