4212 6490
757 430 847 483 AD
885 426 1333 484 ACOLUTHIAM
1374 426 1621 483 OFFlCIl
1659 427 1893 485 GliA-ZCI
1939 427 2397 484 DlSSERTATlO
2428 427 2896 483 O‘SOMASTICA.

3256 445 3490 491 eccuni

231 547 638 616 consignautes,
681 545 1046 617 trnpariorum
1103 546 1557 618 compositionem
1591 545 1666 599 illi
1701 544 1799 600 soli
1831 554 1875 608 Α
1907 546 2099 608 velim;
2160 543 2415 600 nimirum
2476 545 2621 613 quod
2666 557 2947 601 auctorum
3004 550 3221 603 nomina
3276 554 3487 624 singula

227 642 639 698 canusiserunt.
702 658 720 692 ι
778 638 924 697 ldem
986 641 1054 695 de
1092 639 1312 707 Marco,
1346 639 1558 695 Cosma:
1614 655 1801 709 poema

226 738 532 808 supplente,
565 734 703 802 apud
738 734 986 790 eumdem
1019 733 1276 789 Allatium
1308 732 1440 786 dicit
1470 730 1804 798 Nicephorus

228 828 514 889 Callistus,
549 824 773 889 addens,
798 823 944 891 quod
970 822 1057 878 ille
1091 824 1143 878 id
1170 822 1353 890 operis
1392 820 1711 890 susceperit,
1737 837 1804 876 ex

232 918 624 988 sapientissimi
686 918 1030 985 imperatoris
1088 915 1289 971 Leonis
1330 914 1609 969 mandato.
1640 913 1802 981 Atqui

233 1011 342 1065 Leo
384 1009 639 1081 Sapiens,
667 1008 783 1063 sive
814 1006 1196 1078 Philosophus,
1225 1006 1514 1077 imperavit
1547 1006 1599 1060 iu
1630 1006 1804 1060 conﬁ-

230 1103 339 1156 niis
394 1101 522 1156 noui
578 1115 642 1155 ac
690 1099 889 1155 decimi
926 1097 1401 1156 saeculi:Cosmas
1442 1105 1621 1153 autem
1679 1112 1801 1152 cum

226 1192 437 1251 Joanne
464 1194 800 1250 Damasceno
849 1192 1030 1247 lloruit
1061 1191 1262 1247 sarculo
1304 1201 1499 1246 octavo
1526 1190 1751 1246 dimidio
1787 1209 1799 1245 :

230 1288 375 1341 unde
399 1285 771 1355 consequitur,
802 1294 862 1338 ut
896 1280 1103 1345 Cassia,
1130 1280 1273 1336 inter
1308 1280 1560 1335 Cosmam
1586 1290 1640 1334 et
1664 1279 1805 1332 Mar-

225 1390 352 1431 cum
393 1376 592 1439 media,
624 1388 731 1427 non
763 1372 994 1441 amplius
1026 1385 1137 1427 uno
1161 1372 1361 1428 saeculo
1390 1369 1629 1425 Marcum
1665 1383 1803 1437 pra:-

227 1472 493 1535 cesserit;
541 1469 679 1523 citra
723 1469 1150 1522 controversiam
1179 1463 1482 1523 orthodoxa
1513 1506 1529 1532 ,
1568 1475 1621 1521 et
1682 1478 1807 1518 san-

229 1566 402 1617 ctiore
434 1561 628 1631 Spiritu
671 1558 847 1614 aﬂlata
877 1601 892 1626 ,
934 1576 1099 1631 quam
1141 1560 1230 1613 illa
1262 1557 1537 1627 quondam
1563 1556 1808 1612 celeber-

231 1657 365 1709 rima
394 1654 615 1726 Sappho
643 1695 658 1719 ,
695 1664 752 1710 ut
788 1653 998 1711 Graecia
1028 1650 1338 1708 Christiana
1362 1650 1545 1721 gentili
1578 1647 1804 1703 Grtccite

267 1765 295 1800 c
325 1750 378 1801 in
418 1749 519 1803 hoc
546 1750 765 1818 quidem
791 1748 1041 1809 cederet;
1095 1742 1252 1813 digna
1287 1742 1375 1797 illa
1411 1739 1680 1812 profecto,
1735 1739 1805 1795 de

238 1856 331 1909 qua
386 1841 537 1911 plura
593 1842 854 1895 sciantur.
910 1834 1194 1890 Scirentur
1245 1844 1423 1889 autem
1481 1830 1633 1901 plura
1690 1834 1802 1887 for-

231 1935 413 1999 tassis,
461 1934 502 1988 si
562 1931 896 1985 inveniretur
946 1928 1257 1996 praclaudati
1296 1924 1477 1979 Allatii
1539 1934 1803 1982 tractatus

227 2027 304 2083 De
346 2026 575 2081 melodis
628 2023 965 2084 Graecorum,
998 2035 1135 2091 epus
1161 2019 1450 2090 allegatum
1482 2018 1551 2073 ab
1578 2030 1802 2075 auctore

228 2133 350 2188 pag.
393 2116 465 2172 82
486 2118 663 2171 citata:
699 2114 1110 2172 Dissertationis
1140 2153 1157 2179 ,
1192 2112 1283 2168 ubi
1335 2112 1470 2167 satis
1516 2111 1679 2167 habet
1708 2128 1800 2169 eo-

226 2211 475 2267 rumdem
528 2210 745 2265 nomina
797 2211 928 2266 dare
993 2223 1166 2279 usque
1213 2208 1281 2263 ad
1346 2207 1685 2278 septuaginta
1747 2218 1803 2265 et

227 2320 392 2360 unum
422 2345 439 2372 ,
467 2319 639 2375 eaque
668 2320 774 2359 nou
820 2302 1023 2369 omnia,
1057 2300 1235 2372 qualia
1295 2302 1401 2357 huc
1434 2304 1801 2357 transcribere

230 2412 335 2453 non
365 2397 656 2467 gravabor.

296 2487 387 2542 27.
422 2505 440 2538 ι
477 2485 612 2541 Sunt
638 2498 837 2549 autem,
862 2483 1146 2539 Anatolius
1169 2522 1184 2549 ,
1212 2482 1461 2539 Andreas
1488 2482 1797 2550 Cretensis,

229 2581 479 2637 Andreas
526 2578 794 2652 Pyrrhus,
820 2578 1109 2633 Anthimus
1138 2617 1155 2643 ,
1185 2578 1535 2640 Athanasius,
1565 2576 1801 2633 Basilius

233 2674 552 2737 monachus,
569 2671 799 2728 Basilius
818 2670 1124 2744 Pegoriota,
1149 2668 1325 2741 Byzas
1341 2670 1455 2726 sive
1480 2669 1799 2743 Byzantius,

227 2763 417 2818 Cassia
483 2766 598 2820 sive
650 2765 906 2819 Cassiana
958 2765 1072 2819 sive
1127 2763 1296 2819 lcasia
1327 2806 1342 2831 ,
1372 2762 1801 2834 Christophorus

232 2865 661 2926 protoasccreta,
720 2853 971 2910 Clemens
997 2892 1014 2919 ,
1055 2852 1446 2909 Constantinus
1490 2853 1802 2925 Porpher-

227 2958 478 3018 genneta,
504 2947 751 3012 Cosmas,
775 2944 1080 3019 Cyprianus
1127 2945 1451 3009 monachus,
1485 2944 1677 3006 David.
1703 2947 1803 3000 De-

231 3040 481 3106 metrius,
511 3037 814 3093 Dorotheus
850 3038 1174 3100 monachus,
1225 3035 1542 3091 Emmanuel
1594 3035 1802 3091 Palmu-

226 3129 448 3191 lacrita.
484 3129 797 3186 Emmanuel
826 3128 1000 3197 Phile,
1033 3129 1285 3199 Ephrem,
1316 3126 1639 3199 Euthymius
1684 3141 1800 3181 mo-

225 3223 456 3285 nachus,
484 3222 723 3284 Gabriel,
750 3220 1015 3293 Georgius
1041 3219 1495 3285 Nicomediensis,
1527 3219 1792 3291 Georgius

224 3312 461 3375 Siculus,
477 3312 778 3367 Germanus
800 3314 1111 3381 patriarcha
1134 3313 1789 3384 Constantiuopolitanus,

225 3402 552 3459 Hierotheus
614 3405 936 3469 monachus,
974 3402 1491 3474 Ignatius,Joaunes
1525 3409 1799 3477 archiepi-

227 3511 425 3565 scopus
448 3535 463 3558 ,
499 3492 735 3549 Joannes
788 3496 1154 3551 Damascenus
1179 3538 1194 3562 ,
1232 3496 1471 3554 Joannes
1529 3486 1797 3555 Euchaita

227 3598 589 3660 cognomento
626 3586 934 3659 Maus-Opus,
971 3585 1211 3644 Joamtes
1248 3590 1592 3658 Stauracius,
1620 3590 1793 3648 Joan-

227 3698 319 3737 nes
373 3679 641 3742 Zonaras.
683 3679 949 3751 Josephus
993 3680 1225 3749 Studita,
1261 3682 1507 3741 Justinus
1542 3684 1797 3751 Decadio,

221 3774 331 3831 Leo
361 3776 683 3843 imperator,
715 3772 823 3827 Leo
859 3773 1134 3841 magister,
1161 3771 1274 3829 Leo
1326 3775 1613 3847 Peganius,
1653 3776 1798 3831 Mar-

222 3881 316 3921 cns
372 3864 715 3928 monachus,
752 3862 1061 3928 Mauroleo,
1120 3860 1426 3921 Methodius
1476 3877 1624 3936 patr.
1690 3868 1795 3925 CP.

223 3954 627 4026 Metrophanes,
655 3950 884 4006 Michael
904 3950 1131 4017 Psellus,
1162 3950 1493 4023 Nicephorus
1519 3955 1796 4023 Callistus,

222 4050 438 4104 Nicetas
488 4046 831 4112 lleracleota,
863 4045 1078 4101 Nicetas
1105 4046 1420 4104 Stechatius
1448 4088 1464 4113 ,
1504 4049 1795 4117 Nicolaus,

223 4141 375 4196 Ndus
423 4140 761 4211 Xantopolus
786 4180 800 4204 ,
834 4140 1034 4196 Paulus
1068 4140 1384 4196 Ammonius
1410 4181 1426 4207 ,
1480 4141 1795 4215 Philippus.

221 4233 539 4289 Philotbeus
592 4244 734 4304 patr.
790 4232 896 4289 ΟΡ.
930 4232 1155 4290 Photius
1204 4238 1534 4302 monachus,
1567 4235 1796 4294 Photius

220 4335 363 4394 patr.
406 4322 541 4389 CP.,
569 4322 868 4394 Procopius
891 4323 1307 4398 chartophylas,
1341 4326 1647 4392 Romanus,
1672 4327 1793 4384 Ste-

221 4421 436 4486 phanus
480 4414 819 4489 Hagiopolita
845 4456 862 4481 ,
897 4413 1210 4486 Stephanus
1258 4418 1478 4474 Sabaita
1507 4460 1522 4485 ,
1562 4419 1791 4490 Sergius

221 4508 583 4580 llagiopolita,
618 4507 956 4578 Sophronius
978 4520 1116 4578 patr.
1159 4507 1444 4575 Hierosol.,
1470 4510 1789 4568 Theodorus

1907 638 2135 711 singulis
2167 638 2471 694 cannnibus
2496 637 2702 709 prteligi
2735 639 2933 705 solent,
2969 644 3184 697 tametsi
3219 644 3490 705 interdum

1910 740 2221 800 taceantur,
2252 732 2583 802 quandoque
2613 731 2781 786 etiam
2818 733 3164 789 acroatiehidi
3201 736 3402 794 innecti
3423 744 3489 794 ad

1909 822 2089 877 linem.
2132 823 2307 895 Atque
2332 822 2446 877 haec
2475 822 2541 876 de
2579 821 2961 879 communibus
3010 827 3313 882 canouihus
3345 832 3488 885 dicta

1906 926 2089 971 sunto.

1974 1028 2001 1100 ᾗ
2029 1026 2117 1085 ιν.
2147 1028 2224 1083 De
2248 1031 2444 1104 Magno
2474 1046 2709 1104 canone,
2747 1030 3043 1104 duzalogiis
3067 1072 3082 1097 ,
3121 1032 3415 1097 theotoriis.

2347 1102 2645 1166 eatabasia,
2673 1113 2721 1156 et
2755 1102 3041 1173 apolytica.

1974 1192 2059 1249 29.
2092 1190 2150 1246 lu
2179 1191 2374 1247 triodio
2408 1200 2585 1248 exstat
2619 1192 2757 1245 allus
2780 1209 2995 1265 quoque
3020 1208 3218 1256 canon,
3244 1195 3332 1263 qui
3375 1211 3489 1250 ma-

1906 1301 2040 1354 gnus
2060 1283 2386 1355 appellatur.
2426 1293 2536 1337 tum
2565 1284 2968 1354 quia-abundat
3018 1288 3307 1359 exquisitis
3358 1304 3483 1359 gra-

1906 1375 2253 1445 vissimisque
2285 1374 2609 1440 sententiis;
2641 1385 2755 1430 tum
2783 1376 2933 1447 quia,
2958 1394 3079 1434 cum
3113 1380 3482 1435 cetericano-

1909 1479 2005 1519 nes
2058 1468 2301 1538 triginta,
2361 1479 2456 1522 ant
2510 1465 2669 1537 paulo
2714 1468 2948 1536 amplius
2975 1508 2992 1535 ,
3033 1471 3267 1541 troparia
3304 1472 3485 1527 conti-

1908 1570 2098 1623 neaut,
2140 1561 2239 1613 iste
2262 1561 2328 1615 ad
2359 1562 2589 1616 ducenta
2607 1572 2662 1619 et
2684 1562 3080 1634 quinquaginta
3114 1565 3455 1633 progreditur

1909 1649 2060 1715 Quod
2085 1649 2421 1719 signiﬁcatur
2462 1650 2609 1705 hisce
2637 1652 2841 1708 Triodii
2879 1652 3057 1708 verbis
3090 1670 3106 1708 :
3144 1643 3379 1722 Aé'ys'rat
3421 1655 3479 1707 δὲ

1911 1742 2083 1812 μέγας
2123 1740 2323 1805 κανὼν,
2361 1740 2490 1805 ἴσως
2522 1741 2588 1796 ἄν
2618 1758 2704 1805 τις
2747 1744 2910 1808 είποι,
2935 1746 3031 1800 καὶ
3055 1745 3177 1802 κατ’
3203 1744 3374 1812 αὑτὰς
3401 1748 3488 1800 ἐν·

1907 1834 2054 1897 νοίας
2081 1836 2174 1887 καὶ
2216 1834 2285 1889 τὰ
2312 1834 2744 1907 ἐνθυμήματα...
2791 1837 2886 1889 καὶ
2904 1837 3009 1900 ὅτι,
3032 1838 3139 1891 τῶν
3156 1839 3359 1894 λοιπῶν
3392 1857 3490 1894 κα-

1836 1909 1878 1963 B
1910 1928 2099 1987 νόνων.
2127 1926 2232 1979 ἀνὰ
2259 1928 2555 1999 τριάκοντα
2599 1929 2695 1983 καὶ
2732 1929 2930 2002 μικρόν
2965 1947 3020 1983 τι
3052 1929 3187 2002 πρὸς
3214 1934 3489 2005 τροπάρια

1910 2020 2162 2089 ἑχόντων,
2207 2010 2364 2083 οὗτος
2410 2018 2491 2083 είς
2521 2016 2769 2074 διακόσια
2812 2022 2908 2075 καὶ
2944 2022 3280 2093 πεντήκοντα
3308 2023 3488 2093 πρόει-

1913 2124 2016 2161 σιν.
2057 2109 2161 2163 Sed
2218 2107 2405 2178 quidni
2454 2107 2572 2180 ejus
2626 2109 2853 2164 canonis
2906 2122 3182 2167 auctorem
3227 2121 3283 2166 et
3328 2127 3489 2181 argu-

1913 2210 2149 2253 mentum
2183 2214 2249 2253 ex
2284 2201 2472 2254 eodem
2525 2201 2618 2256 illo
2664 2198 2887 2256 Triodio
2940 2201 3206 2255 declarcm
3234 2203 3256 2253 ?
3288 2202 3488 2256 Τοῦτον

1908 2289 2017 2344 τῶν
2039 2290 2207 2354 ὄντως
2244 2293 2480 2344 κανόνων
2535 2294 2789 2362 μέγιστον
2838 2293 3094 2347 ἁπάντων
3121 2293 3356 2365 ἀρίστως
3396 2295 3491 2347 καὶ

1908 2383 2242 2455 τεχνηέντως
2293 2383 2595 2456 ἡρμόσατο,
2641 2387 2735 2439 καὶ
2772 2386 3111 2458 συνέγραψεν
3151 2390 3179 2441 ό
3214 2389 3273 2441 ὲν
3315 2387 3491 2457 ἁγίοις

1910 2475 2100 2548 Πατὴρ
2135 2476 2292 2548 ἡμῶν
2329 2474 2605 2547 Ἀνδρέας,
2638 2477 2667 2530 ὁ
2718 2478 3146 2549 ἀρχιεπίσκοπος
3180 2482 3426 2552 Κρήτης,
3462 2481 3493 2533 ὁ

1909 2568 2003 2621 καὶ
2039 2568 2475 2640 Ἱεροσολυμίτης
2496 2566 2914 2640 ὀνομαζόμενος,
2953 2569 3011 2634 ὃς
3036 2570 3262 2642 ὥρμητο
3289 2572 3385 2641 μὲν
3426 2572 3492 2623 ἐκ

1909 2660 2323 2732 Δαμασκοῦ.....
2347 2662 2536 2715 Πᾶσαν
2560 2660 2669 2733 γὰρ
2696 2662 2943 2727 Heluidi;
2970 2664 3065 2717 καὶ
3082 2664 3229 2729 Νέας
3248 2664 3493 2737 ἱστορίαν

1908 2754 2185 2826 Διαθήκης
2206 2754 2616 2825 ὲρανισάμενος,
2652 2756 2747 2810 καὶ
2772 2755 3053 2829 ἀθροίσας,
3091 2757 3153 2811 τὸ
3194 2757 3366 2830 παρὸν
3392 2758 3488 2828 ἡρ-

1911 2846 2116 2919 μόσατο
2171 2846 2354 2919 μέλος,
2401 2846 2510 2901 ἀπὸ
2558 2841 2731 2919 Ἀδὰμ
2779 2847 2978 2921 δηλαδὴ
3015 2851 3176 2922 μέχρι
3196 2852 3291 2904 καὶ
3321 2849 3489 2921 αὐτῆς

1908 2938 2145 3011 Χριστοῦ
2174 2938 2513 3012 ἀναλήψεως.
2549 2938 2644 2994 καὶ
2677 2936 2772 2993 τοῦ
2807 2938 2917 2992 τῶν
2960 2940 3275 2993 ἀποστόλων
3316 2941 3489 3013 κηρύ-

1907 3047 2135 3100 γματος.
2173 3030 2547 3102 Προτρέπεται
2582 3029 2715 3099 γοῦν
2742 3029 2834 3084 διὰ
2863 3030 3054 3085 τούτου
3084 3033 3263 3086 πᾶσαν
3290 3031 3490 3105 ψυχὴν.

1908 3120 2008 3174 ὅσα
2052 3121 2149 3192 μὲν
2184 3122 2361 3189 ἀγαθὰ
2399 3123 2495 3193 τῆς
2544 3122 2784 3195 ἱστορίας
2832 3122 3029 3195 ζηλοῦν
3065 3126 3160 3179 καὶ
3205 3124 3487 3196 μιμεῖσθαι

1909 3212 2046 3283 πρὸς
2070 3212 2320 3284 δύναμινο
2371 3214 2470 3267 ὃσα
2500 3214 2557 3267 δὲ
2595 3215 2705 3268 τῶν
2736 3214 2957 3284 φαύλων
3006 3215 3362 3285 ἀποφεύγειν,
3397 3219 3485 3271 καὶ

1911 3308 1999 3361 ἀεὶ
2030 3306 2164 3379 πρὸς
2186 3306 2317 3360 Θεὸν
2333 3307 2647 3377 ἀνατρέχειν
2668 3307 2755 3360 διὰ
2774 3307 3079 3378 μετανοίας,
3109 3307 3196 3362 διὰ
3217 3308 3488 3379 δακρύων,

1905 3401 1997 3455 καί¹
2019 3400 2479 3471 ὲξομολογήσεως,
2498 3399 2591 3452 καὶ
2622 3400 2726 3471 τῆς
2753 3400 2917 3471 ἄλλης
2946 3399 3477 3471 δηλονότιεῦαριστή-

1903 3510 2061 3557 σεως.
2095 3493 2239 3563 Πλὴν
2270 3495 2351 3555 εἰς
2384 3491 2636 3545 τοσοῦτόν
2678 3494 2829 3545 ἐστιν
2856 3490 3050 3563 εὔρους
3093 3494 3186 3546 καὶ
3219 3492 3486 3565 ἐμμελὴς,

1900 3584 1975 3648 ὡς
2005 3585 2097 3637 ml.
2127 3582 2299 3654 αὐτὴν
2326 3583 2425 3654 τὴν
2471 3582 2842 3654 σκληροτέραν
2867 3582 3043 3655 ψυχὴν
3077 3584 3277 3648 ίκανῶς
3309 3583 3489 3655 μαλά-

1904 3676 2011 3743 ﬁat,
2043 3678 2138 3729 καὶ
2192 3678 2327 3747 πρὸς
2353 3674 2622 3748 ἀνάληψιν
2667 3676 2875 3745 ἀγαθοῦ
2918 3676 3202 3747 διεγεῖραι,
3229 3678 3278 3729 sl
3328 3676 3489 3747 μόνον

1906 3768 2043 3840 μετὰ
2069 3767 2539 3839 συντετριμμένης
2568 3767 2796 3838 καρδίας
2814 3767 2914 3821 καὶ
2944 3765 3219 3838 προσοχῆς
3254 3764 3486 3838 ἀνηκούο

1902 3879 2001 3934 σης
2021 3861 2297 3933 cauom.
2334 3859 2485 3927 Quod
2516 3859 2595 3914 sic
2628 3857 2823 3914 Latine
2854 3860 3018 3913 reddo
3039 3874 3059 3913 :

1977 3970 1997 4003 s
2038 3952 2191 4007 Hunc
2224 3962 2353 4004 vere
2404 3963 2469 4004 es
2514 3948 2767 4005 omnibus
2813 3950 3116 4007 canonibus
3163 3955 3478 4019 maximum.

1900 4045 2105 4113 optime
2144 4042 2549 4112 artiﬁcioseque
2584 4043 2758 4096 texuit
2790 4052 2954 4112 atque
2995 4046 3323 4114 conscripsit
3350 4044 3478 4101 san-

1899 4150 2021 4194 ctus
2061 4137 2223 4193 Pater
2274 4143 2463 4190 noster
2503 4134 2771 4199 Andreas,
2805 4134 3078 4190 Cretensis
3116 4137 3480 4206 archiepisco-

1899 4247 2018 4301 pus,
2071 4239 2431 4302 cognomento
2480 4227 3026 4302 Hierosolymitanus,
3090 4242 3155 4283 es
3215 4229 3478 4288 Damasco

1896 4326 2253 4379 oriundus....
2290 4322 2560 4379 Universa
2588 4324 2735 4378 enim
2765 4320 2973 4393 antiqui
3016 4330 3069 4378 et
3099 4322 3222 4377 novi
3257 4322 3475 4381 foederis

1898 4418 2150 4480 histOria.
2174 4426 2361 4473 coacta
2382 4418 2435 4472 in
2472 4432 2664 4479 unum,
2691 4415 2758 4469 ab
2777 4414 2989 4470 Adamo
3018 4429 3187 4485 usque
3225 4414 3291 4469 ad
3316 4412 3477 4470 Chrio

1898 4512 1965 4567 sti
2012 4526 2305 4566 ascensum
2346 4508 2824 4582 apostolorumque
2862 4506 3327 4577 praedicationem,
3368 4507 3475 4563 hoe

220 4602 515 4668 Cmtonita,
538 4600 857 4657 Theodorus
881 4599 1494 4667 StuditsJ'l‘heodosius
1512 4602 1788 4670 Lascaris,
1825 4611 1869 4668 ι)
1898 4612 2217 4673 perpetuam
2254 4603 2531 4658 canticum
2577 4598 2825 4657 deduxit.
2857 4598 3195 4655 Adhortatur
3221 4612 3351 4672 ergo
3379 4616 3475 4668 per

222 4692 561 4750 Theodosius
604 4690 859 4763 Syceota,
888 4689 1275 4761 Theophanes.
1308 4691 1649 4764 TbeOphilus
1688 4696 1793 4750 im-

220 4798 461 4857 perator,
489 4785 782 4843 Timoclcs.
816 4805 834 4838 ι

285 4878 375 4933 ΞΒ.
434 4877 703 4935 Hactenus
732 4878 995 4947 Allatius,
1025 4882 1119 4938 sed
1154 4882 1346 4940 ordine
1394 4883 1540 4939 nullo
1575 4901 1588 4937 :
1627 4899 1788 4955 quem

216 4986 338 5042 ego,
389 4982 444 5025 ut
502 4973 836 5028 commodior
866 4983 1035 5038 esset,
1084 4975 1484 5045 alphabeticum
1523 4976 1674 5039 feci;
1722 4978 1791 5031 li-

218 5062 437 5118 bentius
484 5063 773 5135 ntiliusque
815 5064 1256 5139 chronologicmn
1320 5067 1567 5133 daturus.
1621 5071 1666 5125 si
1725 5071 1791 5127 de

216 5156 447 5227 singulis
475 5156 809 5212 haberentur
856 5157 1175 5215 documenta
1209 5160 1419 5215 idonea.
1448 5162 1515 5217 Et
1540 5161 1654 5218 haec
1683 5163 1789 5218 alia

217 5247 388 5315 possit
422 5260 543 5301 esse
602 5261 766 5303 causa
827 5249 1089 5320 Optandi,
1132 5261 1189 5305 ut
1241 5250 1491 5306 alicunde
1560 5256 1788 5320 prodeat

218 5338 588 5409 praelaudatus
616 5340 682 5394 de
700 5338 1010 5396 Grtecorum
1041 5342 1266 5398 melodis
1318 5350 1607 5400 tractatus.
1637 5344 1785 5399 Inte-

218 5430 316 5485 rim
369 5429 559 5486 iisdem
600 5432 795 5488 merito
847 5432 1284 5492 adnumerandus
1335 5439 1641 5509 suggeritur
1698 5452 1788 5493 no-

220 5522 453 5578 minatus
510 5538 675 5595 supra
737 5524 1052 5583 Theodorus
1102 5526 1437 5585 Prodromus
1491 5530 1583 5601 qui
1646 5529 1789 5599 ipsos

218 5627 456 5670 canones
514 5616 722 5685 primus
790 5621 1209 5676 commentando
1259 5622 1561 5691 exposuit;
1626 5621 1783 5678 Nice-

219 5706 385 5776 phoro
414 5705 745 5773 Blemmidzc,
782 5709 835 5763 in
875 5719 1015 5765 orat.
1058 5712 1084 5765 1
1122 5714 1186 5767 de
1226 5728 1469 5784 process.
1501 5715 1560 5770 S.
1611 5713 1789 5785 Spiri-

220 5806 318 5853 tus.
350 5800 468 5852 ideo
491 5799 669 5854 dictus
688 5801 718 5852 ό
745 5800 853 5853 τῶν
884 5803 1043 5874 ἱερῶν
1068 5805 1321 5859 Κανόνων
1344 5806 1560 5878 πρῶτος
1598 5822 1747 5877 σαφη
1763 5835 1785 5847 -

219 5888 421 5953 νιστής.
464 5890 561 5945 Est
585 5902 635 5947 et
662 5893 832 5961 aliud,
886 5895 953 5950 de
999 5911 1107 5966 quo
1167 5906 1219 5955 te
1251 5899 1535 5967 monitum,
1583 5898 1778 5966 lector,

1898 4692 2003 4748 hoc
2026 4707 2246 4749 omnem
2276 4694 2538 4757 animam,
2564 4699 2623 4746 ut
2664 4706 2784 4762 quae
2806 4691 2858 4747 in
2893 4690 3240 4747 historiarum
3276 4706 3472 4744 monu-

1900 4783 2103 4838 mentis
2150 4784 2326 4837 cernit
2356 4797 2474 4838 esse
2502 4783 2640 4836 bona
2690 4792 2745 4837 et
2777 4779 3088 4847 laudabilia,
3118 4794 3181 4835 ea
3214 4794 3311 4848 pro
3344 4778 3474 4834 viri-

1896 4872 1998 4929 bus
2058 4884 2329 4941 sectetur;
2357 4892 2475 4946 qua:
2510 4876 2673 4940 mala,
2710 4874 2880 4945 fugiat
2904 4881 2959 4929 et
2987 4882 3300 4940 aversetur;
3326 4888 3470 4929 seni-

1895 4982 2100 5037 perque
2144 4970 2211 5023 ad
2261 4967 2429 5022 Deum
2466 4976 2709 5023 recurrat
2742 4981 2839 5036 per
2872 4966 3319 5037 resipiscentiam,
3374 4982 3471 5033 per

1896 5060 2192 5131 lacrymas,
2228 5076 2325 5129 per
2356 5061 2679 5117 delictorum
2713 5061 3127 5129 confessionem,
3155 5070 3211 5117 et
3237 5075 3337 5129 per
3363 5059 3471 5116 alia

1896 5150 2202 5217 huiusmodi
2238 5152 2484 5220 placandi
2516 5152 2681 5208 divini
2722 5153 2962 5209 numinis
3013 5153 3346 5223 adiumenta.
3376 5152 3470 5207 Et-

1893 5246 2037 5298 enim
2072 5244 2159 5298 hic
2184 5257 2358 5299 canon
2387 5253 2493 5298 tam
2519 5243 2713 5301 ﬂuidus
2744 5255 2829 5299 est
2869 5253 3085 5313 tamque
3120 5253 3342 5315 argutus
3362 5284 3380 5305 .
3412 5255 3469 5298 ut

1894 5346 2129 5391 mentem
2150 5334 2315 5389 etiam
2340 5336 2610 5391 duriorem
2635 5337 2768 5392 satis
2792 5335 3054 5402 emolliat,
3073 5344 3127 5391 et
3147 5338 3213 5391 ad
3234 5352 3466 5406 sequen-

1891 5432 2019 5484 dum
2071 5429 2358 5483 honcstum
2410 5430 2777 5499 decorumque
2804 5429 3026 5494 excitet,
3082 5429 3243 5485 modo
3283 5428 3466 5482 animo

1892 5525 2127 5580 contrito
2159 5533 2216 5579 et
2253 5524 2429 5579 debita
2466 5540 2589 5581 cum
2618 5523 2923 5580 attentione
2948 5522 3234 5595 psallatur.
3272 5539 3292 5571 ι
3332 5523 3464 5589 Quae

1892 5614 2108 5686 quidem
2141 5616 2369 5673 attentio
2402 5633 2471 5673 ne
2512 5616 2683 5681 desit,
2728 5624 2983 5671 cantatur
3020 5613 3187 5677 lente,
3212 5628 3346 5668 sono
3377 5610 3461 5666 lu-

1892 5708 2089 5780 gubri,
2138 5718 2191 5763 et
2242 5710 2414 5764 ternis
2474 5712 2538 5763 ad
2585 5708 2821 5777 truparia
2881 5704 3091 5775 singula
3137 5703 3460 5774 prostratio-

1893 5801 2069 5855 nibus.

1963 5895 2052 5951 '50.
2090 5892 2322 5968 Tempus
2345 5906 2669 5966 autem,quo
2715 5893 2938 5969 “agnus
2965 5892 3053 5950 ille
3084 5905 3255 5949 canon
3281 5891 3335 5946 itt
3363 5901 3461 5946 ec-
