4212 6496
2064 414 2597 475 PROLEGOMENA.

734 541 903 596 clesia
949 538 1256 593 recitaniius
1298 546 1383 590 est
1430 545 1574 590 totus
1602 537 1749 605 (nam
1779 550 1876 607 per
1901 546 2082 605 partes
2112 537 2303 591 recita-
2335 543 2379 598 Α
2409 536 2481 590 tio
2524 528 2715 601 major.
2762 529 2969 585 Prreter
2997 526 3263 594 duplicem
3296 523 3455 580 istam
3487 521 3829 593 Δοεολογίαν,
3861 537 3974 577 ma-

738 639 829 685 tur
861 630 1033 698 prima
1065 628 1893 699 Quadragesimzehebdontada).
1919 626 2299 699 assignaturiu
2401 627 2570 695 jorem
2595 631 2649 677 ct
2692 624 2979 685 minorem,
3029 630 3113 675 est
3163 629 3220 674 et
3272 617 3450 679 tertia,
3497 617 3791 687 Τρισάγιον
3835 615 3975 669 dicta

739 723 937 777 triodio
988 722 1215 789 aliisque
1270 720 1419 773 libris
1454 720 1838 775 ecclesiasticis
1886 722 1919 790 ἡ
1950 720 2172 793 πέμπτη
2203 719 2304 788 τῆς

2405 735 2434 771 tt
2463 726 2545 769 tcr
2585 716 2810 783 repetita
2854 730 2983 770 voce
3013 713 3228 781 Ἄγιος.
3276 723 3466 781 nempe
3512 709 3704 778 Ἄγιος
3733 712 3767 765 ό
3810 707 3976 774 Θεὸς,

739 813 995 882 πέμπτης
1042 811 1330 882 ἑϐδομάδος
1381 811 1481 882 τῆς
1531 810 2004 883 Τεασαρακοστῆς,
2057 814 2155 867 hoc
2198 817 2301 874 est,
2406 810 2572 878 ἅγιος
2624 807 2893 879 ὶσχιφὸς,
2939 808 3103 877 ἅγιος
3151 804 3470 871 ἀθάνατος,
3504 799 3768 869 ἐλέησω·
3798 796 3977 873 ἡμᾶς,

748 924 765 955 ο
793 904 923 957 fcrizt
949 904 1136 972 quinta
1172 904 1371 972 quinta:
1405 900 2301 975 Itehdomadaequadragesintztlis,t
2409 899 2635 955 Sanctus
2666 900 2824 962 Deus,
2854 909 3070 952 sanctus
3091 895 3267 966 fortis.
3290 905 3506 950 sanctus
3524 893 3859 960 immortalis,
3885 892 3981 947 nti-

740 1005 861 1059 quze
884 990 1025 1045 hanc
1045 991 1114 1043 ob
1140 1006 1359 1044 causam
1376 1006 1420 1066 .a
1442 990 1646 1048 Graecis
1673 992 1930 1058 peculiari
1955 991 2308 1065 appellatione
2408 1009 2578 1048 serere
2606 994 2797 1048 nostri.
2816 989 3041 1056 Quando
3055 998 3233 1046 autem
3251 995 3306 1042 et
3321 986 3588 1055 quomodo
3609 984 3681 1039 sit
3708 983 3799 1039 ille
3825 986 3981 1039 trisa-

733 436 958 477 «λείχων

743 1081 940 1135 dicitur
976 1080 1167 1134 festum
1196 1081 1291 1135 τοῦ
1317 1082 1552 1152 μεγάλου
1570 1083 1817 1147 κανόνος,
1852 1082 2119 1138 interdum
2144 1082 2306 1135 etiam

744 1171 970 1245 πέμπτη
997 1171 1091 1225 τοῦ
1126 1173 1365 1236 κανόνος.
1400 1173 1553 1230 Unde
1584 1189 1687 1227 non
1718 1172 1990 1228 immerito
2026 1188 2055 1227 a
2093 1170 2309 1227 Gretse-

728 1282 807 1336 .‘ro
835 1277 1018 1319 nostro
1045 1265 1457 1334 reprehenditur
1485 1265 1675 1320 Junius
1693 1302 1710 1328 ,
1736 1264 1879 1334 quod
1910 1265 2077 1330 dicat,
2115 1266 2307 1320 festum

746 1355 925 1426 magni
960 1358 1184 1411 canonis
1214 1372 1336 1411 esse
1383 1357 1720 1413 Dominiczttn
1768 1358 2123 1412 orthodosim.
2152 1374 2172 1409 ι
2210 1357 2309 1408 tir-

746 1458 854 1513 rat,
882 1449 1055 1518 inquit
1082 1448 1396 1512 Gretscrus,
1425 1463 1574 1502 more
1607 1463 1707 1502 suo
1745 1448 2003 1512 solemni;
2055 1462 2178 1501 nam
2209 1447 2313 1501 Do-

746 1540 942 1597 minica
972 1543 1308 1597 orthodosize
1324 1549 1448 1613 erat
1488 1540 1663 1609 printa
1699 1540 1978 1595 Dontinica
1997 1540 2313 1609 Quadrnge-

747 1634 899 1689 sime
926 1649 941 1688 :
968 1654 988 1688 t
1008 1651 1126 1703 qua:
1153 1635 1291 1688 ratio
1322 1633 1477 1702 plana
1507 1634 1567 1687 ﬁt
1599 1649 1723 1688 cum
1750 1649 1815 1690 ex
1847 1635 1989 1699 aliis,
2011 1643 2122 1688 tum
2146 1634 2316 1688 maxi-

748 1740 835 1799 me
860 1740 924 1779 ex
955 1726 1135 1795 typico
1153 1722 1211 1778 S.
1232 1725 1389 1779 Saba:
1416 1740 1537 1793 cap.
1571 1725 1661 1792 4‘2,
1683 1727 1837 1796 cujus
1872 1727 2061 1781 titulus
2076 1736 2179 1785 est.
2198 1726 2317 1778 Διά-

746 1814 897 1879 ταξις
920 1815 1018 1886 τῆς
1035 1814 1256 1888 πρώτης
1277 1817 1547 1888 κυριακῆς
1574 1817 1683 1871 τῶν
1700 1818 1870 1886 ἁγίων
1887 1818 2168 1889 νηστειῶν,
2199 1819 2318 1889 ἤτοι

745 1908 845 1977 τῆς
873 1907 1203 1980 ὀρθοδοξίας.
1240 1928 1258 1959 ‹
1296 1911 1441 1962 Ordo
1467 1913 1653 1977 primae
1692 1910 1981 1966 Dominica:
2003 1922 2314 1966 sanctorum
2351 1897 2392 1951 Β

742 2001 1072 2071 ῇμῇιιιιίοτυιιι
1128 2001 1207 2055 vel
1256 2001 1610 2057 orthodosize.
1645 2021 1665 2055 t
1728 2002 1904 2058 Prima
1950 2019 2163 2074 quoque
2194 2019 2317 2060 ver—

750 2096 815 2145 ha
842 2093 986 2147 illius
1017 2093 1210 2159 capitis
1248 2092 1363 2149 htec
1393 2105 1558 2150 sunt:
1588 2099 1656 2167 τῇ
1702 2097 1937 2167 κυριακῇ
1968 2097 2066 2167 τῆς
2097 2096 2316 2169 ὀρθοδα-

750 2182 888 2250 ξίας.
929 2187 1069 2253 Quid
1121 2202 1249 2241 vero
1283 2185 1497 2240 Junium
1530 2188 1580 2239 in
1616 2188 1756 2241 hunc
1785 2203 2029 2245 errorem
2054 2193 2316 2260 rapuerit,

752 2278 887 2331 mihi
919 2278 1133 2345 quidem
1172 2289 1384 2331 nonest
1417 2278 1661 2332 divinatu
1690 2279 1927 2335 diﬁicile.
1957 2281 2218 2352 Agedum,
2240 2281 2317 2335 fa-

750 2369 961 2422 ciamus
988 2367 1306 2437 periculmn.
1332 2368 1509 2423 Prima
1542 2369 1631 2423 illa
1673 2369 2108 2444 Quadragesima:
2132 2370 2315 2425 Domi-

752 2461 874 2513 nica
902 2457 1084 2531 (quam
1120 2473 1185 2513 ex
1215 2460 1467 2516 restituto
1500 2462 1795 2533 imaginum
1840 2477 2116 2517 sacrarum
2146 2461 2315 2526 cultu,

748 2562 805 2605 et
837 2553 1104 2607 haereticis
1131 2551 1429 2623 proﬂigatis
1446 2554 1779 2626 ὀρουδοξίας,
1810 2554 1960 2624 quasi
1994 2564 2155 2607 recta!
2196 2554 2315 2608 fidei

751 2644 1057 2715 nominant)
1091 2662 1229 2701 vera:
1257 2658 1525 2715 recteque
1557 2648 1679 2701 fidei
1720 2646 2111 2717 professionem
2158 2647 2318 2700 emit-

755 2748 872 2792 tnnt
898 2738 1096 2803 Graeci,
1125 2748 1176 2792 et
1205 2738 1415 2810 singula
1447 2738 1725 2806 religionis
1749 2741 1945 2809 capita,
1977 2740 2150 2808 palam
2181 2750 2235 2795 et
2263 2740 2317 2793 in

753 2840 968 2901 aperto.
993 2845 1126 2886 voce
1149 2829 1257 2885 alta
1281 2830 1628 2899 conﬁtentur,
1653 2835 2021 2903 sectariosque
2048 2843 2102 2886 et
2130 2846 2317 2888 eorum

754 2926 991 2979 haereses
1038 2925 1194 2995 longo
1243 2924 1435 2979 ordine
1486 2924 1698 2981 iteratis
1754 2926 2119 2983 anathematis
2168 2927 2321 2981 dam-

753 3024 905 3067 ttattl.

822 3103 912 3158 5|.
938 3101 1064 3159 lltcc
1088 3106 1227 3174 apud
1245 3105 1582 3162 Philothcunt
1615 3110 1977 3177 patriarcham
2004 3110 2321 3164 Constanti-

754 3193 1123 3262 nopolitanunt
1156 3195 1389 3252 aliumve
1423 3197 1630 3267 legerat
1663 3198 1895 3253 fortasse
1916 3197 2143 3263 Junius;
2174 3213 2321 3253 cunt-

754 3297 862 3354 que
917 3284 1179 3353 novisset,
1228 3286 1459 3357 plurium
1510 3288 1866 3345 conciliorum
1911 3288 2220 3345 sanctiones
2268 3260 2393 3344 etc

757 3374 1241 3432 anathematismos
1268 3379 1450 3432 vocari
1500 3394 1762 3444 canones,
1795 3380 1942 3435 venit
1966 3381 2064 3451 ipsi
2097 3380 2149 3436 in
2175 3395 2324 3435 men-

761 3476 865 3519 tem
901 3467 1161 3537 cogitare,
1191 3468 1444 3537 Magnum
1478 3484 1743 3524 canonem
1778 3486 1900 3525 esse
1929 3471 2141 3542 longam
2177 3472 2322 3527 illam

756 3571 1037 3612 sacrorum
1092 3558 1397 3629 dogmatum
1445 3568 1607 3630 atque
1658 3562 2060 3617 anathematum
2106 3564 2323 3628 seriem,

754 3665 917 3718 quam
945 3649 1101 3706 modo
1121 3651 1378 3706 diximus.
1402 3650 1495 3705 llis
1524 3664 1703 3707 autem
1735 3654 1806 3708 ita
1832 3654 2160 3721 constitutis,
2199 3671 2325 3711 cen-

758 3740 873 3794 sen‘
913 3741 1030 3795 ﬁcri
1076 3743 1337 3811 potuisse.
1377 3752 1433 3796 ut
1457 3742 1647 3800 Junius
1684 3745 1857 3814 prima
1890 3743 2165 3803 Dominica
2185 3746 2321 3814 Qua-

756 3834 1075 3901 dragesitttm
1103 3833 1300 3889 festum
1328 3834 1507 3908 Magni
1550 3837 1775 3892 canonis
1792 3840 1879 3909 agi
1906 3854 2013 3895 non
2038 3840 2329 3896 arbitrare-

763 3924 891 3978 turl
916 3922 991 3977 L'n
1038 3924 1201 3996 igitur
1232 3927 1397 3997 stirps
1422 3943 1485 3983 ac
1500 3944 1682 3983 seutcu
1710 3927 1925 3984 Juniani
1956 3932 2159 3987 erroris
2174 3931 2330 4003 longe

772 4013 1257 4083 verisitnilltntum;
1302 4028 1357 4074 et
1393 4019 1552 4073 simul
1594 4022 1832 4084 addisce,
1882 4034 2141 4090 quantum
2186 4024 2328 4093 peri-

770 4109 951 4164 culum
982 4112 1197 4165 errandi
1229 4114 1426 4167 adeant
1451 4112 1547 4176 illi,
1571 4112 1660 4182 qui
1684 4122 1809 4167 ante
1849 4116 1915 4168 de
1934 4114 2111 4183 aliqua
2145 4129 2201 4167 re
2242 4113 2327 4168 di-

758 4209 892 4255 cunt
936 4203 1304 4270 sententiam,
1332 4220 1493 4274 quam
1547 4205 1855 4275 intelligunt
1902 4206 2027 4274 quid
2066 4206 2138 4260 sit
2172 4205 2223 4259 id
2259 4208 2326 4262 de

760 4306 870 4361 quo
923 4293 1249 4362 disputetur.
1300 4294 1408 4351 Nos
1460 4297 1784 4365 disputaturi
1852 4313 1973 4352 mox
2025 4300 2093 4353 de
2131 4298 2327 4353 Θεοτοο

760 4382 922 4446 πίοις.
956 4382 1249 4451 periculum
1298 4385 1438 4438 istud
1462 4384 1753 4441 formidare
1796 4387 2013 4443 minime
2036 4387 2325 4457 debemus;

759 4474 890 4544 quia
910 4472 1195 4528 Θεοτόκιον
1219 4476 1349 4546 quid
1376 4476 1471 4540 sit,
1495 4475 1607 4544 jam
1636 4490 1778 4530 nunc
1814 4477 2147 4534 instituimus
2176 4481 2328 4536 dice-

2411 1081 2484 1153 gii
2514 1084 2747 1155 hymnus
2779 1078 3139 1143 introductus,
3175 1076 3387 1134 erudite
3420 1078 3665 1146 disputat
3701 1071 3983 1130 Habertus

2412 1175 2465 1230 in
2497 1176 2656 1229 Libro
2691 1169 2989 1241 Pontiﬁcoli
3019 1181 3146 1226 ante
3171 1171 3359 1233 citato,
3382 1182 3503 1238 pag.
3538 1168 3627 1223 64.

2481 1268 2571 1323 52.
2604 1267 2709 1320 Sed
2739 1282 2823 1320 nte
2856 1275 3114 1319 revocant
3151 1262 3437 1326 Θεοτόκια,
3472 1275 3588 1328 quae
3613 1259 3755 1315 unde
3785 1250 3983 1311 nomen

2415 1355 2740 1417 invenerint,
2760 1353 2993 1423 ignorari
3024 1368 3128 1406 non
3150 1362 3346 1421 potest,
3375 1349 3479 1404 nisi
3503 1348 3573 1403 ab
3590 1364 3657 1404 eo
3676 1348 3765 1404 cui
3797 1346 3984 1417 ignota

2417 1459 2501 1505 est
2536 1446 2853 1502 Nestoriana
2908 1443 3130 1516 perﬁdia
3168 1461 3182 1497 :
3227 1443 3413 1512 paucis
3433 1455 3562 1507 ergo
3602 1442 3652 1495 id
3676 1443 3985 1514 expediam.

2418 1541 2713 1597 Tortuosus
2752 1538 2845 1595 ille
2892 1538 3111 1594 coluber
3142 1535 3243 1604 (sic
3276 1535 3345 1589 ab
3367 1532 3731 1590 Alexandrino
3781 1532 3987 1607 Cyrillo

2421 1635 2730 1689 nominatur
2751 1629 3050 1701 Nestorius)
3070 1626 3435 1685 beatissimam
3463 1625 3733 1697 Virginem
3754 1626 3987 1682 Mariam

2420 1726 2751 1799 pernegabat
2777 1740 2896 1782 esse
2922 1723 3183 1779 Θεοτὸκον
3195 1721 3307 1776 sive
3331 1719 3642 1790 Deiparam;
3676 1722 3987 1775 asserebat-

2421 1833 2524 1889 qtte
2542 1818 2719 1886 potius
2738 1817 3101 1892 Χριστοτόκος
3132 1829 3185 1870 et
3206 1815 3641 1890 ἁνθρωποτόκον,
3668 1829 3763 1870 seu
3794 1832 3814 1867 ο
3837 1814 3989 1869 Chri-

2420 1913 2673 1981 stiparam
2728 1922 2783 1967 et
2839 1909 3073 1967 hominis
3126 1910 3486 1979 genitricetnt
3518 1922 3639 1964 esse
3679 1906 3987 1963 dicendam.

2422 2004 2568 2058 Hanc
2591 2001 2921 2073 impietatem
2949 2016 3054 2056 non
3081 2001 3322 2056 tulerunt
3342 2000 3630 2059 Catholici.
3654 1998 3797 2072 Ergo
3820 1997 3990 2054 varia

2420 2104 2606 2152 contra
2634 2095 2935 2153 Nestorium
2957 2101 3223 2165 coguntur
3252 2094 3464 2162 synodi,
3486 2092 3709 2164 ejusque
3736 2092 3991 2149 haeresim

2422 2188 2815 2256 condemnant;
2840 2197 2896 2243 et
2928 2186 3070 2241 inter
3095 2184 3232 2241 alias
3254 2185 3545 2254 Ephesina,
3565 2199 3684 2254 quae
3708 2185 3789 2239 sie.
3811 2184 3988 2236 fulmi-

2421 2292 2552 2338 nat:
2578 2282 2648 2337 El’
2674 2299 2757 2347 τις
2781 2281 2881 2351 οὐχ
2907 2278 3161 2351 ὁμολογεῖ
3190 2277 3323 2332 Θεὸν
3372 2271 3510 2330 εἶναι
3540 2275 3683 2329 κατὰ
3732 2273 3993 2345 ἀλήθειαν

2420 2377 2509 2430 τὸν
2554 2374 2920 2449 Ἑμμανουὴλ.
2958 2373 3053 2428 καὶ
3081 2372 3171 2427 διὰ
3216 2370 3378 2425 τοῦτο
3404 2368 3667 2423 Θεοτόκον
3704 2366 3805 2438 τὴν
3830 2364 3993 2433 ἁγίαν

2421 2467 2696 2540 Παρθένον
2735 2466 3053 2536 (γεγέννηκε
3089 2463 3198 2535 γὰρ
3224 2459 3499 2534 σαρκικῶς
3527 2458 3705 2531 σάρκα
3728 2457 3993 2529 γεγονότα

2421 2559 2512 2613 τὸν
2565 2562 2630 2613 ὲκ
2680 2557 2816 2611 Θεοῦ
2846 2556 3065 2626 Δόγον)·
3098 2553 3345 2625 ἀνάθεμα
3374 2552 3535 2607 ἔστω.
3570 2568 3590 2605 t
3632 2550 3688 2605 Si
3715 2548 3838 2621 quis
3888 2562 3993 2601 uos-

2422 2648 2712 2704 conﬁtetur
2742 2646 3141 2701 Eunnanuelem
3197 2660 3381 2698 verum
3409 2642 3575 2697 Deum
3596 2654 3739 2704 esse,
3765 2646 3820 2693 et
3845 2638 3918 2693 ob
3942 2637 3994 2692 id

2425 2749 2671 2795 sanctam
2709 2737 2980 2807 Virginem
3054 2736 3147 2789 Dei
3203 2734 3516 2804 genitricem
3580 2729 3792 2802 (genuit
3847 2728 3995 2784 enim

2423 2831 2865 2887 illaiocarnatutn
2886 2828 2976 2885 Dei
3000 2829 3233 2884 Verbum
3252 2827 3548 2882 secundum
3567 2821 3844 2895 carnem),
3874 2836 3978 2875 sua

2425 2928 2607 2983 thema
2663 2926 2755 2981 sit.
2799 2943 2820 2979 ι
2856 2924 2932 2980 Ex
2978 2924 3080 2980 hoc
3124 2933 3303 2979 autem
3367 2930 3606 2992 tempore
3654 2935 3753 2977 vos
3803 2918 3976 2973 Θεοτό

2424 3038 2520 3086 tto;
2561 3021 2614 3075 in
2668 3020 2990 3091 explicando
3036 3017 3428 3074 lncarnationis
3479 3014 3738 3087 mysterio
3761 3012 3995 3069 obtinuit

2425 3115 2673 3168 eunnlem
2733 3128 2890 3166 usum
2922 3127 2987 3167 ac
3042 3111 3427 3181 principatum,
3463 3123 3621 3177 quem
3651 3107 3705 3160 in
3734 3104 3996 3175 mysterio

2428 3203 2710 3258 Trinitatis
2738 3215 2864 3258 ante
2913 3205 3225 3258 obtinuerat
3266 3217 3364 3254 vox
3396 3200 3702 3271 ὀμωύσιος.
3731 3196 3801 3253 Ut
3851 3197 3997 3250 cuitu

2428 3294 2480 3349 in
2510 3293 2793 3348 Trinitatis
2820 3294 3080 3364 mysterio
3113 3303 3221 3347 tota
3261 3292 3385 3345 ﬁdei
3425 3290 3707 3345 catholicae
3748 3288 3891 3343 ratio
3920 3296 3996 3342 ato

2426 3400 2533 3456 que
2554 3384 2819 3456 professio
2851 3399 2961 3439 uno
3006 3381 3489 3439 consubstantialis
3530 3380 3792 3437 vocabulo
3825 3379 3996 3434 conti-

2427 3480 2542 3534 neri
2572 3478 2896 3550 putabatur;
2929 3477 3065 3531 adeo
3101 3485 3161 3529 ut
3211 3484 3468 3545 tanquam
3518 3484 3720 3530 tessera
3751 3473 3999 3542 quaedam

2428 3572 2736 3640 haberetur,
2765 3586 2886 3641 quae
2913 3569 3162 3625 fmdcrati
3192 3570 3491 3639 sociatique
3516 3566 3780 3624 Catholici
3814 3576 4002 3621 mutuo

2428 3677 2548 3716 sese
2569 3662 2951 3717 disi-eruebant
2972 3663 3041 3717 ab
3072 3662 3339 3726 hostibus,
3370 3672 3425 3717 et
3458 3660 3761 3716 contrarias
3790 3658 3893 3714 sibi
3920 3658 4000 3712 in-

2428 3754 2603 3809 vicem
2650 3752 2873 3810 Sabellii
2909 3761 2965 3810 et
3003 3754 3119 3810 Arii
3147 3754 3382 3809 haereses
3418 3767 3523 3807 una
3557 3750 3711 3820 plaga
3740 3747 4001 3804 conﬁcie-

2432 3848 2596 3912 hant;
2632 3846 2711 3902 sic
2744 3846 2809 3901 ad
2826 3846 3178 3917 proﬁtendam
3206 3844 3511 3900 distinctius
3544 3841 4001 3902 incarnationem,

2433 3940 2761 4010 praecipuum
2799 3939 2850 3992 in
2876 3952 3008 3992 voce
3043 3936 3308 3999 Θεοτόκος
3338 3942 3666 3989 momentum
3699 3948 3730 3987 a
3753 3930 4002 4005 Catholi-

2427 4035 2507 4087 cis
2539 4032 2888 4087 constitutum
2914 4037 3029 4096 est;
3052 4039 3109 4085 et
3129 4042 3292 4100 quant
3319 4026 3408 4082 isti
3439 4026 3492 4081 itt
3522 4024 3718 4081 tuenda
3754 4024 3842 4077 illa
3871 4037 4002 4078 voce

2429 4132 2761 4186 constantes,
2795 4130 2903 4177 tam
2946 4122 3136 4178 eadem
3165 4120 3524 4191 oppugnanda
3572 4116 3888 4188 pervicaces
3910 4117 4003 4171 ad-

2432 4212 2657 4269 versarii
2698 4212 2871 4268 fuere.
2913 4212 3090 4285 Atque
3123 4227 3186 4267 ea
3227 4226 3390 4267 causa
3429 4209 3641 4281 impulit
3670 4207 3913 4273 (imos.
3946 4219 4003 4263 ut

2430 4320 2618 4376 preces
2662 4314 2720 4361 et
2771 4305 3200 4369 obsecrationes,
3245 4304 3443 4372 quibus
3473 4303 3641 4358 divini
3688 4301 3848 4358 oﬁicii
3875 4310 4003 4357 tem-

2430 4412 2561 4468 pore
2590 4411 2745 4466 Opem
2795 4411 3003 4468 magna:
3030 4394 3215 4451 Matris
3259 4396 3569 4467 implorant,
3608 4394 3871 4449 Θεοτόκια
3909 4408 4004 4462 ap-

2432 4488 2711 4560 pellandas
2735 4488 3067 4544 censuerint.
3098 4487 3243 4544 Scito
3262 4488 3503 4558 profecto
3525 4497 3578 4541 et
3602 4486 3749 4541 utilis
3774 4483 4003 4554 appella-

761 4582 855 4633 re;
888 4581 1083 4636 nempe
1124 4567 1367 4621 ultimum
1397 4568 1622 4623 odarutn
1650 4568 1765 4624 sive
1784 4571 2116 4627 canticorum
2152 4582 2330 4641 tropa-
2361 4608 2404 4664 ο

2361 4608 2404 4664 D
2435 4583 2511 4635 tio
2539 4601 2552 4637 :
2594 4595 2718 4635 nam
2758 4582 3186 4651 quotiescunque
3206 4581 3287 4635 vel
3316 4581 3525 4635 titulum
3558 4579 3745 4632 hartttn
3780 4591 4000 4645 precum

763 4660 924 4723 τίυίιιν
968 4675 1075 4727 ιιιιυ
1117 4658 1329 4728 aliquod
1387 4659 1625 4731 νίτείηίε
1662 4661 1851 4716 mam“
1898 4665 2250 4732 Ρτποοηίυηιο
2275 4673 2328 4719 ct
2361 4658 2393 4664 ⁷
2431 4673 3167 4745 intuebantur(intuebantur
3201 4681 3378 4726 autem
3409 4669 3754 4739 sepissime).
3780 4683 3887 4721 non
3909 4682 4005 4736 po-

762 4749 982 4819 quidem
1011 4751 1473 4805 accommodatum
1510 4753 1759 4822 tempori,
1804 4756 2130 4811 continetur.
2184 4754 2331 4812 Solet

765 4853 947 4894 :ttttettt
985 4843 1040 4896 in
1068 4842 1260 4898 olliciis
1286 4843 1672 4900 ecclesiasticis
1695 4856 1972 4901 contracta
2007 4849 2108 4905 hac
2134 4861 2259 4905 nota
2300 4851 2330 4905 0

764 4950 871 4989 non
898 4949 1022 4989 raro
1047 4936 1265 5007 depingi
1283 4955 1299 5005 ;
1318 4948 1373 4991 et
1399 4948 1525 4994 ante
1548 4940 1901 5009 penultimutn
1923 4945 2215 5011 tropariunt
2248 4946 2329 5008 τὸ,

762 5030 919 5096 Δόξα
954 5032 1136 5100 Harp!
1160 5033 1259 5085 καὶ
1309 5032 1417 5098 Υἱῷ
1466 5032 1565 5086 καὶ
1605 5032 1751 5103 ἁγίῳ
1805 5035 2120 5104 Πνεύματι,
2151 5034 2332 5089 Gloria

754 5123 942 5204 ’l’atri,
958 5153 1150 5204 χιχ
1174 5138 1221 5181 et
1252 5125 1392 5180 Filio
1416 5140 1463 5182 et
1494 5129 1713 5199 Spiritui
1741 5138 1920 5182 sancto
1943 5137 2217 5183 contracte
2236 5129 2334 5185 hac

765 5153 942 5192 Ιυιηο
1174 5153 1221 5181 σι
1252 5153 1286 5180 ι’
1303 5153 1392 5180 ιυυ
1416 5153 1462 5182 τι
1494 5153 1713 5199 δμιηωι
1741 5153 1920 5182 Illuc")
1943 5153 2217 5183 υυιιιῐξιςιυ
2236 5153 2334 5185 1ΙίΙῦ

765 5216 934 5288 ﬁgura
953 5153 1418 5281 CDnotattttn
1449 5225 1783 5293 causpicitttr
1814 5241 1829 5289 ;
1861 5237 2196 5292 sequensque
2219 5236 2334 5277 ver-

766 5318 991 5385 siculus,
1020 5320 1131 5373 Καὶ
1170 5318 1309 5385 νῦν,
1343 5316 1443 5371 καὶ
1473 5317 1610 5382 utsi,
1657 5314 1759 5371 και
1803 5318 1890 5382 εις
1932 5315 2074 5382 τοὺς
2116 5313 2334 5381 αἰῶνας

764 5410 886 5468 τῶν
915 5412 1161 5477 αἰώνων,
1186 5411 1254 5465 Et
1278 5428 1412 5466 nunc
1439 5423 1486 5465 et
1519 5426 1717 5478 semper
1740 5420 1787 5464 et
1818 5410 1872 5462 in
1896 5408 2089 5463 sarcula
2117 5408 2335 5463 sa'cttlo-

766 5522 883 5560 rum
904 5545 920 5571 ,
948 5505 1027 5571 τῷ
1052 5504 1325 5577 Θεοτοκίῳ
1347 5521 1561 5576 semper
1582 5503 1945 5576 praemittitur.
1976 5499 2093 5555 Non
2114 5516 2331 5566 possunt

763 5598 893 5668 quin
937 5599 1023 5654 hic
1052 5601 1210 5655 ctiam
1242 5601 1408 5655 verbo
1435 5597 1710 5661 adnotem,
1745 5595 1926 5651 Gloria
1960 5592 2161 5648 Patria
2185 5593 2335 5650 Gree-

764 5693 845 5747 cis
881 5694 986 5748 dici
1010 5692 1327 5763 Δοξολογίαν
1352 5694 1576 5767 μικράν,
1605 5693 1720 5748 sive
1752 5688 2200 5761 gloriﬁcationem
2229 5686 2332 5741 nti-

761 5799 951 5843 noreut
1000 5786 1068 5840 ad
1124 5786 1479 5842 diﬁ‘ereutiant
1533 5784 1716 5856 hymni
1765 5781 2013 5853 angelici,
2060 5779 2245 5835 Gloria
2278 5780 2331 5833 in

763 5877 1000 5941 excelsis,
1018 5893 1138 5943 qua
1160 5877 1360 5943 dicitur
1380 5877 1666 5947 Δοξολογία
1702 5876 1913 5947 μεγάλη
1928 5876 2044 5933 sive
2062 5874 2331 5947 gloriﬁca-

2434 4776 2575 4821 terat
2605 4782 2708 4821 uno
2735 4766 2865 4837 ipsis
2903 4768 3089 4820 venire
3121 4767 3172 4820 in
3207 4773 3465 4825 tuentem,
3484 4776 3540 4818 et
3576 4763 3733 4817 ﬁdem
3756 4762 4002 4831 proﬁteri

2432 4862 2811 4923 orthodoxam,
2830 4868 2883 4913 et
2915 4858 3243 4927 impietatem
3268 4854 3505 4911 Nestorii
3528 4854 3828 4911 exsecrari.
3848 4852 4005 4909 Mitto

2432 4953 2615 5008 dicere
2642 4962 2973 5021 quantopere
2998 4965 3061 5004 es
3091 4958 3197 5004 tam
3223 4949 3409 5002 multis
3438 4958 3656 5017 tamque
3672 4946 3840 5001 variis
3868 4946 4003 5000 Θεο-

2431 5046 2652 5108 τοκίοις,
2687 5046 2740 5099 itt
2793 5044 2983 5113 quovis
3016 5043 3269 5097 horarum
3307 5040 3482 5094 oﬁicio
3522 5039 3739 5095 recitari
3800 5039 4000 5103 solitis,

2435 5138 2669 5192 Mariana
2709 5136 2881 5206 pietas
2919 5134 3233 5191 Graecorum
3281 5136 3491 5188 eluceat
3526 5150 3540 5187 :
3573 5133 3674 5188 hoc
3720 5132 3865 5187 enim
3914 5146 4002 5201 ρος

2434 5229 2623 5285 culiari
2670 5244 2833 5300 Opere
2868 5226 3044 5283 facere
3076 5227 3299 5296 iucmpit
3333 5235 3518 5281 noster
3545 5224 3732 5279 Simon
3758 5224 4003 5293 Wagne-

2435 5321 2707 5384 reccbius,
2731 5319 2894 5374 editis
2938 5316 3212 5372 Centuriis
3241 5317 3489 5386 quinque
3524 5314 3777 5371 chiliadis
3815 5316 4003 5380 prima:

2433 5413 2693 5481 ejusmodi
2751 5410 3167 5473 theotociorum.
3208 5411 3333 5465 aliis
3392 5418 3575 5478 empta
3636 5406 4004 5462 continuando

2436 5504 2766 5575 relinquens.

2504 5598 2591 5650 53.
2653 5594 2955 5658 Θεοτοκίοις
3022 5592 3292 5649 interdum
3344 5590 3688 5647 subnectitur
3753 5586 4003 5643 καταδαρ

2434 5689 2544 5744 σία.
2588 5688 2694 5744 Sed
2720 5689 2788 5743 de
2811 5692 2912 5743 hac
2941 5702 3073 5743 voce
3106 5686 3275 5741 altum
3316 5685 3481 5740 silent
3511 5691 3767 5737 auctores
3786 5694 3999 5747 omnes,

2435 5798 2572 5855 quos
2625 5782 2755 5837 mihi
2806 5781 2989 5838 videre
3051 5795 3290 5851 unquam
3346 5777 3539 5843 licuit,
3593 5784 3794 5847 prater
3838 5788 4001 5829 unum

2433 5869 2722 5941 Caugium.
2775 5866 2876 5926 Hic
2938 5868 3139 5925 fatetur
3156 5868 3275 5940 ejus
3304 5867 3413 5924 vim
3443 5880 3508 5923 ac
3546 5863 4001 5937 signiﬁcationem
