4212 6556
735 497 824 550 AD
864 488 1321 549 ACULL’THIAH
1364 484 1609 542 OFFlCll
1652 480 1891 537 (SR/Elii
1936 472 2398 538 DlSSERTATlO
2440 466 2907 526 ONOMASTICA.

3251 472 3458 521 οεοιιν

212 616 425 671 nescire
449 626 531 675 se,
556 610 793 677 facitque
813 607 1182 675 conjecturam
1208 603 1441 670 aliquam
1473 615 1541 653 ex
1562 595 1771 665 signifi—
1798 644 1807 658 Α

1913 597 2045 669 cipis
2080 597 2108 647 ὁ
2135 592 2268 654 Θεὸς
2308 588 2484 661 ἡμῶν,
2523 584 2902 653 ὲξαπόπειλον
2950 584 3083 653 ἡμῖν
3137 579 3367 650 δύναμιν
3400 569 3458 641 ἐξ

210 708 416 762 catione
438 702 588 757 vocis
609 699 892 761 ἁνάόασις,
912 699 983 750 ita
1005 696 1253 749 scribens
1278 711 1289 747 :
1320 710 1338 743 ι
1363 692 1500 758 Quid
1533 691 1634 744 hac
1652 702 1784 743 voce

210 796 376 852 Graeci
426 793 766 861 intelligant,
803 787 1036 841 nondum
1086 800 1204 839 sum
1260 790 1564 844 assecutus,
1590 779 1692 833 nisi
1726 787 1787 831 ut

211 884 520 954 ἁναόαθμοε
564 882 763 936 fuerint
808 878 1104 941 ἀναδάσεις
1147 870 1375 945 καρδῖας
1419 888 1512 928 seu
1542 870 1784 933 εὐσεϐεῖς

212 979 337 1050 περὶ
357 975 495 1030 Θεοῦ
521 971 787 1043 λογισμοί,
814 981 872 1023 ιιι
892 970 1131 1038 loquitur
1158 967 1407 1028 Suidas,»
1438 965 1543 1018 hoc
1566 974 1668 1028 est,
1695 976 1781 1015 as-

213 1085 407 1124 census
433 1068 599 1121 animi
636 1081 727 1120 seu
754 1066 851 1133 pia:
884 1062 1240 1131 cogitationes
1272 1060 1340 1113 de
1378 1059 1519 1113 Deo:
1548 1074 1566 1107 ι
1594 1057 1663 1109 ita
1686 1070 1784 1107 κα-

212 1161 473 1223 ταὸἀσεις
514 1158 718 1212 fuerim
767 1156 917 1225 quasi
971 1154 1292 1215 descensus,
1328 1166 1423 1205 seu
1458 1152 1524 1204 de
1550 1149 1785 1201 humana

215 1254 507 1324 fragilitate
541 1250 925 1319 cogitationes.
977 1266 993 1297 ι
1032 1245 1185 1299 Sicut
1225 1245 1449 1313 ubique,
1503 1243 1573 1295 ita
1602 1250 1657 1295 et
1699 1240 1787 1293 hic

214 1360 480 1399 sinumam
525 1344 622 1395 viri
666 1342 1023 1396 eruditionem
1059 1353 1313 1398 veneror.
1345 1335 1461 1403 pari
1511 1332 1788 1387 modestia:

215 1437 594 1503 coniunctam;
645 1434 746 1488 ista
789 1441 965 1484 tamen
1000 1429 1171 1498 ipsius
1226 1427 1536 1495 conjectura
1576 1424 1791 1478 videtur

216 1527 346 1581 mihi
383 1541 450 1579 ne
478 1522 767 1594 probabilis
804 1520 1021 1589 quidem

283 1618 377 1672 δι.
419 1616 533 1671 Cur
562 1624 739 1667 autem
771 1612 843 1665 ita
868 1610 1144 1672 videatur,
1169 1621 1504 1679 cognoscere
1529 1617 1587 1660 ut
1619 1606 1788 1675 possit

218 1711 411 1772 lector,
444 1706 595 1775 quasi
622 1720 685 1758 ea
712 1720 831 1773 qua:
884 1702 1059 1758 oculis
1098 1710 1419 1761 cernuntur,
1445 1698 1675 1752 sulliciet
1714 1696 1785 1749 illi

217 1796 300 1847 vel
326 1795 517 1846 unicus
552 1789 797 1844 modulus
816 1803 880 1841 ex
910 1788 1001 1851 iis,
1031 1787 1229 1854 quibus
1260 1786 1311 1838 in
1332 1795 1589 1839 secuturo
1617 1780 1790 1835 ollieio

217 1882 546 1940 Καταόασια
576 1882 909 1943 inscribitur,
931 1879 1010 1933 sic
1029 1877 1324 1947 procedens
1356 1889 1372 1929 :
1406 1875 1479 1927 Τὸ
1506 1873 1789 1943 στερέωμα

1888 690 2055 759 ὕψους
2115 687 2270 755 ἁγίου
2318 700 2433 744 σου,
2486 679 2578 733 καὶ
2632 677 2912 748 ἐνίσχυσον
2943 674 3094 745 ἡμᾶς
3132 670 3457 744 προσφέρειν

1887 800 1967 835 σοι
1998 778 2188 834 θυσίαν
2217 774 2584 846 ἀναιμάκτην,
2618 781 2727 824 etc.
2762 787 2780 819 ι
2816 766 3042 821 Domine
3074 765 3216 820 Deus
3255 773 3455 831 noster,

1885 874 2073 927 emitte
2131 870 2290 925 nohis
2353 868 2419 921 de
2480 862 2700 920 excelso
2765 870 2954 914 sancto
3011 867 3103 913 tuo
3155 858 3458 919 virtutem;

1884 975 1938 1020 et
1999 961 2293 1018 corrobora
2363 972 2508 1021 nos,
2570 964 2631 1009 ut
2703 952 2797 1006 tibi
2865 949 3154 1005 olferamus
3228 948 3461 1003 hostiam

1888 1059 2248 1113 incruentam.
2273 1069 2292 1102 ι
2321 1060 2430 1104 etc.
2469 1049 2540 1102 At
2567 1062 2694 1101 vero
2731 1060 2855 1099 cum
2888 1058 2988 1096 vox
3031 1042 3121 1097 illa
3150 1041 3464 1108 ἐξαποστειι

1887 1148 1978 1201 λον
2002 1163 2107 1200 non
2142 1153 2399 1199 occurrat
2424 1143 2475 1194 in
2502 1138 2734 1193 modulis
2763 1138 2867 1191 illis
2890 1136 3164 1201 omnibus,
3182 1150 3286 1189 non
3306 1136 3463 1189 video

1888 1240 2159 1309 quomodo
2192 1239 2305 1291 lucc
2349 1234 2538 1303 Cangii
2577 1231 2880 1295 sententia,
2929 1242 3187 1299 tanquam
3221 1228 3465 1299 probabi-

1889 1332 2013 1395 lior,
2047 1330 2257 1385 admitti
2289 1336 2475 1399 queat.

1961 1424 2050 1486 36.
2084 1423 2173 1478 37.
2200 1420 2333 1474 Tam
2381 1418 2606 1471 multum
2652 1414 2909 1469 molestia:
2961 1430 3067 1467 non
3107 1414 3326 1469 facessit
3366 1430 3466 1468 vox

1890 1514 2257 1568 ἀπολυτίκιον.
2284 1510 2431 1565 Hanc
2452 1509 2690 1564 breviter
2709 1522 2773 1561 ac
2796 1518 2939 1561 recte
2964 1507 3196 1575 explicat
3218 1508 3468 1563 doctissi-

1892 1622 2012 1660 tuus
2043 1604 2357 1670 Euchologii
2394 1604 2662 1671 interpres
2708 1599 2916 1655 Goarns
2958 1614 3080 1668 pag.
3113 1598 3203 1652 32.
3242 1617 3263 1651 ι
3318 1599 3471 1653 Finis

1892 1700 2049 1755 olllcii
2072 1697 2338 1759 ἀπόλυσις
2376 1702 2481 1761 est,
2520 1695 2633 1750 sive
2667 1693 2951 1747 dimissio:
2983 1690 3228 1745 ltlodulus
3255 1691 3343 1745 ille
3375 1696 3469 1763 qui

1895 1788 2237 1845 terminando
2302 1787 2477 1841 ollicio
2547 1786 2775 1839 idoneus
2843 1795 3134 1851 censetur,
3209 1785 3471 1839 ἀπολυτι-

1895 1899 2014 1936 κιον
2064 1890 2147 1935 est
2194 1890 2294 1934 :et
2348 1880 2473 1947 quia
2542 1878 2676 1930 varii
2728 1887 2863 1931 sunt.
2893 1876 3198 1947 ltujusmodi
3244 1893 3467 1941 versus.

216 1976 323 2029 τῶν
349 1977 441 2028 ἐπὶ
478 1975 562 2030 σοὶ
594 1973 929 2027 πεποιθότων
960 1970 1281 2041 στερέωσον,
1317 1967 1509 2038 Κύριε,
1542 1966 1640 2036 τὴν
1674 1966 1794 2017 Ἐκ-

1918 1993 1943 2030 s
1980 1976 2071 2043 qui
2095 1974 2202 2027 diei
2234 1972 2376 2025 illius
2407 1970 2657 2040 proprius
2695 1980 2799 2031 est,
2824 1969 3174 2025 ἁπολυτίκιον
3210 1970 3312 2044 τῆς
3338 1969 3473 2045 ἠμί-

218 2069 472 2141 χλησίαν,
503 2070 569 2140 ἣν
595 2068 809 2139 ἐκτήσω
838 2066 917 2136 τῷ
962 2064 1127 2133 τιμίῳ
1157 2078 1247 2115 σου
1282 2060 1495 2131 αἵματι.
1535 2077 1556 2111 ι
1590 2058 1796 2112 Firma-

221 2172 463 2216 mentum
504 2160 887 2217 conlidentium
919 2157 971 2210 in
1007 2166 1094 2218 te,
1137 2153 1385 2217 Domine,
1437 2153 1589 2206 firma
1613 2151 1799 2205 Eccle-

219 2256 380 2317 siam,
437 2267 599 2322 quam
653 2246 984 2317 acquisivisti
1027 2246 1264 2314 pretioso
1312 2256 1402 2300 tuo
1455 2246 1734 2315 sanguine.
1774 2261 1793 2295 ι

220 2347 339 2401 lluc
369 2349 631 2404 animum.
686 2341 787 2395 huc
828 2340 1039 2405 oculos,
1089 2338 1278 2393 lector.
1313 2338 1686 2408 Quidquamne
1718 2346 1802 2391 est

222 2439 275 2491 in
307 2439 410 2492 hoc
440 2434 656 2487 modulo
690 2432 832 2501 quod
888 2433 1206 2485 memoriam
1263 2433 1466 2486 excitet
1495 2432 1562 2484 ad
1596 2430 1801 2499 cogitu-

222 2533 426 2585 tionem
462 2526 780 2597 fragilitatis
811 2526 1064 2580 humana:
1092 2525 1115 2578 ‘l
1148 2525 1313 2594 Atqui
1344 2523 1650 2593 hujusmodi
1678 2532 1803 2576 sunt

222 2618 423 2675 moduli
489 2618 671 2673 caueri
736 2633 947 2678 omnes,
1012 2618 1209 2681 quibus
1254 2631 1355 2668 vox
1420 2616 1519 2668 ista
1571 2616 1801 2684 praeﬁgi-

225 2726 335 2777 tnr,
370 2722 431 2767 ut
491 2722 675 2782 p0stea
732 2710 1016 2765 constabit.
1070 2707 1241 2777 Igitur
1290 2708 1396 2761 alio
1441 2708 1800 2761 convertenda

226 2822 381 2862 mens
445 2815 553 2871 est,
593 2805 696 2859 alia
734 2804 979 2857 facienda
1027 2802 1366 2869 conjectura.
1399 2801 1527 2872 Ego,
1570 2811 1629 2853 ut
1660 2803 1801 2868 quod

224 2900 403 2955 sentio
430 2899 482 2953 in
508 2914 567 2954 re
592 2899 823 2952 obscura
856 2937 871 2958 .
907 2895 958 2948 id
990 2894 1161 2949 libere
1202 2894 1511 2964 proloquar,
1547 2894 1806 2947 Καταὸα-

228 2994 321 3049 σία
380 3008 488 3049 non
536 3001 669 3063 puto
721 3004 840 3045 esse
901 2987 1125 3057 troparii
1169 2987 1440 3041 modulive
1470 3000 1659 3055 genus,
1712 2984 1805 3039 sed

225 3086 466 3156 aliquam
496 3083 887 3155 proprietatem
924 3082 1069 3144 toni;
1124 3079 1197 3130 ita
1235 3086 1291 3129 ut
1337 3077 1477 3130 idem
1527 3076 1597 3130 sit
1661 3076 1806 3144 quod

229 3174 388 3228 vocis
445 3172 721 3241 depressio
750 3209 765 3234 ,
827 3166 1089 3222 demissio
1116 3204 1131 3227 ,
1166 3174 1220 3220 et
1245 3164 1311 3236 (si
1341 3166 1566 3220 musicis
1608 3165 1807 3237 placet)

228 3266 391 3318 etiam
450 3263 735 3317 descensio
816 3258 966 3313 Hunc
1010 3257 1140 3312 mihi
1204 3270 1439 3313 mentem
1483 3257 1670 3327 injecit
1700 3259 1807 3313 Ha-

229 3353 515 3422 giopolites
548 3351 635 3404 ille
670 3364 762 3405 seu
793 3348 930 3403 liber
965 3364 1069 3403 ms.
1095 3349 1161 3403 de
1195 3350 1401 3404 musica
1432 3352 1804 3405 ecclesiastica

227 3444 569 3506 Graecorum,
594 3441 687 3512 qui
715 3443 855 3512 apud
891 3441 1171 3496 laudatum
1206 3439 1467 3510 Cangium
1496 3444 1660 3495 verbo
1696 3458 1810 3509 φω-

233 3539 299 3608 νή
367 3538 513 3590 inter
549 3536 657 3590 toni
717 3536 1076 3606 proprietates
1132 3534 1527 3600 novemdecim,
1579 3535 1813 3589 collocat

230 3642 427 3687 octavo
480 3630 601 3685 loco
633 3629 983 3699 κατάδασμα.
1040 3628 1176 3683 Nam
1216 3628 1358 3698 apud
1410 3626 1630 3682 Graecos
1667 3629 1812 3682 nihi-

234 3726 283 3777 lc.
340 3726 460 3793 plus
496 3723 629 3775 mihi
678 3721 889 3775 videtur
948 3723 1211 3776 interesse
1262 3723 1404 3776 inter
1460 3722 1803 3775 καταϐασίαν

233 3828 288 3870 ct
334 3811 713 3881 κατάϐασμα,
770 3825 932 3879 quam
992 3812 1135 3864 inter
1182 3813 1589 3867 descensionem
1632 3825 1688 3869 et
1717 3816 1807 3868 de-

235 3917 493 3960 scensum
550 3900 693 3971 apud
749 3897 994 3955 Latinos.
1033 3901 1291 3970 Sequitur
1316 3917 1445 3972 ergo
1472 3912 1531 3956 ut
1562 3903 1814 3959 καταϐαο

236 3999 329 4051 σία
360 3997 414 4048 in
448 3992 625 4048 ollicio
651 3993 1021 4049 ecclesiastico
1056 3995 1257 4049 rectius
1284 3995 1499 4049 dicatur
1525 4011 1645 4051 esse
1671 4013 1813 4065 qua-

235 4092 281 4143 si
316 4090 532 4156 signqu
559 4086 800 4154 aliquod,
820 4101 929 4153 quo
957 4086 1226 4140 indicetur
1252 4089 1485 4155 cantori,
1508 4089 1814 4159 proximum

238 4179 543 4249 troparium
578 4178 967 4233 succinendum
998 4193 1118 4232 esse
1144 4179 1400 4247 depressa
1440 4195 1574 4235 voce
1605 4181 1816 4236 minus-

236 4288 342 4344 que
368 4271 532 4326 elata.

306 4366 395 4421 35.
423 4362 611 4434 Neque
629 4364 805 4418 minus
828 4360 1044 4417 dillicile
1067 4372 1149 4416 est
1175 4362 1380 4425 dicere,
1400 4366 1528 4433 quid
1554 4367 1625 4420 sit
1656 4366 1813 4432 Ἐξα-

238 4459 638 4529 ποστειλάριον.
664 4457 757 4512 Est
779 4458 995 4527 quidem
1027 4455 1273 4511 modulus
1303 4457 1501 4525 aliquis
1554 4460 1669 4513 sive
1699 4470 1810 4512 tro-

240 4553 488 4619 parium;
525 4549 618 4601 sed
649 4563 745 4617 per
770 4549 899 4616 quid
954 4548 1022 4603 ab
1072 4548 1195 4603 aliis
1224 4547 1461 4613 differat,
1504 4554 1664 4604 variae
1692 4560 1818 4603 sunt

242 4641 589 4708 maximeque
633 4639 1006 4707 discrepantes
1051 4641 1337 4695 sententia:

239 4735 454 4789 videtur
475 4730 785 4799 complexus
811 4743 931 4783 esse
960 4730 1176 4787 Goarus
1210 4748 1333 4802 pag.
1355 4731 1447 4796 27,
1478 4733 1551 4786 ita
1580 4733 1805 4787 interro.

239 4841 408 4899 gans:
432 4843 452 4875 ι
480 4822 618 4877 Num
644 4824 731 4879 ille
761 4824 991 4894 hymnus
1014 4834 1119 4887 est,
1143 4826 1209 4879 ad
1233 4841 1390 4893 quem
1418 4825 1813 4881 concinentium

241 4924 291 4974 in
324 4914 480 4973 chori
533 4918 799 4984 gremium
843 4914 1075 4970 mittitur
1108 4915 1351 4985 aliquis?
1402 4920 1485 4971 An
1519 4917 1642 4972 talis
1674 4917 1815 4973 alius

242 5011 332 5079 qui
376 5010 431 5063 in
465 5005 638 5061 sancti
670 5007 755 5057 vel
788 5004 1033 5077 mysterii
1058 5004 1285 5074 alicujus
1326 5011 1644 5063 memoriam
1690 5007 1815 5073 ἐξαο

242 5101 616 5164 macellum,
640 5098 966 5153 emittatur?
996 5097 1131 5152 Num
1164 5098 1347 5168 potius
1379 5102 1425 5155 is
1455 5112 1539 5155 est
1562 5102 1653 5171 qui
1686 5102 1813 5155 mit-

244 5197 462 5249 tendam
498 5193 734 5261 Spiritus
774 5192 948 5244 sancti
978 5194 1209 5260 gratiam
1246 5193 1519 5248 advocet?
1555 5194 1636 5248 vel
1666 5194 1816 5250 deni-

241 5302 344 5354 que
366 5288 483 5355 qui,
506 5286 660 5353 juxta
695 5282 837 5338 docti
866 5281 1127 5351 Ligaridii
1158 5300 1400 5350 sensum,
1427 5284 1543 5339 fere
1597 5300 1815 5356 semper

243 5382 307 5433 de
334 5377 702 5448 apostolorum
726 5379 778 5431 in
806 5378 992 5432 orbem
1024 5378 1361 5445 dispersione
1387 5387 1441 5433 et
1466 5378 1816 5448 prmdicatio-

244 5485 329 5535 ne,
358 5479 548 5541 aperte
566 5468 652 5521 vel
678 5469 1009 5524 subobscure
1032 5470 1344 5524 memoriam
1368 5469 1597 5525 habeat?
1620 5489 1639 5521 ι
1658 5469 1817 5524 Certe

244 5566 397 5635 longe
459 5562 676 5617 videtur
740 5562 1109 5632 probabilius,
1166 5564 1341 5632 inquit
1412 5564 1693 5633 Congius,
1744 5564 1815 5617 ita

244 5656 571 5726 appellatum
625 5649 891 5719 ejusmodi
927 5653 1185 5722 hymnum
1232 5671 1260 5708 a
1294 5669 1427 5710 voce
1468 5655 1817 5722 Ἐξαπόστει-

243 5750 353 5809 λον,
383 5760 505 5815 qua:
541 5744 593 5796 in
633 5744 699 5797 iis
731 5741 845 5797 lem
878 5763 1093 5817 semper
1119 5750 1391 5810 occurrit,
1426 5758 1483 5802 nt
1530 5761 1611 5802 est
1642 5751 1818 5802 oratio

246 5851 327 5903 illa
358 5852 412 5905 in
450 5850 669 5919 liturgia
696 5845 1307 5905 Pmsanctilicatorum,
1338 5841 1389 5893 id
1428 5850 1531 5904 est,
1562 5844 1725 5893 missa
1765 5841 1816 5891 in

242 5940 471 6008 quajam
510 5950 669 5990 antea
708 5944 1084 5990 consecratum
1124 5948 1319 6000 corpus
1339 5929 1813 5984 Chrislisumitnr.

483 6029 757 6087 Ριτιιοι..
791 6027 909 6085 Gtt.
956 6023 1193 6083 XXIX.

1901 2086 1997 2141 ρας
2040 2068 2224 2133 audit;
2284 2076 2337 2119 et
2399 2078 2588 2118 vocem
2647 2060 2830 2125 aliam,
2894 2064 3152 2134 στιχηρὸν
3199 2066 3471 2132 videlicet,

1899 2162 2317 2221 subaudiendam
2343 2159 2598 2229 postulat.
2624 2176 2642 2209 ι
2668 2156 2731 2210 Et
2752 2173 2869 2227 pag.
2900 2156 2993 2211 ηι
3031 2156 3289 2228 adiungit,
3318 2178 3337 2210 ι
3367 2178 3470 2215 non

1902 2266 2107 2310 tantum
2138 2253 2296 2309 officii
2338 2249 2590 2320 completi
2656 2248 2747 2301 fini
2782 2290 2797 2311 ,
2832 2264 3019 2304 verum
3068 2258 3123 2305 et
3176 2249 3314 2319 parti
3350 2250 3470 2319 ejus

1902 2347 2207 2419 prolixiori,
2244 2346 2526 2414 signanter
2564 2342 2633 2395 ah
2662 2341 2835 2395 altera
2878 2340 3130 2407 diversm,
3157 2355 3316 2408 suam~
3342 2344 3478 2398 ἀπό·

1899 2441 2053 2495 λυσιν
2087 2450 2141 2493 et
2186 2440 2476 2493 terminum
2514 2433 2800 2505 assignari.
2859 2451 2879 2485 ι
2923 2431 3018 2488 llic
3062 2448 3166 2489 vox
3196 2435 3310 2503 ipsa
3342 2435 3479 2492 ἀπό-

1900 2532 2055 2595 λυσις
2086 2546 2173 2586 mo
2193 2538 2501 2585 commonet
2536 2536 2593 2581 nt
2631 2528 2855 2582 missum
2896 2540 3109 2597 quoque
3142 2525 3339 2581 faciam
3370 2528 3479 2583 lec-

1901 2621 2225 2691 torem,jam
2248 2619 2386 2675 forte
2411 2618 2695 2688 fatigatum
2716 2617 2941 2685 legenda
2971 2616 3131 2672 nimis
3153 2617 3310 2688 longa
3328 2618 3478 2674 circa

1904 2714 2164 2769 terminos
2188 2711 2332 2768 solos
2359 2710 2759 2766 dissertatione.
2783 2707 3003 2773 Verum,
3023 2724 3144 2763 cum
3171 2711 3245 2765 sit
3262 2712 3313 2773 in
3332 2726 3481 2767 more

1904 2808 2137 2878 positum
2160 2806 2519 2873 institutoque
2535 2801 2870 2865 Graecorum,
2888 2810 2943 2856 ut
2966 2803 3312 2871 pronuntiata
3325 2804 3484 2858 Ἀποι

1905 2900 2119 2961 λύσεως
2150 2897 2382 2953 formula
2407 2936 2421 2959 ,
2455 2896 2783 2965 quandoque
2826 2894 3029 2962 aliquid
3063 2894 3429 2964 superaddant
3461 2912 3478 2959 ;

1906 2992 2064 3047 dabis
2106 2990 2234 3043 mihi
2271 2989 2413 3043 hanc
2446 2987 2658 3042 veniam
2681 3028 2696 3052 ,
2726 2986 2939 3040 erudite
2966 2986 3157 3053 lector,
3184 2996 3242 3041 ut
3270 2987 3371 3059 ego
3396 2990 3483 3046 hic

1908 3099 2124 3155 quoque
2147 3082 2509 3153 superaddam
2552 3079 2756 3150 aliquid
2792 3077 2859 3133 de
2890 3076 3117 3149 Typico,
3146 3077 3368 3151 ejusque
3402 3082 3483 3137 hic

1909 3177 2096 3233 storia.
2122 3174 2381 3247 Typicum
2419 3174 2557 3227 liber
2598 3170 2912 3227 Graecorum
2948 3170 3351 3229 ecclesiasticus
3378 3184 3482 3238 est,

1910 3272 2001 3342 qui
2037 3269 2164 3339 quid
2194 3282 2409 3338 quoquo
2436 3267 2523 3321 die
2558 3267 2611 3319 in
2643 3264 2873 3342 ecclesia
2906 3273 3148 3331 tempore
3174 3264 3345 3319 divini
3373 3266 3483 3321 οίιὶο

1910 3340 1979 3418 cii
2009 3363 2342 3417 recitandum
2371 3358 2706 3430 agendnmve
2758 3340 2850 3417 si't,
2882 3354 3027 3409 facili
3060 3355 3315 3411 methodo
3348 3372 3485 3428 prte~

1910 3453 2122 3508 scribit.
2157 3450 2321 3504 Varia
2353 3462 2535 3505 autem
2578 3451 2733 3504 initio
2768 3448 2918 3503 fuere
2948 3448 3172 3521 Typlca,
3203 3451 3275 3506 ita
3312 3456 3371 3503 ut
3398 3464 3487 3505 cs-

1912 3555 2031 3603 sent
2059 3554 2137 3601 tot
2166 3542 2336 3597 ferme.
2365 3552 2498 3612 quot
2539 3541 2805 3595 ecclesiae.
2840 3541 2945 3596 Sed
2989 3542 3203 3596 tandem
3255 3541 3490 3596 labenti-

1914 3642 2012 3697 bus
2065 3638 2276 3695 saaculis
2323 3638 2527 3708 primas
2566 3633 2800 3689 obtinuit
2851 3632 3001 3700 illud,
3035 3634 3177 3703 quod
3213 3632 3271 3689 S.
3332 3631 3491 3690 Sabae

1917 3734 2138 3789 nomine
2198 3731 2511 3800 insignitur,
2565 3738 2621 3781 et
2679 3724 2821 3795 quod
2849 3736 3071 3782 sanctus
3120 3724 3211 3780 ille
3240 3724 3428 3791 abbas,
3458 3740 3489 3779 a

1918 3826 2018 3880 SS.
2047 3823 2333 3893 Euthymio
2364 3832 2418 3875 et
2448 3818 2766 3875 Theoctisto
2792 3827 3099 3885 acceptum.
3150 3816 3265 3872 suis
3296 3831 3490 3872 mona-

1916 3916 2038 3971 chis
2070 3912 2580 3983 llieresolymitanis
2611 3910 2966 3979 praescripsit,
3000 3908 3141 3963 unde
3166 3917 3220 3963 et
3250 3906 3493 3966 Hieroso-

1917 4005 2215 4080 lymiticum
2243 4021 2270 4060 a
2301 4004 2576 4061 nunnullis
2608 4002 2828 4058 dicitur.
2855 4001 3051 4070 Porro,
3074 4016 3197 4059 cum
3232 4000 3494 4058 barbaro-

1920 4116 2037 4154 rum
2068 4099 2379 4153 incursione
2412 4096 2805 4157 intercidisset,
2850 4096 3158 4150 restitutum
3200 4104 3285 4150 est
3310 4094 3493 4149 studio

1918 4207 1982 4246 ac
2032 4191 2219 4245 labore
2251 4190 2309 4244 S.
2339 4188 2631 4257 Sophronii
2665 4174 2989 4258 patriarchae
3040 4187 3494 4259 llierosolymita-

1920 4277 2010 4343 ni;
2049 4277 2246 4333 deinde
2276 4287 2330 4332 et
2356 4292 2385 4330 a
2422 4275 2481 4331 S.
2514 4274 2723 4331 Joanne
2751 4275 3089 4332 Damasceno
3120 4292 3300 4331 rerum
3340 4279 3495 4332 theo-

1920 4370 2213 4441 logicarum
2260 4368 2592 4439 peritissimo
2627 4367 2939 4422 innovatmn
2974 4368 3094 4435 fuit,
3128 4376 3183 4420 et
3222 4368 3289 4422 ab
3317 4369 3495 4423 omni-

1921 4460 2021 4515 bus
2053 4476 2191 4529 pene
2216 4461 2513 4515 admissum
2541 4501 2556 4523 ,
2588 4472 2647 4513 ut
2686 4459 2849 4514 refert
2874 4458 3111 4529 Symeon
3142 4459 3494 4515 Thessaloni«

1922 4555 2101 4608 censis
2153 4554 2206 4607 iu
2238 4552 2459 4621 Dialogo
2502 4562 2691 4607 contra
2739 4551 2994 4609 haereses.
3019 4551 3195 4620 Atque
3254 4551 3358 4606 hoc
3413 4560 3499 4607 est

1384 4659 1396 4693 :
1445 4656 1581 4708 quas
1629 4643 1816 4709 paucis
1847 4648 1892 4703 D
1924 4644 2053 4697 illud
2077 4643 2364 4713 Typicum,
2391 4641 2533 4709 quod
2566 4640 2694 4693 mihi
2734 4640 2785 4693 in
2819 4640 2918 4694 hac
2946 4656 3004 4696 re
3043 4641 3200 4711 longe
3222 4641 3491 4699 obscuris-

1924 4738 2083 4800 sima,
2118 4736 2312 4787 nullius
2343 4734 2467 4787 trita
2493 4731 2757 4802 vestigiis,
2790 4731 2963 4786 facem
2988 4732 3337 4801 prmlaturum
3362 4748 3501 4789 con-

1926 4825 2051 4887 litlo,
2082 4834 2138 4877 et
2164 4826 2304 4892 quod
2334 4823 2420 4877 hic
2462 4823 2705 4894 reperies
2738 4838 2766 4875 a
2806 4838 2891 4875 me
2928 4837 3302 4892 saepenumero
3329 4824 3503 4879 nomio

1923 4918 2064 4972 nari.
2101 4916 2430 4983 Impressum
2458 4926 2640 4969 autem
2694 4914 2824 4967 illud
2851 4914 3083 4969 habetur
3110 4913 3349 4971 Venetiis
3391 4930 3500 4971 una

1924 5029 2043 5066 cum
2090 5011 2363 5079 plerisque
2418 5007 2719 5076 huiusmodi
2776 5005 2930 5062 libris
2985 5022 3129 5061 anno
3168 5005 3309 5062 1603
3358 5012 3501 5079 apud

1923 5105 2215 5158 Antonium
2244 5101 2507 5158 Pinellum
2532 5138 2546 5163 ,
2580 5099 2720 5153 sicut
2769 5100 2902 5153 illud
2949 5099 3118 5153 multa
3152 5104 3503 5156 accuratiouo

1923 5198 2305 5250 emendaverat
2352 5192 2616 5262 Josaphat
2666 5191 3159 5257 hieromonachus,
3212 5208 3277 5247 ex
3311 5194 3501 5248 Andro

1923 5290 2206 5353 oriundus,
2244 5286 2589 5340 sanctissimo
2620 5285 2819 5339 domno
2858 5283 3112 5338 Gabriele
3156 5285 3498 5351 patriarcha-

1924 5379 2028 5433 lem
2074 5382 2326 5433 thronum
2353 5379 2653 5432 obtinente.
2689 5376 2851 5444 Atqui
2882 5375 3103 5431 Gabriel
3140 5375 3383 5430 Flamma
3413 5393 3504 5447 pa-

1927 5472 2285 5526 triarchatnm
2342 5468 2587 5524 Venetiis
2620 5468 2858 5523 obtinuit
2900 5469 3055 5537 juxta
3093 5467 3376 5538 Ughellum
3437 5471 3507 5526 ab

1925 5579 2067 5617 anno
2102 5561 2265 5627 138‘,
2319 5562 2539 5615 ineunte
2563 5558 2823 5614 Januario
2876 5560 2944 5613 ad
2992 5557 3060 5614 H
3095 5557 3219 5613 Julii
3257 5559 3379 5612 anui
3425 5574 3510 5614 se-

1924 5656 2178 5725 quentis;
2215 5654 2361 5709 unde
2389 5653 2661 5722 intelligas
2689 5666 2875 5705 curam
2911 5650 3057 5705 illam
3093 5651 3255 5706 annis
3284 5654 3507 5707 octode-

1925 5749 2030 5801 cim
2063 5747 2215 5817 prius
2242 5746 2544 5815 impensam
2574 5745 2748 5813 operi,
2778 5757 2938 5811 quam
2965 5742 3097 5797 illud
3126 5743 3268 5811 typis
3312 5744 3503 5796 admo-

1927 5850 2163 5891 veretur.
2186 5836 2243 5889 Si
2270 5851 2389 5903 qua:
2421 5852 2519 5889 vox
2545 5837 2646 5889 alia
2678 5834 2964 5887 obscurior
2992 5842 3266 5898 occurrat,
3298 5826 3416 5887 eam
3445 5834 3499 5888 in

1926 5926 2314 5983 Commentarii
2363 5926 2505 5979 serie
2531 5924 2942 5991 explicabimus.

3140 6030 3180 6069 u
