4212 6524
758 463 980 505 CCCXXV]

2122 617 2147 624 -ν

2130 450 2661 510 PROLEGOMENA.

1323 798 2146 913 ACOLUTHIA
2232 803 2946 915 TRIPLICIS
3025 805 3432 918 FESTI

905 1033 996 1095 Ex
1031 1030 1290 1110 Typico,
1325 1029 1599 1101 Mena-is,
1634 1027 1897 1106 aliisque
1934 1026 2283 1089 Ritualibus
2321 1030 2554 1089 Grmcis
2586 1030 2924 1109 impressis,
2955 1032 3299 1114 interprete
3332 1039 3586 1104 Nicolao
3616 1043 3855 1121 Raymo

2119 1131 2435 1191 societatis
2470 1134 2635 1192 Iesu.

2079 1435 2311 1491 CAPUT
2353 1435 2648 1494 PRIMEM.

2013 1599 2085 1651 De
2124 1600 2413 1653 minoribus
2462 1600 2724 1667 Vesper-is.

822 1736 910 1793 38.
968 1732 1279 1803 Exploratis
1316 1733 1425 1799 jam
1477 1731 1544 1782 iis
1585 1731 1858 1795 omnibus,
1894 1746 1957 1784 ex
1990 1731 2187 1799 quibus
2217 1730 2331 1783 ofli-
2361 1736 2403 1789 A
2432 1736 2521 1802 qui
2548 1737 2907 1791 accendendis
2963 1738 3013 1790 in
3055 1739 3250 1808 templo
3275 1740 3566 1798 luminibus
3596 1756 3811 1813 prmest.
3845 1748 3909 1802 Et
3934 1746 4009 1804 sic

745 1834 886 1886 cium
927 1829 1200 1893 Graecum,
1239 1825 1403 1879 veluti
1448 1839 1515 1877 ex
1553 1824 1771 1879 totidem
1812 1823 2093 1894 principiis
2123 1838 2187 1877 ac
2215 1823 2326 1877 ele-

751 1925 953 1981 mentis
988 1920 1371 1983 constituitur;
1411 1918 1717 1985 proximum
1770 1926 1874 1980 est,
1919 1928 1977 1970 ut
2016 1925 2185 1969 totum
2236 1916 2327 1968 tri~

742 2019 901 2089 plicis
931 2016 1053 2070 fcsti
1090 2013 1323 2070 oﬂicium
1359 2020 1764 2081 reprresentem,
1793 2010 1858 2063 ad
1892 2009 2051 2063 [idem
2088 2008 2327 2062 liberan-

743 2114 869 2167 dam
929 2123 1127 2164 meam.
1186 2105 1350 2160 Facio
1413 2112 1593 2156 autem
1658 2102 1870 2155 initium
1939 2116 1969 2155 a
2027 2100 2321 2168 Vesperis,

742 2219 879 2273 quas
907 2201 1044 2256 scito
1078 2197 1218 2268 apud
1242 2195 1462 2251 Graecos
1499 2193 1688 2248 diebus
1726 2192 1956 2263 singulis
2000 2207 2123 2246 esse
2150 2192 2327 2245 binas.

741 2297 876 2351 Alia:
934 2306 1170 2359 namque
1237 2287 1467 2356 majores
1535 2296 1691 2347 sunt,
1750 2286 1989 2338 minores
2052 2284 2191 2336 aliae.
2258 2283 2330 2335 De

741 2388 1046 2445 minoribus
1093 2384 1204 2453 agit
1233 2381 1498 2451 Typicum
1530 2379 1589 2431 S.
1642 2378 1823 2438 Sabm,
1855 2392 1976 2443 cap.
2012 2377 2064 2437 1,
2095 2376 2188 2431 ubi
2221 2387 2329 2429 sta-

742 2484 837 2538 tim
866 2488 985 2551 post
1022 2479 1166 2531 hunc
1218 2473 1455 2534 titulum,
1478 2469 1697 2539 Εἴδησις
1730 2467 1821 2521 τοῦ
1864 2466 2061 2540 μικροῦ
2105 2468 2326 2539 ἑσπερι-

738 2574 856 2640 νοῦ,
890 2575 991 2628 hoc
1037 2580 1141 2632 est,
1188 2586 1205 2617 ι
1246 2565 1444 2620 Notitia
1479 2562 1747 2615 minorum
1794 2574 2169 2629 vesperarum,
2203 2579 2221 2611 ›
2251 2562 2332 2613 sic

738 2668 907 2723 habet
926 2683 941 2719 :
958 2664 1074 2734 Πρὸ
1084 2659 1177 2713 τοῦ
1201 2658 1350 2711 δῦναι
1369 2656 1459 2707 τὸν
1476 2654 1649 2723 ἥλιον,
1664 2654 1832 2720 ἤγουν
1853 2669 1920 2703 πε
1931 2653 1981 2720 ρί
2007 2651 2155 2722 ὥραν
2172 2651 2330 2703 δεκά-

737 2774 839 2829 την
880 2754 979 2825 τῆς
1010 2753 1240 2823 ἡμέρας,
1276 2747 1566 2823 ἀνέρχεται
1588 2746 1615 2797 ὁ
1653 2741 2170 2812 κανδηλάπτης,καὶ
2189 2745 2333 2795 ποιεῖ

739 2848 1032 2923 μετάνοιαν
1069 2842 1147 2913 τῷ
1187 2836 1512 2911 προεστῶτι,
1560 2837 1655 2890 καὶ
1692 2833 1967 2889 κατελθὼν
1993 2834 2331 2907 σημαίνειτὺ

742 2941 963 3017 μικρόν.
1016 2957 1034 2989 ‹
1082 2938 1222 2990 Ante
1252 2933 1384 2988 solis
1419 2945 1701 2990 occasum,
1746 2927 2000 2982 videlicet
2051 2928 2199 2982 circa
2231 2928 2329 2980 ho-

739 3016 857 3089 ram
887 3030 993 3086 diei
1019 3026 1313 3087 decimam,
1363 3020 1610 3075 ascendit
1650 3016 2022 3086 candelaptes,
2054 3018 2329 3085 corporis-

2433 1827 2683 1879 muneris
2724 1826 2876 1879 istius
2906 1831 3042 1884 ratio
3068 1830 3222 1900 plene
3259 1834 3635 1903 cumulateque
3659 1840 4005 1907 exprimitur.

2501 1914 2588 1967 40.
2619 1915 2768 1981 Quod
2798 1916 3052 1987 Typicum
3085 1936 3245 1990 supra
3281 1921 3429 1986 dicit,
3463 1924 3817 1993 candelapten
3843 1930 4005 1983 etiam

2430 2008 2584 2074 signo
2615 2022 2916 2063 convocare
2947 2012 3223 2078 populum,
3259 2013 3311 2065 id
3355 2029 3458 2068 non
3488 2014 3680 2082 opinor
3710 2020 4007 2075 universim

2430 2114 2615 2153 verum
2651 2116 2771 2155 esse
2801 2117 2812 2152 :
2842 2117 2961 2155 cum
2982 2104 3209 2173 Cyrillus
3234 2105 3741 2176 Scythopolitanus,
3772 2107 4008 2165 Joannes

2430 2189 2704 2256 Moschus,
2719 2203 2771 2247 et
2787 2193 3104 2249 Theodorus
3120 2194 3327 2249 Studita
3342 2211 3433 2251 eas
3451 2207 3635 2266 partes
3648 2200 4010 2253 canonarchas

2433 2283 2669 2338 tribuere
2686 2286 2989 2339 videantur.
3015 2284 3190 2341 Verba
3208 2287 3414 2342 Moschi
3441 2300 3495 2343 et
3523 2289 3752 2344 Studitae
3772 2290 4008 2344 referam

2432 2374 2656 2431 inferius
2687 2378 2827 2432 aliud
2862 2394 3045 2449 agens.
3075 2379 3186 2435 lino
3228 2395 3354 2434 vero
3377 2382 3467 2451 qui
3496 2385 3598 2437 hoc
3631 2384 3847 2452 signum
3876 2383 4007 2443 edit.

2433 2472 2478 2524 is
2516 2481 2543 2524 Δ
2593 2470 2798 2524 Codino
2821 2484 2939 2538 cap.
2974 2470 3027 2533 1,
3076 2473 3307 2538 pentade
3345 2473 3377 2527 5
3409 2471 3474 2537 (si
3506 2482 3682 2529 tamen
3712 2476 3818 2529 hoc
3850 2486 4011 2544 caput

2430 2563 2616 2617 Codini
2648 2562 2761 2630 sit),
2796 2562 3193 2633 λαοσυνάκτης,
3215 2578 3307 2616 seu
3341 2574 3557 2620 coactor
3587 2568 3788 2636 populi,
3817 2567 4008 2636 appel-

2434 2654 2594 2717 latur,
2627 2664 2679 2705 et
2702 2654 2843 2706 inter
2873 2656 3053 2707 munia
3097 2657 3464 2711 ecclesiastica
3492 2660 3710 2726 ponitur
3741 2670 4006 2730 tanquam

2434 2746 2706 2815 peculiare
2733 2746 2975 2813 aliquod,
3010 2761 3039 2797 a
3074 2751 3394 2816 canerisque
3428 2749 3761 2815 sejunctum:
3799 2759 4007 2806 tantum

2430 2840 2605 2905 abest,
2633 2847 2691 2891 ut
2715 2837 3059 2905 candelaptes
3099 2837 3149 2891 id
3176 2839 3277 2891 sibi
3310 2853 3527 2908 semper
3552 2856 3614 2895 ac
3645 2843 3849 2911 ubique
3884 2844 4006 2896 vin-

2431 2933 2589 2987 dicet.
2629 2931 2963 3000 Quapropter
3014 2945 3115 2984 non
3166 2940 3368 2986 temere
3411 2946 3511 3000 ego
3548 2933 4004 2999 existimaverim,

2431 3027 2535 3077 duo
2571 3023 2657 3077 illa
2698 3023 2902 3085 munia,
2945 3022 3310 3077 λαοσυνάκτου
3344 3031 3398 3077 et
3439 3022 3839 3093 κανδηλάπτου,
3878 3024 4009 3079 alibi

740 3140 847 3196 que
878 3119 1234 3177 inclinatione
1264 3120 1564 3168 veneratur
1598 3108 1885 3178 praesidem
1923 3123 2015 3161 seu
2042 3108 2324 3171 abbatem;
2360 3099 2400 3152 Β
2431 3115 2482 3167 in
2516 3116 2649 3168 duos
2673 3115 2921 3169 distribui
2955 3116 3226 3178 homines,
3253 3116 3379 3170 alibi
3405 3119 3551 3171 coire
3585 3116 3637 3170 in
3672 3132 3862 3170 unum.
3886 3115 4005 3171 Jam

740 3225 794 3268 et
818 3219 1101 3282 postquam
1132 3202 1438 3267 descendit,
1472 3200 1649 3270 pulsat
1685 3197 1901 3266 signum
1937 3200 2132 3251 minus.
2173 3216 2191 3247 ι

810 3303 900 3357 39.
942 3301 1016 3355 De
1050 3300 1153 3353 hoc
1187 3298 1343 3365 signo
1375 3302 1667 3361 antequam
1725 3290 1909 3344 dicere
1949 3288 2194 3355 instituo,
2260 3289 2325 3343 de

742 3400 857 3466 ipso
882 3391 1199 3458 candelapte
1222 3401 1391 3455 pauca
1421 3385 1618 3447 dicam,
1649 3392 1707 3435 ut
1738 3395 1899 3436 omne
1920 3382 2137 3437 errandi
2183 3383 2325 3450 peri-

740 3487 921 3544 culum
953 3488 1255 3537 avertatur.
1285 3477 1429 3531 Sane
1452 3472 1718 3529 Meursius
1735 3484 1787 3527 et
1804 3472 2097 3528 Gretscrus
2116 3484 2320 3541 noster,

740 3590 1050 3655 quanquam
1073 3573 1579 3633 ﬂorerentuterque
1604 3566 1801 3636 lingua:
1834 3563 2039 3621 Graeca:
2068 3565 2319 3630 scientia,

740 3683 924 3728 tamen
956 3665 1120 3735 hujus
1155 3669 1433 3717 notionem
1485 3657 1721 3713 nominis
1762 3658 1995 3710 assecuti
2030 3672 2135 3712 non
2172 3665 2320 3721 sunt,

737 3769 1023 3836 propterea
1074 3754 1221 3827 quod
1270 3750 1441 3808 radici
1497 3750 1615 3805 sive
1649 3748 1853 3803 nomini
1902 3745 2092 3801 Graeco
2121 3748 2320 3817 κανδή-

737 3855 807 3910 λα
835 3852 1107 3909 notionem
1134 3844 1379 3901 eamdem
1405 3841 1703 3910 subiectam
1728 3852 1848 3913 esse
1865 3846 2137 3908 putarent,
2163 3846 2324 3905 atque

739 3947 933 4003 Latino
958 3940 1211 4004 candela;
1240 3939 1291 3992 in
1312 3950 1418 4005 quo
1448 3934 1709 3989 errabant
1730 3934 2100 3986 vehementer.
2117 3929 2323 3999 Quippe

734 4038 799 4092 τὸ
830 4032 1105 4100 κανδήλα
1129 4027 1397 4098 significat
1433 4024 1756 4093 lampadem,
1784 4022 1941 4077 sicuti
1978 4037 2195 4090 possum
2224 4023 2319 4076 de-

738 4136 1045 4185 monstrare
1093 4135 1161 4177 ex
1220 4118 1387 4172 variis
1436 4116 1762 4186 scriptorum
1797 4116 2185 4169 monumentis.
2234 4114 2320 4170 ln—

737 4220 928 4292 primis
957 4210 1572 4284 Hierosolymitanorum
1625 4207 1935 4277 patriarcha
1974 4206 2032 4261 S.
2083 4205 2319 4277 Sophro-

736 4315 882 4377 nius,
913 4313 965 4365 in
1008 4308 1127 4362 Vita
1171 4304 1274 4361 SS.
1304 4301 1429 4373 Cyri
1460 4310 1509 4356 et
1550 4300 1776 4355 Joannis
1812 4299 1887 4353 ait
1928 4315 1943 4355 :
1974 4301 2085 4353 Καὶ
2122 4302 2317 4371 μικρὸν

734 4405 829 4459 τοῦ
878 4405 975 4474 τῆς
1008 4398 1274 4470 κανδήλας
1331 4394 1510 4449 ἐλαίου
1537 4393 1638 4463 τῆς
1667 4393 1779 4447 ἄνω
1828 4392 1931 4463 πρὸ
1960 4396 2058 4464 τῆς
2081 4392 2173 4445 τοῦ
2202 4395 2317 4446 Em-
2345 4446 2387 4474 η

732 4498 898 4568 τῆρος
950 4494 1153 4554 εἰκόνος
1181 4487 1490 4558 ἁπτομένης
1537 4483 1716 4537 λαϐὼν
1752 4484 1834 4545 εἰς
1866 4482 2143 4552 ληκύθιον.
2192 4502 2205 4533 ι
2250 4484 2311 4536 Et

735 4583 1130 4656 aliquantulum
1174 4581 1280 4635 olei
1306 4597 1371 4633 cx
1402 4577 1650 4646 lampade
1684 4586 1809 4630 ante
1841 4574 2149 4631 Servatoris
2178 4574 2309 4628 ima-

734 4681 913 4749 ginem
953 4678 1177 4731 ardente
1209 4672 1493 4739 excipiens
1522 4672 1572 4724 in
1617 4669 1908 4739 lecythum.
1952 4687 1969 4717 ι
2018 4669 2145 4724 Item
2180 4670 2312 4721 cita.

736 4782 847 4823 tum
901 4766 1162 4838 Typicum
1199 4779 1321 4832 cap.
1366 4761 1454 4824 19,
1486 4760 1550 4814 ad
1582 4762 1723 4813 diem
1759 4759 1825 4814 16
1852 4758 2090 4814 Januarii
2126 4780 2138 4815 :
2171 4760 2315 4813 Δέδο-

731 4880 824 4917 ται
850 4862 905 4915 δὲ
938 4860 1030 4913 καὶ
1064 4858 1215 4926 ἅγιον
1244 4856 1421 4909 ἔλαιον
1446 4855 1559 4915 τοῖς
1586 4853 1833 4921 ἀδελφοῖς
1872 4854 1937 4905 ἐκ
1980 4853 2079 4922 τῆς
2111 4855 2312 4925 κανδή-

732 4956 831 5020 λας
861 4952 956 5007 τοῦ
988 4951 1167 5019 ἁγίου.
1207 4968 1224 5001 ι
1263 4949 1431 5002 Datur
1459 4956 1516 5000 et
1556 4956 1801 5000 sanctum
1829 4946 2008 5001 oleum
2056 4945 2311 5001 fratribus

732 5064 795 5103 ex
844 5046 1019 5103 sancti
1065 5044 1333 5113 lampade.
1374 5060 1391 5091 ι
1455 5039 1573 5093 Alia
1609 5049 1664 5091 ut
1702 5049 2040 5108 praeteream,
2088 5049 2311 5095 testatur

731 5140 967 5209 Cangius
1001 5137 1105 5191 dici
1139 5136 1279 5204 apud
1303 5134 1595 5195 Codinum,
1622 5133 1689 5186 de
1704 5131 2136 5201 Antiquitatibus
2158 5133 2304 5187 Co"—

729 5228 1246 5301 stantinopolitanis,
1275 5225 1515 5296 κανδήλα
1548 5222 1761 5293 ὑαλίνη,
1794 5225 1894 5279 hoc
1924 5234 2027 5287 est,
2064 5241 2080 5274 ι
2105 5224 2307 5294 lampas

731 5326 930 5379 vitrea.
966 5343 985 5376 ι
1018 5323 1176 5378 Unde
1202 5321 1417 5376 Goarus
1434 5335 1555 5390 pag.
1589 5315 1713 5381 560,
1743 5315 2033 5371 Meursium
2064 5327 2118 5370 et
2150 5316 2307 5370 Cret-

731 5430 912 5469 serum
940 5413 1063 5483 jure
1095 5413 1287 5466 merito
1313 5413 1589 5475 coarguit;
1616 5408 1935 5474 asseritque,
1964 5407 2023 5459 τὸ
2044 5405 2306 5476 κανδηλά-

730 5522 874 5577 πτης
898 5504 1041 5568 duci,
1082 5517 1187 5557 non
1215 5517 1244 5555 a
1275 5502 1535 5565 candelis,
1569 5502 1663 5555 sed
1696 5516 1725 5553 a
1752 5500 2087 5567 lampadibus
2114 5514 2304 5551 accen-

731 5599 939 5651 dendis.
961 5598 1026 5649 At
1054 5612 1199 5661 vero,
1232 5596 1487 5663 quoniam
1519 5602 1603 5647 est
1625 5594 1676 5646 in
1695 5592 2146 5646 Pentecostarioo
2170 5607 2301 5643 καν-

729 5686 1004 5757 δηλάπτης
1050 5688 1209 5742 ἅπτει
1261 5686 1330 5738 τὰ
1381 5685 1549 5756 κηρία
1600 5686 1777 5738 πάντα
1838 5681 2053 5747 καὶτὰς
2107 5682 2302 5753 κανδή-

729 5778 845 5843 λας,
891 5797 909 5829 ι
951 5781 1295 5850 candelaptes
1321 5777 1568 5833 accendit
1598 5793 1788 5833 cereos
1828 5792 2019 5833 omnes
2058 5792 2122 5832 ac
2165 5775 2300 5829 lam-

729 5866 915 5941 pades,
948 5891 965 5923 ι
1007 5873 1188 5926 malim
1221 5889 1319 5943 ego
1365 5870 1721 5939 candelapten
1755 5872 2099 5941 interpretari
2150 5885 2293 5936 euut,

2431 3220 2557 3259 vero
2585 3221 2703 3258 cum
2737 3204 2997 3276 Typicum
3024 3208 3081 3260 S.
3110 3207 3264 3262 Saliae
3297 3208 3551 3274 afﬁrmet,
3581 3210 3793 3279 signum
3824 3224 3855 3261 a
3877 3224 4011 3263 can-

2428 3297 2638 3366 delapte
2660 3298 2810 3364 dari,
2840 3299 2959 3366 quis
3001 3314 3106 3352 non
3132 3301 3309 3352 Videat
3338 3303 3390 3353 in
3420 3301 3591 3370 ipsius
3620 3303 3795 3356 Laura
3837 3319 4003 3357 unum

2426 3391 2597 3446 solum
2649 3400 2877 3461 utroque
2917 3392 3021 3446 isto
3062 3406 3281 3443 munere
3329 3392 3567 3445 rimetum
3628 3394 3788 3448 esse?
3817 3396 3995 3463 Atque

2425 3494 2551 3534 ecce
2577 3479 2657 3533 via
2688 3479 2864 3534 facilis
2892 3489 2945 3533 et
2975 3479 3224 3550 expedita
3253 3478 3551 3533 adducendi
3582 3481 3633 3532 in
3654 3484 4005 3536 concordiam

2426 3571 2659 3630 codices.
2694 3571 2783 3641 qui
2821 3571 2994 3641 prima
3020 3568 3202 3625 fronte
3245 3568 3346 3624 sibi
3377 3577 3563 3625 mutuo
3601 3570 3881 3625 adversari
3929 3573 4012 3626 vi-

2425 3659 2638 3712 dentur.

2494 3752 2583 3805 “.
2611 3749 2763 3806 Nune
2792 3752 2857 3807 de
2876 3754 3053 3824 signo,
3077 3768 3184 3823 quo
3221 3753 3393 3811 Grani
3423 3754 3489 3810 ad
3514 3754 3771 3825 templum
3806 3769 4009 3811 convo-

2425 3852 2639 3909 cantur,
2671 3844 2955 3901 dicendum
2995 3854 3101 3910 est,
3130 3855 3184 3900 et
3218 3847 3516 3902 audiendus
3545 3848 3794 3913 Allatius,
3822 3849 3915 3919 qui
3954 3848 4007 3903 in

2429 3933 2812 3992 dissertatione
2868 3940 2933 3991 de
2988 3940 3351 3993 recentiorum
3409 3938 3723 3996 Grecorum
3786 3942 4006 4012 templis

2424 4039 2552 4097 pag.
2579 4027 2697 4093 lOl,
2732 4031 2812 4083 sic
2836 4030 2951 4083 iniit
2982 4048 2997 4083 :
3033 4047 3051 4079 ι
3090 4030 3394 4099 Campanas
3442 4041 3495 4087 et
3530 4034 3885 4104 campanaria
3909 4036 4006 4105 (ita

2426 4117 2498 4170 illi
2544 4119 2865 4187 campanilia
2899 4122 3115 4187 vocant)
3152 4120 3313 4175 etiam
3349 4123 3491 4193 apud
3520 4124 3761 4191 Grascos,
3792 4135 4008 4193 postre-

2424 4210 2526 4264 mis
2564 4211 2757 4266 saltem
2804 4212 3157 4281 temporibus,
3220 4214 3273 4268 in
3333 4230 3429 4268 usu
3491 4215 3678 4279 fuisse,
3731 4218 3909 4272 habeo
3940 4234 4007 4272 ex

2424 4302 2626 4367 multis,
2656 4302 2750 4358 sed
2792 4306 3057 4375 prtecipue
3079 4320 3143 4358 ex
3180 4304 3397 4375 Georgii
3437 4305 3782 4377 Pachymerm
3823 4305 4009 4361 [listo-

2422 4394 2525 4456 ria,
2558 4392 2647 4462 qui
2682 4407 2869 4448 earum
2910 4393 3106 4461 smpius
3143 4394 3406 4458 meminit,
3445 4395 3533 4448 lib.
3566 4410 3660 4450 vn.
3709 4395 3815 4449 Τοῦ
3838 4397 3882 4450 δ’
3907 4398 4007 4452 αὐ-

2417 4482 2511 4535 τοῦ
2551 4483 2719 4553 μηνὸς
2761 4484 2899 4554 μετὰ
2948 4483 3045 4553 τὴν
3084 4485 3409 4557 τριακοστὴν
3438 4485 3532 4539 τοῦ
3565 4486 3699 4558 πρὸς
3731 4489 4000 4560 ἑσπέραν,

2416 4573 2652 4637 ἐντεθεὶς
2680 4574 2845 4645 λίκνῳ
2878 4576 2906 4627 ὀ
2952 4574 3169 4646 Ἰωσὴφ,
3208 4577 3365 4647 μόνον
3395 4579 3494 4631 οὐκ
3522 4580 3724 4642 ἄπνους
3747 4578 3843 4645 ὢν,
3874 4582 4006 4635 πολ-

2418 4666 2523 4719 λῶν
2546 4667 2671 4738 περὶ
2702 4668 2939 4737 ἑκάτερα
2963 4671 3377 4741 παρεπομένων,
3411 4673 3505 4724 καὶ
3536 4672 4005 4743 ὲπευφημούντων

2416 4757 2485 4810 τὰ
2514 4760 2942 4830 προπεμπτήρια
2972 4762 3057 4831 ἐφ’
3082 4762 3270 4834 ὕμνοις
3302 4764 3395 4817 καὶ
3435 4762 3649 4833 κρότοις
3670 4764 4001 4837 ἀνθρώπων,

2416 4849 2496 4902 ἔτι
2531 4851 2587 4904 δὲ
2619 4850 2839 4904 καὶτῶν
2870 4853 2967 4924 τῆς
2990 4854 3281 4927 ἐκκλησίας
3310 4856 3683 4927 συνακτηρίων
3709 4859 4001 4923 κωδώνων,

2416 4945 2493 5007 εἰς
2530 4944 2591 4996 τὸ
2610 4948 2995 5015 πατριαρχεῖον
3018 4947 3300 5015 ἀνάγεται.
3336 4948 3398 4999 Οἱ
3428 4947 3483 5000 δὲ
3515 4948 3608 5001 τοῦ
3640 4949 3868 5020 κλήρου,
3908 4950 4003 5019 μό-

2414 5034 2494 5098 λις
2528 5034 2625 5105 τὴν
2656 5036 2946 5108 ἐσπερινὴν
2969 5038 3241 5109 ὑμνῳδίαν
3272 5036 3391 5090 καθ’
3427 5040 3653 5102 ἑαυτοὺς
3681 5040 4005 5093 ἐκτελέσαν-

2412 5142 2521 5190 τες,
2557 5128 2680 5180 ἐπεὶ
2720 5127 2915 5199 ὄρθρος
2942 5122 3031 5199 ἦν,
3070 5129 3163 5181 καὶ
3198 5129 3334 5200 πρὸς
3372 5130 3470 5200 τὴν
3504 5129 3801 5198 ἐκκλησίαν
3827 5132 4003 5203 ἀπήν-

2410 5234 2536 5281 των,
2590 5219 2731 5271 κατὰ
2778 5218 2837 5271 τὸ
2884 5219 3112 5288 σύνηθές
3171 5237 3371 5289 σφισιν,
3412 5222 3624 5281 ἑαυτοῖς
3673 5219 3877 5275 ἄϐατον
3910 5225 4001 5277 τὸν

2411 5309 2532 5361 ναὸν
2596 5311 2904 5373 κατενόουν,
2936 5311 3010 5373 ὡς
3062 5311 3194 5381 μηδὲ
3244 5312 3575 5381 σημάντροις
3621 5312 3715 5365 καὶ
3750 5314 4000 5367 κώδωτιν

2409 5403 2796 5475 ἠθροισμένοι..
2820 5423 2837 5455 ‹
2873 5404 2982 5459 Hoc
3010 5407 3198 5460 eodem
3236 5422 3442 5468 mense,
3492 5416 3611 5475 post
3640 5408 3783 5462 diem
3828 5409 3997 5472 trice-

2416 5513 2432 5544 ε
2466 5497 2826 5562 simum,cum
2849 5498 3559 5563 advesperasceret,lectica:
3591 5498 3879 5566 impositus
3904 5499 3998 5553 Jo-

2411 5603 2430 5635 ‹
2464 5591 2617 5657 seph,
2639 5597 2843 5642 tantum
2875 5606 2979 5642 non
3005 5590 3291 5655 exanimis,
3315 5589 3497 5643 multis
3522 5590 3647 5643 hinc
3670 5599 3835 5659 atque
3852 5593 3997 5646 illinc

2410 5697 2428 5727 ‹
2468 5681 2974 5745 concomitantihus,
3013 5689 3066 5735 et
3098 5682 3357 5750 praeeunti
3393 5696 3600 5751 pompzc
3620 5682 3995 5751 applaudenti-

2409 5790 2428 5823 ε
2462 5773 2578 5838 bus,
2608 5774 3102 5827 nonsinelaudibus
3133 5774 3428 5841 ctstrepitu
3449 5775 3869 5843 hominum,nec
3887 5791 3991 5831 non

2409 5884 2426 5916 i
2462 5866 2700 5923 ecclesim
2733 5865 3031 5937 campanis,
3067 5882 3184 5936 qua:
3211 5868 3462 5938 populum
3492 5869 3757 5926 advocare
3796 5870 3989 5936 solent,
