4212 6492
1292 440 1518 497 ACOLU
1532 441 1692 496 TillA
1729 441 2063 499 Tllll’lJClS
2105 444 2301 499 FESTI
2314 487 2328 501 .

3188 461 3438 502 (ιεωινιι

208 574 230 610 ¢
262 556 630 621 reboantibus,
649 556 701 610 in
738 556 1123 626 patriarehium
1142 555 1443 613 deducitur.
1468 558 1567 626 Qui
1596 570 1772 614 autem
1804 569 1850 623 Α
1880 562 2045 631 nulla,
2085 580 2189 619 non
2218 576 2410 631 magna
2447 563 2729 618 admodum
2756 606 2769 625 ,
2796 563 2890 619 sed
2927 576 3115 631 penna:
3174 564 3441 619 anserina:

206 668 225 701 ι
261 668 323 707 ex
359 652 506 707 clero
531 659 708 717 erant,
742 652 828 708 vis
856 651 1179 722 vespertinis
1203 652 1453 708 laudibus
1488 655 1771 725 sejunctim

203 760 224 794 ι
257 741 539 805 absolutis,
572 757 692 796 cum
725 744 1042 797 matutinum
1082 753 1291 813 tempus
1316 744 1552 811 adesset,
1594 756 1648 801 et
1678 762 1774 815 pro

203 856 221 885 ι
258 848 406 887 more
441 832 494 885 in
545 836 829 889 ecclesiam
858 833 1256 898 convenissent,
1298 833 1629 890 inaccessum
1664 837 1766 890 sibi

207 945 222 975 ι
262 921 515 990 templum
538 940 657 979 esse
683 922 933 975 videbant
958 932 1207 994 tanquam
1230 922 1318 991 qui
1346 938 1520 993 neque
1548 939 1763 993 campa-

204 1036 222 1067 ι
258 1015 338 1068 nis
380 1031 555 1085 neque
580 1014 949 1069 tintinnabulis
972 1015 1552 1084 fuissenteongregati.
1595 1037 1613 1068 ι
1656 1017 1773 1071 llnc

195 1107 337 1159 addit
360 1109 587 1162 Allatius
614 1105 730 1160 loco
754 1108 1049 1174 prmcitato,
1079 1123 1142 1160 ex
1167 1106 1440 1160 Michaelis
1465 1106 1620 1162 Pselli
1652 1125 1772 1163 ora-

197 1201 339 1255 tione
377 1199 616 1254 nondum
646 1200 788 1251 edita
818 1200 881 1249 ad
908 1196 1325 1251 Constantinum
1361 1200 1769 1251 monomachum

196 1292 558 1347 testimonium
614 1289 717 1342 tale
756 1303 771 1339 :
805 1289 943 1340 Ἀλλ’
998 1289 1057 1340 οὐ
1100 1288 1277 1358 πάντη
1326 1289 1605 1360 τερφοὴσῃ
1662 1291 1773 1351 τοῖς

192 1382 510 1450 ὀφθαλμοῖς,
552 1378 669 1430 οὐδὲ
719 1378 801 1445 ἐφ’
858 1378 997 1442 ὅλοις
1043 1381 1449 1452 προμειδιάσεις
1491 1385 1603 1444 τοῖς
1630 1383 1764 1451 6pm-

196 1476 398 1545 μένοιςυ
442 1471 682 1541 ἐξεγερεῖ
712 1471 818 1541 γάρ
845 1488 901 1524 σε
934 1474 1105 1544 μέσης
1134 1474 1327 1536 νυκτὸς
1358 1477 1385 1526 ὁ
1416 1473 1602 1527 κώδων
1637 1475 1664 1525 ὁ
1695 1476 1769 1525 ἱε-

195 1564 305 1636 ρὸς,
363 1564 457 1615 καί
511 1562 671 1627 θείοις
710 1564 1093 1636 ἐνστηλωθήσῃ
1125 1564 1394 1629 ἐδάφεσιν.
1452 1586 1469 1617 ι
1518 1564 1621 1619 Sed
1665 1581 1767 1620 non

192 1654 339 1709 omni
368 1669 431 1709 ex
463 1663 612 1724 parte
658 1656 829 1711 oculis
866 1654 1242 1718 delectaberis,
1280 1670 1379 1709 nec
1430 1658 1481 1709 in
1515 1658 1767 1713 omnibus

194 1747 501 1803 visibilibus
526 1749 787 1817 gaudebis
826 1766 839 1801 :
870 1745 1295 1801 excitabitenim
1332 1756 1383 1800 te
1405 1750 1581 1802 media
1615 1760 1770 1806 nocte

192 1857 408 1897 sacrum
470 1840 914 1903 tintinnabulum,
952 1848 1006 1894 et
1057 1842 1228 1897 sacris
1284 1841 1566 1897 incumbes
1616 1843 1733 1911 pavi

193 1932 410 1986 mentis.
446 1948 466 1982 ι

260 2040 351 2094 42.
374 2041 451 2094 Ex
489 2042 569 2096 bis
600 2042 805 2098 duobus
841 2046 1162 2101 testimoniis
1196 2058 1338 2103 recte
1371 2052 1593 2106 coniicit
1624 2051 1768 2107 Alla-

195 2134 319 2197 tius,
352 2147 640 2203 campauas
685 2139 971 2205 postremis
1018 2140 1371 2206 temporibus,
1422 2143 1474 2195 id
1508 2153 1591 2198 est
1618 2145 1762 2199 eirea

192 2238 315 2279 ann.
369 2241 476 2279 In.
526 2227 579 2278 iu
622 2242 718 2281 usu
767 2227 932 2283 fuisse
982 2231 1121 2299 apud
1167 2229 1418 2294 Graecos;
1450 2247 1762 2303 quanquam

190 2328 370 2385 putem
399 2332 498 2385 ego
525 2318 688 2371 fuisse
723 2319 888 2373 multo
914 2329 1059 2375 ante.
1095 2321 1307 2375 Etenim
1344 2323 1485 2378 hunc
1550 2325 1766 2381 Graecos

194 2409 467 2477 accepisse
494 2425 523 2462 a
544 2406 760 2464 Venetis
800 2410 899 2465 sub
929 2427 1128 2465 annum
1159 2428 1455 2469 ncccuxtv
1473 2425 1662 2469 auctor
1684 2426 1766 2471 est

194 2501 441 2554 Andreas
476 2498 767 2567 Dandulus,
802 2503 853 2557 in
882 2505 1141 2561 cltronico
1166 2522 1265 2560 ms.
1301 2515 1357 2560 et
1379 2522 1446 2561 ex
1480 2522 1544 2561 eo
1571 2507 1761 2563 Sabel-

189 2594 323 2649 licus
355 2594 593 2649 Ennsad.
626 2594 683 2658 9,
713 2594 805 2649 lib.
835 2612 872 2650 ι.
912 2596 1018 2651 Sed
1060 2598 1269 2667 direpto
1302 2600 1642 2667 postmodum
1677 2601 1758 2669 (ut

190 2688 529 2756 prosequitur
576 2688 825 2753 Allatius,
886 2704 1007 2758 pag.
1060 2691 1186 2759 102)
1238 2709 1257 2741 ι
1314 2692 1526 2759 imperii
1590 2697 1762 2763 capite

192 2776 471 2845 Byzantio,
529 2778 838 2847 ditioiteque
900 2779 1104 2848 reliqua
1144 2780 1457 2835 Graecorum
1505 2797 1533 2835 a
1567 2783 1760 2838 Turcis

188 2875 471 2934 occupata,
504 2880 888 2936 campanarum
919 2884 1046 2924 usus
1093 2870 1147 2923 in
1182 2871 1429 2937 urbibus,
1470 2873 1520 2925 in
1564 2874 1759 2941 quibus

192 2956 287 3025 ipsi
314 2955 540 3026 degunt,
573 2956 915 3013 intermissus
942 2967 1045 3021 est,
1078 2973 1142 3013 ue
1175 2975 1269 3029 per
1308 2975 1486 3015 aerem
1507 2962 1750 3031 palantes

190 3048 427 3113 animas,
461 3050 622 3104 timor
647 3050 911 3116 incussus,
942 3051 1122 3121 quiete
1156 3068 1260 3122 qua
1291 3053 1561 3118 fruuntur,
1592 3070 1755 3124 expo-

191 3140 299 3190 liet.
336 3138 417 3190 ita
464 3137 682 3193 fanatici
708 3141 781 3193 illi
813 3142 1078 3205 homines,
1109 3158 1175 3195 ex
1219 3145 1556 3198 ethnicorum
1584 3148 1760 3210 genti-

190 3228 428 3297 liumque
475 3230 831 3297 nugamentis,
868 3231 933 3286 de
980 3234 1259 3287 animabus
1294 3235 1758 3303 pltilosOphautur.
1788 3259 1830 3313 ρ

188 3318 529 3389 Quapropter
548 3321 856 3375 sacerdotes
872 3319 1043 3376 Graeci
1074 3322 1251 3393 ligneo
1278 3325 1662 3390 instrumento,
1690 3327 1759 3381 ad

188 3410 405 3468 Graecos
449 3412 501 3465 in
546 3412 831 3467 ecclesiam
880 3416 1281 3483 convocandos,
1324 3427 1568 3472 utuntur.
1600 3418 1657 3473 ld
1679 3425 1763 3474 est

190 3502 390 3573 lignum
418 3503 662 3558 biuarum
686 3506 1128 3575 decempedarum
1154 3508 1507 3579 longitudine,
1532 3511 1760 3566 duorum

187 3592 481 3663 digitorum
521 3597 898 3661 crassitudine,
956 3598 1240 3653 latitudine
1295 3611 1546 3668 quatuor,
1594 3618 1758 3671 quam

190 3688 395 3757 optime
437 3687 763 3753 dedolatum,
805 3708 912 3747 non
949 3692 1129 3748 ﬁssum
1166 3702 1258 3747 aut
1300 3695 1585 3758 rimosum,
1616 3699 1759 3766 quod

191 3794 349 3831 manu
410 3778 627 3833 sinistra
687 3782 919 3836 medium
978 3792 1169 3838 tenens
1214 3786 1472 3839 sacerdos
1512 3785 1593 3839 vel
1617 3786 1757 3842 alius

191 3872 302 3942 (qui
342 3872 728 3927 Λαοσυνάκτου
767 3890 960 3929 munus
1000 3876 1153 3931 obire
1182 3876 1362 3947 debet)
1400 3877 1589 3933 dextra
1623 3879 1759 3934 mal-

192 3962 273 4017 leo
299 3979 369 4019 ex
392 3964 583 4019 eodem
617 3964 783 4036 ligno,
806 3966 1010 4019 cursim
1043 3967 1171 4021 hinc
1195 3968 1322 4023 inde
1356 3978 1760 4036 transcurrens,

192 4058 351 4111 modo
382 4056 437 4111 in
468 4072 628 4110 unam
659 4066 891 4127 partem,
924 4057 1083 4111 modo
1115 4058 1167 4111 in
1195 4058 1446 4127 alteram,
1480 4077 1649 4132 prope
1674 4062 1761 4117 vel

189 4149 402 4203 eminus
427 4148 496 4203 ab
521 4150 632 4218 ipsa
665 4148 882 4204 sinistra
906 4189 922 4213 ,
954 4150 1027 4202 ita
1064 4149 1265 4220 lignum
1302 4152 1646 4217 deverberat,
1701 4163 1759 4209 ut

191 4234 383 4300 ictum,
423 4252 565 4292 nunc
602 4237 816 4306 plenum
844 4279 859 4304 ,
892 4254 1037 4293 nunc
1072 4256 1315 4309 gravem,
1343 4258 1485 4299 nunc
1515 4248 1755 4312 acutum,

193 4340 335 4380 nunc
398 4326 690 4394 crebrum,
743 4343 886 4382 nunc
942 4340 1222 4384 extensum
1290 4334 1478 4398 edens,
1516 4335 1755 4403 perfecta

191 4418 424 4472 musices
453 4418 682 4473 scientia
707 4419 931 4474 auribus
971 4421 1294 4476 suavissime
1318 4424 1659 4493 moduletur;
1704 4436 1761 4482 et

188 4507 285 4563 hoc
316 4509 693 4581 σημαντήριον
725 4520 1084 4581 nuncupatur,
1102 4512 1380 4583 magisque
1406 4517 1624 4586 proprio
1655 4532 1753 4572 no-

189 4600 329 4653 mine
357 4601 848 4671 χειροσήμαντρον,
866 4602 1007 4669 quod
1032 4609 1280 4659 manibus
1309 4614 1556 4661 teneatur
1576 4607 1752 4678 iisque
1784 4600 1829 4655 Ι)

189 4690 445 4759 pulsetur,
469 4694 535 4745 ad
554 4690 913 4747 differentiam
938 4693 1162 4749 alterius
1191 4697 1389 4765 magni,
1410 4700 1550 4767 quod
1575 4700 1751 4771 μέγας

189 4784 501 4855 σήμαντρον
528 4783 743 4847 dicitur,
787 4801 850 4840 es
889 4787 1075 4842 eodem
1110 4787 1291 4858 ligno,
1326 4798 1380 4843 et
1420 4790 1473 4844 in
1514 4792 1753 4849 turribus

190 4874 303 4929 sive
343 4876 729 4940 campanariis,
768 4879 975 4934 catenis
1014 4879 1207 4935 ferreis
1250 4880 1366 4935 suis
1391 4883 1754 4940 extremitati-

190 4960 290 5017 bus
315 4965 659 5035 appenditur.
701 4964 835 5020 Illud
889 4980 973 5021 est
1019 4970 1211 5039 insigni
1265 4970 1658 5041 magnitudine,
1695 4982 1755 5027 ut

191 5056 514 5124 quandoque
539 5071 630 5110 sex
686 5055 893 5125 palmos
950 5057 1194 5121 latitudo,
1223 5075 1386 5113 unum
1423 5061 1750 5127 crassitudo,

191 5146 410 5213 triginta
433 5145 707 5217 longitudo
732 5157 1000 5217 exaequet,
1040 5149 1339 5219 malleoque
1385 5166 1485 5221 pro
1545 5154 1755 5223 magni-

191 5234 372 5289 tudine
407 5235 719 5289 semanterii
765 5234 1024 5304 pulsetur.
1064 5255 1084 5289 ι

256 5325 347 5380 43.
380 5326 657 5381 Hactenus
682 5329 932 5391 Allatius.
964 5346 992 5383 a
1017 5346 1122 5401 quo
1157 5332 1515 5407 llieronymus
1536 5336 1744 5408 Magius

188 5435 289 5475 non
327 5421 462 5475 nihil
494 5421 781 5488 discrepat,
812 5422 864 5475 in
904 5422 998 5476 illo
1028 5424 1167 5478 libro
1185 5440 1341 5495 quem
1371 5429 1437 5482 de
1465 5429 1751 5483 Tintinna-

188 5512 323 5567 bulis
355 5512 494 5581 apud
531 5511 845 5581 Byzantios,
884 5515 1025 5568 inter
1051 5518 1338 5586 compedes
1386 5519 1625 5588 scripsit.
1666 5518 1745 5575 lbi

185 5603 322 5656 enim
354 5618 475 5673 cap.
512 5602 577 5656 15
602 5602 852 5671 afﬁrmat,
886 5608 1267 5662 semanterium
1302 5611 1511 5667 duobus
1546 5612 1747 5680 pulsari

190 5694 391 5750 malleis
418 5735 433 5759 ,
471 5710 646 5765 neque
680 5697 814 5751 adeo
846 5700 1017 5753 teneri
1066 5715 1246 5755 manu.
1279 5700 1443 5756 Juvat
1472 5703 1750 5772 subjicere

189 5781 351 5852 ipsius
379 5787 544 5841 verba
571 5801 692 5855 qua
709 5787 821 5842 haec
843 5796 969 5843 sunt
994 5806 1006 5841 :
1040 5805 1060 5840 ι
1098 5790 1581 5849 Simandrum'esse
1602 5792 1748 5849 scias

187 5873 413 5944 ligneam
444 5875 773 5934 tabulam....
806 5877 995 5947 Capita
1026 5878 1289 5940 foramina
1335 5885 1537 5942 habent
1586 5897 1692 5941 non
1713 5912 1740 5926 υ

1877 658 2153 714 calamove
2186 655 2474 725 scriptorio
2504 659 2709 724 pervia.
2744 658 2799 712 In
2829 656 3008 712 medio
3041 665 3256 711 tenuem
3291 656 3438 711 funi-

1877 750 2055 806 culum
2084 750 2347 807 continet.
2380 748 2481 815 Qui
2513 747 2767 818 populum
2798 752 2864 805 ad
2914 750 3172 819 templum
3200 758 3282 802 est
3312 763 3444 803 cou-

1875 854 2235 900 vocaturus...
2260 851 2386 895 ante
2422 841 2567 897 fores
2597 840 2799 921 templi.
2827 843 2906 894 vel
2958 844 3102 898 edito
3133 840 3251 897 loco
3288 841 3442 895 tabu-

1878 938 1983 991 lam
2015 945 2368 1005 prrenotatam
2397 935 2604 988 malleis
2647 934 2858 988 duobus
2880 931 3071 1000 ligneis
3096 934 3297 1005 pulsat,
3330 946 3441 986 non

1876 1031 1992 1084 sine
2017 1027 2195 1098 aliqua
2236 1032 2447 1084 ratione
2473 1028 2698 1090 musica,
2730 1036 2891 1094 atque
2917 1025 3133 1079 interim
3168 1028 3222 1079 in
3246 1028 3440 1098 gyrum

1878 1122 2080 1177 sensim
2140 1123 2417 1176 volvitur:
2450 1133 2553 1185 qua
2588 1134 2645 1171 re
2694 1118 2784 1182 ﬁt,
2824 1128 2877 1171 ut
2910 1116 3125 1188 gravior
3171 1132 3290 1169 cum
3335 1133 3439 1170 non

1878 1218 2086 1282 ingrata
2124 1216 2415 1269 raucedine
2444 1225 2611 1265 sonus
2635 1210 2930 1263 emittatur.
2962 1208 3188 1274 Tabula,
3209 1222 3312 1261 non
3334 1224 3439 1276 qua

1876 1308 2053 1370 latior,
2093 1306 2185 1361 sed
2215 1322 2316 1375 qua
2354 1304 2560 1360 arclior
2595 1312 2678 1356 est
2704 1342 2717 1365 ,
2748 1302 2901 1369 quasi
2955 1304 3101 1357 libra:
3132 1316 3330 1370 scapus
3385 1302 3437 1352 in

1874 1398 2095 1453 sinistro
2129 1396 2393 1464 pulsantis
2422 1395 2648 1447 humero
2676 1389 2942 1459 quiescit;
2978 1405 3037 1441 ac
3071 1404 3136 1442 ne
3176 1388 3439 1458 pulsando

1874 1489 2166 1552 dilabatur,
2202 1487 2445 1541 funiculo
2489 1482 2747 1554 prmdicto
2797 1480 3071 1533 mordicus
3098 1480 3439 1548 apprehenso

1876 1581 2181 1637 retinetur:
2225 1580 2472 1631 manibus
2508 1576 2649 1629 enim
2681 1592 2784 1629 non
2843 1574 3002 1637 licet,
3042 1581 3151 1625 tum
3179 1571 3341 1639 quod,
3375 1586 3438 1623 ea

1873 1670 2239 1742 apprehensa,
2292 1683 2422 1722 sono
2465 1682 2568 1720 non
2624 1680 2812 1733 parum
2848 1665 3092 1728 decedit;
3135 1672 3248 1716 tum
3311 1662 3438 1729 quia

1876 1774 2105 1833 utraque
2159 1776 2353 1816 manus
2402 1758 2596 1813 malleo
2628 1757 2938 1827 impeditur.
2980 1755 3254 1810 Ambabus
3294 1754 3439 1810 enim

1878 1858 2129 1914 manibus
2156 1856 2403 1925 pulsatur
2438 1853 2563 1907 hinc
2586 1851 2711 1905 inde
2742 1891 2757 1915 ,
2788 1860 2844 1903 ut
2875 1863 3016 1903 nunc
3042 1850 3284 1916 quazdam
3340 1848 3442 1902 fte-

1804 1924 1844 1975 Β
1873 1957 2275 2019 quentamcnta,
2306 1961 2445 1999 nunc
2469 1945 2946 2013 quasdampausas
2973 1941 3179 1993 audias.
3236 1959 3255 1991 ι

1938 2112 2025 2165 44.
2057 2109 2189 2165 Cum
2230 2114 2410 2160 autem
2453 2103 2585 2156 dicit
2633 2102 2840 2171 Magius
2875 2102 3017 2153 illam
3054 2099 3292 2154 tabulam
3329 2114 3435 2153 non

1870 2218 2024 2269 posse
2085 2199 2259 2254 teneri
2324 2196 2597 2260 manibus,
2637 2209 2701 2248 eo
2733 2193 2872 2261 quod
2900 2208 2961 2245 ea
2995 2193 3074 2245 sic
3099 2192 3437 2261 apprehensa

1871 2306 2089 2343 necesse
2142 2292 2215 2343 sit
2275 2288 2501 2343 multum
2553 2286 2619 2339 de
2669 2300 2802 2338 sono
2856 2282 3135 2345 decedere,
3166 2283 3437 2337 videbitur

1870 2385 2099 2435 fortasse
2156 2380 2428 2448 aliquibus
2482 2377 2808 2444 rejiciendus
2852 2390 2973 2431 esse
3025 2374 3279 2437 Allatius,
3342 2377 3435 2445 qui

1866 2488 1987 2528 eam
2040 2486 2198 2524 manu
2252 2470 2472 2524 sinistra
2511 2467 2680 2523 teneri
2712 2466 2961 2533 aﬁirmat,
2993 2476 3045 2523 et
3078 2466 3321 2521 nihilomi
3371 2483 3430 2519 us

1867 2564 2247 2622 suavissimum
2282 2565 2443 2617 edere
2482 2570 2825 2616 concentum.
2854 2560 2920 2611 At
2950 2558 3110 2612 facile
3141 2559 3436 2629 dissipatur

1867 2662 1967 2715 ista
1996 2658 2135 2713 ratio
2174 2675 2187 2710 :
2221 2656 2420 2726 quippe
2452 2654 2496 2709 si
2516 2668 2675 2707 manu
2698 2652 3158 2721 apprehendatur,
3184 2665 3290 2704 non
3320 2651 3434 2718 ipsa

1867 2750 2175 2805 immediate
2212 2747 2415 2812 tabula,
2450 2745 2544 2800 sed
2567 2742 2835 2798 funiculus
2867 2743 2951 2796 ille
2980 2758 3085 2810 quo
3137 2740 3316 2797 tabula
3379 2741 3431 2793 in

1869 2842 2049 2896 medio
2075 2841 2306 2894 libratur
2332 2853 2387 2894 et
2424 2838 2643 2908 paribus
2700 2835 3043 2889 examinatdr
3078 2832 3429 2901 ponderibus,

1870 2943 1976 2986 tam
2008 2930 2189 2985 clarus
2219 2931 2396 2984 editur
2452 2944 2617 2983 sonus
2640 2967 2655 2992 ,
2694 2940 2853 2995 quam
2888 2925 2932 2979 si
2990 2920 3433 2993 apprehendatur

1866 3024 2119 3081 dentibus
2153 3040 2166 3076 :
2201 3022 2329 3091 quid
2361 3023 2505 3075 enim
2540 3021 2606 3074 ad
2631 3035 2821 3074 sonum
2858 3019 3109 3082 interest,
3140 3016 3430 3071 manibus-

1865 3131 1932 3171 ne
1953 3130 2020 3169 an
2048 3114 2299 3174 dentibus
2330 3109 2603 3165 funiculus
2630 3110 2731 3163 iste
2766 3108 3056 3162 teneatur?
3079 3106 3144 3161 Et
3177 3122 3307 3161 vero
3334 3106 3432 3158 mi-

1868 3223 1985 3260 rum
2017 3214 2120 3270 est,
2158 3206 2259 3260 hoc
2320 3218 2425 3258 non
2477 3200 2811 3257 succurrisse
2874 3198 3069 3267 Magio,
3123 3196 3421 3251 delineanti

1865 3298 2091 3351 formam
2118 3294 2464 3365 hagiosideri,
2502 3296 2646 3363 quod
2686 3292 2766 3363 (ut
2794 3290 2974 3346 videre
3005 3298 3085 3344 est
3124 3288 3302 3358 capite
3341 3300 3430 3343 se-

1863 3385 2076 3458 quenti)
2100 3385 2363 3440 retinetur
2393 3398 2552 3438 manu
2579 3422 2595 3447 ,
2626 3379 2922 3436 funiculum
2952 3376 3419 3447 apprehendentc.

1860 3480 1944 3533 An
1976 3476 2114 3532 forte
2142 3473 2353 3546 putavit
2390 3474 2443 3527 in
2480 3472 2818 3543 hagiosidero
2852 3484 2957 3523 non
2999 3464 3285 3521 intercludi
3342 3480 3433 3520 se.

1861 3584 2013 3635 num,
2042 3566 2327 3623 intercludi
2358 3574 2538 3621 autem
2568 3565 2622 3618 in
2647 3562 2737 3617 illo
2761 3561 2887 3625 alio.
2917 3561 3059 3629 quod
3086 3558 3199 3630 jam
3228 3567 3428 3612 tracta-

1862 3676 2002 3725 mus,
2035 3659 2362 3716 semanterio
2390 3656 2613 3727 ligneo?
2646 3655 2832 3723 lnepta
2873 3662 2922 3706 et
2959 3650 3189 3706 ridicula
3242 3650 3430 3704 isthmc

1860 3761 2003 3808 esset
2043 3752 2223 3819 opinio
2260 3770 2273 3804 :
2313 3764 2433 3819 qua:
2471 3749 2614 3802 enim
2647 3745 2869 3813 hujusce
2917 3742 3246 3798 discriminis
3290 3743 3430 3796 ratio

1861 3840 2163 3897 adinveniri
2198 3837 2432 3907 posset?
2468 3836 2582 3891 Hoc
2636 3833 2841 3889 accedit
2899 3832 3045 3903 quod
3093 3832 3273 3901 potius
3327 3832 3430 3886 mi-

1861 3943 2059 3987 nuatur
2085 3946 2271 3994 sonus,
2299 3928 2514 4000 quando
2541 3940 2793 3997 percussa
2826 3922 3002 3979 tabula
3048 3923 3311 3993 pulsantis
3363 3923 3419 3976 in

1862 4028 2086 4080 Immero
2114 4021 2469 4093 conquiescit,
2502 4019 2575 4073 uti
2606 4018 2719 4072 ﬁeri
2751 4018 2828 4072 ait
2874 4012 3102 4086 Magius.
3131 4013 3229 4071 Hic
3261 4014 3427 4085 igitur

1861 4117 1992 4170 nihil
2026 4124 2109 4171 est
2137 4114 2279 4185 quod
2312 4128 2409 4168 nos
2437 4121 2594 4181 cogat
2624 4110 2691 4163 ad
2723 4108 2982 4163 Allatium
3025 4106 3377 4163 deserendum
3404 4124 3421 4175 ;

1864 4205 1993 4260 nihil
2022 4205 2191 4261 etiam
2223 4218 2321 4259 cur
2344 4201 2479 4255 ﬁdes
2510 4200 2801 4268 abrogetur
2837 4196 3034 4267 Magio,
3065 4197 3157 4266 qui
3187 4212 3308 4267 qum
3331 4198 3422 4252 hic

1861 4299 2066 4361 refert,
2095 4297 2210 4351 suis
2240 4296 2465 4364 ipsemet
2494 4290 2776 4359 usurpavit
2822 4290 2993 4344 oculis
3023 4307 3037 4345 :
3066 4300 3226 4360 atque
3281 4290 3416 4343 adeo

1858 4404 1964 4445 uon
2010 4388 2117 4444 erit
2156 4382 2783 4457 impudentiaejudicare,
2814 4384 3055 4441 locisevet
3082 4382 3421 4452 temporibus

1860 4481 2091 4537 diversis
2126 4479 2395 4534 diversam
2426 4477 2594 4534 fuisse
2635 4477 2877 4549 pulsandi
2912 4474 3225 4531 semanterii
3257 4472 3422 4528 ratio—

1859 4585 2003 4625 nem.
2036 4568 2265 4637 Lignum
2288 4582 2436 4632 vero,
2463 4583 2529 4622 ex
2560 4583 2667 4637 quo
2692 4568 2978 4624 conﬁcitur
3000 4563 3419 4627 setnanterium,

1858 4663 2162 4731 pra‘durum
2193 4667 2356 4715 estet
2393 4674 2423 4714 a
2478 4659 2679 4715 Graecis
2732 4656 3008 4727 σφενδάκη
3069 4656 3369 4727 appellatur
3404 4672 3419 4709 :

1856 4750 2140 4820 Corrupte,
2178 4750 2353 4818 inquit
2387 4749 2639 4813 Allatius,
2666 4764 2731 4803 eo
2762 4745 2905 4816 quod
2952 4760 3058 4801 non
3106 4744 3252 4799 aliud
3299 4742 3419 4798 fue-

1860 4844 1948 4907 rit,
2013 4852 2071 4894 ut
2128 4842 2241 4910 ipse
2300 4841 2517 4912 quidem
2554 4840 2869 4903 existimat,
2914 4852 3079 4909 quam
3144 4833 3419 4905 σφένδαμ-

1857 4952 1944 4999 νος
1995 4934 2379 5005 ‘l‘beOphrasti,
2420 4945 2474 4989 et
2503 4950 2629 4991 acer
2666 4934 2844 4988 Plinii.
2881 4931 3117 4987 Rectene
3149 4945 3215 4984 au
3260 4942 3419 4983 secus

1858 5026 1946 5080 hic
1983 5034 2223 5087 censeat,
2267 5041 2373 5080 non
2408 5026 2581 5079 habeo
2610 5023 2793 5079 dicere

1924 5160 2013 5214 45.
2046 5159 2156 5214 Hoc
2189 5160 2332 5224 dico,
2358 5174 2513 5213 usum
2568 5158 2940 5227 hujuscemodi
2976 5158 3246 5228 lignorum
3295 5171 3416 5212 esse

1856 5252 2287 5321 antiquissimum
2328 5268 2343 5306 :
2382 5250 2435 5305 id
2466 5251 2609 5305 enim
2661 5250 2927 5322 colligitur
2950 5266 3014 5306 ex
3058 5252 3287 5309 concilio
3324 5254 3425 5310 Ni-

1855 5358 2003 5397 czeno
2042 5358 2101 5405 ll,
2150 5352 2256 5395 act.
2297 5341 2350 5405 ι,
2387 5342 2473 5395 ubi
2514 5342 2831 5413 Eutltymius
2872 5343 3129 5398 diaconus
3181 5354 3237 5398 et
3298 5360 3420 5400 mo-

1856 5435 2062 5486 nachus
2095 5446 2190 5501 pro
2219 5432 2473 5501 episcOpo
2500 5432 2732 5487 Gotlhiie
2782 5434 2896 5487 haec
2937 5433 3090 5503 legit,
3119 5448 3190 5487 ex
3245 5435 3419 5489 mira-

1854 5524 1987 5579 culis
2020 5521 2078 5580 S.
2109 5524 2378 5577 Anastasii
2411 5524 2684 5593 martyris.
2713 5523 2848 5593 Φέρε
2873 5525 2936 5595 δὴ
2970 5522 3066 5575 καὶ
3101 5522 3169 5575 τὰ
3198 5527 3256 5579 ὲν
3281 5526 3421 5578 Και-

1855 5614 2016 5685 σαρίᾳ
2038 5614 2135 5683 τῆς
2156 5613 2517 5683 Παλαιστίνης
2543 5612 2808 5683 γενόμενα
2834 5614 2937 5666 ὑπὸ
2960 5613 3055 5666 τοῦ
3084 5614 3241 5682 ἁγίου
3278 5602 3421 5670 καθὰ

1852 5705 1910 5758 τὸ
1956 5704 2175 5757 δυνατὸν
2225 5705 2607 5775 ίστορήσωμεψ
2660 5705 3061 5775 Πλησιάσαντος
3110 5708 3167 5758 ἐν
3194 5708 3260 5777 τῇ
3290 5708 3421 5778 ἁγίᾳ

1853 5790 2005 5843 πόλει
2048 5790 2141 5843 τοῦ
2170 5792 2323 5858 ἁγίου
2357 5790 2629 5860 λειψάνου,
2660 5792 2900 5860 γνωστὸν
2937 5794 3141 5863 γέγονε.
3156 5795 3303 5867 πάσῃ
3350 5798 3416 5867 τῇ

1854 5882 2032 5937 πόλει*
2064 5883 2509 5950 καὶεύφροσύνης
2537 5883 2776 5951 μεγάλης
2804 5885 3133 5953 πλησθέντες
3161 5888 3419 5955 ἅπαντες,
