4212 6490
745 470 1011 511 (ΞΕΕΚΧἩΗ

746 570 1091 630 ἀναστάντες.
1124 567 1189 618 τά
1221 582 1275 617 τε
1312 563 1428 634 ἱερὰ
1472 560 1600 627 ξύλα
1637 558 1997 627 σημάναντες,
2038 550 2317 623 συνηθροξ-
2348 563 2391 612 Α

748 661 949 727 σθησαν
982 658 1214 718 ἅπαντες
1246 656 1301 706 ὲν
1332 651 1409 719 τῷ
1440 649 1730 715 πανσέπτῳ
1761 644 1872 715 ναῶ
1899 644 1997 711 τῆς
2030 641 2313 693 Histri-Aw.

747 750 1114 820 ἐπιλεγομένῳ
1151 748 1246 816 τῆς
1277 745 1439 807 Νέας.
1480 763 1497 791 ι
1540 742 1628 794 Eia
1666 756 1826 799 nunc,
1864 748 1999 790 etea
2027 749 2147 800 qua:
2181 732 2317 800 apud

746 842 1050 896 Cmsaream
1099 838 1395 891 Palwstinzc
1456 852 1482 888 a
1523 833 1580 887 S.
1618 830 1909 884 Anastasio
1968 827 2109 877 facta
2145 833 2310 883 sunt,

749 935 924 1003 quoad
977 933 1094 1001 cjus
1133 929 1244 983 fieri
1300 937 1497 998 potest,
1533 938 1869 979 cnarremns.
1904 919 2038 972 Cum
2076 919 2139 969 ad
2196 931 2319 970 san-

749 1037 891 1079 ctam
926 1025 1201 1078 civitatem
1257 1021 1796 1089 appropinquassent
1844 1010 2015 1064 sancti
2062 1007 2318 1077 reliquia'.

751 1120 803 1173 id
844 1118 1077 1174 innotuit
1104 1116 1370 1169 universa:
1401 1111 1606 1165 civitati
1638 1150 1653 1174 ,
1693 1118 1747 1161 et
1786 1104 1962 1158 laetitia
2003 1116 2194 1171 inagna
2220 1098 2321 1151 im-

754 1212 879 1280 pleti
905 1219 1027 1265 sunt
1050 1223 1260 1262 omnes.
1283 1206 1345 1258 Et
1369 1214 1652 1274 surgentes
1671 1212 1935 1265 sacraque
1964 1194 2106 1265 ligna
2128 1206 2319 1262 percit-

756 1306 947 1358 tientcs
978 1308 1349 1354 convenerunt
1379 1298 1430 1351 in
1456 1309 1666 1350 sumine
1686 1289 2050 1346 venerandum
2075 1287 2316 1354 Deipatxc

755 1393 1029 1461 templum,
1066 1394 1205 1459 quod
1229 1389 1427 1443 dicitur
1460 1388 1637 1439 Novze.
1666 1405 1681 1436 ι
1720 1383 1871 1452 Ligni
1908 1380 2087 1433 itidem
2127 1375 2314 1429 memi-

753 1482 1075 1538 nitJoannes
1106 1481 1377 1542 Moschus,
1406 1480 1456 1531 in
1494 1477 1657 1530 Prata
1684 1475 2003 1541 Spirit.cap.
2026 1467 2084 1520 ll
2109 1485 2121 1518 :
2142 1462 2318 1534 Κρου-

754 1592 941 1637 σαντος
969 1575 1061 1627 τοῦ
1093 1571 1423 1639 κανονάρχον
1467 1569 1528 1621 τὸ
1563 1568 1738 1634 ξύλον,
1774 1564 1859 1631 ἐφ’
1887 1554 1930 1627 ᾧ
1966 1557 2171 1616 πάντας
2198 1554 2322 1613 τοὺς

750 1667 1013 1736 ἀδελφοὺς
1045 1664 1395 1735 συπάχθῆναι.
1434 1681 1450 1713 ι
1476 1658 1825 1715 Canonarcha
1861 1655 2057 1723 lignum
2083 1648 2326 1718 pulsante

752 1762 818 1814 ad
881 1774 1066 1813 omnes
1122 1759 1313 1811 fratres
1352 1749 1776 1822 congregandos.
1816 1766 1833 1796 ι
1892 1745 1955 1798 Et
2012 1741 2327 1795 Theodorus

754 1852 987 1914 Studita,
1033 1852 1083 1904 in
1122 1848 1449 1903 carminibus
1482 1843 1676 1912 quihus
1709 1836 1997 1905 alloquitur
2053 1842 2321 1887 canonar-

753 1942 909 1994 chain
942 1960 952 1993 :

1356 2195 1730 2253 SAGERDOS.

826 2296 1143 2353 Benedictus
1176 2294 1313 2346 Deus
1361 2301 1565 2352 noster,
1597 2303 1736 2341 nunc
1804 2295 1858 2341 et
1903 2296 2136 2351 semper,
2178 2288 2231 2333 et
2269 2278 2322 2331 in

759 2389 955 2445 sucula
984 2385 1321 2441 smculorum.
1350 2383 1541 2438 Amen.

1186 2471 1477 2528 PRAESES
1525 2466 1898 2526 ECCLESIE.

852 2568 1062 2633 Venite,
1088 2566 1396 2620 adoremus.

829 2663 916 2715 47.
963 2662 1028 2715 Et
1081 2658 1263 2729 psallit
1292 2657 1555 2726 psalmum
1606 2652 2015 2725 prouemiacum,
2073 2643 2324 2709 Benedic,

759 2755 936 2809 anima
974 2767 1113 2817 mea,
1150 2750 1455 2807 Dominum.
1510 2749 1733 2803 Domine
1781 2749 1919 2799 Deus
1967 2756 2135 2809 meus,
2177 2749 2327 2793 tran-

762 2845 925 2913 quilla
986 2855 1041 2899 et
1099 2843 1367 2898 submissa
1403 2857 1555 2898 voce.
1589 2840 1654 2893 Et
1684 2838 1871 2891 eodem
1905 2834 2064 2889 modo
2121 2832 2324 2887 dicitur

762 2937 1047 3005 psalmus,
1129 2934 1389 2997 Domine,
1456 2930 1730 2992 clamavi,
1801 2937 1928 2982 tono
1984 2924 2320 2980 dominicati.

759 3026 1077 3082 Recitantur
1108 3023 1359 3079 versiculi
1396 3032 1521 3076 tres.
1566 3022 1629 3076 Et
1656 3020 1957 3086 psalluntur
1980 3030 2169 3071 versus
2207 3027 2329 3081 pro-

761 3121 918 3175 soniii
968 3119 1084 3175 sive
1127 3116 1392 3171 similares
1443 3114 1551 3168 toni
1605 3112 1659 3176 3,
1702 3113 1845 3166 sicut
1887 3110 1973 3171 Ὦς
1999 3107 2247 3177 γενναῖον
2270 3106 2326 3159 ὲν

765 3213 1055 3284 μάρτυσιν.

1201 3299 1474 3355 VERSUS
1513 3295 1893 3352 SIMILARES.

833 3394 923 3452 ιδ.
975 3393 1179 3450 Christi
1233 3392 1537 3453 charitate,
1592 3388 1785 3451 Basili,
1837 3385 2133 3439 ascendens
2165 3384 2224 3447 in,
2251 3383 2331 3436 al-

2121 433 2644 490 PROLECOMENA.

2491 551 2740 611 Σὰλπιζε
2797 548 2977 617 καφῷ
3003 550 3067 603 τὸ
3102 549 3313 616 ξύλον,
3355 550 3499 603 καθό
3548 545 3693 603 δέοι.

2492 621 2554 673 Et
2584 633 2809 685 tempore
2836 632 2884 673 et
2911 623 3027 682 rite,
3061 632 3116 674 ut
3148 626 3294 685 tuba,
3324 620 3463 689 ligno
3493 636 3641 674 cane.

2423 716 2565 769 Alios
2622 714 2766 769 locos
2814 714 3092 783 congessit
3122 715 3381 776 Allatius,
3422 711 3696 781 congessit
3733 714 3792 763 et
3850 705 3967 762 Caa

2422 810 2559 876 gius,
2600 822 2736 877 quos
2775 815 2952 876 potest
2982 806 3231 860 curiosus
3294 806 3462 859 lector
3494 804 3802 859 consulere.
3861 798 3991 851 Mihi

2422 898 2552 953 satis
2584 898 2742 952 debet
2777 914 2897 953 esse
2927 900 3015 953 hic
3057 900 3244 965 paucis
3278 895 3602 957 ostendisse,
3634 895 3763 963 quid
3819 892 3890 948 sit
3925 890 3996 944 si-

2423 1005 2583 1057 gnum
2641 988 2819 1043 minus
2853 1029 2867 1052 ,
2904 989 3031 1059 quid
3080 986 3275 1054 majus.
3330 988 3493 1041 Extra
3543 986 3657 1039 hinc
3705 986 3813 1040 duo
3846 983 3995 1051 signa

2426 1090 2547 1132 sunt
2591 1088 2645 1131 et
2700 1078 2801 1131 alia
2830 1118 2844 1141 ,
2874 1094 2995 1147 qua:
3016 1089 3270 1133 secuturo
3301 1078 3478 1144 capite
3509 1077 3687 1129 locum
3718 1074 3999 1131 invenient

2426 1187 2603 1225 suum.
2636 1170 2753 1224 Jam
2800 1170 2943 1224 enim
2997 1171 3207 1241 signum
3247 1168 3425 1221 minus
3474 1181 3573 1219 nos
3623 1165 3690 1217 ad
3744 1166 3998 1235 templum

2426 1260 2735 1314 Gut-corum
2761 1270 2938 1323 vocat,
2965 1269 3023 1312 ut
3056 1262 3105 1314 in
3134 1259 3432 1314 minoribus
3454 1256 3691 1323 vesperis
3712 1264 3768 1308 et
3798 1265 4001 1322 specte-

2430 1370 2547 1407 mus
2579 1363 2932 1423 congregatos
2962 1352 3178 1415 fratres,
3213 1363 3267 1406 et
3300 1350 3635 1406 sacerdotem
3664 1347 4001 1401 intonantem

2428 1446 2729 1497 audiamus.

2496 1535 2584 1588 46.
2647 1533 2737 1588 Sic
2784 1549 2914 1601 ergo
2970 1534 3317 1602 prosequitur
3357 1532 3616 1601 Typicum
3655 1526 3998 1597 εΣυναχθέν-

2428 1646 2533 1681 των
2572 1629 2680 1681 τῶν
2731 1626 2974 1693 ἀδελφῶν
3028 1628 3086 1678 ὲν
3137 1629 3202 1695 τῇ
3253 1622 3519 1692 ἐκκλησίᾳ
3571 1620 3801 1691 ἄρχεται
3856 1618 3885 1669 ὁ
3926 1620 4000 1671 ie-

2433 1722 2576 1790 ρεύς.
2638 1719 2993 1789 Congregatis
3037 1721 3090 1774 in
3141 1717 3368 1771 ecclesia
3401 1713 3659 1768 fratribus
3697 1708 4003 1765 incipitu-

2431 1817 2640 1866 cerdos.

3080 2161 3346 2215 ΙΕΡΕΥΣ.

2505 2263 2802 2333 Εὐλογητὸς
2850 2261 2877 2310 ό
2911 2256 3042 2318 Θεὸς
3077 2254 3232 2325 ἡμῶν
3259 2255 3344 2307 ἀεὶ
3378 2252 3470 2305 καὶ
3503 2251 3583 2314 είς
3629 2250 3761 2314 τοὺς
3806 2246 4008 2309 αίῶνας

2424 2356 2530 2410 τῶν
2556 2354 2783 2409 αἰώνων.
2832 2351 3024 2419 Ἀμήν.

2926 2441 3117 2492 ΕΚΚΛ
3128 2434 3491 2491 ίίΣΙΔΡΧ-ΗΣ.

2503 2538 2686 2597 Δεῦτε,
2722 2531 3209 2604 προσκυνήσωμεν.

2502 2628 2611 2682 Καὶ
2634 2625 2823 2696 ψάλλει
2853 2622 2943 2676 τὸν
2977 2618 3334 2693 προοιμιακδν
3371 2617 3581 2687 ψαλμὸν
3632 2616 3712 2677 τὸ,
3759 2613 4008 2681 Εὐλόγει,

2432 2722 2464 2790 ἠ
2499 2720 2645 2789 ψυχή
2680 2735 2803 2788 μου,
2829 2715 2918 2769 τὸν
2950 2712 3172 2783 Κύριονο
3203 2711 3373 2781 Κύριε
3422 2712 3449 2762 ὁ
3481 2707 3612 2768 Θεός
3659 2723 3781 2776 μου,
3823 2704 4011 2775 ἡσύχῳ

2431 2812 2577 2880 φωνῇ
2607 2810 2699 2860 καὶ
2744 2807 3005 2877 ἠρεμαίᾳ.
3039 2799 3349 2864 Εἷθόὖτως
3390 2800 3624 2869 λέγομεν
3667 2796 3749 2863 τὸ,
3814 2795 4011 2867 Κύριε,

2429 2898 2718 2971 ἐκέκραξα,
2768 2901 2848 2960 είς
2888 2897 2977 2949 τὸν
3028 2893 3159 2967 ἦχον
3193 2894 3292 2963 τῆς
3328 2890 3617 2961 κυριακῆς.
3665 2888 3925 2960 Ἱστῶμεν
3956 2888 4011 2941 δὲ

2432 2992 2643 3061 στίχους
2665 2990 2725 3042 δ’.
2774 2989 2883 3041 Καὶ
2912 2984 3183 3055 ψάλλομεν
3220 2982 3453 3054 στιχηρά
3477 2980 3783 3053 προσόμοια
3811 2981 3947 3050 ἤχου
3969 2977 4010 3029 δ’

2438 3081 2572 3153 πρὸς
2601 3081 2659 3133 τό
2695 3080 2782 3141 Ὠς
2819 3078 3060 3145 γενναῖον
3091 3075 3148 3125 ὲν
3176 3074 3462 3143 μάρτυσιν.

2845 3293 3144 3345 ΣΤΙΧΗΡΑ
3173 3286 3591 3341 ΠΡΟΣΟΜΟῙΑ.

2519 3389 2604 3441 Ἑν
2648 3386 2725 3456 τῷ
2768 3384 2912 3454 ὕψει,
2959 3381 3223 3441 Βασίλειε,
3269 3378 3369 3448 τῆς
3407 3372 3641 3446 Χριστοῦ
3681 3372 4012 3443 ἀγαπήσεως

764 3497 915 3550 tum,
969 3484 1360 3554 contemplatus
1408 3497 1468 3537 es
1523 3480 1797 3536 recondita
1846 3478 2013 3545 ipsius
2054 3491 2118 3529 ac
2149 3474 2327 3529 divina
2356 3468 2400 3524 ϐ

2434 3479 2639 3541 ἀναϐὰς
2672 3475 3063 3534 κατώπτευσας
3096 3468 3164 3523 τὰ
3194 3466 3479 3539 ἀπόρρητα
3527 3461 3691 3517 αὑτοῦ
3749 3463 3844 3516 καὶ
3896 3462 4011 3516 θεῖα

765 3576 1021 3645 mysteria
1052 3618 1065 3641 ,
1099 3589 1218 3644 qure
1253 3583 1505 3643 tanquam
1529 3570 1746 3640 pietatis
1785 3583 1963 3640 prazco
1990 3566 2209 3638 sapiens
2240 3566 2335 3621 de-

770 3667 949 3721 texisti
976 3675 1031 3722 ct
1059 3663 1421 3720 manifestasti
1447 3663 1680 3733 populis.
1698 3662 1877 3729 Quare
1899 3667 2042 3730 pete,
2065 3674 2098 3714 ο
2127 3667 2335 3722 sancte,

769 3776 798 3813 a
832 3759 1071 3828 pernicie
1097 3756 1460 3825 periculisque
1486 3752 1705 3807 liberari
1725 3752 1842 3806 illos
1870 3750 1959 3819 qui
1998 3749 2227 3803 fideliter
2252 3762 2340 3801 se-

769 3860 1010 3921 quuntur
1036 3858 1125 3901 tua
1155 3847 1427 3917 dogmata.

841 3942 931 3996 49.
996 3938 1324 3995 Semnonum
1377 3947 1594 3990 tuorum
1650 3948 1714 3988 ac
1762 3935 2067 4002 dogmatum
2122 3928 2336 3999 sapien—

775 4032 869 4093 tia,
923 4039 1111 4085 sancte
1137 4027 1382 4098 Gregori,
1420 4025 1630 4081 solvisti
1663 4023 1875 4079 vincula
1916 4022 2227 4087 hmresum;
2284 4030 2339 4074 et

771 4121 1085 4178 orthodoxae
1120 4119 1239 4172 ﬁdei
1271 4118 1557 4173 concordia
1584 4115 1911 4186 conjunxisti
1946 4114 2135 4177 bonos,
2168 4126 2331 4180 agno-

773 4222 984 4269 scentes
1020 4222 1075 4265 et
1106 4209 1386 4263 laudantes
1409 4208 1688 4263 Christum
1720 4226 1734 4260 :
1768 4222 1797 4260 a
1834 4219 1941 4276 quo
1967 4214 2093 4275 pete
2116 4200 2340 4258 liberari

775 4322 803 4359 a
835 4302 1069 4375 pernicie
1096 4300 1454 4372 periculisque
1482 4299 1620 4364 illos,
1656 4299 1748 4368 qui
1781 4298 2010 4352 ﬁdeliter
2038 4298 2339 4367 suscipiunt

774 4407 862 4452 tua
888 4395 1144 4450 divinitus
1176 4394 1373 4447 dictata
1404 4393 1667 4460 dogmata.

846 4490 933 4543 59.
996 4487 1246 4543 Christus
1326 4495 1376 4539 te
1438 4483 1619 4554 posuit
1664 4480 1877 4534 firmum
1943 4478 2339 4532 ﬁrmamentum

778 4581 1032 4636 Ecclesiae
1076 4594 1209 4643 suae,
1256 4576 1413 4632 Pater
1440 4585 1647 4638 sancte,
1674 4572 1854 4626 divina
1884 4570 2063 4625 locute
2093 4568 2339 4639 Chrysoo

776 4686 970 4737 Slutllc,
1008 4682 1065 4725 ut
1087 4686 1207 4725 eam
1249 4683 1492 4724 servares
1543 4664 1868 4719 immobilem
1922 4670 2081 4733 atque
2114 4661 2343 4731 inexpu—

780 4766 1045 4838 gnabilem
1090 4766 1349 4817 adversus
1383 4761 1723 4816 inimicorum
1753 4758 2009 4827 impetus,
2042 4768 2096 4811 et
2145 4765 2203 4812 ut
2251 4772 2344 4826 pe-
2375 4799 2422 4860 υ

782 4870 920 4914 lcres
972 4856 1196 4910 letiferis
1223 4856 1527 4908 animorum
1566 4849 2058 4922 perturbationibus
2128 4849 2341 4903 liberari

780 4966 894 5015 eos,
927 4950 1015 5019 qui
1058 4949 1250 5003 sitiunt
1304 4956 1516 5001 tuorum
1581 4960 1883 5001 sermonum
1915 4945 2339 4999 sententiarum-

782 5058 885 5112 que
917 5042 1157 5110 pelagus.

852 5134 941 5186 5|.
990 5131 1271 5184 Trinitatis
1329 5130 1555 5183 selectos
1604 5125 1787 5191 ﬂores,
1828 5126 2074 5197 pratique
2125 5124 2345 5178 iminor.

786 5224 904 5280 talis
933 5232 1265 5290 unguentum
1315 5220 1651 5283 exhalantes,
1699 5230 1865 5287 atque
1918 5218 2347 5285 iucundissimos

783 5314 1132 5385 intelligibilis
1162 5313 1296 5368 solis
1347 5314 1547 5377 radios,
1587 5324 1642 5367 et
1673 5311 1872 5367 divinis
1900 5313 2015 5366 suis
2052 5312 2348 5366 luminibus

785 5408 1150 5463 illuminantes
1185 5405 1757 5471 terram,celebremus
1792 5404 2053 5459 Joannem
2076 5404 2349 5474 Magnum,

782 5497 1030 5553 divinum
1081 5496 1384 5564 theologum
1438 5494 1798 5565 Gregorium,
1853 5502 1909 5548 et
1954 5493 2059 5546 alta
2120 5491 2348 5561 quadam

784 5600 965 5646 mente
996 5589 1277 5658 prmditum
1300 5586 1576 5641 Basiliam.

926 5679 1130 5735 Gloria.
1652 5677 1833 5731 Tonus
1870 5675 2119 5744 obliquus
2151 5672 2206 5729 ἓ.

857 5771 1112 5824 llnmines
1149 5770 1242 5824 Dei
1293 5778 1347 5823 et
1394 5769 1577 5822 ﬁdeles
1624 5767 1791 5830 servi,
1824 5764 2135 5820 sacerdotes
2170 5763 2351 5816 Domi-

791 5866 866 5929 ni,
898 5864 995 5918 viri
1026 5864 1434 5923 desideriorum,
1472 5876 1593 5915 vasa
1644 5860 1946 5921 electionis,
1985 5857 2245 5911 columna:
2285 5863 2336 5907 et

2442 3573 2735 3646 μυστήρια,
2790 3568 2933 3637 ἅπερ
2975 3560 3314 3623 ἀνεκάλυψας
3355 3558 3446 3611 καὶ
3487 3555 3799 3627 ὲτράνωσας
3840 3554 4009 3616 λαοῖς,

2440 3660 2811 3725 εὐσεϐείαςὼς
2864 3658 3036 3728 κῆρυξ
3068 3654 3248 3723 σοοός.
3291 3650 3380 3704 Aab
3407 3649 3675 3723 πρέσϐευε
3720 3648 3786 3700 ὲκ
3808 3646 4012 3717 φθορᾶς

2440 3754 2531 3808 καὶ
2570 3750 2822 3803 κινδύνων
2869 3744 3210 3815 λυτρωθῆναι
3256 3741 3382 3805 τοὺς
3409 3739 3615 3802 πιστῶς
3643 3733 4012 3807 ἐφεπομένους

2437 3846 2547 3904 τοῖς
2582 3843 2693 3903 σοῖς
2711 3840 2993 3907 δόγμασιν,
3029 3835 3163 3890 ὅσιε.

2509 3932 2646 3994 Τοὺς
2699 3926 3026 3997 συνδέσμους
3071 3922 3319 3985 διέλυσας
3373 3920 3481 3973 τῶν
3522 3915 3808 3987 αἱρέσεων,
3861 3913 4014 3973 ὃσιε,

2439 4027 2504 4095 τῇ
2536 4022 2697 4093 σοφίᾳ
2728 4020 2837 4074 τῶν
2865 4020 3038 4087 λόγων
3075 4017 3168 4071 καὶ
3191 4013 3471 4083 δογμάτων
3509 4026 3624 4071 σου,
3673 4006 3860 4069 καὶείς
3890 4003 4014 4075 ὁμό-

2442 4134 2588 4170 νοιαν
2615 4115 2872 4187 ἧθροισας
2910 4108 3186 4184 ὀρθοδόξου
3222 4105 3454 4165 πίστεως
3490 4097 3616 4163 τοῦς
3644 4096 4014 4167 εὐγνώμονας,

2444 4208 2674 4279 Χριστὸν
2693 4204 3091 4276 εὐφημοῦντας,
3110 4198 3147 4250 Γ
3153 4196 3399 4267 ρηγόριε,
3417 4194 3475 4248 ὃν
3496 4192 3705 4247 ἱκέτευε
3734 4194 3799 4244 ὲκ
3816 4189 4017 4259 φθορᾶς

2445 4299 2702 4354 κινδύνων
2749 4293 3084 4367 λυτρωθῑψαι
3141 4305 3265 4351 τους
3313 4286 3517 4350 πιστῶς
3553 4281 4017 4357 προσδεχομένους

2446 4391 2513 4444 τὰ
2544 4391 2611 4442 σὰ
2644 4387 2949 4457 θεόφθογγα
2990 4381 3258 4451 δόγματα.

2531 4481 2773 4552 Ἀρραγῆ
2826 4496 2884 4531 σε
2936 4476 3183 4547 θεμέλιον
3226 4475 3254 4525 ὀ
3301 4471 3533 4542 Χριστὸς
3588 4463 3917 4536 ὲπεστήριξε
3953 4465 4018 4532 τῆ

2445 4572 2609 4627 αὑτοῦ
2643 4570 2956 4639 Ἐκκλησία,
2986 4568 3167 4637 Πάτερ
3191 4566 3323 4625 ὃσιε,
3357 4560 3626 4632 τηροῦντα
3652 4557 3858 4625 ταύτην
3890 4555 4018 4607 6.36;-

2446 4667 2651 4727 λευτον,
2680 4662 2774 4716 καὶ
2806 4660 3229 4729 ἀκαταμάχητον
3258 4653 3361 4707 τῶν
3394 4649 3603 4721 ἐχθρῶν
3633 4648 3752 4709 ταῖς
3789 4643 4019 4715 προσϐο-

2446 4758 2585 4821 λαῖς,
2642 4754 2944 4826 θεορρἦον
3003 4748 3371 4819 Χρυσόστομε,
3424 4741 3518 4794 καὶ
3551 4735 3923 4826 πρεσϐεύοντα
3957 4735 4020 4826 ὲκ

2451 4846 2634 4901 παθῶν
2687 4821 3043 4915 thiasos”...
3071 4833 3407 4905 λυτρωθῆναι
3440 4830 3566 4891 τοὺς
3613 4825 3885 4895 διψῶντας
3915 4821 4019 4877 τῶν

2449 4939 2554 4991 σῶν
2573 4938 2746 5005 λόγων
2772 4935 2865 4988 καὶ
2894 4930 3176 5001 νοημάτων
3196 4926 3256 4978 τὸ
3282 4922 3535 4991 πέλαγος.

2518 5120 2627 5187 Τῆς
2663 5114 2887 5186 Τριάδος
2916 5110 3157 5177 ὲκλόγια,
3180 5106 3452 5178 ἀκηράτου
3483 5099 3745 5171 λειμῶνός
3777 5115 3839 5151 τε
3860 5096 4015 5164 ἄνθη,

2448 5212 2513 5263 τὰ
2540 5227 2607 5279 μυ
2616 5208 2806 5279 ρίπνοα
2840 5204 2929 5255 καὶ
2960 5217 3017 5251 τε
3028 5198 3315 5270 ρπνότατα,
3342 5192 3433 5247 τοῦ
3450 5189 3641 5262 νοητοῦ
3667 5190 3742 5253 ὡς
3759 5189 4019 5259 ὑπάρχον-

2450 5319 2544 5363 τας
2576 5300 2798 5359 ἀκτῖνας
2833 5294 3005 5365 ἡλίου,
3039 5292 3133 5343 καὶ
3159 5288 3486 5357 φωτίζοντας
3518 5283 3615 5354 τὴν
3648 5282 3750 5351 γῆν
3779 5283 3899 5342 ταῖς
3922 5278 4020 5332 αὺ-

2451 5393 2556 5447 τῶν
2608 5392 2777 5452 θεῖαις
2825 5385 3112 5455 λάμψεσιν,
3170 5379 3576 5450 εὐφημήσωμεν
3628 5372 3880 5441 Ἰωάννην
3936 5367 4022 5423 τόν

2456 5486 2625 5557 μέγαν
2662 5484 2757 5536 σὺν
2789 5478 2865 5549 τῷ
2897 5478 3023 5547 θείῳ
3068 5473 3304 5543 θεολόγῳ
3338 5469 3622 5542 Γρηγορίῳ
3657 5464 3748 5519 καὶ
3774 5464 3868 5516 τὸν
3898 5462 4018 5531 ὑψί-

2452 5597 2573 5632 νουν
2605 5574 2901 5628 Βασίλειον.

2626 5666 2780 5732 Δόξα.
3497 5646 3665 5719 Ἦχος
3690 5646 3779 5701 πλ.
3818 5644 3884 5717 β’.

2530 5759 2838 5828 Ἄνθρωποι
2889 5753 2983 5806 τοῦ
3025 5748 3160 5803 Θεοῦ
3191 5747 3283 5801 καὶ
3321 5742 3497 5797 πιστοὶ
3526 5739 3732 5793 οἰκέται
3757 5778 3771 5801 ,
3799 5736 4024 5802 λειτουρ-

2444 5849 2529 5916 γο¹ι
2558 5846 2784 5913 Κυρίου,
2813 5844 3003 5910 ἄνδρες
3031 5834 3355 5905 ἐπιθυμιῶν,
3384 5830 3550 5899 σκεύη
3575 5826 3830 5895 ἐκλογῆς,
3853 5823 4023 5878 στῦλοι
