4212 6488
1294 428 1693 486 Αοοιυτιιιιι
1731 430 2068 486 TlthLlClS
2109 427 2330 484 FESTI.
3192 443 3414 486 cccxth

176 553 265 604 ml.
317 549 667 620 στηρίγματα
699 550 798 620 τῆς
860 550 1205 621 Ἐκχλησίας,
1259 550 1531 621 βασιλείας
1561 553 1754 622 κληροο
1781 558 1829 615 Α

1751 583 1754 591 ι
1781 558 1829 615 Α
1861 551 2170 606 fulcimenta
2202 547 2479 614 Ecclesia,
2505 546 2661 617 regni
2691 548 2953 613 haredes,
2988 560 3057 601 ne
3085 546 3414 617 cessetispro

177 642 346 710 νόμοι,
397 641 473 710 μὴ
514 642 909 711 παρασιωπᾶτε
958 639 1050 692 τοῦ
1078 640 1207 711 βοᾷν
1241 641 1381 713 ὑπὲρ
1407 642 1559 712 ἡμῶν
1615 643 1748 713 πρὸς

1038 640 1050 692 3
1078 640 1207 711 βοᾷν
1241 641 1381 713 ὑπὲρ
1407 642 1559 712 ἡμῶν
1615 643 1748 713 πρὸς
1854 642 2009 697 nobis
2040 642 2275 696 clamare
2307 640 2373 694 ad
2397 638 2701 695 Dominum.

179 734 399 785 Κύριον.

267 750 399 804 ριον.

303 823 412 875 Καὶ
436 822 530 874 νῦν
1304 822 1601 874 Θεοτόκιον.

1995 824 2061 879 Et
2089 840 2249 879 nunc.
3036 820 3275 877 Mariale.

250 912 499 976 Θεοτόκε,
531 914 595 966 σὺ
626 908 675 965 εῐ
704 915 735 983 ὴ
764 912 1003 982 ἄμπελος
1036 914 1069 983 ἡ
1096 912 1342 984 ἀληθινή.
1857 914 1913 969 Dt

1096 912 1342 984 ἀληθινή.
1857 914 1949 969 Dei
1982 915 2251 982 Genitrix,
2280 926 2333 970 tu
2361 931 2419 971 es
2448 916 2576 971 vitis
2599 929 2744 969 vera.

249 1003 427 1057 Οοιιιι.
466 1002 556 1056 52.
592 1003 692 1076 llic
714 1003 922 1056 videtur
955 1004 1190 1076 recitari
1219 1005 1390 1058 oratio
1427 1003 1545 1066 Φῶς
1594 1003 1799 1072 ἱλαρὸν,
1830 1004 2018 1058 saltem
2048 1014 2305 1076 quantum
2335 1002 2873 1076 possttm_conjic_ere_
2890 1018 2958 1060 ex
2984 1019 3104 1076 cap.
3138 1005 3165 1059 1
3199 1002 3413 1075 Typici.

186 1072 311 1127 [iam
350 1086 530 1127 autem
561 1074 855 1126 orationem
881 1073 1112 1127 exhibeo
1148 1074 1433 1143 integram,
1468 1084 1831 1140 prontexstat
1862 1076 2001 1142 apud
2035 1074 2276 1130 Goarum
2312 1072 2437 1145 pag.
2462 1073 2533 1129 32
2568 1072 2898 1144 Euchologii.

250 1166 370 1228 Φῶς
413 1166 593 1235 ἱλαρὸν
626 1164 786 1231 ἁγίας
830 1163 988 1235 δόξης
1034 1164 1301 1219 ἀθανάτου
1331 1165 1562 1238 Πατρδς,
1589 1166 1751 1237 οὐρα-

1932 1165 2132 1221 anen
2214 1167 2508 1236 jucundum
2575 1175 2781 1222 sancta:
2861 1165 3040 1236 gloriae
3102 1164 3418 1219 immortalis

183 1262 315 1321 νίου,
338 1260 516 1327 ἁγίου,
546 1258 808 1328 μάκαρος,
844 1257 1017 1329 Ἰησοῦ
1050 1259 1269 1328 Χριστὲ,
1294 1258 1536 1322 ἐλθόντες
1548 1260 1639 1311 ἐπὶ
1658 1259 1755 1328 τὴν

1861 1256 2057 1315 Patris.
2088 1256 2351 1321 ctelestis,
2374 1256 2571 1321 sancti,
2606 1257 2770 1323 beati,
2800 1254 2928 1312 Jesu
2957 1254 3188 1321 Christe,
3226 1269 3421 1323 prove-

184 1350 271 1404 τοῦ
289 1350 439 1420 ἡλίου
457 1348 625 1413 δύσιν,
662 1347 857 1411 ἰδόντες
887 1348 1001 1417 φῶς
1027 1349 1328 1419 ἐσπερινὸν,
1348 1348 1623 1420 ὑμνοῦμεν
1647 1349 1757 1401 Πα-

1755 1380 1757 1385 ›
1863 1348 1934 1402 cti
1966 1350 2031 1402 ad
2061 1348 2190 1403 solis
2221 1364 2495 1416 occasum,
2517 1358 2568 1403 et
2592 1360 2875 1405 cernentes
2902 1349 3071 1404 lucem
3093 1348 3385 1405 serotinam
3404 1386 3418 1410 .

182 1443 338 1511 τέρα,
389 1439 537 1497 Υἰὸν.
574 1438 667 1491 καὶ
701 1439 855 1506 ἅγιον
884 1438 1127 1509 Πνεῦμα,
1163 1438 1316 1493 Θεὸν.
1370 1441 1551 1505 Ἀξιόν
1596 1459 1654 1494 σε
1700 1444 1757 1494 ἐν

1858 1441 2141 1496 laudamus
2196 1442 2430 1507 Patrem,
2480 1442 2696 1505 Filium,
2727 1452 2783 1497 et
2842 1442 3106 1511 Spiritum
3153 1448 3421 1505 sanctum,

186 1536 317 1587 πᾶσι
354 1534 564 1602 καιροῖς
599 1530 879 1601 ὑμνεῖσθαι
912 1536 1115 1600 φωναῖς
1152 1532 1379 1599 αἱσίαις,
1407 1533 1502 1585 Υἱὲ
1525 1534 1681 1595 Θεοῦ,
1729 1538 1755 1586 ὁ

1866 1534 2052 1588 Deum.
2078 1530 2317 1603 Aiquum
2350 1542 2435 1588 est
2471 1543 2542 1599 te,
2568 1532 2667 1587 Fili
2693 1533 2823 1599 Dei,
2850 1532 3072 1604 largitor
3106 1533 3254 1595 vita.
3276 1532 3422 1587 omni

184 1625 356 1685 διδοὺς
383 1622 546 1693 ζωήν·
583 1623 661 1675 διὸ
692 1625 719 1676 ὁ
747 1623 948 1695 κόσμος
970 1639 1027 1677 σε
1056 1623 1265 1687 δοξάζει

1864 1626 2147 1680 celebrare
2200 1636 2483 1696 tempore;
2543 1624 2770 1695 ideoque
2800 1635 2850 1681 te
2873 1624 3101 1682 mundus
3132 1634 3275 1681 totus
3306 1624 3424 1679 lau-

1786 1713 1823 1765 Β
1862 1716 2019 1769 dibus
2043 1716 2403 1786 prosequitur.

252 1804 431 1880 Con.
581 1804 779 1880 Deinde
805 1817 1074 1880 cantatur
1107 1806 1366 1874 psalmus,
1402 1806 1459 1880 '_O
1487 1805 1698 1880 Κύριος
1725 1811 1913 1863 ἐϐασίλ

1763 1811 2096 1874 ΰασίλευσεν,
2132 1830 2149 1863 ι
2184 1811 2443 1867 Dominus
2473 1812 2715 1880 regnavit
2746 1824 2761 1863 :
2792 1830 2810 1862 ι
2841 1812 2936 1865 sed
2964 1810 3084 1880 quis
3118 1809 3336 1880 praecise
3360 1824 3426 1865 ex

187 1875 360 1949 tribus
384 1877 638 1949 ⁸μεειιιιιὶε
671 1878 770 1949 ita
803 1877 1201 1949 incipientilms3
1255 1893 1359 1930 non
1408 1875 1615 1931 indicat
1674 1880 1953 1947 'lypicum.
2004 1882 2137 1936 Tum
2174 1884 2370 1936 dicitur
2419 1875 2612 1945 oratio,
2639 1875 3011 1947 Καταξίωσον,
3061 1875 3220 1949 quam
3246 1881 3308 1949 in
3333 1895 3429 1935 an-

188 1945 355 2019 tiquis
375 1945 1017 2019 GraecorumRitualibus
1050 1947 1138 1998 diu
1176 1947 1387 2019 [rustra
1404 1948 1647 2016 qutesivi.
1681 1945 1861 2014 Quare
1890 1956 2065 2006 visum
2118 1950 2220 2005 fuit
2268 1965 2387 2005 eam
2434 1952 2745 2007 describere
2780 1945 2845 2004 ex
2886 1945 3174 2018 llorolo'gio
3216 1948 3429 2019 Cryptze

191 2014 449 2077 Ferratm,
478 2018 741 2085 impresw
776 2016 955 2070 Roma:
982 2030 1132 2069 anno
1168 2017 1323 2070 1ο77.
1360 2014 1450 2071 Sic
1482 2034 1609 2087 ergo
1632 2030 1809 2073 sonat.

254 2107 625 2172 Καταξίωσον,
658 2107 851 2180 Κύριε,
878 2109 934 2160 ἐν
970 2111 1035 2180 τῇ
1071 2111 1277 2182 ἑσπέρᾳ⁵
1305 2113 1474 2183 ταύτῃ
1516 2113 1759 2183 ἀναμαρ-

1938 2115 2205 2184 Dignare,
2286 2114 2547 2178 Domine,
2604 2115 2703 2171 boc
2760 2129 2981 2184 vespere
3036 2114 3151 2167 sine
3207 2123 3429 2183 peccato

186 2200 381 2269 τήτους
433 2199 768 2269 φυλαχθῆναι
808 2202 975 2271 ἡμᾶς.
1032 2202 1335 2271 Εὐλογητὸς
1376 2199 1444 2265 εἷ,
1483 2202 1673 2274 Κύριε,
1729 2207 1755 2256 ὁ

1866 2221 1961 2258 nos
1992 2206 2285 2260 custodire.
2318 2203 2637 2259 Benedictus
2663 2218 2742 2266 es,
2764 2204 3010 2266 Domine,
3042 2200 3183 2257 Deus
3211 2201 3428 2257 Patrum

186 2290 317 2353 Θεὸς
337 2290 786 2361 Πατέρωνὴμῶν,
807 2292 899 2345 καὶ⁵
928 2294 1137 2347 αἰνετὸν
1165 2295 1257 2347 καὶ
1287 2293 1669 2365 δεδοξασμένον
1698 2298 1758 2349 τὸ

1865 2305 2172 2349 nostrorum
2200 2310 2215 2359 ;
2253 2306 2306 2350 et
2333 2294 2602 2349 laudabile
2628 2304 2683 2349 et
2729 2294 3022 2363 gloriosum
3055 2306 3251 2347 nomen
3282 2302 3427 2346 tuum

186 2381 359 2451 δνομά
390 2398 481 2435 σου
516 2384 596 2447 εἰς
618 2385 743 2448 τοὺς
772 2383 992 2449 αἰῶνας.
1037 2387 1225 2456 ’Λμήν.

716 2402 743 2448 ς
772 2383 992 2449 αἰῶνας.
1037 2387 1225 2456 ’Λμήν.
1860 2388 1913 2442 in
1943 2388 2156 2443 stncula.
2185 2386 2376 2441 Amen.

258 2472 668 2547 CounaVerum
702 2491 784 2547 ian
834 2478 1079 2531 eamdem
1110 2479 1251 2531 illam
1285 2478 1583 2547 orationem
1611 2479 1955 2533 atlliibuerint
1990 2478 2328 2547 antiquiores
2382 2476 2578 2539 Grteci,
2626 2478 2815 2547 dubito
2847 2478 3019 2547 {quia
3052 2477 3157 2531 hoc
3202 2475 3431 2533 Horolo-

190 2542 336 2616 gium
374 2544 536 2598 habet
580 2544 827 2612 plurima,
860 2563 980 2616 quae
1011 2556 1135 2599 sunt
1167 2548 1359 2616 ritilius
1390 2546 1703 2601 Latinorum
1737 2552 1913 2615 potius
1943 2564 2102 2615 quam
2122 2542 2351 2603 ’ϐε-ωοοτ
2376 2564 2465 2601 um
2511 2546 2832 2602 conformia.
2860 2542 2988 2603 Post
3010 2548 3310 2603 orationem
3332 2562 3433 2602 xa-

188 2611 475 2678 ταξίωσον,
504 2611 836 2683 quttecunque
863 2611 1077 2670 demum
1106 2617 1189 2669 illa
1220 2614 1401 2679 fuerit,
1429 2618 1689 2673 videntur
1713 2611 1816 2671 dici
1849 2611 2149 2686 sequentia.

191 2706 285 2769 Εἰς
337 2704 429 2758 τὸν
479 2706 657 2827 στίχον
710 2708 938 2777 στιχηρὰ
972 2708 1288 2791 προσόμοια.
1338 2705 1507 2779 τΗχΟς
1550 2711 1635 2763 πλ.
1695 2707 1759 2779 βλ

602 2777 859 2827 οιήιιεοος
893 2778 1142 2827 ἁνεστττε.
1176 2780 1394 2827 Χοιστέ-

1868 2708 1955 2761 5L
1986 2707 2066 2761 Ad
2120 2707 2443 2761 versiculum
2495 2722 2684 2763 versus
2726 2706 3013 2761 similares.
3050 2704 3187 2761 Ton.
3241 2708 3351 2763 obl.
3374 2708 3431 2775 2,

2135 2778 2273 2827 sicut
2296 2777 2605 2827 Τοιήαεοος
2638 2777 2888 2827 ἀνέστης-
2923 2778 3144 2827 Χοιστά-

600 2777 859 2847 ριήμερος
893 2777 1394 2850 ἀνέστης,“Χριστέ.
1420 2777 1449 2779 ”
1697 2777 1704 2779 ⁷
2135 2778 2273 2831 sicut
2296 2777 2605 2849 Τριήμερος
2638 2777 2888 2849 ἀνέστης,
2923 2778 3144 2848 Χριστιν

273 2868 338 2920 Ἦ
397 2867 555 2940 χάρις
614 2869 1013 2941 ὑπερίσχυσεν,
1068 2875 1100 2943 ή
1146 2872 1324 2937 πίστις
1374 2874 1764 2944 ἐπεκράτησεν,

1760 2917 1764 2933 ,
1939 2870 2121 2925 Gratia
2181 2869 2507 2939 praevaluit,
2571 2870 2915 2939 exsuperavit
2968 2868 3141 2932 ﬁdes,
3194 2868 3423 2925 scientia

196 2958 485 3031 ἐπληρώθη
537 2960 713 3014 πάντα
746 2961 996 3030 γνώσεως
1053 2963 1207 3027 Θεοῦ,
1263 2964 1348 3017 διὰ
1384 2965 1490 3017 τῶν
1536 2965 1768 3017 ἀποστό-

1876 2959 1967 3013 Dei
2002 2960 2219 3028 impleta
2266 2970 2397 3014 sunt
2442 2960 2643 3024 omnia,
2681 2974 2777 3029 per
2807 2960 3103 3029 apostolos,
3150 2968 3312 3029 atque
3342 2961 3435 3015 do-

196 3055 323 3119 λων,
376 3052 464 3109 διὰ
492 3054 600 3109 τῶν
650 3054 1004 3119 διδασκάλων,
1062 3056 1155 3108 καὶ
1201 3058 1469 3129 σωτηροῖαν
1510 3057 1768 3128 ἐπλουτή-

1393 3058 1469 3110 law
1510 3057 1768 3128 ἐπλουτή-
1868 3062 2074 3115 ctores,
2100 3060 2154 3106 et
2183 3066 2279 3105 nos
2310 3052 2481 3105 salute
2508 3051 2820 3119 locupletati
2848 3066 3056 3106 sumus.

201 3163 387 3217 σαμεν.

272 3238 481 3306 Στιχος.
512 3238 890 3307 Κανχήσονται
914 3238 1048 3291 ὅσιοι
1074 3241 1130 3292 ἐν
1156 3239 1303 3309 δόξῃ.
1798 3242 1838 3295 C

1798 3242 1838 3295 C
1947 3234 2034 3287 55.
2070 3232 2275 3289 Versic.
2305 3234 2663 3289 Exsultabunt
2688 3231 2864 3291 sancti
2897 3233 2949 3287 in
2975 3232 3168 3304 gloria.

268 3328 509 3399 Οὑράνια
556 3328 849 3399 μυστήρια,
888 3328 1204 3399 ἀνθρώπινα
1259 3330 1579 3401 μαθήματα,
1622 3349 1747 3403 χαρι

1945 3324 2197 3379 (Σωιεειία
2246 3340 2440 3378 arcana
2467 3365 2482 3390 ,
2524 3327 2769 3380 humanae
2813 3324 3082 3389 scientite,
3131 3338 3425 3379 concursus

206 3422 423 3492 σμάτων
453 3420 721 3493 συνδρομὴ
750 3422 1105 3476 παντοδαπῶν
1156 3422 1298 3493 μετὰ
1340 3422 1775 3495 κατορθωμάτων

1771 3442 1775 3465 .
1877 3418 2166 3488 gratiarum
2215 3417 2391 3471 omnis
2444 3417 2658 3488 generis
2695 3432 2816 3471 cum
2846 3426 2993 3470 recte
3042 3416 3223 3480 factis,
3272 3430 3434 3486 supe-

205 3513 475 3567 νικώντων
502 3514 679 3567 πάντα
700 3514 875 3583 λόγον,
901 3517 1025 3579 τοὺς
1060 3518 1207 3587 τρεῖς
1224 3516 1409 3583 ἁγίους
1425 3515 1776 3586 ἐθαυμάστω·

1773 3547 1776 3555 -
1880 3516 2122 3569 rantibus
2145 3530 2361 3569 omnem
2392 3514 2717 3579 orationem,
2750 3514 2847 3570 hos
2879 3523 2988 3569 tres
3017 3523 3237 3569 sanctos
3267 3514 3436 3569 admi-

212 3622 326 3659 σαν.

1882 3606 2083 3661 rabiles
2106 3605 2304 3660 fecere.

283 3700 491 3769 Στίχος.
534 3700 597 3752 Οἱ
642 3700 806 3769 ἱερεῖς
846 3717 959 3763 σου,
989 3700 1183 3770 Κύριε,
1216 3701 1524 3754 ἐνδύσονται
1571 3701 1776 3752 δικαιο-

1773 3729 1776 3737 ι
1950 3694 2039 3749 56.
2098 3696 2304 3749 Versic.
2364 3694 2683 3750 Sacerdotes
2748 3696 2853 3760 tui,
2915 3696 3162 3760 Domine,
3216 3697 3436 3753 inductu

212 3789 393 3859 σύνην.

1884 3785 2168 3855 justitiam.

278 3882 553 3945 Βασίλειος
585 3883 613 3934 ὁ
654 3881 831 3945 ἔνθεος
865 3881 1006 3946 νοῦς,
1057 3881 1355 3953 Γρηγόριος
1387 3881 1421 3950 ὴ
1453 3878 1571 3931 θεία
1605 3878 1775 3949 φωνὴ.

1953 3879 2194 3935 Basilius
2257 3896 2408 3935 mens
2463 3880 2571 3936 Deo
2635 3878 2832 3949 plena,
2904 3875 3203 3946 Gregorius
3260 3876 3439 3932 divina

226 3972 471 4044 Ἰωάννης
496 3976 523 4025 ὁ
551 3973 885 4043 παγκόσμιος
919 3973 1195 4045 λαμπτὴρ,
1216 3975 1265 4026 οἱ
1288 3976 1434 4045 τρεῖς
1455 3975 1552 4044 τῆς
1574 3972 1779 4025 ἀνωτὰο
1885 3990 1889 4005 ε

1775 4001 1779 4010 ι
1885 3988 2008 4037 vox,
2038 3970 2276 4027 Joannes
2305 3974 2449 4025 omni
2483 3987 2547 4026 ex
2579 3983 2733 4042 parte
2760 3980 3012 4027 ornatum
3036 3968 3438 4037 candelabrum,

212 4080 286 4116 τω
314 4064 641 4135 Θεράποντες
664 4066 885 4135 Τριάδος
913 4066 1003 4117 καὶ
1028 4066 1328 4119 λειτουργοὶ
1354 4063 1780 4129 συνδοξαξέσθω-

1774 4093 1780 4103 -
1883 4075 1994 4118 tres
2024 4066 2255 4119 ministri
2276 4065 2867 4136 supremze’Trinilatis
2889 4082 2951 4119 ac
2981 4066 3293 4118 sacerdotes
3313 4078 3437 4119 con-

218 4170 331 4208 σαν.
1881 4156 2276 4226 ςΙοΓίίιςθιιιιινο

336 4246 491 4313 Δόξα.
1252 4244 1422 4319 Ἧχος
1454 4250 1634 4311 αὑτός.

2022 4250 2223 4306 Gloria.
2930 4243 3107 4300 Tomis
3140 4248 3301 4306 idem.

284 4334 377 4400 Εὖ.
404 4338 581 4391 δοῦλοι
618 4339 809 4407 ἁγαθοὶ
850 4342 943 4395 καὶ
977 4342 1178 4407 πιστοὶ,
1202 4336 1282 4405 εὖ,
1311 4343 1536 4414 ἐργάται
1563 4343 1655 4395 τοῦ
1676 4344 1781 4413 άμ-

1952 4343 2040 4397 57.
2108 4340 2267 4396 Servi
2330 4340 2454 4397 boni
2510 4349 2563 4394 et
2615 4338 2829 4403 ﬁdeles,
2883 4338 3050 4394 seduli
3103 4336 3334 4407 operarii
3392 4337 3444 4391 in

221 4431 452 4495 πελῶνος
484 4431 741 4501 Χριστοῦ,
759 4434 805 4483 οἱ
828 4434 920 4484 καὶ
950 4434 1009 4485 τὸ
1037 4432 1199 4503 βάρος
1227 4436 1324 4502 τῆς
1354 4434 1562 4504 ἡμέρας
1588 4434 1781 4503 βαστά-

1891 4432 2091 4489 Christi
2128 4435 2307 4497 vinea,
2335 4434 2427 4502 qui
2469 4433 2722 4502 portastis
2754 4436 2963 4501 pondus
3002 4432 3131 4497 diei,
3161 4432 3213 4483 el
3262 4430 3444 4483 datum

220 4539 426 4587 σαντες,
470 4522 563 4581 καὶ
592 4523 655 4575 τὸ
685 4522 962 4593 δεδομένον
1000 4525 1257 4577 τάλαντον
1288 4522 1636 4595 αὐξήσαντες,
1688 4524 1781 4575 καὶ
1828 4594 1837 4595 7

1828 4594 1837 4595 ί
1891 4526 2145 4581 talentum
2174 4525 2429 4593 auxistis,
2464 4540 2639 4595 neque
2675 4525 2940 4580 invidistis
2968 4534 3088 4593 post
3111 4537 3204 4577 vos
3228 4522 3447 4577 venien-

216 4618 326 4677 τοῖς
354 4614 473 4685 μεθ’
500 4616 652 4687 ὑμῶν
674 4616 885 4670 ἐλθοῦσι
906 4617 977 4688 μὴ
1013 4615 1394 4686 φθονήσαντες.
1414 4594 1515 4668 Διὸ
1541 4617 1783 4685 ἦνοικται
1819 4594 1858 4647 D

1819 4594 1858 4647 θ
1891 4618 2053 4672 tibus.
2096 4618 2217 4671 Ideo
2250 4618 2403 4672 vobis
2432 4594 2620 4687 aperta
2652 4630 2734 4673 cst
2766 4618 2917 4687 regni
2955 4618 3143 4685 janua.
3178 4614 3446 4669 lntrantes

222 4705 358 4777 πύλη
393 4706 669 4775 βασιλείας
700 4709 847 4778 ὑμῖν.
884 4706 1229 4769 Εἱσελθόντες
1259 4704 1348 4760 οὖν
1382 4710 1461 4770 εἰς
1494 4706 1589 4777 τὴν
1613 4705 1783 4775 χαρὰν

1891 4707 2057 4776 igitur
2079 4708 2130 4760 in
2175 4706 2431 4775 gaudium
2462 4706 2791 4771 Conditoris,
2826 4716 2977 4761 orate
3001 4720 3098 4775 pro
3127 4706 3302 4770 nobis,
3324 4718 3449 4757 san-

218 4798 306 4851 τοῦ
336 4801 679 4870 ποιησαντος,
708 4800 1077 4868 πρεσϐεύσατε
1102 4798 1238 4868 ὑπὲρ
1264 4801 1439 4869 ἡμῶν,
1472 4802 1612 4867 ἅγιοι
1637 4797 1782 4849 διδάο

595 4817 679 4862 τος,
708 4800 1077 4868 πρεσϐεύσατε
1102 4798 1238 4868 ὑπὲρ
1264 4802 1295 4868 ἡ
1307 4801 1439 4869 μῶν,
1472 4802 1612 4867 ἅγιοι
1637 4797 1782 4849 διδά-
1886 4799 1953 4853 eti
1991 4800 2258 4853 doctores.

222 4891 427 4945 σκαλοι.

341 4986 451 5037 Καὶ
484 4983 597 5036 νῦν.
1343 4982 1643 5035 Θεοτόκιον.

1639 5024 1643 5034 .
2025 4977 2090 5029 Et
2116 4991 2277 5030 nunc.
3065 4973 3302 5029 Mariale.

286 5075 475 5138 Οὐδεὶς
523 5074 871 5146 προστρέχων
916 5074 1009 5125 ἐπὶ
1072 5075 1152 5125 σοι
1194 5075 1646 5145 κατῃσχυμμένος
1678 5073 1785 5125 ἀπὸ

1781 5097 1785 5121 ›
1954 5064 2122 5121 Nemo
2160 5081 2449 5123 accurrens
2501 5072 2567 5121 ad
2600 5078 2667 5128 te.
2718 5082 2849 5135 pura
2878 5064 3035 5135 Virgo
3058 5063 3303 5121 Genitrix
3330 5068 3444 5136 Dei,

223 5167 312 5219 σοῦ
339 5167 715 5239 ἐκπορεύεται,
737 5166 871 5235 ἁγνὴ
896 5166 1139 5237 Παροὲνε
1162 5166 1407 5218 Θεοτόχε’
1424 5164 1535 5216 ἀλλ’
1559 5166 1786 5217 αἰτεῖται

1785 5208 1786 5213 η
1890 5158 2188 5215 derelictus
2217 5160 2313 5214 abs
2344 5170 2395 5215 te
2422 5160 2685 5224 discedit;
2710 5160 2803 5214 sed
2834 5161 2963 5229 petit
2996 5160 3243 5229 gratiam,
3275 5168 3329 5214 et
3352 5158 3448 5215 do-

222 5261 316 5328 τὴν
345 5260 523 5330 χάριν,
542 5260 635 5313 καὶ
660 5259 923 5329 λαμϐάνει
949 5261 1009 5312 τὸ
1026 5258 1253 5330 δώπμα
1276 5259 1411 5329 πρὸς
1437 5257 1497 5310 τὸ
1516 5258 1786 5327 συμφέρον

1230 5277 1253 5311 ι
1276 5259 1411 5329 πρὸς
1437 5257 1497 5310 τὸ
1516 5258 1786 5327 συμφέρον
1888 5267 2013 5305 num
2047 5254 2239 5321 accipit
2263 5253 2502 5323 petitioni
2544 5253 2893 5307 conveniens.

223 5351 317 5420 τῆς
349 5352 637 5422 αἰτήσεως.

293 5462 403 5517 Νῦν
428 5464 683 5527 ἀπολύεις
742 5465 833 5517 τὸν
877 5464 1060 5518 δοῦλόν
1094 5482 1208 5517 σου.
1247 5464 1319 5515 Τὸ
1355 5463 1663 5531 Τρισάγιον.

1960 5453 2107 5507 Nunc
2166 5453 2390 5508 dimittis
2464 5468 2675 5507 servum
2740 5462 2905 5504 tuum.
2964 5448 3308 5519 Trisaginm,
3386 5451 3448 5503 de

1890 5561 1996 5614 quo
2022 5563 2168 5600 num.
2201 5548 2286 5599 51.

763 5684 943 5736 ΑΠΟΛ
955 5684 1259 5737 ΥΤΙΚΙΟΝ.

1237 5685 1259 5736 ’.
2433 5673 2900 5731 DIMISSORIUM.

293 5776 357 5834 Οῑ
384 5778 495 5830 τῶν
534 5776 843 5830 ἀποστόλων
869 5775 1180 5845 ὀμότροποι,
1224 5774 1316 5826 καὶ
1352 5774 1448 5840 τῆς
1470 5772 1793 5841 οἰκουμένης

1782 5791 1793 5833 ς
1964 5771 2050 5824 58.
2084 5772 2270 5826 Iisdem
2316 5770 2509 5838 quibus
2546 5768 2768 5839 apostoli
2809 5769 3045 5822 mon’lms
3094 5767 3324 5831 przrtliti,
3366 5770 3445 5819 do

228 5867 548 5932 διδάσκαλοι,
582 5865 660 5936 τῷ
684 5866 924 5937 Δεσπότῃ
951 5864 1055 5919 τῶν
1084 5867 1217 5919 ὅλων
1250 5862 1617 5936 πρεσόεύσατε
1647 5866 1790 5936 εῑρή-

1783 5896 1790 5904 -
1898 5873 2089 5918 ctores
2129 5864 2363 5918 universi
2415 5864 2559 5918 orbis
2590 5906 2602 5927 ,
2657 5872 2807 5917 orate
2868 5864 3234 5915 universorum
3276 5859 3446 5913 Domiv
