4212 6506
1324 416 1715 482 ACOIJJTIIIA
1766 431 2104 492 TRIPLICIS
2138 438 2355 499 FESTI.

356 514 527 592 ’Υπὲρ
602 520 872 576 πλεόντων
904 563 918 588 ,
981 526 1404 600 ὁδοιπορούντων

272 701 363 753 τοῦ
398 704 601 773 Κυρίου
630 704 930 780 δεηθῶμεν.
962 714 1027 765 Χ.
1062 713 1253 786 Κύριε,
1280 701 1518 794 ἐλέησον.

354 794 524 862 Ὑπὲρ
567 796 661 850 τοῦ
710 802 970 873 ρυσθῆναι
1018 806 1164 875 ἡμᾶς
1219 812 1326 865 ἀπὸ
1378 816 1557 888 πάσης
1588 818 1835 891 sulem“

268 885 458 958 ὀργῆς,
491 887 586 940 καὶ
613 891 877 965 ἀνάγκης,
917 895 1011 949 τοῦ
1047 900 1251 973 Κυρίου
1289 885 1586 978 δεηθῶμεν.
1617 885 1696 968 Χ.-

268 995 373 1047 ριε,
408 976 649 1049 ἐλέησον.

344 1070 674 1138 ’Δντιλάϐοω
761 1075 954 1142 σῶσον,

266 1271 376 1309 σον.

334 1348 443 1418 Τῆς
488 1349 779 1417 παναγίας,
821 1355 1111 1428 ἁχράντου,
1161 1366 1688 1444 ὑπερευλογημένης,
1744 1380 1831 1433 ἐν·

260 1435 410 1500 δόξαν
462 1436 741 1513 δεσποίνης
784 1446 939 1516 ἡμῶν
987 1435 1279 1519 Θεστόκου,
1308 1460 1401 1511 καὶ
1552 1435 1829 1533 Παρθένου

261 1526 498 1596 Μαρίας,
541 1532 678 1601 μετὰ
730 1537 943 1591 πάντων
973 1541 1080 1594 τῶν
1122 1545 1291 1611 ἁγίων
1341 1526 1827 1621 μνημονεύσαντες,

258 1614 483 1682 ἑαυτοὺς
503 1622 595 1674 καὶ
622 1624 882 1697 ἀλλήλους
910 1633 1087 1684 πᾶσαν
1122 1633 1218 1705 τὴν
1255 1614 1398 1711 ζωὴν
1421 1614 1579 1713 πέλ-μῶν
1612 1614 1830 1720 Χριστᾷ

258 1709 333 1780 τῷ
357 1709 477 1783 Θεῷ
506 1717 900 1787 παραθώμεθα.
938 1722 1006 1775 Χ.
1055 1724 1165 1790 Σοὶ,
1197 1709 1391 1800 Κύριε.

324 1887 433 1939 Καὶ
462 1888 698 1957 ἐκφωνεῖ
734 1893 763 1944 6
798 1894 991 1964 ἱερεύς·
1036 1898 1158 1950 Ὅτι
1203 1901 1401 1969 πρέπει
1448 1923 1528 1959 σοι
1562 1911 1711 1964 πᾶσα
1739 1912 1823 1966 δό-

1880 1916 1895 1968 ι
1995 1917 2082 1975 75.
2121 1923 2185 1977 Et
2216 1924 2481 1979 exclamat
2526 1932 2777 1987 sacerdos

254 1972 338 2038 ξι,
364 1975 498 2047 τιμὴ
545 1979 637 2031 καὶ
687 1982 1073 2056 προσκύνησις,
1103 1986 1179 2057 τῷ
1207 1989 1401 2059 Πατρὶ,
1453 1994 1641 2065 καὶτῷ
1687 1997 1821 2067 Υίῷ,

250 2068 344 2119 καὶ
375 2065 453 2138 τῷ
486 2068 623 2141 ἁγίῳ
642 2072 941 2145 Πνεῦματι,
968 2076 1062 2130 νῦν
1078 2080 1169 2133 καὶ
1192 2082 1300 2141 ἀεὶ,
1326 2083 1418 2135 καὶ
1442 2085 1521 2148 είς
1544 2086 1665 2150 τοὺς
1697 2089 1827 2142 αἰῶ-

250 2172 345 2221 νας
372 2158 480 2214 τῶν
513 2161 743 2218 αἰώνων.
790 2166 979 2238 Ἀμήν.

327 2250 519 2305 Ἰστέον
550 2254 625 2313 δὲ.
670 2256 771 2321 δτι,
812 2259 940 2312 ὅταν
981 2260 1207 2333 λέγομεν
1237 2266 1313 2331 τὸ,
1355 2269 1684 2336 Ἀνοίξαντός
1728 2292 1820 2329 σου

244 2340 343 2408 τὴν
376 2344 567 2413 χεῖρα,
616 2347 644 2395 6
678 2346 853 2414 ἱερεὺς
901 2349 1149 2402 ἀπελθὼν
1189 2355 1335 2421 λέγει
1370 2358 1469 2422 τὰς
1516 2361 1679 2431 εὐχὰς
1722 2365 1814 2417 τοῦ

244 2426 515 2498 λυχνικοῦ,
555 2433 837 2504 ἱστάμενος
869 2436 1115 2511 ἀσκεπὴς
1161 2442 1465 2516 ἔμπροσθεν
1497 2451 1603 2503 τῶν
1647 2454 1815 2523 ἁγίων

241 2519 440 2593 θυρῶν.

307 2663 487 2755 Const,
536 2666 609 2721 Ex
655 2668 756 2723 hoc
812 2670 1278 2755 locomconlicitur,
1328 2679 1645 2755 ⁹Εσπερινόν
1691 2686 1821 2743 intet

240 2735 521 2805 ἑσπερινόν
552 2750 654 2802 est,
696 2750 862 2827 totqu
889 2741 1118 2823 omnium
1150 2735 1518 2809 vestiet'tiuunl
1596 2735 1851 2827 R-UXVLXOV

239 2820 382 2873 pars,
407 2820 499 2859 seu
530 2809 773 2876 paucula
800 2814 1089 2875 orationes,
1118 2832 1253 2883 quas
1277 2836 1378 2873 non
1410 2809 1876 2890 gravaborhdescri

854 2946 1044 3001 ΕΥΧΗ
1104 2951 1183 3006 A'.

305 3030 475 3102 Κύριε
530 3034 812 3107 οἰκτίρμον
860 3041 953 3093 καὶ
990 3040 1259 3114 ἐλεῆμον,
1304 3050 1623 3121 μακρόθυμε
1650 3092 1663 3117 ,
1719 3057 1812 3108 καὶ

235 3121 510 3190 πολυέλεε,
543 3126 795 3183 ἐνώτισαι
817 3132 915 3203 τὴν
948 3138 1256 3209 προσευχὴν
1282 3140 1460 3209 ἡμῶν,
1513 3145 1606 3197 καὶ
1638 3146 1809 3215 πρόσ-

233 3231 326 3283 χες
351 3220 414 3287 τῇ
445 3223 594 3291 φωνῇ
627 3221 729 3292 τῆς
759 3222 997 3297 δεήσεως
1037 3228 1214 3298 ἡμῶν*
1246 3232 1471 3303 ποίησον
1511 3236 1626 3305 μεθ’
1653 3238 1810 3308 ἡμῶν

234 3308 457 3373 σημεῖον
488 3308 567 3369 εἰς
594 3310 815 3377 ἀγαθόν·
850 3314 1113 3387 ὸδήγησον
1154 3320 1301 3391 ἡμᾶς
1330 3323 1387 3375 ὲν
1438 3328 1503 3397 τῇ
1540 3326 1645 3398 ὁδῷ
1690 3346 1805 3393 σου,

229 3396 323 3451 τοῦ
354 3401 677 3469 πορεύεσθαι
707 3406 764 3457 ὲν
794 3410 859 3479 τῇ
883 3410 1107 3483 ἀληθείᾳ
1127 3429 1239 3468 σουο
1270 3413 1538 3486 εὔφρανον
1563 3421 1660 3484 τὰς
1680 3439 1807 3493 καρ-

228 3488 346 3553 δίας
380 3492 536 3563 ἡμῶν
574 3496 654 3559 εὶς
679 3496 741 3547 τὸ
766 3498 1045 3565 φοϐεῖσθαι
1094 3505 1154 3557 τὸ
1182 3505 1352 3577 ὄνομά
1401 3526 1493 3562 σου
1526 3512 1586 3565 τὸ
1629 3488 1801 3581 ἅγιον·

227 3581 360 3635 διότι
389 3585 561 3654 μέγας
592 3582 643 3640 εἴ
680 3590 744 3642 σὺ
780 3591 872 3643 καὶ
924 3592 1092 3647 ποιῶν
1141 3595 1440 3668 θαυμάσιαο
1484 3606 1546 3655 σὺ
1583 3600 1633 3656 εἷ
1676 3608 1803 3671 θεὸς

231 3674 413 3742 μόνος,
448 3678 541 3729 καὶ
569 3680 669 3733 οὐκ
694 3680 840 3735 ἐστιν
889 3683 1072 3754 ὅμοιός
1100 3704 1180 3742 σοι
1204 3692 1261 3742 ἐν
1286 3690 1446 3755 θεοῖς,
1484 3694 1677 3765 Κύριε,
1710 3697 1803 3750 δυ-

227 3764 386 3829 νατὸς
412 3767 469 3817 ὲν
501 3769 659 3834 ἐλέει,
716 3774 807 3826 καὶ
832 3775 1033 3843 ἀγαθὸς
1064 3779 1119 3830 ἐν
1155 3779 1319 3850 ίσχύῖ,
1352 3783 1433 3846 είς
1465 3782 1526 3836 τὸ
1566 3785 1801 3857 βοηθεῖν,

228 3857 320 3909 καὶ
352 3861 705 3925 παρακαλεῖν,
742 3866 833 3918 καὶ
865 3868 1057 3931 σώζειν
1087 3871 1295 3937 πάντας
1326 3878 1452 3939 τοὺς
1484 3878 1803 3944 ἐλπίζοντας

223 3950 305 4012 εἰς
327 3950 497 4021 ὄνομα
546 3969 639 4006 σου
671 3954 731 4007 τὸ
779 3956 951 4025 ἅγιονο
988 3962 1069 4014 ὅτι
1105 3965 1304 4032 πρέπει
1353 3984 1434 4021 σοι
1475 3972 1624 4024 πᾶσα
1652 3972 1799 4039 δόξα,

221 4044 355 4114 τιμὴ
391 4044 485 4097 καὶ
514 4047 894 4119 προσκύνησις,
921 4051 998 4122 τῷ
1019 4053 1210 4125 Πατρὶ,
1240 4058 1331 4109 καὶ
1350 4058 1426 4129 τῷ
1456 4061 1589 4130 Υίῷ,
1608 4064 1700 4115 καὶ
1723 4065 1800 4135 τῷ

223 4134 364 4204 ἁγίῳ
401 4136 699 4207 Πνεύματι,
733 4140 847 4206 νῦν,
885 4146 979 4197 καὶ
1030 4146 1140 4214 ἀεὶ,
1193 4148 1284 4201 καὶ
1314 4150 1393 4213 εἰς
1442 4151 1568 4215 τοὺς
1600 4134 1800 4220 αξῶνας

222 4226 327 4280 τῶν
358 4226 589 4283 αἰώνων.
630 4233 819 4304 Ἀμήν.

847 4327 1036 4381 ΕΥΧΗ
1078 4331 1151 4383 B'.

288 4410 483 4482 Κύριε»
521 4412 594 4485 μὴ
625 4413 702 4484 τῷ
740 4414 896 4486 θυμῷ
932 4435 1026 4471 σου
1064 4420 1289 4493 ἐλέγξῃς
1333 4427 1500 4495 ἡμᾶς»
1558 4432 1690 4503 μηδὲ
1726 4435 1792 4504 τῇ

218 4505 352 4575 ὀργῇ
390 4522 482 4557 σου
510 4507 802 4582 παιδεύσῃς
832 4512 999 4581 ἡμᾶς’
1037 4512 1173 4568 ἀλλὰ
1214 4516 1438 4588 ποίησον
1474 4522 1593 4591 μεθ’
1638 4527 1793 4596 ἡμῶν

218 4598 356 4650 κατὰ
400 4596 498 4668 τὴν
550 4600 847 4656 ἐπιείκειάν
886 4621 1001 4668 σου,
1046 4608 1195 4680 ίατρὲ
1225 4612 1320 4663 καὶ
1348 4611 1655 4685 θεραπευτὰ
1686 4619 1792 4673 τῶν

215 4689 399 4759 ψυχῶν
434 4692 607 4762 ήμῶν·
669 4694 931 4764 ὁδήγησον
962 4700 1109 4769 ἡμᾶς
1149 4703 1241 4755 ἐπὶ
1266 4704 1458 4775 λιμένα
1491 4707 1793 4780 θελήματός

215 4796 327 4832 σουο
366 4781 599 4849 φώτισον
623 4788 745 4849 τοὺς
776 4786 1083 4858 ὀφθαλμοὺς
1110 4793 1215 4846 τῶν
1250 4798 1489 4869 καρδιῶν
1520 4802 1676 4872 ήμῶν
1708 4806 1790 4869 εις

212 4872 505 4940 ἐπίγνωσιν
547 4876 647 4946 τῆς
701 4876 800 4945 σῆς
834 4880 1106 4950 ἀληθείαςο
1146 4884 1240 4937 καὶ
1277 4887 1516 4961 δώρησαι
1545 4894 1675 4964 ἡμῖν
1728 4898 1788 4950 τὸ

210 4958 395 5017 λοιπὸν
417 4966 515 5034 τῆς
543 4968 821 5041 παρούσης
853 4973 1065 5043 ἡμέρας
1096 4958 1368 5046 εἰρηνικὸν
1404 4958 1499 5038 διαὶ
1539 4958 1787 5062 ἀναμάρ-

208 5073 391 5127 τητον,
424 5059 518 5115 καὶ
548 5061 723 5116 πάντα
745 5063 836 5115 τὸν
886 5066 1076 5136 χρόνον
1125 5069 1222 5139 τῆς
1250 5068 1394 5141 ζωῆς
1440 5076 1616 5146 ἡμῶν,
1651 5059 1783 5151 πρέ-

210 5151 418 5215 σεείαις
446 5152 546 5220 τῆς
575 5155 732 5223 ἁγίας
777 5158 1037 5211 Θεοτόκου
1075 5164 1168 5215 καὶ
1202 5164 1415 5218 πάντων
1450 5169 1558 5222 τῶν
1590 5172 1779 5240 ἁγίων.

208 5243 328 5297 Ὀτι
356 5243 448 5297 σὺν
476 5243 538 5296 τὸ
563 5245 781 5315 κράτος,
815 5251 908 5302 καὶ
941 5251 1033 5304 σοῦ
1062 5253 1258 5323 ἐστινὴ
1298 5254 1565 5324 βασιλεία,
1619 5265 1714 5317 καὶ
1749 5269 1781 5337 ἡ

207 5334 453 5407 δύναμις,
474 5337 570 5391 καὶ
602 5340 637 5409 ὴ
656 5338 800 5405 δόξα.
821 5341 914 5393 τοῦ
946 5343 1157 5414 Πατρὸς
1176 5386 1191 5409 ,
1217 5348 1312 5400 καὶ
1349 5348 1442 5401 τοῦ
1477 5351 1632 5415 Υίοῦ,

207 5427 294 5480 τοῦ
331 5427 488 5496 ἁγίου
508 5429 841 5500 Πνεῦματος,
860 5432 975 5495 νῦν,
1008 5436 1101 5488 καὶ
1123 5438 1229 5500 ἀεὶ,
1265 5441 1355 5491 καὶ
1380 5444 1459 5505 είς
1490 5443 1617 5508 τοὺς
1645 5447 1779 5501 αίῶ-

209 5533 299 5581 νας
326 5519 435 5571 τῶν
464 5518 695 5573 αἰώνων.
737 5522 928 5593 Ἀμήν.

836 5594 1024 5647 ΕΥΧΗ
1071 5597 1140 5650 I".

269 5679 444 5751 Κύριε
488 5683 517 5735 ὁ
546 5681 677 5745 Θεὸς
708 5682 886 5753 ἡμῶν,
935 5687 1199 5759 μνήσθητι
1243 5692 1399 5762 ἡμῶν
1440 5694 1548 5748 τῶν
1590 5697 1770 5771 ἁμαρο

203 5769 383 5826 τωλῶν
417 5773 512 5827 καὶ
538 5773 772 5843 ἀχρείων
802 5774 1003 5831 δούλων
1051 5796 1163 5845 σου,
1189 5782 1247 5835 ἐν
1276 5782 1355 5853 τῷ
1398 5769 1768 5844 ἐπικαλεῖσθαι

202 5861 347 5935 ἡμᾶς
374 5863 435 5917 τὸ
466 5864 619 5933 ἆγιοιν
646 5866 815 5938 δνςμά
854 5886 960 5922 τουπ
993 5872 1081 5924 καὶ
1121 5871 1191 5943 μὴ
1226 5876 1587 5950 καταισχύνῃς
1622 5881 1766 5951 ἡμᾶς

1440 578 1455 601 ,
1515 544 1847 613 νοσούντων,
1880 560 1925 612 Α
2022 554 2127 611 Pro
2206 561 2578 631 navigantibus
2623 601 2641 627 ,

273 613 605 679 καμνόντων,
650 614 1028 685 αἰχμαλώτων,
1062 625 1154 675 καὶ
1194 625 1292 695 τῆς
1343 633 1612 703 σωτηρίας
1642 640 1838 708 αὐτῶν,

1044 1084 1265 1155 ἐλέησον
1280 1128 1294 1150 ,
1359 1092 1452 1145 καὶ
1512 1095 1836 1169 διαφύλαξον

264 1163 450 1232 ἡμᾶς,
504 1171 531 1222 6
566 1168 734 1232 Θεὸς,
787 1173 851 1241 τῇ
900 1177 965 1244 σῇ
1016 1178 1221 1247 χάριτι.
1291 1183 1356 1238 Χ.
1411 1188 1582 1261 Κύριε
1604 1163 1625 1254 ,⁷
1682 1163 1835 1267 ἐλέη-

1887 2838 2030 2897 bere.

3256 475 3522 527 CCCIIUII

2720 564 2823 619 lter
2921 571 3265 642 agentibus,
3355 578 3520 633 inﬁr-

1945 647 2087 716 mis,
2138 649 2503 709 laborantibus
2543 694 2558 718 ,
2622 657 2892 725 captivis,
2943 674 2997 717 et
3049 680 3237 721 eorum
3292 668 3512 739 salute,

1945 736 2224 794 Dominum
2271 756 2570 811 precemur.
2627 746 2725 801 Ch.
2778 749 3038 817 Domine,
3102 760 3378 816 miserere.

2016 829 2082 885 Ut
2134 831 2433 890 liberemur
2485 839 2552 893 ab
2600 839 2747 893 omni
2799 856 3062 909 aerumna,
3110 852 3284 921 plaga,
3319 864 3374 908 et
3421 867 3515 911 ne-

1940 923 2224 990 cessitate,
2309 923 2599 983 Dominum
2690 946 2992 1003 precemur.
3066 935 3164 994 Ch.
3245 943 3500 1004 Domine.

1942 1027 2216 1071 miserere.

2008 1100 2253 1172 Suscipe,
2284 1122 2462 1175 serva,
2508 1111 2767 1169 miserere
2806 1127 2860 1171 et
2910 1121 3123 1174 custodi
3170 1136 3291 1189 nos,
3343 1124 3506 1193 Deus,

1939 1200 2027 1245 tua
2062 1198 2263 1261 gratia.
2293 1200 2395 1255 Ch.
2425 1201 2672 1265 Domine,
2698 1208 2974 1266 miserere.

2005 1369 2389 1441 Sanctissimae,
2434 1375 2786 1447 intemerata,
2831 1397 2992 1453 super
3030 1401 3217 1446 omnes
3270 1392 3495 1448 benedio

1932 1472 2055 1523 cun,
2081 1462 2328 1531 gloriosae
2356 1468 2593 1523 Domime
2622 1482 2820 1527 nostrae
2849 1473 3115 1545 Deiparze,
3171 1491 3224 1535 et
3282 1498 3504 1555 semper

1930 1552 2151 1622 virginis
2215 1553 2397 1612 Maria:
2470 1576 2534 1613 ac
2612 1565 2852 1619 omnium
2919 1580 3235 1627 sanctorum
3298 1591 3501 1632 memo-

1931 1644 2063 1699 riam
2113 1658 2357 1717 agentes,
2400 1666 2498 1705 nos
2535 1652 2702 1723 ipsos,
2733 1667 2787 1711 et
2818 1658 3071 1725 invicem,
3117 1676 3171 1720 et
3199 1667 3361 1721 vitam
3395 1682 3491 1724 no—

1927 1745 2093 1790 stram
2147 1739 2363 1797 Christo
2432 1742 2542 1799 Deo
2590 1749 3030 1807 commendemus
3097 1772 3110 1808 :
3166 1756 3264 1811 Ch.
3322 1759 3482 1826 Tibi,

1931 1825 2169 1884 Domine.

2834 1951 2848 1988 :
2901 1935 3035 2003 Quia
3090 1942 3339 1995 convenit
3397 1946 3489 2000 tibi

1923 2014 2102 2064 munis
2132 2014 2325 2081 gloria,
2368 2016 2542 2071 honor
2572 2031 2625 2074 et
2652 2021 2917 2089 adoratio,
2949 2028 3117 2095 Patri,
3158 2040 3211 2086 et
3249 2032 3406 2099 Filio,
3437 2046 3495 2093 et

1923 2098 2147 2168 Spiritui
2172 2116 2361 2160 sancto
2391 2126 2406 2164 :
2434 2125 2574 2167 nunc
2598 2123 2653 2168 et
2693 2129 2908 2186 semper
2936 2130 2989 2174 et
3018 2122 3069 2175 in
3098 2128 3292 2180 saecula
3319 2144 3488 2185 saecu-

1922 2190 2119 2248 lorum.
2148 2196 2337 2253 Amen.

2010 2283 2300 2341 Sciendum
2337 2301 2517 2346 autem
2540 2305 2622 2350 est
2642 2337 2657 2362 ,
2696 2304 2837 2369 quod
2865 2307 3079 2373 quando
3111 2309 3341 2366 dicimus
3372 2327 3495 2367 ver-

1921 2374 2147 2430 siculum
2178 2380 2469 2447 Aperiente
2513 2394 2563 2440 te
2601 2404 2854 2459 mantnn,
2888 2399 3140 2454 sacerdos
3198 2402 3395 2457 haheat
3433 2413 3490 2460 et

1922 2468 2113 2519 recitet
2152 2470 2427 2527 orationes
2454 2474 2745 2537 luccrnarii
2778 2494 2927 2540 stans
2956 2488 3196 2547 detectus
3217 2504 3341 2550 ante
3365 2512 3491 2551 san-

1919 2564 2035 2611 ctas
2058 2556 2221 2618 fores.

1880 2696 2229 2796 etnluxvzxdv
2271 2706 2563 2796 discrimen
2623 2731 2742 2771 esse
2786 2733 2890 2773 non
2940 2721 3228 2796 modicum.
3281 2726 3486 2796 Quippe

1906 2780 2033 2821 vero
2081 2790 2173 2829 seu
2215 2794 2235 2827 ι
2269 2777 2630 2839 lucernarium
2674 2806 2692 2838 ι
2733 2797 2815 2842 est
2873 2798 3081 2847 tantum
3119 2777 3324 2864 aliqu;
3367 2777 3484 2869 eers

2533 2990 2795 3047 ORATIO
2823 2991 2863 3049 Ι.

1978 3068 2066 3125 76.
2119 3071 2340 3131 Domine
2383 3079 2694 3136 misericors
2749 3093 2804 3137 et
2852 3084 3102 3155 benigne,
3161 3090 3482 3163 longanimis

1910 3168 1963 3212 et
2000 3161 2225 3217 multum
2252 3165 2509 3236 clemens,
2542 3174 2767 3229 auribus
2794 3178 3009 3248 percipe
3039 3161 3476 3249 deprecationem

1911 3263 2171 3319 nostram,
2201 3264 2255 3311 et
2291 3259 2509 3313 attende
2547 3264 2662 3317 voci
2708 3269 2969 3323 orationis
3006 3280 3242 3340 nostras,
3273 3273 3356 3330 lac
3384 3293 3478 3331 no.

1909 3340 2116 3398 hiscum
2142 3348 2352 3417 signum
2389 3350 2442 3405 in
2477 3352 2713 3421 bonum;
2768 3359 2941 3413 deduc
2980 3376 3077 3416 nos
3122 3364 3174 3417 in
3225 3366 3309 3421 via
3363 3375 3474 3430 tua,

1909 3442 1966 3486 ut
2002 3435 2053 3488 in
2095 3440 2323 3493 veritate
2368 3450 2458 3494 tua
2489 3446 2847 3504 ambulemus.
2895 3450 3151 3509 Exhilara
3184 3458 3347 3513 corda
3381 3475 3479 3514 no-

1907 3535 2045 3589 stra,
2108 3538 2166 3583 ut
2208 3530 2496 3589 timeamus
2553 3552 2745 3593 nomen
2807 3552 3058 3597 sanctum
3116 3556 3307 3613 tuum,
3346 3552 3473 3621 quia

1906 3635 2129 3690 magnus
2153 3637 2213 3678 es
2244 3633 2321 3690 tu,
2354 3635 2407 3680 et
2440 3628 2649 3684 faciens
2680 3632 2981 3701 mirabilia;
3031 3644 3085 3690 tu
3118 3653 3179 3693 es
3220 3639 3361 3696 Deus
3385 3657 3473 3697 so-

1902 3707 2006 3774 lus,
2039 3723 2225 3767 etnon
2276 3726 2358 3770 est
2398 3718 2594 3775 similis
2628 3723 2701 3776 tui
2738 3724 2791 3777 in
2828 3724 2951 3793 diis,
2976 3726 3228 3795 Domine,
3282 3743 3474 3802 potens

1904 3801 1956 3855 in
1986 3806 2356 3862 misericordia
2386 3821 2441 3864 et
2476 3813 2647 3868 bonus
2676 3816 2727 3867 in
2758 3816 2981 3885 virtute,
3012 3829 3064 3873 ut
3100 3837 3390 3879 succurras
3414 3837 3469 3880 et

1902 3894 2201 3951 consoleris
2250 3909 2306 3951 et
2352 3915 2535 3955 serves
2598 3919 2786 3959 omnes
2832 3921 3113 3976 sperantes
3147 3915 3197 3966 in
3253 3917 3469 3971 nomine

1904 3991 2016 4039 tuo.
2051 3984 2185 4051 Quia
2218 3992 2472 4045 convenit
2505 3994 2599 4047 tibi
2630 3996 2807 4051 omnis
2834 3998 3027 4068 gloria,
3050 4004 3224 4058 honor
3261 4019 3315 4060 et
3336 4008 3470 4063 θύος

1901 4076 2043 4130 ratio
2068 4115 2082 4140 ,
2121 4076 2267 4133 Patri
2302 4091 2355 4135 et
2385 4082 2520 4138 Filio
2574 4093 2629 4138 et
2665 4096 2854 4143 sancto
2908 4088 3133 4160 Spiritui
3167 4113 3180 4149 :
3213 4111 3357 4153 nunc
3414 4110 3470 4155 et

1899 4178 2115 4235 setnper
2136 4178 2191 4222 et
2210 4169 2261 4222 in
2286 4171 2476 4225 saacula
2510 4174 2849 4231 smculorum.
2880 4180 3069 4241 Amen.

2495 4350 2753 4409 ORATIO
2796 4355 2859 4411 II.

1967 4435 2053 4489 7‘1.
2101 4436 2343 4502 Domine,
2383 4456 2449 4495 ne
2489 4442 2543 4497 in
2580 4443 2765 4501 furore
2796 4456 2886 4501 tuo
2913 4464 3110 4518 arguas
3146 4467 3263 4514 nos.
3288 4467 3463 4524 neque

1896 4525 1948 4578 in
1978 4526 2056 4580 ira
2087 4536 2173 4581 tua
2202 4532 2463 4601 corripias
2516 4551 2614 4591 nos
2643 4554 2657 4590 :
2688 4538 2782 4591 sed
2824 4537 2909 4593 fac
2940 4538 3219 4595 nobiscum
3264 4556 3461 4598 secun-

1893 4616 2018 4671 dum
2050 4620 2475 4677 misericordiam
2512 4634 2682 4688 tuam,
2710 4628 2916 4682 medice
2977 4639 3032 4683 et
3078 4640 3299 4685 curator
3328 4632 3449 4686 ani-

1892 4722 2099 4762 marum
2151 4723 2494 4782 nostrarum;
2533 4718 2735 4785 perduc
2768 4733 2866 4773 nos
2902 4720 2968 4774 ad
3013 4733 3231 4790 portum
3265 4724 3460 4780 volun-

1893 4800 2017 4854 tatis
2066 4806 2413 4867 tum;oculos
2461 4807 2703 4861 cordinm
2756 4818 3070 4866 nostrorum
3101 4813 3340 4870 illumlna
3400 4818 3455 4873 in

1891 4900 1992 4946 tua:
2035 4897 2280 4953 veritatis
2315 4901 2681 4968 agnitionem,
2737 4912 2899 4973 atque
2931 4904 3155 4973 hujusce
3182 4907 3287 4964 diei
3324 4911 3454 4965 reli-

1886 5001 2074 5053 quum,
2108 5002 2375 5056 omneque
2407 4991 2529 5045 vita:
2561 5003 2758 5049 nostra:
2799 5007 3007 5066 tempus
3049 5000 3354 5067 paciﬁcum,
3398 5012 3453 5057 et

1885 5092 1914 5128 a
1964 5090 2192 5145 peccato
2232 5080 2462 5136 liberum
2512 5099 2629 5138 esse
2669 5084 2903 5156 largire,
2973 5092 3456 5150 intercessionibus

1884 5180 2087 5224 sanctae
2117 5171 2209 5225 Dei
2240 5172 2528 5229 Geuitricis
2555 5186 2608 5230 et
2634 5179 2872 5233 omnium
2912 5191 3247 5236 sanctorum.
3306 5181 3442 5251 Quia

1884 5269 1971 5312 tua
1995 5270 2079 5315 est
2105 5271 2366 5331 potestas,
2401 5274 2549 5320 tuum
2586 5278 2673 5323 est
2698 5285 2923 5340 regnum
2958 5280 3014 5325 et
3040 5272 3214 5327 virtus
3256 5286 3312 5330 et
3338 5275 3453 5345 glo-

1884 5352 1985 5417 ria,
2016 5350 2193 5409 Patris
2220 5365 2274 5410 et
2319 5356 2437 5412 Filii
2472 5370 2527 5413 et
2555 5361 2729 5415 saneti
2768 5362 3027 5430 Spiritus,
3069 5378 3211 5419 nunc
3232 5375 3284 5421 et
3306 5380 3451 5422 sem-

1880 5460 1997 5515 per,
2017 5454 2072 5501 et
2112 5446 2166 5502 in
2200 5450 2392 5504 szecula
2420 5450 2766 5507 saeculorum.
2796 5453 2985 5508 Amen.

2473 5607 2731 5665 ORATIO
2772 5608 2861 5665 ιιι.

1951 5698 2039 5755 78.
2093 5700 2317 5755 Domine
2357 5702 2499 5757 Deus
2548 5717 2748 5769 noster,
2799 5718 3074 5766 memento
3110 5711 3283 5767 nostri
3317 5727 3446 5783 pec-

1880 5800 2123 5845 calorum
2149 5802 2204 5846 et
2236 5794 2505 5848 inutilium
2532 5811 2813 5853 servorum
2849 5810 3061 5857 tuorum
3085 5843 3101 5869 ,
3133 5819 3251 5858 cum
3289 5808 3444 5862 Invo-

1876 5899 2067 5939 camus
2106 5896 2349 5945 sanctum
2398 5902 2592 5945 nomen
2625 5897 2806 5959 tuum;
2844 5902 2991 5949 etne
3020 5894 3316 5953 confundas
3342 5912 3442 5955 nos
