4230 6490
715 442 978 482 CCCXXX"

2079 419 2610 475 PROLECOMENA.

715 557 744 595 a
781 547 1166 595 misericordiae
1225 549 1328 593 tua:
1371 541 1808 610 exspectatione;
1859 542 1950 595 sed
1978 541 2156 592 omnia
2211 538 2276 590 ad
2306 539 2385 594 Ai

2306 539 2352 594 A
2380 537 2487 590 ἀπὸ
2525 539 2623 607 τῆς
2657 537 2976 610 προσδοκίας
3009 540 3099 591 τοῦ
3152 539 3334 602 ἐλέους
3393 553 3507 597 σου,
3557 535 3691 590 ἀλλὰ
3736 538 3956 610 χάρισαι

715 632 944 687 salutem
974 630 1223 685 facientia
1253 632 1521 700 postulata
1549 633 1817 696 concede;
1848 643 1904 688 et
1937 631 2022 684 lac
2046 641 2106 684 ut
2128 646 2274 684 ame-

717 738 834 778 mus
864 730 918 774 et
958 723 1243 776 timeamus
1271 732 1322 776 te
1368 737 1436 776 ex
1486 735 1594 779 toto
1636 726 1819 788 corde,
1852 734 1904 780 et
1943 723 1995 776 in
2027 724 2276 777 omnibus

713 813 1047 868 voluntatem
1097 824 1241 866 tuam
1299 829 1682 885 exsequamur.
1717 815 1850 884 Quia
1883 816 2055 869 bonus
2083 825 2137 869 et
2176 818 2271 870 ho-

715 905 921 957 minum
956 919 1145 958 amans
1195 903 1336 959 Deus
1366 920 1446 970 es,
1508 909 1710 975 tibique
1748 907 1973 978 gloriam
2028 907 2277 975 rependi-

716 1009 857 1057 tnus,
905 993 1074 1060 Patri,
1110 1005 1166 1050 et
1215 995 1374 1061 Filio,
1411 1009 1464 1051 et
1494 1009 1682 1052 sancto
1724 998 1986 1066 Spiritui,
2021 1011 2164 1053 nunc
2225 1008 2280 1052 et

715 1100 949 1156 semper,
977 1097 1031 1142 et
1061 1090 1112 1142 in
1143 1091 1338 1143 saecula
1368 1090 1705 1144 smeulorum.
1735 1090 1928 1146 Amen.

1303 1263 1555 1321 ORATIO
1600 1263 1688 1321 1V.

795 1358 881 1425 79,
911 1357 996 1413 80.
1043 1357 1142 1424 Qui
1180 1371 1283 1411 non
1331 1357 1575 1412 tacituris
1632 1357 1880 1414 laudibus
1913 1368 1966 1414 et
2001 1375 2277 1432 nunquam

721 1452 952 1507 linienda
1003 1451 1393 1522 glorificatione
1432 1467 1461 1504 a
1495 1452 1696 1507 sanctis
1719 1452 2009 1508 virtutibus
2039 1455 2281 1510 celebra-

718 1547 832 1612 ris;
870 1546 1030 1616 imple
1066 1561 1129 1600 os
1189 1555 1428 1599 nostrum
1465 1544 1619 1599 laude
1674 1554 1764 1599 tua
1788 1586 1803 1610 ,
1839 1554 1896 1598 ut
1930 1548 2131 1602 nomini
2191 1558 2280 1601 tuo

717 1651 913 1695 sancto
952 1641 1236 1694 reddamus
1269 1635 1720 1706 magniﬁcentiam
1760 1652 1773 1688 :
1805 1646 2003 1691 etcum
2033 1639 2282 1694 omnibus

719 1733 810 1802 qui
841 1733 967 1787 tein
998 1734 1223 1787 veritate
1256 1733 1468 1796 timent,
1490 1742 1543 1785 et
1573 1731 1822 1783 mandata
1858 1739 1948 1786 tua
1971 1732 2278 1795 observant,

719 1835 924 1895 partem
952 1836 1003 1879 et
1043 1834 1241 1879 sortem
1276 1824 1429 1878 nobis
1467 1822 1767 1892 impertire,
1805 1825 2056 1892 precibus
2079 1833 2281 1878 sancta:

2381 629 2530 696 ἡμῖν,
2567 629 2759 698 Κύριε,
2793 629 2968 682 πάντα
2997 628 3066 680 τὰ
3097 630 3232 698 πρὸς
3256 627 3526 699 σωτηρίαν
3550 627 3848 696 αἰτήματα,
3867 629 3958 680 καὶ

2382 719 2613 784 ἀξίωσον
2649 724 2794 791 ἡμᾶς
2825 722 3045 790 ἀγαπᾷν
3087 720 3180 773 καὶ
3219 721 3499 788 φοϐεῖσθαί
3533 736 3590 771 σε
3623 719 3680 784 ἐξ
3713 720 3840 789 ὅλης
3871 723 3957 790 ιῆς

2382 813 2604 885 καρδίας
2635 816 2814 885 ἡμῶν,
2866 815 2960 867 καὶ
3008 816 3179 866 ποιεῖν
3217 814 3274 864 ὲν
3303 817 3437 866 πᾶσι
3479 814 3539 867 τὸ
3585 812 3797 881 οέλημά
3836 830 3952 866 σου.

2384 907 2504 958 Ὅτι
2543 906 2746 972 ἀγαθὸς
2767 906 2861 960 καὶ
2894 904 3272 976 φιλάνθρωπος
3286 903 3417 967 Θεὸς
3438 907 3721 977 ὑπάρχεις,
3757 903 3849 954 καί
3878 921 3958 956 σοι

2381 996 2480 1066 τὴν
2513 995 2669 1059 δόξαν
2703 997 3120 1069 ἀναπέμπομεν,
3147 995 3225 1064 τῷ
3260 995 3456 1065 Πατρὶ.
3483 999 3575 1050 καὶ
3606 997 3683 1068 τῷ
3703 993 3838 1062 Υἱῷ,
3867 995 3960 1049 καὶ

2385 1087 2460 1157 τῷ
2487 1086 2622 1155 ἁγίῳ
2649 1088 2947 1159 Πνεύματι,
2991 1088 3086 1141 νῦν
3118 1085 3211 1139 καὶ
3235 1086 3341 1147 ἀεὶ,
3378 1086 3468 1138 καὶ
3503 1089 3580 1150 είς
3600 1090 3724 1150 τοὺς
3748 1082 3952 1148 αἰῶνας

2387 1179 2490 1232 τῶν
2521 1178 2752 1242 αἰώνων,
2780 1180 2973 1251 Ἀμήν.

3026 1271 3215 1323 ΕΥΧΗ
3239 1273 3312 1324 Δ’.

2467 1361 2526 1413 ’0
2578 1363 2692 1426 τοῖς
2738 1362 3018 1430 ἀσιγὴτοις
3047 1359 3237 1430 ὕμνοις
3271 1361 3366 1413 καὶ
3410 1357 3706 1422 ἀπαύστοις
3748 1358 3960 1426 δοξολο-

2385 1454 2532 1523 γίαις
2564 1454 2668 1507 ὑπὸ
2694 1453 2801 1506 τῶν
2831 1453 3000 1520 ἁγίων
3049 1452 3330 1521 δυνάμεων
3357 1448 3594 1520 ἁνυμνού
3605 1469 3784 1519 μενος,
3821 1452 3957 1521 πλή-

2392 1567 2560 1620 ρωσον
2588 1550 2649 1602 τὸ
2680 1548 2852 1617 στόμα
2892 1547 3049 1618 ἡμῶν
3076 1544 3469 1617 τῆςιαὶνέσεώς
3499 1561 3613 1606 σου,
3644 1546 3737 1597 τοῦ
3778 1546 3959 1599 δοῦναι

2392 1640 2764 1711 μεγαλοσύνην
2809 1637 2887 1706 τῷ
2912 1638 3136 1707 ὀνόματί
3196 1657 3287 1692 σου
3317 1636 3395 1709 τῷ
3418 1638 3572 1707 ἁγίῳ·
3604 1635 3698 1687 καὶ
3719 1635 3806 1698 δὸς
3829 1638 3962 1706 ἡμῖν

2392 1732 2584 1803 μερίδα
2604 1732 2696 1783 καὶ
2730 1729 2929 1799 κλῆρον
2956 1732 3094 1800 μετὰ
3130 1733 3344 1785 πάντων
3378 1730 3482 1783 τῶν
3511 1725 3862 1797 φοϐουμένων
3900 1743 3959 1778 σε

2391 1825 2446 1876 ἐν
2467 1821 2710 1890 ἀληθεία,
2747 1821 2840 1872 καὶ
2880 1820 3258 1889 φυλασσόντων
3285 1823 3384 1883 τὰς
3421 1819 3635 1882 ἐντολάς
3689 1834 3802 1879 σου,
3830 1832 3961 1885 πρε-

722 1893 966 1986 lieipara:
1003 1925 1057 1972 et
1081 1915 1320 1970 omnium
1371 1927 1683 1972 sanctorum
1724 1927 1958 1972 tuorum.
1992 1916 2126 1981 Quia
2158 1932 2284 1972 con-
2318 1893 2392 1965 Β(

2318 1893 2361 1947 Β
2388 1916 2594 1978 σϐείαις
2642 1915 2744 1984 τῆς
2789 1913 2948 1982 ἁγίας
2976 1913 3238 1967 Θεοτόκου
3277 1913 3371 1965 καὶ
3401 1913 3615 1966 πάντων
3651 1910 3757 1964 τῶν
3790 1907 3961 1976 ἁγίων

722 2007 870 2060 venit
894 2004 988 2060 tibi
1016 2006 1195 2062 omnis
1222 2007 1413 2078 gloria,
1443 2009 1616 2063 honor
1647 2017 1701 2062 et
1742 2007 2006 2071 adoratio,
2035 2007 2203 2076 Patri,
2231 2019 2286 2063 et

724 2096 883 2159 Filio,
916 2107 971 2153 et
1000 2109 1186 2154 sancto
1225 2100 1468 2168 Spiritui,
1495 2114 1635 2153 nunc
1669 2109 1721 2153 et
1750 2114 1982 2168 semper,
2009 2111 2061 2156 et
2100 2102 2153 2157 in
2193 2120 2287 2158 saec

722 2189 841 2243 cuia
871 2191 1205 2244 saeculorum.
1240 2190 1431 2243 Amen.

1327 2360 1588 2423 ORATIO
1616 2366 1680 2421 ν.

798 2454 890 2509 8|.
962 2453 1226 2521 Domine,
1279 2456 1527 2528 Domine,
1595 2460 1685 2528 qui
1748 2459 1943 2514 illibata
1994 2469 2080 2513 tua
2122 2475 2282 2512 manu

724 2549 975 2604 contines
1001 2551 1205 2614 omnia,
1242 2551 1331 2620 qui
1373 2551 1696 2620 longanimis
1727 2566 1785 2606 cs
1814 2565 1974 2618 super
2022 2565 2120 2605 nos
2170 2568 2286 2604 om-

725 2657 842 2706 nes,
872 2650 924 2694 et
959 2643 1048 2709 qui
1073 2655 1236 2708 super
1274 2643 1475 2695 nostris
1525 2642 1671 2694 vitiis
1704 2643 2076 2706 ptenitentiant
2131 2647 2280 2713 agis;

724 2730 1076 2784 reminiscere
1135 2729 1538 2784 miserationum
1578 2741 1790 2784 tuarum
1822 2740 1872 2784 et
1904 2733 2285 2788 misericordia:

726 2833 856 2889 tuae;
887 2825 1098 2892 respice
1125 2839 1222 2878 nos
1251 2825 1302 2878 in
1337 2823 1579 2879 bonitate
1625 2833 1736 2890 tua,
1762 2834 1814 2879 et
1841 2826 2096 2890 concede,
2137 2835 2195 2880 ut
2236 2837 2288 2880 et

727 2917 935 2985 reliquo
960 2917 1115 2983 hujus
1154 2918 1256 2972 diei
1284 2927 1522 2988 tempore
1548 2919 1727 2973 varias
1767 2918 1986 2989 maligni
2012 2921 2283 2974 maeltina-

726 3008 903 3059 tiones
934 3006 1168 3074 elI'ugere
1201 3019 1288 3060 tua
1320 3011 1492 3075 gratia
1525 3009 1821 3063 valeamus.
1868 3008 2092 3064 Custodi
2123 3012 2287 3064 vitam

725 3105 966 3150 nostram
1023 3095 1092 3148 ab
1122 3096 1335 3150 insidiis
1364 3096 1609 3158 liberam,
1644 3098 1813 3161 gratia
1852 3100 2178 3151 sanctissimi
2215 3103 2286 3152 tui

2386 2025 2498 2062 σου.
2533 2007 2654 2060 Ὅτι
2690 2007 2891 2077 πρέπει
2917 2023 2994 2058 σοι
3033 2008 3178 2056 πᾶσα
3207 2003 3352 2068 δόξα,
3387 2005 3516 2074 τιμὴ
3549 2006 3639 2056 καὶ
3659 2001 3963 2074 προσκύνη-

2386 2115 2488 2158 σις,
2522 2095 2599 2165 τίς)
2638 2097 2834 2167 lla-:91,
2872 2098 2964 2150 καὶ
2997 2094 3072 2163 τῷ
3104 2093 3236 2162 Υἱῷ,
3269 2095 3360 2146 καὶ
3383 2094 3458 2164 τῷ
3493 2096 3628 2164 ἁγίῳ
3658 2094 3955 2163 Πνεύματι,

2384 2189 2478 2241 νῦν
2536 2191 2628 2241 καὶ
2688 2191 2794 2253 ἀεὶ,
2859 2188 2950 2240 καὶ
3004 2188 3084 2249 εἰς
3132 2187 3256 2248 τοὺς
3315 2186 3515 2249 αἰῶνας
3566 2187 3673 2237 τῶν
3727 2184 3959 2237 αἰώνων.

2397 2281 2453 2331 ’Λ
2463 2281 2567 2351 μήν
2576 2322 2587 2334 .

3016 2371 3203 2423 ΕΥΧΗ
3240 2370 3314 2424 Ε’.

2454 2467 2644 2538 Κύριε,
2691 2464 2882 2537 Κύριε,
2917 2466 2944 2516 6
2966 2467 3031 2533 τῇ
3055 2464 3307 2534 ἀχράντῳ
3333 2481 3424 2515 σου
3460 2463 3681 2531 παλάμῃ
3723 2461 3960 2529 συνέχων

2385 2561 2451 2614 τὰ
2490 2562 2798 2631 σύμπαντα,
2854 2555 3223 2627 μακροθυμῶν
3279 2556 3370 2606 ἐπὶ
3413 2555 3615 2613 πάντας
3664 2555 3832 2622 ἡμᾶς,
3869 2553 3960 2605 καὶ

2389 2651 2663 2722 μετανοῶν
2704 2652 2796 2703 ἐπὶ
2851 2652 2969 2712 ταῖς
2997 2648 3215 2711 κακίαις
3243 2646 3419 2717 ἡμῶν,
3450 2645 3712 2716 μνήσθητι
3753 2645 3861 2698 τῶν
3882 2648 3959 2698 oi-

2387 2743 2630 2814 κτιρμῶν
2665 2759 2756 2794 σου
2791 2742 2884 2792 καὶ
2903 2739 2997 2792 τοῦ
3036 2739 3217 2802 ἐλέους
3250 2755 3362 2790 σοιν
3406 2737 3696 2806 ἐπίσκεψαι
3735 2740 3880 2808 ἡμᾶς
3903 2739 3961 2791 ἐν

2386 2838 2452 2906 τῇ
2487 2833 2785 2904 ἀγαοὸτητί
2834 2851 2950 2894 σου,
2998 2833 3093 2886 καὶ
3125 2832 3212 2895 δὸς
3259 2833 3388 2901 ἡμῖν
3444 2829 3724 2899 διαφυγεῖν
3763 2830 3857 2882 καὶ
3902 2828 3961 2879 τὸ

2388 2928 2569 2981 λοιπὸν
2597 2927 2696 2997 τῆς
2724 2927 3002 2998 παρούσης
3021 2926 3231 2996 ἡμέρας
3258 2927 3323 2995 τῇ
3355 2928 3420 2995 σῇ
3451 2925 3631 2994 χάριτι
3665 2921 3848 2974 ἐκτῶν
3867 2919 3958 2972 τοῦ

2389 3021 2624 3092 πονηροῦ
2679 3021 2936 3074 ποικίλων
2989 3019 3416 3089 μηχανημάτων.
3487 3013 3961 3068 Ἀνεπιϐούλευτον

2389 3115 2486 3182 τὴν
2513 3113 2655 3181 ζωὴν
2692 3113 2846 3182 ἡμῶν
2871 3111 3194 3178 διαφύλαξον
3232 3113 3295 3178 τῇ
3337 3109 3515 3176 χάριτι
3552 3107 3642 3158 τοῦ
3691 3105 3960 3171 παναγίου

726 3187 989 3256 Spiritus.
1023 3187 1396 3243 misericordia
1437 3197 1492 3241 et
1528 3187 1859 3256 benignitate
1893 3192 2153 3257 unigeniti
2214 3193 2284 3242 tui
2316 3227 2356 3282 C
2394 3228 2396 3245 .

2316 3227 2356 3282 ο
2394 3219 2486 3253 σου
2535 3203 2870 3271 Πνεύματος,
2905 3202 3042 3252 ἐλέει
3081 3202 3173 3252 καὶ
3204 3198 3580 3267 φιλανθρωπία
3609 3195 3701 3247 τοῦ
3739 3211 3959 3264 μονογε-

726 3279 876 3344 Filii,
906 3296 1026 3334 eum
1054 3296 1161 3349 quo
1192 3281 1502 3335 benedictus
1547 3295 1606 3333 es
1631 3319 1647 3343 ,
1685 3293 1808 3332 cum
1843 3279 2187 3334 sanctissimo
2235 3292 2289 3333 et

727 3373 870 3425 Iiono
901 3381 954 3425 et
976 3371 1188 3426 viviﬂco
1217 3382 1306 3426 tuo
1334 3372 1558 3439 Spiritu,
1593 3386 1735 3426 nunc
1758 3380 1813 3427 et
1853 3385 2063 3440 semper
2119 3380 2173 3424 et
2234 3370 2287 3425 in

725 3461 920 3516 saecula
956 3461 1295 3516 szeculorum.
1329 3465 1517 3516 Amen.

1324 3551 1580 3608 ORATIO
1611 3552 1698 3608 Vl.

799 3647 888 3701 82.
947 3647 1085 3701 Deus
1135 3663 1324 3718 magne
1368 3657 1422 3703 et
1474 3651 1843 3714 admirabilis,
1888 3651 1982 3720 qui
2035 3651 2293 3706 inelI'abili

730 3740 973 3794 bonitate
1000 3749 1055 3794 et
1093 3740 1400 3794 abundante
1434 3742 1771 3808 providentia
1818 3753 2010 3800 cuncta
2059 3745 2294 3797 admini-

733 3842 914 3899 stras;
965 3833 1054 3902 qui
1085 3834 1223 3888 datis
1273 3836 1424 3889 nobis
1473 3835 1628 3905 hujus
1664 3836 1846 3890 tnundi
1891 3837 2045 3890 bonis
2074 3875 2088 3900 ,
2131 3837 2293 3890 etiam

735 3925 1059 3993 promissum
1093 3941 1316 3996 regnum
1347 3927 1501 3982 nobis
1540 3929 1918 3994 obstrinxisti;
1952 3929 2042 3999 qui
2074 3939 2297 3996 prazter-

737 4015 811 4068 ita
853 4015 957 4068 diei
985 4024 1135 4083 parte
1165 4032 1262 4086 per
1287 4032 1542 4074 concessa
1574 4021 1710 4074 bona
1741 4035 1840 4074 nos
1872 4021 2139 4077 deduxisti
2180 4040 2194 4077 :
2230 4024 2295 4076 da

737 4105 893 4158 nobis
929 4116 986 4159 ut
1019 4110 1287 4162 residuam
1315 4126 1528 4179 quoque
1561 4124 1769 4180 partem
1807 4113 2078 4183 inculpate
2113 4130 2296 4170 coram

737 4209 923 4251 saneta
949 4202 1117 4268 gloria
1148 4210 1233 4254 tua
1284 4205 1583 4272 transigere
1616 4205 1902 4275 possimus,
1931 4219 1985 4262 et
2040 4218 2092 4262 te
2123 4207 2295 4262 solum

737 4290 936 4345 bonum
992 4302 1047 4347 et
1109 4295 1394 4365 benignum
1438 4295 1605 4350 Deum
1666 4311 1910 4353 nostrum
1971 4301 2294 4357 collaudare.

739 4385 874 4450 Quia
905 4395 958 4438 tu
983 4401 1042 4440 es
1075 4387 1214 4441 Deus
1265 4397 1473 4453 noster,
1503 4399 1557 4442 et
1589 4389 1685 4444 tibi
1718 4391 1944 4460 gloriam
1995 4393 2297 4458 referimus.

737 4475 908 4544 I‘atri,
936 4488 989 4532 et
1017 4478 1172 4544 Filio,
1205 4489 1256 4534 et
1291 4493 1480 4537 sancto
1513 4483 1762 4551 Spiritui,
1789 4500 1951 4552 nunc,
1984 4496 2038 4540 et
2060 4501 2295 4555 semper,

737 4578 790 4622 et
823 4569 875 4623 in
906 4571 1097 4624 macula
1119 4573 1456 4626 saeculorum.
1493 4576 1683 4629 Anien.

1321 4753 1575 4808 ORATIO
1609 4753 1710 4807 VII.

810 4840 898 4906 85,
933 4840 1021 4896 84.
1059 4843 1199 4896 Deus
1235 4861 1425 4914 magne
1468 4859 1522 4900 et
1552 4849 1782 4907 excelse.
1818 4849 1907 4918 qui
1945 4847 2093 4904 solus
2136 4850 2305 4906 babes

742 4931 1240 4996 immortalitatem;
1295 4939 1385 5005 qui
1441 4939 1608 4992 Iucetn
1667 4941 1878 4995 habitas
1930 4941 2300 5008 inaccessam;

742 5023 834 5090 qui
866 5034 1172 5079 creaturam
1211 5041 1425 5082 omnem
1464 5031 1516 5082 in
1541 5032 1803 5098 sapientia
1843 5033 2170 5098 condidisti;
2213 5035 2302 5101 qni

743 5112 974 5167 divisisti
1008 5114 1178 5170 lucem
1200 5132 1228 5168 a
1259 5118 1495 5170 tenebris
1523 5133 1536 5183 ;
1564 5121 1654 5187 qui
1687 5122 2018 5176 constituisti
2045 5123 2211 5176 solem
2247 5134 2305 5176 nt

745 5216 1006 5277 praeesset
1043 5207 1167 5271 diei,
1203 5207 1384 5261 lunam
1435 5223 1563 5263 vero
1593 5227 1656 5265 ac
1691 5214 1875 5270 stellas
1904 5225 1963 5268 ut
2015 5225 2308 5285 praeessent

749 5300 926 5364 nocti;
962 5299 1051 5368 qui
1091 5315 1188 5355 nos
1214 5310 1526 5369 peccatores
1554 5314 1604 5356 et
1635 5303 1735 5358 bac
1777 5306 1907 5359 liora
1934 5322 2308 5376 pmoceupare

746 5391 942 5446 faciem
985 5401 1129 5444 tuam
1185 5392 1236 5445 iu
1292 5393 1674 5459 confessione,
1720 5407 1772 5450 et
1823 5400 2162 5468 vespertinas
2215 5400 2307 5453 tibi

747 5483 932 5537 laudes
961 5480 1154 5538 oﬂerre
1193 5483 1445 5548 voluisti;
1487 5485 1602 5554 ipse
1636 5487 1864 5556 benigne
1917 5490 2085 5558 dirige
2110 5490 2309 5543 oratio-

747 5590 868 5627 nem
900 5584 1162 5636 nostram.
1195 5575 1336 5629 sicut
1368 5576 1650 5631 incensum
1690 5578 1740 5630 in
1773 5589 2066 5646 conspectu
2112 5589 2223 5644 tuo,
2260 5591 2313 5634 et

748 5683 866 5720 eam
908 5667 962 5722 in
985 5674 1206 5722 odorem
1244 5670 1531 5724 suavitatis
1578 5650 1825 5725 admitte.
1864 5672 1966 5726 Sed
1993 5681 2047 5726 et
2075 5687 2314 5741 praesen-

749 5765 858 5810 tem
891 5772 1169 5826 vesperam
1198 5769 1252 5813 et
1300 5769 1610 5828 sequentem
1670 5772 1881 5816 noctem
1933 5764 2088 5818 nobis
2141 5767 2316 5818 tri‘nue

750 5849 1052 5917 pacilicam.
1080 5851 1237 5906 Lucis
1269 5854 1437 5909 armis
1480 5851 1640 5910 indue
1675 5869 1791 5910 nos.
1832 5854 2020 5911 Libera
2045 5871 2145 5912 nos
2177 5872 2204 5910 a
2247 5857 2316 5910 ti-

2391 3293 2516 3355 νοῦς
2551 3310 2643 3344 σου
2677 3293 2830 3351 Υίοῦ,
2858 3292 2977 3362 μεθ’
2999 3285 3060 3344 οὗ
3090 3290 3380 3360 εὐλογητὸς
3410 3285 3459 3342 εἶ
3486 3290 3580 3342 σὺν
3607 3287 3683 3359 τῷ
3717 3289 3964 3357 παναγίῳ

2391 3383 2484 3436 καὶ
2508 3381 2694 3453 ἀγαθῷ
2726 3383 2817 3435 καὶ
2869 3383 3116 3455 ζωοποιῷ
3150 3400 3241 3436 σου
3268 3382 3563 3452 Πνεύματι,
3609 3379 3704 3433 νῦν
3737 3380 3833 3433 καὶ
3857 3381 3963 3443 ἀεὶ,

2394 3476 2486 3528 καὶ
2521 3476 2599 3538 είς
2626 3475 2752 3540 τοὺς
2775 3476 2976 3541 αἰῶνας
2996 3477 3100 3530 τῶν
3126 3476 3356 3530 αἰώνων.
3391 3477 3580 3544 Ἀμήν.

3021 3570 3206 3622 sr-xu
3239 3571 3330 3635 ς’.

2476 3663 2534 3712 '0
2583 3660 2712 3723 Θεὸς
2761 3661 2930 3730 μέγας
2986 3661 3077 3713 καὶ
3136 3657 3478 3727 Θαυμαστὸς,
3519 3658 3545 3706 ὁ
3593 3654 3967 3725 ἀνεκδιηγήτῳ

2396 3752 2718 3822 ἀγαθωσύνῃ
2752 3754 2845 3804 καὶ
2879 3751 3106 3820 πλουσία
3133 3750 3357 3819 προνοίᾳ
3379 3747 3593 3800 διοικῶν
3617 3748 3684 3800 τα
3721 3747 3969 3817 σύμπαν-

2397 3863 2482 3905 τα,
2507 3848 2533 3896 6
2555 3846 2644 3896 καὶ
2667 3844 2735 3894 τὰ
2765 3845 3036 3911 ὲγκόσμια
3071 3841 3250 3909 ἀγαθὰ
3283 3844 3413 3912 ἡμῖν
3442 3841 3847 3911 δωρησάμενος,
3875 3843 3968 3894 καὶ

2396 3935 2782 4004 κατεγγυησας
2809 3937 2940 4004 ἡμῖν
2972 3933 3068 4004 τὴν
3103 3934 3516 4005 ἐπηγγελμένην
3554 3934 3851 4002 βασιλείαν·
3881 3936 3968 3988 διὰ

2397 4026 2493 4094 τῆς
2529 4025 2628 4097 ἤδη
2662 4025 3073 4096 κεχαρισμένων
3100 4025 3318 4094 ἀγαθῶν
3340 4025 3659 4096 ὁδοποιήσας
3699 4026 3854 4096 ἡμῖν,
3876 4029 3969 4081 καὶ

2397 4118 2496 4186 τῆς
2522 4118 2734 4187 ἡμέρας
2758 4117 2817 4169 τὸ
2863 4118 3128 4188 παρελθὸν
3173 4119 3334 4190 μέρος
3371 4118 3476 4171 ἀπὸ
3502 4118 3700 4182 παντὸς
3727 4119 3969 4172 ἐκκλῖναι

2399 4203 2590 4254 κακοῦο
2647 4202 2890 4274 δώρησαι
2924 4209 3056 4276 ἡμῖν
3092 4207 3187 4260 καὶ
3224 4206 3286 4259 τὸ
3338 4206 3626 4260 ὑπόλοιπον
3668 4208 3968 4278 ἀμέμπτως

2401 4293 2679 4349 ἐκτελέσαι
2705 4294 2931 4348 ἐνώπιον
2959 4299 3056 4366 τῆς
3079 4296 3236 4364 ἁγίας
3261 4297 3416 4367 δόξης
3439 4315 3552 4360 σου,
3594 4299 3779 4366 ὑμνεῖν
3810 4317 3864 4350 σε
3881 4299 3969 4350 τὸν

2406 4390 2563 4460 μόνον
2613 4389 2815 4456 ἀγαθὸν
2845 4389 2938 4441 καὶ
2983 4389 3358 4459 φιλάνθρωπον
3392 4390 3522 4442 Θεὸν
3550 4388 3724 4457 ἡμῶν.
3755 4391 3875 4440 Ὅτι
3906 4391 3967 4442 σὺ

2404 4478 2455 4534 εἷ
2497 4485 2524 4534 ό
2552 4481 2683 4543 Θεὸς
2703 4479 2874 4552 ἡμῶν,
2901 4480 2992 4532 καὶ
3025 4481 3106 4531 σοὶ
3134 4481 3232 4549 τὴν
3266 4479 3417 4545 δόξαν
3456 4479 3871 4549 ἁναπέμπομεν,
3895 4480 3970 4548 τῷ

2326 4599 2377 4658 D
2404 4575 2599 4646 Πατρὶ,
2632 4575 2725 4628 καῖ¹
2745 4574 2824 4644 τῷ
2859 4572 2990 4641 Υἱῷ,
3028 4573 3119 4625 καὶ
3148 4572 3224 4642 τῷ
3260 4573 3396 4642 ἁγίῳ
3419 4571 3717 4641 Πνεύματι,
3748 4572 3842 4624 νῦν
3878 4575 3970 4625 καὶ

2404 4666 2508 4727 ἀεὶ,
2541 4666 2634 4718 καὶ
2663 4668 2739 4728 εἰς
2771 4667 2893 4726 τοὺς
2920 4663 3118 4726 αἰῶνας
3142 4663 3246 4716 τῶν
3273 4663 3499 4716 αἰώνων.
3535 4665 3725 4733 Ἀμήν.

3033 4755 3221 4807 ΕΥΧΗ
3268 4757 3340 4810 Ζ’.

2487 4847 2544 4898 'O
2582 4844 2711 4906 Θεὸς
2743 4843 2912 4914 μέγας
2939 4845 3030 4895 καὶ
3066 4843 3308 4912 ὕψιστος,
3337 4845 3364 4895 6
3399 4844 3552 4913 μόνος
3591 4843 3730 4914 ἔχων
3777 4847 3972 4900 ἀοανα-

2408 4937 2546 4999 σίαν,
2580 4935 2694 5004 φῶς
2725 4937 2887 4988 οἰκῶν
2917 4935 3230 5006 ἀπρόσιτον,
3277 4939 3304 4988 ὁ
3337 4939 3516 4989 πᾶσαν
3561 4938 3657 5008 τὴν
3691 4939 3869 4992 κτίσιν
3917 4941 3974 4991 ὲν

2408 5030 2568 5098 σοφίᾳ
2589 5029 3014 5099 δημιουργήσας,
3044 5029 3070 5078 6
3100 5027 3426 5098 διαχωρίσας
3446 5029 3716 5097 ἁναμέσον
3739 5030 3834 5082 τοῦ
3865 5047 3971 5097 φω-

2406 5122 2494 5183 τὸς
2517 5123 2612 5174 καὶ
2641 5121 2910 5190 ἁναμέσον
2930 5119 3023 5172 τοῦ
3056 5119 3300 5183 σκότους,
3325 5121 3417 5173 καὶ
3455 5121 3545 5172 τὸν
3568 5121 3718 5188 ἣλιον
3754 5121 3973 5188 Οέμενος

2407 5215 2484 5275 εἰς
2512 5211 2758 5275 ἐξουσίαν
2790 5211 2889 5280 τῆς
2911 5211 3140 5281 ἡμέρας,
3180 5210 3407 5281 σελήνην
3434 5212 3490 5264 δὲ
3521 5212 3613 5264 καὶ
3645 5211 3881 5281 ἀστέρας
3901 5213 3975 5273 είς

2410 5303 2656 5370 ἐξουσίαν
2688 5305 2782 5374 τῆς
2811 5303 3022 5367 νυκτὸς,
3050 5305 3077 5355 ὁ
3101 5302 3442 5369 καταξιώσας
3484 5306 3628 5373 ἡμᾶς
3649 5305 3773 5365 τους
3801 5304 3974 5374 ἁμαρ-

2411 5398 2612 5459 τωλοὺς
2643 5398 2735 5448 καὶ
2780 5397 2869 5447 ἐπὶ
2914 5397 3012 5464 τῆς
3053 5395 3333 5464 παρούσης
3382 5395 3526 5465 ὧρας
3565 5394 3872 5464 προφθάσαι
3916 5393 3975 5445 τὸ

2415 5489 2700 5560 πρόσωπόν
2739 5505 2830 5540 σου
2885 5489 2940 5538 ἐν
2985 5487 3388 5556 ἐξομολογήσει,
3420 5489 3511 5540 καὶ
3540 5487 3636 5556 τὴν
3687 5488 3975 5557 ἐσπερινήν

2418 5596 2496 5632 σοι
2521 5579 2821 5645 δοξολογίαν
2850 5595 2953 5647 προ
2964 5581 3235 5645 σαγαγεῖνο
3268 5579 3445 5640 αὐτὸς,
3466 5577 3833 5646 φιλάνθρωπε,
3853 5595 3979 5630 κατ-

2417 5673 2630 5726 εύΟυνον
2672 5674 2767 5741 τὴν
2801 5673 3104 5741 προσευχὴν
3164 5673 3319 5742 ἡμῶν
3355 5672 3427 5733 ὡς
3461 5669 3708 5740 θυμίαμα
3755 5670 3977 5723 ἐνώπιόν

2421 5781 2534 5825 σου,
2570 5763 2662 5816 καὶ
2702 5763 2990 5833 πρόσδεξαι
3023 5762 3286 5832 αὐτὴνείς
3323 5762 3494 5832 ὀσμὴν
3518 5762 3761 5826 εὐωδίας·
3803 5762 3975 5834 παρά-

2427 5873 2548 5924 σχου
2568 5854 2622 5907 δὲ
2658 5856 2786 5924 ἡμῖν
2819 5856 2913 5923 τὴν
2942 5853 3220 5925 παροῦσαν
3241 5855 3474 5924 ἑσπέραν
3497 5855 3588 5907 καὶ
3613 5855 3708 5924 τὴν
3725 5853 3976 5908 ἐπιοῦσαν
