4230 6506
1377 455 1774 512 ACOLUTHIA
1815 457 2152 518 TRIPLICIS
2189 463 2405 520 FESTI.

3245 481 3481 522 meum

262 587 428 626 νυκτα
459 572 762 644 εἰρηνικήν.
807 571 1061 626 Ἐνδυσον
1095 574 1239 644 ἡμᾶς
1268 573 1407 629 ὅπλα
1433 577 1627 645 φωτός.
1643 577 1830 631 Ῥὖσαι
1858 596 1904 652 Α

1814 596 1830 631 ι
1858 596 1904 652 Α
1938 598 2086 639 more
2115 595 2398 649 nocturno,
2454 592 2508 638 et
2539 582 2686 638 omni
2721 584 2936 654 negotio
2970 586 3371 652 pcrznnbulante
3430 587 3483 641 in

261 665 405 733 ἡμᾶς
427 663 534 716 ἀπὸ
567 664 734 733 φόὸου
768 663 1105 736 νυκτερινοῦ,
1138 666 1232 719 καὶ
1265 667 1464 730 παντὸς
1511 668 1831 740 πράγματος

262 758 317 808 ὲν
349 755 533 809 σκότει
559 756 1036 827 διαπορευομένου·
1076 756 1170 809 καὶ
1200 756 1290 820 δὸς
1317 758 1409 812 τὸν
1432 758 1618 823 ὕπνον,
1670 760 1730 814 ὃν
1753 763 1832 824 είς

261 851 566 906 ἀνάπαυσιν
585 855 650 922 τῇ
680 850 929 920 ἀσθενείᾳ
953 850 1110 921 ἡμῶν
1145 851 1423 922 ἐδωρήσω,
1447 853 1627 924 πάσης
1649 853 1832 908 διαδο-

261 943 418 1014 λικῆς
461 943 762 1014 φαντασίας
787 942 1224 1014 ἀπηλλαγμένον.
1253 945 1376 1008 Ναὶ,
1413 943 1678 1008 Δέσποτα,
1725 945 1832 998 τῶν

261 1036 482 1104 ἀγαθῶν
511 1035 733 1108 χορηγὲ,
764 1036 851 1090 ἵνα
887 1036 980 1089 καὶ
995 1037 1087 1089 ἐπὶ
1115 1038 1234 1098 ταῖς
1261 1035 1468 1099 κοίταις
1486 1036 1642 1107 ήμῶν
1661 1053 1832 1090 κατα-

261 1125 566 1196 νυγόμενοι,
599 1123 1021 1196 μνημονεύωμεν
1049 1127 1104 1177 ὲν
1130 1125 1286 1176 νυκτὶ
1305 1125 1399 1178 τοῦ
1432 1125 1693 1196 ὀνόματός
1716 1143 1830 1191 σου,

264 1219 355 1272 καὶ
387 1219 452 1287 τῇ
501 1216 698 1287 μελέτῃ
721 1215 828 1270 τῶν
859 1215 965 1269 σῶν
1003 1215 1227 1268 ἐντολῶν
1258 1217 1747 1288 καταυγαζόμενοι,
1775 1219 1833 1271 ὲν

261 1307 579 1377 ἀγαλλιάσει
601 1307 797 1379 ψυχῆς,
833 1306 1202 1376 διαναστῶμεν
1238 1306 1373 1378 πρὸς
1408 1306 1713 1376 δοξολογίαν
1735 1307 1835 1378 τῆς

262 1401 363 1468 σῆς
384 1399 741 1469 άγαθότητος,
765 1399 975 1469 δεήσεις
1001 1398 1096 1451 καὶ
1123 1399 1331 1461 ἱκεσίας
1359 1401 1424 1469 τῇ
1463 1401 1528 1470 σῇ
1560 1399 1831 1468 εὐσπλαγ-

261 1493 390 1564 χνίᾳ
417 1492 787 1564 προσάγοντες
816 1489 955 1562 ὑπὲρ
983 1490 1090 1543 τῶν
1117 1490 1261 1544 ἰδίων
1292 1491 1704 1562 ἁμαρτημάτων
1741 1490 1836 1544 καὶ

260 1581 466 1646 παντὸς
499 1581 591 1635 τοῦ
635 1579 764 1633 λαοῦ
802 1595 918 1640 σου,
953 1579 1012 1632 ὃν
1040 1581 1160 1643 ταῖς
1204 1579 1519 1650 πρεσϐείαις
1548 1580 1645 1650 τῆς
1674 1581 1834 1647 ἁγίας

262 1674 526 1729 Θεοτόκου
561 1674 618 1724 ὲν
650 1671 788 1723 ἐλέει
810 1671 1120 1740 ἐπίσκεψαι.
1149 1672 1270 1724 Ὅτι
1304 1669 1505 1738 ἀγαθὸς
1531 1672 1624 1724 καὶ⁸
1645 1671 1833 1738 φιλάν-

263 1766 482 1837 θρωπος
503 1762 632 1825 Θεὸς
665 1762 947 1832 ὑπάρχεις,
971 1763 1062 1816 καὶ
1089 1763 1170 1814 σοὶ
1205 1761 1303 1832 τὴν
1336 1760 1493 1825 δόξαν
1518 1762 1833 1831 ἀναπέμπο-

267 1875 388 1928 μεν,
420 1856 497 1927 τῷ
529 1853 726 1927 Πατρὶ.
760 1857 852 1909 καὶ
879 1854 958 1925 τῷ
989 1854 1119 1923 Υίῷ,
1146 1854 1238 1907 καὶ
1263 1853 1339 1924 τῷ
1366 1853 1504 1925 ἁγίῳ
1537 1853 1831 1923 Πνεύματι,

1933 676 2189 731 tenebris.
2217 677 2501 739 Somnum,
2533 690 2691 744 quem
2725 673 2778 729 in
2805 684 3005 730 nostra:
3036 677 3363 733 inﬁrmitatis
3398 693 3484 733 re-

1931 765 2106 834 quiem
2165 764 2397 830 dedisti,
2440 765 2507 818 da
2555 764 2623 817 ah
2661 763 2806 817 omni
2857 764 3120 819 diabolica
3166 766 3490 836 cogitatione

1933 853 2181 908 liberum.
2214 855 2316 918 Ita,
2356 853 2600 916 Domine,
2626 854 2886 909 bonorum
2926 853 3191 924 largitor;
3219 864 3276 908 ut
3313 856 3365 909 in
3398 871 3489 909 cu-

1932 945 2126 1000 bilibns
2158 946 2358 1000 nostris
2388 944 2697 1014 compuncti
2719 986 2734 1008 ,
2767 945 3174 1001 meminerimus
3202 960 3360 1001 noctu
3393 961 3490 1002 no-

1932 1035 2094 1090 minis
2139 1036 2249 1099 tui;
2299 1045 2354 1091 et
2387 1036 2844 1091 commentatione
2874 1036 3245 1092 mandatorum
3277 1048 3486 1093 tuorum

1934 1120 2209 1186 illustrati,
2243 1122 2295 1175 in
2337 1122 2504 1176 animi
2529 1120 2914 1188 exsultatione,
2937 1125 3001 1178 ad
3035 1125 3316 1180 dicendam
3346 1125 3492 1182 boni-

1935 1214 2062 1267 tatis
2087 1223 2188 1267 tna:
2217 1212 2464 1281 gloriam,
2494 1228 2879 1285 exsurgamus;
2912 1229 3102 1284 preces
3135 1226 3190 1270 et
3220 1217 3494 1288 supplica-

1936 1305 2106 1359 tiones
2162 1314 2264 1360 tua
2312 1307 2704 1362 misericordiae
2756 1306 3067 1374 oﬂ'erentes,
3119 1325 3215 1378 pro
3256 1311 3493 1378 peccatis

1933 1397 2169 1467 propriis
2190 1405 2245 1452 et
2273 1399 2450 1452 cuncti
2479 1398 2657 1468 papuli
2689 1399 2787 1462 tui,
2817 1415 2974 1469 quem
3005 1403 3257 1472 precibus
3291 1413 3494 1458 sanctae

1935 1489 2027 1543 Dei
2075 1488 2364 1544 Genitricis
2405 1490 2700 1544 clementer
2737 1501 2980 1562 protege,
3035 1493 3160 1560 quia
3207 1492 3379 1548 bonus
3438 1502 3495 1548 et

1937 1579 2214 1632 hominum
2239 1593 2431 1633 amans
2482 1578 2624 1634 Deus
2653 1595 2735 1644 es,
2762 1581 2960 1650 tibique
2990 1580 3213 1650 gloriam
3243 1584 3493 1653 rependi-

1936 1687 2078 1734 nms,
2129 1669 2301 1734 Patri,
2331 1681 2386 1725 et
2415 1669 2552 1725 Filio
2572 1712 2586 1736 ,
2616 1681 2668 1726 et
2731 1671 2952 1742 Spiritui
2994 1683 3215 1738 sancto;
3246 1688 3391 1728 nunc
3440 1681 3498 1729 et

1934 1777 2164 1830 semper,
2187 1773 2240 1816 et
2272 1762 2322 1816 in
2363 1764 2554 1816 sarcula
2588 1764 2930 1821 szeculorum.
2958 1764 3153 1820 Amen.

263 1947 359 2004 νῦν
391 1951 484 2003 καὶ
506 1949 611 2012 ἀεὶ,
647 1947 740 2001 καὶ
780 1949 859 2010 είς
879 1947 1003 2008 τοὺς
1029 1944 1227 2007 αἰῶνας
1251 1944 1356 1997 τῶν
1377 1943 1604 1998 αἰώνων.
1641 1944 1832 2014 Ἀμήν.
1868 1939 1908 1992 Β

1203 2033 1319 2088 Jam
1355 2051 1481 2090 vero
1514 2051 1611 2091 nos
1632 2035 1890 2106 Typictttn
1923 2041 2154 2092 revncat,
2187 2029 2264 2083 sic
2291 2028 2513 2084 habens.

338 2128 472 2186 Εἶτα
514 2128 928 2201 στιχολογοῦμεν
972 2129 1033 2181 τὸ
1077 2129 1340 2200 κάθισμα,
1379 2131 1545 2199 ἥγουν
1589 2131 1670 2192 τὸ,
1710 2133 1831 2183 Μα-

1823 2160 1831 2171 .
2009 2122 2093 2175 85.
2181 2121 2390 2186 Postea,
2477 2123 2733 2176 recitatur
2813 2122 3083 2194 κάθισμα,
3145 2124 3336 2180 Beatus
3394 2127 3493 2191 vir,

266 2221 470 2292 κὰριος
495 2221 669 2288 ἀνὴρ,
700 2217 836 2288 μετὰ
866 2217 1059 2288 μέλους
1078 2219 1158 2281 εἰς
1186 2214 1316 2287 ἦχον
1349 2218 1439 2271 πλ.
1475 2218 1535 2272 δ’.

1944 2230 2064 2266 cum
2140 2215 2500 2267 modulatione
2571 2214 2636 2266 ad
2722 2224 2905 2269 tonum
2989 2216 3259 2291 ohliqupm
3340 2232 3500 2288 quar-

1946 2314 2058 2358 tum
2069 2343 2087 2359 .

339 2400 517 2456 Con.
545 2394 641 2448 llic
673 2403 854 2448 autent
884 2409 986 2448 non
1021 2400 1147 2461 puto
1183 2394 1396 2465 unicum
1426 2393 1571 2445 illum
1607 2394 1896 2465 psalmum;
1923 2392 2035 2462 jam
2087 2395 2289 2449 dictum
2335 2395 2665 2449 recitandum
2696 2410 2851 2460 esse;
2878 2396 2971 2452 sed
3016 2397 3242 2465 insuper
3294 2407 3497 2462 septem

269 2477 579 2534 sequentes,
609 2465 726 2518 sive
754 2471 875 2517 octo
912 2465 1138 2532 primos.
1167 2462 1497 2532 Καθίσματα
1529 2465 1670 2515 enim
1703 2466 1840 2531 apud
1867 2463 2086 2534 Graecos
2127 2476 2389 2518 vocantur
2420 2467 2714 2521 divisiones
2751 2481 2845 2520 seu
2874 2462 3328 2521 sectiones’totins
3353 2466 3501 2520 Psal-

273 2533 420 2598 terii,
455 2547 625 2602 eaque
655 2542 780 2587 sunt
813 2548 1038 2588 numero
1069 2534 1285 2602 viginti.
1317 2535 1394 2586 Ac
1420 2536 1647 2600 primum
1690 2535 1906 2600 quidem
1934 2533 2194 2604 Κάθισμα
2224 2535 2465 2589 continet
2508 2535 2750 2589 Psalmos
2775 2547 2918 2602 octo,
2943 2556 2969 2589 ιι
2999 2554 3013 2590 ι
3052 2540 3117 2588 ad
3154 2553 3282 2602 vtu;
3313 2554 3501 2590 secun-

273 2613 398 2662 dum
435 2623 462 2656 ιι
499 2621 548 2658 ix
581 2605 646 2657 ad
678 2619 796 2665 xvi;
832 2605 1048 2657 tertium
1081 2620 1108 2656 a
1135 2620 1242 2656 xvn
1282 2604 1347 2657 ad
1389 2618 1557 2667 mu;
1600 2615 1850 2671 quartum
1891 2622 1919 2656 ιι
1952 2622 2077 2659 xxw
2101 2607 2166 2658 ad
2196 2619 2323 2658 sui
2350 2621 2364 2666 ;
2389 2607 2635 2672 quintum
2659 2621 2686 2655 a
2719 2621 2866 2659 xxx"
2897 2608 2964 2658 ad
3000 2624 3160 2660 xxxvi
3189 2623 3202 2670 ;
3229 2617 3434 2659 Sextum
3471 2625 3498 2657 a

273 2693 458 2732 xum
495 2677 562 2729 ad
590 2689 724 2738 ηνς
771 2675 1055 2743 septimum
1090 2689 1117 2724 a
1148 2689 1268 2727 xr.vt
1304 2675 1368 2725 ad
1402 2689 1523 2736 Liv;
1555 2685 1801 2726 octavum
1829 2690 1857 2727 τι
1899 2692 1959 2728 ι.ν
2010 2677 2075 2726 ad
2112 2691 2277 2738 Lxm;
2327 2690 2524 2727 nonum
2555 2691 2582 2728 a
2609 2691 2732 2727 Lstv
2765 2678 2827 2727 ad
2862 2692 3019 2738 LXIX;
3055 2677 3315 2730 decimum
3342 2693 3369 2728 a
3397 2692 3498 2730 Lm

275 2751 338 2802 ad
375 2761 579 2807 Lxxvt;
623 2746 965 2799 undecimum
1014 2760 1041 2795 a
1097 2759 1278 2796 Lxxvtt
1321 2745 1386 2795 ad
1434 2759 1677 2806 Lxxxw;
1735 2747 2107 2797 duodecimum
2162 2763 2188 2797 a
2243 2761 2418 2798 uxxv
2473 2751 2537 2798 ad
2587 2761 2685 2808 xc;
2730 2747 2994 2799 decimum
3057 2748 3273 2799 tertium
3337 2763 3365 2799 a
3414 2761 3502 2799 xci

275 2820 340 2869 ad
389 2833 457 2880 c;
500 2815 770 2890 «iecimum
828 2825 1080 2890 quartum
1132 2829 1159 2865 a
1191 2828 1260 2890 _c1
1317 2815 1381 2890 ad
1409 2828 1515 2890 _c1v
1545 2830 1558 2877 ;
1607 2813 1871 2890 decimum
1911 2814 2153 2890 quintum
2198 2831 2243 2890 a_
2277 2831 2338 2890 cv
2366 2815 2430 2867 ad
2466 2831 2594 2890 cvm
2625 2832 2639 2876 ;
2691 2817 2955 2869 det-imum
2978 2827 3212 2890 sextum
3242 2832 3268 2868 a
3300 2831 3390 2890 cur
3417 2817 3502 2890 ad

274 2903 447 2944 cxvtt;
506 2880 771 2940 decimum
802 2880 1089 2949 septimum
1125 2884 1296 2953 solum
1338 2880 1496 2934 habet
1541 2883 1800 2948 psalmum
1857 2898 2043 2943 cum,
2090 2883 2243 2936 Beati
2283 2885 2607 2936 immaculati
2636 2901 2652 2937 :
2678 2901 2782 2953 quo
2817 2885 3114 2952 completur
3163 2886 3300 2937 istud
3350 2883 3502 2937 Κάθ-

278 2974 416 3028 ισμα
449 2965 669 3028 propter
728 2955 1091 3028 prolixitatem
1135 2967 1148 3014 ;
1201 2952 1468 3028 decimum
1541 2962 1788 3028 octavum
1823 2991 1838 3014 ,
1889 2969 1914 3004 a
1954 2967 2105 3028 _cxtx
2137 2955 2220 3028 ad
2285 2969 2450 3028 cum!
2488 2973 2502 3018 ;
2556 2952 2820 3028 decimum
2879 2969 3089 3028 nonum
3128 2971 3155 3007 ιι
3193 2970 3393 3028 Αωιχκιι-
3435 2956 3501 3028 ad

274 3021 461 3090 ςκὶιιξ
497 3021 807 3077 vicesimum
866 3024 1101 3087 reliquos
1155 3035 1324 3088 usque
1369 3021 1434 3072 ad
1489 3036 1574 3075 CL.
1637 3023 1712 3075 Ita
1773 3031 1895 3090 post
1952 3022 2241 3076 Meursinm
2288 3024 2569 3091 Cangius,
2615 3025 2867 3092 additque
2920 3025 3127 3092 singula
3192 3026 3292 3077 ista
3353 3025 3501 3076 Καο-

282 3115 492 3167 ισματα
513 3094 672 3167 dividi
714 3094 761 3167 in
792 3102 899 3142 tres
926 3103 1123 3167 partes,
1150 3106 1270 3167 quae
1310 3105 1454 3167 eum,
1494 3109 1512 3142 ι
1561 3091 1738 3167 Gloria
1770 3093 1938 3167 Patri,
1987 3112 2003 3143 ι
2041 3095 2415 3167 terminantur.
2453 3097 2609 3148 aliter
2639 3110 2700 3147 ac
2734 3091 2864 3167 litin
2891 3091 3124 3167 Ecclesia
3149 3095 3357 3157 Latina,
3385 3110 3504 3163 qua:

276 3161 476 3220 dictaui
511 3161 846 3232 doxologiam
879 3170 996 3232 post
1026 3161 1266 3232 singulos
1302 3161 1538 3228 psalmos
1579 3165 1790 3216 recitat.
1828 3165 2092 3216 Dividitur
2123 3165 2340 3231 pariter,
2372 3164 2636 3217 decimum
2670 3166 2954 3232 septimum
2985 3165 3247 3217 catliisma
3295 3167 3344 3217 in
3397 3161 3505 3216 [res

287 3249 469 3303 partes
496 3272 511 3295 ,
549 3230 898 3303 qutl:_03ttlel_l_l
945 3229 1336 3303 glorificatione
1383 3231 1766 3303 terminantur.
1813 3233 2102 3303 Illiusmodi
2126 3229 2311 3303 autem
2353 3229 2747 3286 catltismatum'
2764 3235 3051 3286 divisiones
3077 3234 3328 3287 dicuntur
3374 3233 3503 3286 στά-

279 3298 410 3368 σεις.
448 3303 617 3372 Igitur
667 3301 791 3352 dum
847 3298 1107 3367 Typicutn
1175 3301 1326 3372 dicit,
1356 3300 1686 3372 recitandum
1723 3318 1843 3355 esse
1893 3303 1949 3354 κέ

1835 3320 1843 3354 2
1893 3302 2136 3372 κάΟισμα
2176 3302 2236 3354 τὸ
2266 3303 2550 3372 Μακάριος
2576 3342 2590 3366 ,
2621 3315 2743 3357 octo
2770 3304 2968 3370 primos
3003 3305 3235 3372 psalmos
3277 3306 3505 3355 recitau-

285 3369 541 3453 dos'esSC
590 3371 845 3423 insinuat.
912 3372 1026 3423 Alia
1100 3373 1226 3424 item
1280 3369 1604 3436 signiﬁcatio
1645 3382 1730 3427 est
1776 3373 1923 3427 iocis
1955 3369 2215 3442 κάθισμα,
2252 3375 2356 3426 Sed
2383 3369 2449 3427 de
2483 3374 2571 3427 illa
2612 3369 2800 3443 agendi
2850 3388 2976 3426 ansa
3008 3369 3221 3428 dabitur
3254 3386 3506 3428 secuturo

282 3455 478 3513 Captle.

347 3539 442 3603 Εἰς
488 3538 543 3591 δὲ
595 3537 684 3592 τὸν
759 3543 807 3605 γ’
857 3535 1070 3606 ψαλμὸν
1135 3535 1476 3608 ὰναρῤοὗμεν
1544 3536 1735 3608 μικρὸν
1784 3537 1913 3614 τδρ

277 3633 525 3703 δεύτερον
578 3631 669 3682 καὶ
716 3629 892 3698 τρίτον
947 3629 1240 3695 ἀντίφωνον
1294 3630 1370 3689 εἰς
1418 3629 1508 3679 τὸν
1560 3625 1691 3696 ἦχον
1747 3630 1842 3698 τῆς

279 3725 507 3797 ἡμέρας.

355 3811 436 3866 87.
455 3810 632 3863 Con.
662 3807 759 3861 Hic
783 3807 1110 3879 noto,qnod,
1135 3809 1380 3879 quamvis
1414 3826 1433 3859 ι
1469 3810 1763 3879 antiphona
1796 3819 1849 3864 et
1872 3810 2248 3879 antipltonum,
2275 3828 2293 3861 ι
2318 3808 2602 3879 οιιίυιιυει
2623 3809 2823 3879 eodem
2864 3807 3050 3861 Grzcco
3079 3803 3337 3879 vocabulo
3352 3804 3510 3872 origi-

280 3896 402 3936 nem
439 3883 674 3949 trahant,
696 3890 870 3931 tamen
891 3874 1000 3949 hoc
1034 3874 1175 3946 apud
1195 3875 1410 3931 Graecos
1449 3895 1553 3932 non
1579 3874 1736 3935 sonat
1768 3874 2086 3949 idem,quod
2113 3881 2197 3932 illa
2231 3874 2368 3949 apud
2395 3874 2633 3934 Latinos.
2661 3900 2678 3929 ι
2704 3878 3004 3942 Antiphona
3028 3894 3046 3928 ι
3073 3889 3300 3949 namque
3323 3874 3400 3930 (ut
3427 3884 3510 3949 est

282 3952 420 4019 apud
442 3948 675 4004 Gnarum
707 3947 973 4019 p.tg.123)
1013 3945 1097 4003 est
1121 3949 1388 4002 sententia
1431 3950 1515 4019 vel
1550 3952 1795 4005 modulus
1825 3945 2047 4005 cuilibet
2077 3945 2281 4019 psalmo
2314 3953 2596 4003 decantata
2625 3946 3248 4019 adjunctus,_etqnasiex
3267 3945 3509 4019 apposito

284 4016 632 4087 respondens.
656 4038 673 4069 ι
704 4016 1066 4089 Antiphonum
1098 4037 1116 4070 ι
1151 4018 1528 4078 autetn,ttthic
1555 4034 1867 4086 usurpatur,
1893 4032 2017 4074 sunt
2045 4016 2223 4088 plures
2244 4035 2431 4072 versus
2460 4019 2647 4086 psalmi
2680 4019 2858 4080 unius,
2879 4017 2945 4069 ad
2980 4030 3210 4089 quorum
3240 4016 3505 4084 singulos,

283 4085 388 4143 una
408 4093 667 4144 eteadem
698 4093 756 4142 tit
776 4085 987 4158 semper
1011 4089 1076 4141 ah
1117 4090 1286 4142 altero
1309 4089 1474 4142 choro
1509 4085 1805 4159 responsio.
1831 4091 1893 4144 Et
1923 4085 2137 4158 propter
2176 4085 2503 4159 lianeunam
2522 4098 2577 4142 et
2596 4089 2925 4157 reciprocam
2958 4085 3277 4159 sententiam
3299 4099 3509 4159 semper

284 4163 484 4214 illatam
501 4198 516 4222 ,
547 4160 866 4227 Ἀντίφωνον
885 4155 1035 4225 quissi
1057 4172 1156 4209 vox
1176 4160 1416 4229 opposita
1439 4174 1532 4212 seu
1556 4155 1702 4214 vecis
1731 4155 1954 4229 oppositi

1840 4155 1998 4212 ositio
2023 4168 2263 4213 vocatur.
2300 4157 2620 4227 Ἀντίφωνον
2646 4155 3018 4229 au'teiu(qu_ale
3035 4169 3196 4208 unum
3214 4155 3279 4207 ad
3301 4155 3510 4229 Matuti-

283 4247 410 4285 ιιιιιιι
443 4226 735 4297 proteram)
757 4229 1014 4281 dividitur
1039 4228 1087 4279 in
1121 4227 1376 4297 primum,
1398 4234 1691 4282 secundum
1712 4226 2020 4283 ct'tertiutn.
2041 4229 2282 4283 Primum
2301 4241 2385 4284 est
2417 4226 2468 4282 in
2493 4246 2599 4296 qun
2627 4237 2748 4296 post
2766 4227 3004 4291 singulos
3021 4239 3208 4297 versus
3228 4226 3504 4297 recitatur,

282 4300 413 4362 Ταῖς
443 4293 770 4370 πρεσϐείαις
794 4299 895 4367 τῆς
927 4293 1211 4356 Θεοτὸκου.
1239 4296 1644 4370 Σῶτερζσῶσον
1677 4301 1843 4370 ἡμᾶς.
1877 4317 1894 4349 ι
1925 4300 1952 4353 Ε

1835 4338 1843 4352 .
1877 4317 1894 4349 ι
1925 4300 2184 4370 Precibus
2217 4299 2475 4370 Deiparze,
2501 4293 2776 4370 Servatur,
2808 4309 2959 4370 serva
2990 4309 3139 4347 nos.»
3179 4293 3505 4355 Secundum,

282 4371 335 4422 in
366 4385 471 4438 quo
501 4365 766 4422 recitatur
791 4365 907 4438 post
938 4383 1122 4422 versus
1150 4365 1411 4436 singulos,
1429 4367 1556 4431 Ταῖς
1590 4365 1906 4438 πρεσὸείαις
1937 4386 1952 4419 σι

1835 4385 1906 4431 ιις
1937 4368 2043 4424 τῶν
2073 4370 2240 4438 ἁγίων
2273 4365 2446 4422 σῶσον
2475 4368 2640 4438 ἡμᾶς.
2672 4385 2689 4416 ι
2726 4365 2980 4419 Precibus
3004 4372 3323 4438 sanctorum
3347 4377 3505 4415 serva

283 4436 404 4493 nos.
462 4458 480 4490 ι
515 4438 758 4510 Tertium
792 4436 1025 4510 denique
1053 4441 1102 4490 in
1133 4452 1237 4510 quo
1295 4439 1523 4510 singulis
1547 4436 1801 4510 versibus
1832 4436 2197 4510 subjungitur
2227 4443 2422 4510 aliquis
2454 4436 2848 4510 snlcu-nitateut
2884 4436 3508 4510 tttt'_tttique_esprintens,

282 4519 342 4559 ut
375 4510 427 4559 in
467 4510 553 4581 die
593 4509 890 4581 Paschatis,
913 4501 1088 4560 Σῶσον
1110 4501 1276 4576 ἡμᾶς.
1315 4501 1406 4560 Υἱὲ
1439 4508 1594 4581 Θεοῦ,
1620 4509 1648 4560 ὁ
1680 4501 1952 4572 ἁναστὰςῖ

1838 4501 2006 4572 ῑὰς⁷ὲκ
2035 4501 2262 4581 νεκρῶν,
2281 4501 2576 4578 ψάλλοντάς
2597 4523 2697 4581 σοι,
2734 4501 3076 4581 Ἀ).).ηλούία.⁷
3100 4523 3116 4554 ι
3149 4503 3246 4556 Fili
3275 4501 3405 4581 Dei;
3419 4505 3508 4567 qui

287 4578 630 4630 resurrexisti
672 4595 700 4628 ει
735 4582 986 4640 mortuis,
1017 4571 1172 4632 serva
1211 4592 1327 4640 nos,
1384 4581 1475 4643 qui
1530 4571 1813 4631 laudamus
1846 4590 1916 4643 te,
1957 4571 2202 4634 Alleluia.
2243 4571 2261 4631 ι
2295 4571 2360 4632 Et
2409 4584 2459 4630 In
2495 4581 2594 4631 hoc
2621 4579 2754 4632 festo
2790 4571 2948 4629 trium
2979 4578 3255 4628 doctorum
3290 4571 3510 4626 ιΣῶσον

281 4644 742 4720 ﬁpi;,_1‘is8so§
772 4648 1077 4720 μονογενὲς,
1108 4646 1136 4698 ὁ
1181 4647 1238 4698 ὲν
1277 4647 1450 4720 ἁγίοις
1491 4648 1816 4719 θαυμαστὸς,
1849 4649 1951 4718 ψάὶ

1849 4649 2148 4718 ψάλλοντάς
2185 4666 2286 4713 σοι,
2331 4647 2665 4720 Ἀλληὶούῖα.
2701 4667 2718 4698 ι
2748 4646 2846 4700 Fili
2879 4646 2970 4699 Dei
3020 4643 3310 4712 unigenite,
3341 4646 3430 4713 qui
3453 4658 3511 4697 es

283 4716 547 4772 nizrahilis
577 4716 628 4770 in
659 4717 882 4780 sanctis,
906 4733 1060 4771 serva
1098 4733 1210 4784 nos,
1236 4718 1324 4786 qni
1364 4716 1638 4773 laudamus
1667 4729 1736 4781 te,
1762 4716 2006 4774 Alleluia.

2017 3539 2105 3593 86.
2171 3539 2248 3592 Ad
2303 3539 2563 3607 psalmum
2620 3538 2833 3593 terlimn
2915 3536 3142 3590 dicimus
3214 3535 3505 3591 secundum

1948 3640 2000 3685 et
2033 3631 2245 3684 tertium
2281 3631 2641 3700 Antiphonqu
2673 3639 2794 3685 tono
2829 3629 2952 3682 diei.

366 4855 451 4906 ’Ev
485 4854 699 4924 ἑκάστῳ
730 4853 785 4906 δὲ
823 4852 1106 4922 ἁντιερώνιρ
1138 4857 1280 4906 ποιεῖ
1318 4856 1345 4907 ὀ
1366 4853 1608 4919 διάκονος
1647 4855 1845 4926 μικρὰν
1880 4860 1921 4914 1)

285 4945 580 5012 συναπτήν.

2021 4857 2076 4910 in
2104 4871 2424 4926 unoquoque
2453 4855 2742 4922 antipltono
2784 4852 2914 4905 dicit
2947 4851 3202 4906 diaconus
3234 4850 3511 4904 collectam

1939 4962 2179 5020 parvam,
2203 4963 2322 5018 quae
2347 4948 2458 5002 haec
2475 4958 2559 4999 est
2598 4963 2612 4998 :

355 5035 476 5088 Ἔτι
514 5034 606 5086 καὶ
645 5033 724 5085 ἔτι
753 5037 810 5085 ὲν
852 5037 1059 5106 εἰρήνῃ,
1094 5034 1186 5086 τοῦ
1215 5037 1417 5107 Κυρίου
1448 5035 1742 5106 δεηθῶμεν.
1791 5038 1848 5090 '0

281 5128 458 5198 χορός·
492 5125 681 5196 Κύριε,
715 5126 952 5193 ἐλέησον.

367 5218 676 5272 Ἀντιλάϐου
703 5258 716 5280 ,
773 5219 980 5282 σῶσον,
1042 5221 1300 5290 ἐλέησον,
1367 5224 1460 5274 καὶ
1532 5221 1851 5289 διαφύλαξον

285 5312 447 5380 ἡμᾶς,
486 5308 683 5371 ὀθεός,
719 5313 782 5381 τῇ
818 5313 882 5380 σῇ
914 5309 1112 5380 χάριτι.
1159 5312 1224 5363 Χ.
1255 5311 1447 5382 Κύριε,
1489 5311 1723 5382 ἐλέησον.

354 5402 467 5470 Τῆς
517 5401 810 5467 παναγίας,
860 5403 1150 5472 άχράντου,
1194 5402 1725 5474 ὑπερευὶογημένης,
1775 5403 1861 5455 ὲν-

279 5493 428 5557 ὂόξου
462 5492 763 5561 Δεσποίνης
801 5493 956 5561 ἡμῶν
1000 5492 1260 5547 Θεοτόκου
1321 5496 1416 5546 καὶ
1447 5496 1536 5547 ἀεὶ
1580 5493 1858 5564 Παρθένου

287 5586 527 5655 Μαρίας,
580 5585 722 5654 μετὰ
774 5585 990 5636 ⁸πάντων
1021 5587 1126 5643 τῶν
1176 5587 1342 5655 ἁγίων
1374 5586 1858 5657 μνημονεύσαντες,

285 5680 530 5740 ἑαυτοὺς,
582 5681 676 5730 καὶ
707 5677 990 5748 ἀλλήλους,
1037 5679 1129 5728 καὶ
1164 5682 1340 5732 πᾶσαν
1377 5679 1475 5746 τὴν
1501 5678 1643 5748 ζωὴν
1685 5681 1714 5748 ἡ
1726 5679 1858 5748 μῶν,

290 5767 506 5838 Χριστῷ
574 5767 691 5836 Θεῷ
744 5767 1137 5840 παραθὼμεθα.
1196 5772 1259 5822 Χ.
1323 5769 1431 5832 Σοὶ,
1500 5769 1688 5837 Κύριε.
1753 5770 1859 5822 Καὶ

288 5864 314 5912 ὁ
359 5864 533 5932 ἱερεὺς
575 5861 820 5928 itaet-na?
857 5864 972 5915 Ὅτι
1008 5865 1095 5915 τὸν
1128 5862 1183 5915 τὸ
1209 5865 1424 5929 κράτος,
1457 5863 1547 5914 καὶ
1582 5862 1671 5914 σοῦ
1715 5865 1860 5914 ἐστιν

2022 5039 2342 5094 88.1terum
2393 5041 2699 5106 iterumque
2729 5036 2780 5089 in
2815 5049 2944 5104 pace
2994 5033 3274 5088 Domimuu
3323 5035 3514 5103 depre-

1947 5148 2151 5187 cemur.
2177 5131 2384 5186 Chorus
2413 5147 2426 5181 :
2461 5132 2710 5196 Domine,
2733 5129 3005 5181 miserere.

2023 5225 2271 5293 Suscipe,
2315 5237 2494 5287 serva,
2551 5223 2807 5276 miserere
2844 5227 2900 5273 et
2946 5221 3154 5273 custodi
3201 5234 3319 5280 nos,
3353 5216 3515 5284 Deus,

1968 5326 2054 5369 tua
2086 5315 2279 5386 gratia.
2320 5313 2420 5369 Ch.
2449 5313 2691 5377 Domine,
2721 5311 2996 5367 miserere.

2027 5408 2413 5473 Sanctissimae,
2462 5407 2814 5466 intemeratze,
2850 5418 3011 5470 super
3053 5416 3244 5455 omnes
3297 5402 3518 5456 benedi-

1957 5507 2080 5562 σιω,
2111 5498 2358 5568 gloriosa:
2409 5496 2648 5552 Domina:
2684 5505 2882 5550 nostra:
2933 5493 3176 5562 Deiparze
3221 5503 3274 5546 et
3309 5506 3523 5561 semper

1959 5589 2184 5656 virginis
2240 5589 2422 5642 Mariae
2470 5602 2592 5640 cun:
2651 5587 2901 5641 omnibus
2956 5585 3157 5639 sanctis
3205 5586 3520 5637 memoriam

1971 5679 2295 5745 recolentes,
2338 5695 2432 5733 nos
2467 5680 2610 5748 ipsos
2640 5719 2656 5745 ,
2686 5690 2738 5732 et
2767 5679 2993 5732 invicem
3041 5688 3096 5731 et
3140 5685 3304 5731 totam
3358 5687 3519 5729 vitam

1962 5779 2203 5823 nostram
2250 5809 2265 5832 ,
2358 5770 2575 5822 (Ihtisto
2671 5770 2775 5824 Deo
2877 5767 3331 5822 conuueudemus.
3416 5763 3517 5819 Ch.

1961 5860 2116 5925 'l‘dii,
2194 5860 2434 5915 Domine.
2517 5860 2580 5916 Et
2646 5860 2936 5915 succlamat
2994 5858 3246 5912 sacerdos
3303 5877 3314 5912 :
3381 5856 3520 5919 Quia
