4230 6498
705 447 866 490 cccxx
877 449 960 487 xvi
2088 426 2614 483 PROLEGOMENA.

710 561 797 603 tua
846 556 928 601 est
975 544 1237 613 potentia,
1274 550 1329 595 et
1369 549 1518 593 tuum
1550 548 1636 594 est
1668 555 1893 610 regnum
1933 548 1987 595 et
2016 541 2188 595 virtus
2217 549 2272 595 et
2298 546 2345 601 Α
2374 558 2380 570 ·

2298 542 2406 609 Λή
2450 540 2693 609 βασιλεία
2739 542 2832 596 καὶ
2880 544 2911 615 ή
2950 540 3199 611 δύναμις,
3234 541 3328 595 καὶ
3368 542 3401 613 ή
3439 541 3563 606 δόξα
3588 540 3682 595 τοῦ
3719 542 3950 613 Πατρδς,

709 637 876 709 gloria
932 634 1125 697 Patris,
1179 643 1234 689 et
1290 632 1452 697 Filii,
1500 639 1555 686 et
1613 630 1851 701 Spiritus
1915 632 2109 688 sancti.
2171 631 2269 687 Ch.

2380 631 2475 683 καὶ
2504 630 2596 683 τοῦ
2628 631 2777 698 Υίοῦ,
2797 633 2890 685 καὶ
2918 631 3011 684 τοῦ
3039 631 3194 699 ἁγίου
3238 631 3571 701 Πνεύματος,
3604 631 3696 685 νῦν
3723 631 3817 684 καὶ
3846 633 3950 697 ἀεὶ,

708 725 903 781 Amen.
2380 720 2473 773 καὶ
2527 722 2606 783 είς
2646 721 2768 783 τοὺς
2814 720 3015 785 αἰῶνας
3058 721 3167 772 τῶν
3205 721 3431 775 αίὼνων.
3482 723 3538 774 '0
3567 739 3685 792 χορ.
3758 722 3949 791 Ἀμήν.

780 814 949 869 Solita
998 815 1324 883 psalmorum
1360 813 1673 868 recitatione
1715 812 1826 881 jam
1876 812 2139 876 absoluta,
2186 813 2275 866 de-

2462 812 2518 863 '0
2554 810 2611 863 δὲ
2635 810 2851 881 ταχθεὶς
2888 811 3117 883 μοναχὸς
3143 812 3479 882 κανονάρχης
3523 812 3659 883 μετὰ
3685 813 3788 883 τὴν
3822 830 3953 882 συμ-

710 905 957 974 signatus
986 904 1282 957 monachus
1304 904 1672 967 cauouarcha,
1705 913 1889 957 tonum
1939 902 2179 972 suggerit
2222 912 2277 957 et

2384 901 2668 973 πλήρωσιν
2693 903 2790 973 τῆς
2821 902 3081 973 συνήθους
3136 902 3467 972 στιχολογίας
3497 902 3642 972 λέγει
3683 904 3774 956 τὸν
3799 899 3950 974 ἦχον,

712 994 990 1063 psallimus
1041 995 1282 1056 Domine,
1334 993 1584 1062 clamavi,
1627 992 1780 1063 juxta
1840 1004 2022 1047 tonum
2089 994 2275 1054 in,oc«

2385 994 2480 1047 καὶ
2524 993 2817 1064 ψάλλομεν,
2860 993 3066 1063 Κύριε,
3115 993 3407 1064 ἐκέκραξα,
3468 996 3547 1056 είς
3591 994 3681 1047 τὸν
3726 996 3952 1066 τυχόντα

714 1085 903 1141 toecbo
922 1098 1292 1141 occurrentem
1325 1110 1339 1125 -

1325 1110 1339 1125 -
2389 1080 2523 1155 ἦχον
2547 1085 2645 1155 τῆς
2672 1084 2974 1155 όκτωήχου.

799 1198 887 1252 89.
917 1196 1099 1252 Οοιιιι.
1124 1196 1375 1266 Snggerit
1401 1207 1577 1250 autem
1611 1197 1985 1266 eanonaﬁrehes
2015 1207 2200 1249 tonum
2229 1195 2377 1250 illum
2419 1207 2569 1251 stans
2601 1199 2651 1249 in
2692 1197 2869 1251 medio
2902 1195 3163 1262 ecclesiae,
3199 1208 3256 1251 ut
3307 1212 3392 1253 me
3429 1198 3586 1252 docet
3641 1197 3953 1257 Philotheus

722 1269 1027 1338 patriarcha
1074 1265 1694 1337 Constantinopolitauus
1717 1270 1770 1321 in
1804 1265 2001 1322 Ordine
2028 1267 2171 1320 sacri
2198 1266 2507 1323 ministerii.

784 1377 1030 1434 Posthzec
1081 1377 1336 1433 sacerdos
1383 1375 1466 1431 vel
1514 1376 1778 1432 diaconus
1831 1375 1909 1445 (ut
1962 1375 2131 1430 moris
2164 1384 2270 1445 est,

2456 1390 2589 1447 Εἶτα
2635 1396 2804 1467 θυμιᾷ
2841 1398 2869 1448 ό
2917 1396 3115 1467 ἱερεὺς,
3164 1394 3490 1465 ῆδιάκονος,
3528 1398 3603 1462 ὡς
3652 1399 3773 1462 ἔθος
3819 1401 3951 1453 ἐστὶ.

718 1472 841 1526 thus
864 1472 1061 1537 adolet,
1089 1482 1405 1526 consuetam
1435 1469 1700 1525 exhibens
1732 1470 2096 1523 reverentiam
2130 1468 2275 1521 anti-
2387 1513 2388 1517 η

2387 1484 2558 1537 ποιῶν
2606 1484 2705 1555 τὴν
2764 1484 2968 1555 συνήθη
3046 1484 3334 1555 μετάνοιαν
3395 1487 3473 1558 τῷ
3542 1488 3952 1558 καθηγουμένῳ.

717 1563 829 1618 stiti
860 1561 944 1617 vel
983 1562 1184 1619 abbati.
1222 1561 1332 1617 Nos
1366 1575 1491 1617 vero
1526 1561 1821 1617 reeitamus
1854 1560 2149 1615 versiculos
2178 1560 2276 1615 de-

2399 1575 2593 1649 Ἡμεῖς
2626 1575 2682 1627 δὲ
2725 1575 2958 1645 ἱστῶμεν
2990 1576 3202 1647 στίχους
3239 1582 3268 1627 ι’
3305 1578 3412 1632 ἀπὸ
3451 1579 3563 1644 τοῦ,
3602 1580 3866 1649 Ἑξάγαγε
3894 1583 3956 1633 ὲκ

717 1667 856 1720 cem,
886 1653 953 1707 ab
978 1653 1128 1707 Edue
1154 1666 1185 1706 a
1213 1652 1480 1708 custodia.

986 1653 1128 1707 Edue
1154 1666 1185 1706 a
1213 1652 1480 1708 custodia.
2391 1646 2656 1717 φυλακῆς.

787 1764 877 1821 90.
906 1765 1088 1821 Εοιιιι.
1122 1765 1218 1820 Est
1268 1766 1354 1820 hic
1399 1766 1624 1821 ultimus
1654 1767 1950 1822 versiculus
1985 1766 2173 1835 psalmi
2205 1781 2360 1828 cru;
2388 1775 2445 1817 ut
2489 1778 2616 1830 ergo
2663 1764 2966 1835 habeantur
3004 1766 3249 1821 versiculi
3306 1769 3488 1823 decem
3519 1810 3534 1835 ,
3576 1769 3959 1825 continuantur

718 1844 912 1890 cantus
961 1851 1056 1907 per
1108 1851 1311 1907 novem,
1353 1838 1559 1902 primos
1609 1837 1906 1891 versiculos
1962 1831 2153 1907 psalmi
2195 1835 2491 1905 sequentis.
2516 1835 2598 1907 at
2648 1847 2819 1907 vero,
2852 1831 2997 1907 festo
3056 1838 3218 1907 trium
3283 1831 3562 1892 doctorum
3592 1880 3605 1901 ,
3660 1856 3766 1893 non
3822 1842 3960 1894 reci-

722 1914 911 1958 tantur
956 1902 1055 1959 nisi
1084 1905 1334 1959 versiculi
1364 1916 1510 1969 octo,
1548 1902 2003 1970 quemadmodum
2048 1907 2232 1958 videre
2275 1902 2357 1958 est
2405 1920 2466 1959 ex
2492 1904 2731 1974 Menaeis
2757 1942 2771 1965 ,
2814 1902 2901 1956 ubi
2937 1915 2990 1957 et
3045 1906 3296 1959 dicuntur
3331 1917 3450 1974 post
3484 1909 3601 1962 illos
3628 1910 3947 1974 versiculos,

719 1974 875 2041 psalli
908 1989 1095 2047 versus
1128 1974 1242 2047 sive
1288 1976 1527 2047 stichera
1563 1975 1870 2033 Prosomoea
1915 1988 2041 2030 teno
2080 1976 2242 2047 tertio
2273 1977 2385 2029 sicu

2288 1977 2414 2029 sicut
2571 1974 2909 2047 Tevva't'ov_év
2941 1974 3406 2047 péproow.Scito
3434 1978 3695 2044 assignari
3755 1973 3958 2031 tantum

722 2055 974 2115 quatuor,
990 2046 1343 2115 sedulicenda
1385 2045 1491 2109 bis,
1522 2056 1580 2099 ut
1609 2050 1718 2101 sint
1741 2047 1897 2115 quasi
1930 2056 2072 2108 octo,
2106 2053 2164 2115 ut
2200 2045 2437 2100 indicant
2470 2042 2671 2115 hiemen
2698 2042 3286 2115 subjiciendosingulis
3330 2047 3379 2098 in
3413 2042 3621 2099 rubrica
3649 2062 3833 2099 vocem
3861 2048 3960 2111 δίς,

722 2111 885 2187 (bis.
926 2133 946 2167 ι
975 2113 1042 2187 _|_n
1088 2114 1287 2187 Typico
1340 2124 1515 2187 autem
1558 2116 1710 2170 idem
1759 2111 1844 2187 sic
1901 2114 2216 2187 exprimitur
2247 2135 2258 2169 :
2287 2116 2373 2168 Ἐν

2291 2116 2373 2168 Ἐν
2406 2111 2581 2187 ταύτῃ
2612 2115 2677 2183 τῇ
2713 2115 2897 2183 ἡμέρᾳ
2926 2111 3170 2185 ἱστῶμεῆ
3195 2116 3427 2187 στιχηρά
3462 2114 3535 2185 η’,
3584 2116 3961 2187 δευτεροῦντες

720 2182 883 2255 αὐτά.
920 2201 939 2234 ι
971 2181 1084 2255 Hoc
1137 2181 1225 2238 ilie
1268 2186 1509 2239 caniruus
1548 2186 1850 2241 versiculos
1904 2195 2047 2253 octo,
2096 2184 2243 2251 ipsos
2310 2181 2675 2254 duplic-antes,
2710 2181 2971 2238 ist-ilicet
3021 2181 3255 2240 stichera
3284 2181 3403 2240 "illa
3450 2181 3683 2255 (ιὶιιιιιιοε
3730 2181 3852 2255 qua:
3908 2188 3959 2240 in

723 2252 938 2308 Menaeis
969 2252 1256 2319 habentur,
1290 2264 1348 2308 ut
1376 2256 1642 2324 sequitur.

789 2367 879 2423 9i.
952 2366 1315 2423 instrumenta
1383 2370 1621 2438 gratias;
1696 2368 1926 2438 Spiritus
1998 2359 2366 2436 citharas;B

2325 2359 2366 2414 Β
2461 2370 2541 2423 Τὰ
2589 2369 2687 2439 τῆς
2724 2369 2947 2440 χάριτος
2978 2368 3205 2441 ὄργανα,
3236 2370 3338 2434 τάς
3372 2370 3603 2443 κιθάρας
3648 2371 3743 2425 τοῦ
3793 2373 3963 2425 Πνεύ-

723 2458 964 2528 insignes
995 2458 1272 2528 Evangelii
1304 2459 1494 2514 tubas:
1524 2462 1815 2516 terrilicum
1847 2473 1901 2515 et
1934 2461 2099 2516 altum
2138 2477 2288 2516 reso—
2392 2520 2393 2527 η

2392 2478 2579 2533 ματος,
2612 2462 2710 2525 τὰς
2738 2462 3009 2534 εὐσήμους
3031 2462 3335 2531 σάλπιγγας
3358 2464 3450 2516 τοῦ
3472 2464 3845 2537 κηρύγματος,
3870 2468 3964 2529 τὰς

725 2552 910 2606 nantia
944 2552 997 2606 in
1029 2552 1165 2607 caelo
1196 2553 1453 2619 tonitrua,
1480 2554 1680 2625 Deique
1703 2556 1933 2626 gloriam
1961 2558 2286 2610 annuntian-
2390 2575 2395 2602 ι

2390 2554 2615 2628 φοΰερὸν
2645 2556 2736 2608 καὶ
2764 2553 3089 2619 ἐξάκουστον
3121 2556 3180 2621 ἐξ
3226 2555 3394 2626 ὕψους
3435 2558 3674 2627 ἡκούσας
3712 2559 3961 2630 βροντὰς.

723 2643 797 2697 tia
825 2642 1021 2698 ﬁnibus
1050 2654 1235 2710 terrae;
1266 2660 1545 2714 praecones
1576 2646 1895 2713 trigeminos
1932 2661 2139 2712 magna:
2170 2646 2289 2699 Tri-
2389 2666 2393 2695 τ

2389 2648 2482 2700 καὶ
2502 2648 2600 2716 τὴν
2628 2647 2782 2710 δόξαν
2811 2648 2902 2700 τοῦ
2918 2647 3052 2700 Θεοῦ
3074 2648 3445 2717 γνωριζούσας
3458 2654 3572 2714 τοῖς
3595 2651 3816 2722 πέρασιο
3840 2652 3964 2715 τοὺς

729 2736 937 2801 uitatis,
962 2734 1228 2789 Joannem
1260 2745 1314 2790 et
1338 2735 1601 2790 Basiliam
1654 2749 1775 2790 cum
1818 2732 2084 2807 Gregorio
2133 2738 2291 2807 digne
2389 2751 2399 2767 '

2389 2736 2537 2804 τρεῖς
2567 2735 2814 2803 κήρυκας
2844 2732 2943 2803 τῆς
3003 2734 3245 2805 μεγάλης
3291 2736 3538 2806 Τριάδος,
3589 2738 3843 2807 Ἰωάννην
3870 2739 3964 2790 καὶ

728 2825 1075 2879 honoremus.
1106 2824 1215 2879 Bis.
2392 2827 2398 2879 ί

2392 2825 2667 2880 Βασίλειον
2724 2824 2888 2890 ἀξίως
2934 2826 3029 2878 σὺν
3070 2826 3353 2896 Γρηγορίῳ
3403 2828 3743 2897 τιμήσωμεν.
3788 2828 3899 2891 Δίς.

795 2915 884 2971 92.
935 2916 1222 2972 Trinitatis
1263 2928 1736 2988 propugnatores;
1783 2920 2001 2989 pietatis
2049 2919 2292 2974 defenso-
2456 2920 2465 2937 '

2456 2919 2566 2988 Τῆς
2608 2917 2833 2989 Τριάδος
2868 2917 2917 2969 oi
2970 2916 3263 2988 πρόμαχοι,
3299 2916 3577 2980 εὐσεϐείας
3608 2919 3657 2969 oi
3690 2917 3963 2987 πρόϐολοι,

728 3023 849 3075 res;
894 3018 1015 3078 post
1065 3010 1186 3064 illos
1217 3010 1498 3064 duodecim
1529 3049 1545 3075 ,
1596 3020 1709 3066 tres
1755 3012 2013 3081 apostoli;
2069 3010 2288 3066 ﬂumina
2390 3029 2398 3058 ι

2390 3011 2439 3062 oi
2476 3010 2612 3079 μετά
2645 3011 2769 3072 τοὺς
2803 3010 3009 3064 δώδεκα
3060 3013 3209 3083 τρεῖς
3260 3010 3565 3073 ἀπόστολοι,
3610 3010 3658 3061 οἱ
3694 3008 3753 3073 ἐξ
3808 3010 3967 3081 Ἐδὲμ

726 3113 922 3169 aquam
953 3099 1128 3153 vivam
1186 3100 1433 3155 vehentia
1478 3116 1545 3156 ex
1605 3101 1795 3167 Edem,
1827 3112 1882 3156 et
1912 3102 2102 3156 faciem
2136 3114 2293 3157 terra:
2392 3124 2396 3149 ‹

2392 3099 2778 3163 ἀναϐλύζοντες
2800 3101 2862 3152 τὸ
2893 3100 3000 3164 ζῶν
3029 3102 3172 3174 ὓδωρ
3197 3103 3451 3174 ποταμοὶ,
3474 3102 3569 3155 καὶ
3584 3102 3642 3155 τὸ
3675 3101 3966 3174 πρόσωπον

726 3191 907 3247 divino
935 3208 1000 3247 ac
1036 3192 1246 3248 viviﬂco
1288 3192 1431 3246 ﬂuxu
1470 3196 1741 3263 rigantia;
1777 3208 1968 3262 magna
2002 3193 2290 3259 elementa,
2390 3210 2396 3224 ι

2390 3190 2491 3261 τῆς
2543 3191 2646 3261 γῆς
2672 3190 3001 3263 ζωηρρύτως
3047 3195 3352 3259 ποτίζοντες
3398 3194 3561 3259 θείοις
3597 3193 3848 3265 ρεύμασι’
3902 3193 3967 3246 τὰ

730 3283 886 3337 tidem
936 3282 1099 3337 veluti
1159 3284 1396 3351 aliquam
1430 3283 1689 3339 fabricam
1726 3283 2136 3350 constituentia,
2166 3283 2290 3353 jure
2396 3302 2400 3352 :

2396 3282 2605 3354 μεγάλα
2628 3286 2885 3353 στοιχεῖα,
2910 3282 2979 3335 τὰ
3009 3283 3103 3354 τὴν
3132 3285 3308 3338 πίστιν
3329 3286 3513 3357 ὥσπερ
3530 3288 3705 3341 κτίσιν
3727 3285 3965 3340 συστῶν-

730 3375 923 3430 merito
948 3375 1300 3433 honorentur.
1340 3374 1449 3431 Bis.
2390 3394 2400 3411 ε

2390 3393 2481 3439 τα,
2519 3376 2813 3448 ἀξιοχρέως
2841 3375 3210 3448 τιμάσθωσαν.
3241 3377 3350 3439 Δίς.

798 3466 887 3523 93.
948 3466 1061 3524 Non
1108 3477 1235 3523 sunt
1280 3469 1525 3537 loquclm,
1564 3469 1756 3538 inquit,
1800 3482 1972 3538 neque
2013 3484 2293 3524 sermones
2465 3485 2468 3509 ι

2465 3469 2577 3522 Ούκ
2637 3470 2743 3521 εἰσὶ
2792 3470 2993 3535 λαλιαὶ,
3041 3469 3159 3522 οὐδὲ
3194 3469 3338 3538 λόγοι
3376 3470 3678 3539 λεγόμενοι,
3731 3463 3807 3523 ὧν
3851 3472 3968 3542 οὐχὶ

728 3572 954 3623 quorum
1022 3573 1127 3611 non
1191 3544 1480 3611 audiantur
1544 3573 1704 3613 voces
1765 3574 1974 3614 eorum.
2045 3558 2177 3613 Nam
2241 3561 2292 3612 in
2394 3585 2398 3605 ι

2394 3558 2679 3611 ἀκούονται
2728 3561 2784 3612 αἱ
2819 3563 2994 3629 φωναὶ
3026 3562 3223 3617 αὐτῶνθ
3263 3564 3342 3626 είς
3380 3564 3558 3615 πᾶσαν
3589 3563 3689 3632 γῆν
3714 3561 3825 3633 γὰρ
3875 3564 3969 3616 καὶ

729 3660 945 3701 onmem
1005 3655 1205 3702 terram
1261 3658 1317 3702 et
1376 3664 1528 3704 mare
1582 3650 1753 3704 exivit
1820 3650 2045 3704 istorum
2111 3652 2367 3727 divinon

2324 3699 2367 3727 ρ
2400 3650 2672 3703 θάλασσαν
2701 3653 2729 3703 ὁ
2760 3652 2994 3721 φθόγγος
3025 3655 3285 3727 ἐξέδραμε
3316 3656 3425 3709 τῶν
3443 3656 3637 3709 ἐνθέων
3661 3657 3757 3710 καὶ⁵
3792 3658 3970 3726 σοφῶν

732 3736 1031 3792 amatorum
1086 3738 1317 3795 Numine
1344 3749 1399 3795 et
1431 3740 1754 3811 sapientium
1792 3741 2169 3812 magistrorum
2202 3758 2292 3797 so-
2324 3699 2368 3761 ϐ
2397 3766 2402 3789 ‹

2407 3699 2563 3703 πτην-
2584 3699 2663 3701 -ην
2707 3699 2724 3703 -
2769 3699 2884 3721 ἷ“ἰ
2911 3699 2922 3721 ι
2945 3699 2991 3715 ’τ
3025 3699 3285 3727 ’τοττι-*Γ*
3328 3699 3421 3709 ’ν’
3444 3699 3634 3709 ἠ’-’νυν
3662 3699 3757 3710 ”'"
3794 3699 3968 3726 "7"

2324 3699 2368 3761 c
2397 3742 2729 3797 διδασκάλων
2788 3744 2887 3813 τῆς
2934 3745 3181 3807 κτίσεως
3250 3746 3370 3800 ὅθεν
3401 3748 3596 3820 ἄριστα
3646 3752 3759 3813 τοῖς
3792 3747 3970 3803 αὐτῶν

735 3845 835 3884 nus
872 3848 884 3883 :
923 3831 1063 3885 unde
1087 3831 1323 3901 ipsorum
1357 3831 1566 3902 legibus
1585 3833 1785 3903 optime
1821 3834 1873 3887 in
1922 3834 2043 3889 ﬁdei
2072 3834 2292 3907 integri-
2398 3838 2405 3885 l

2398 3835 2559 3899 θείοις
2591 3835 2777 3907 νόμοις
2819 3839 3205 3907 πγκρατείται
3235 3839 3327 3891 καὶ
3368 3839 3645 3909 συνέχεται
3678 3840 3814 3912 πρὸς
3846 3840 3969 3911 μίαν

690 3928 693 3931 ⁷
735 3930 843 3975 tate
878 3923 1222 3977 continentur
1253 3933 1309 3979 et
1335 3938 1726 3982 conservantur
1773 3926 1907 3985 [lues
1936 3930 2085 3986 orbis
2117 3941 2293 3987 terras.

1525 3938 1726 3982 ’vantur
1773 3926 1907 3985 (lues
1936 3930 2085 3986 orbis
2117 3941 2293 3987 terras.
2396 3925 2700 3997 ὀρθοδοξίαν
2723 3926 2791 3980 τὰ
2825 3927 3055 3999 πέρατα.
3085 3928 3195 3992 Ais-

735 4011 850 4068 Bis.

805 4103 894 4159 94.
954 4102 1188 4174 Spiritus
1225 4120 1462 4177 organa,
1506 4108 1750 4165 veritatis
1791 4110 2051 4167 buccinas
2078 4151 2096 4178 ,
2134 4111 2298 4169 Verbi
2469 4100 2475 4119 ’

2469 4100 2549 4151 Τά
2583 4099 2676 4153 τοῦ
2705 4099 3020 4171 Πνεύματος
3054 4103 3280 4174 ὄργανα,
3316 4104 3571 4176 ἀληθείας
3602 4107 3699 4172 τὰς
3740 4108 3969 4177 σάλπιγ-

734 4194 830 4252 Dei
863 4205 1107 4251 oratores
1139 4198 1274 4252 laztis
1312 4214 1705 4269 prosequamur
1730 4203 1985 4268 canticis;
2024 4213 2079 4259 et
2102 4219 2289 4260 eorum
2398 4207 2404 4219 '

2398 4206 2523 4257 γας,
2556 4192 2680 4253 τοὺς
2708 4191 2800 4243 τοῦ
2842 4192 3016 4259 Λόγου
3039 4196 3295 4265 ῥήτορας,
3323 4196 3727 4267 εὐφημήσωμεν
3769 4202 3970 4266 φωναῖς

734 4284 987 4355 dogmata
1012 4297 1321 4356 sequentes,
1346 4291 1642 4360 rogitemus
1675 4306 1770 4347 eos
1798 4294 2090 4362 supplices,
2112 4304 2166 4347 ut
2197 4310 2293 4364 pro
2399 4304 2404 4330 ⁴

2399 4282 2680 4351 ᾀσμάτων,
2698 4285 2809 4345 τοῖς
2826 4282 3002 4335 αὐτῶν
3030 4284 3079 4335 οἱ
3100 4284 3372 4355 ἐπόμενοι’
3395 4287 3723 4351 ἱκετεύοντες
3750 4290 3967 4354 αὐτοὺς,

735 4386 823 4436 ea,
852 4388 1012 4442 quam
1043 4374 1243 4430 habent
1296 4378 1438 4447 apud
1472 4379 1753 4434 Dominum
1783 4421 1798 4445 ,
1833 4379 2050 4445 ﬁducia,
2108 4392 2296 4452 petant
2400 4395 2405 4409 ‘

2400 4375 2710 4447 παρρησίαν
2738 4376 2814 4438 ὡς
2860 4375 3079 4445 ἔχοντας
3109 4377 3244 4449 πρὸς
3269 4377 3359 4431 τὸν
3398 4378 3621 4451 Κύριον,
3660 4380 3967 4453 δωρηθῆναι

737 4461 947 4517 ﬁrmant
996 4478 1181 4532 pacem
1244 4467 1299 4521 in
1358 4476 1676 4539 perpetuum
1712 4472 1912 4527 mundo
1948 4472 2113 4537 dari,
2147 4474 2298 4530 nobis
2398 4484 2407 4518 ι

2398 4467 2618 4538 εἰρήνην
2649 4467 2927 4539 σταθηράν
2969 4469 3067 4538 μὲν
3094 4471 3173 4532 είς
3211 4472 3296 4523 ἀεὶ
3324 4474 3389 4541 τῇ
3420 4472 3730 4546 οἰκουμένῃ,
3757 4477 3888 4545 ἡμῖν
3916 4474 3969 4527 δὲ

739 4562 921 4607 autem
954 4554 1185 4607 veniam.
1213 4555 1329 4612 Bis.
2400 4576 2409 4607 ε

2400 4559 2530 4611 πᾶσι
2549 4556 2909 4628 συγχώρησιν.
2959 4560 3066 4623 Δίς.

939 4644 1145 4700 Gloria.
1606 4651 1788 4706 Tonus
1824 4654 2074 4725 obliquus
2100 4655 2154 4709 2.

2611 4647 2767 4712 Δόξα.
3463 4655 3605 4724 Ηχος
3638 4654 3726 4707 πλ.
3762 4655 3827 4726 β’.

836 4735 925 4791 95.
979 4736 1233 4807 Mysticas
1276 4737 1433 4792 hodie
1470 4741 1805 4798 celebremus
1852 4743 2080 4811 Spiritus
2123 4744 2296 4809 tubas,
2468 4740 2506 4791 T

2468 4740 2577 4803 Τὰς
2611 4740 2877 4808 μυστικὰς
2916 4743 3154 4812 σήμερον
3186 4744 3279 4797 τοῦ
3314 4746 3626 4815 Πνεύματος
3644 4748 3967 4817 σάλπιγγας,

737 4828 849 4884 Deo
875 4828 1122 4899 impletos
1154 4829 1361 4895 Patres,
1390 4832 1692 4890 modulatos
1716 4835 1767 4889 in
1807 4835 1986 4891 medio
2036 4836 2299 4893 Ecclesiae
2405 4854 2407 4865 λ

2405 4831 2529 4893 τοὺς
2554 4828 2841 4901 θεοφόρους
2861 4832 3106 4903 Πατέρας
3133 4836 3624 4907 ἀνευφήμησωμεν,
3646 4839 3771 4901 τοὺς
3800 4841 3969 4911 μελῳ-

738 4921 1059 4975 concinnum
1085 4922 1363 4991 theologia
1391 4924 1557 4979 melos
1580 4964 1594 4987 ,
1629 4926 1837 4982 scilicet
1863 4943 2023 4983 unam
2056 4927 2301 4983 Trinita-
2401 4922 2408 4969 ί

2298 4958 2301 4967 .
2401 4920 2666 4991 δήσαντας
2696 4923 2752 4973 ἐν
2784 4921 2934 4992 μέσῳ
2970 4924 3067 4993 τῆς
3111 4923 3433 4995 Ἐκκλησίας
3468 4927 3625 4997 μέλος
3652 4929 3968 5000 ἐναρμονίου

739 5021 849 5067 tem
906 5010 1315 5076 immutabilem,
1346 5016 1746 5084 essentiamque
1800 5032 1864 5073 ac
1909 5019 2249 5075 divinitatem
2281 5036 2297 5086 ;
2327 5018 2409 5102 D‘

2327 5043 2377 5102 Β
2405 5010 2702 5080 θεολογίας,
2730 5013 2934 5082 Τριάδα
2968 5014 3095 5083 μίαν
3129 5015 3546 5085 ἀπαράλλακτον
3565 5018 3752 5072 οὐσίαν
3782 5037 3843 5073 τε
3877 5024 3970 5076 καὶ

736 5102 1034 5163 domitores
1056 5105 1193 5170 Arii,
1224 5113 1280 5158 et
1309 5107 1734 5163 orthodoxorum
1758 5112 2302 5181 antesignanos,con-
2333 5101 2348 5102 η
2402 5111 2406 5146 ¹

2299 5145 2302 5153 ,
2333 5101 2348 5102 ”
2402 5101 2647 5169 θεότητα,
2676 5104 2800 5164 τοὺς
2830 5102 3162 5173 καθαιρέτας
3177 5106 3384 5175 Ἀρείου
3406 5106 3497 5159 καὶ
3520 5106 3813 5178 όρθοδόξων
3838 5127 3969 5182 προσ

738 5196 975 5249 tincnter
1000 5206 1215 5251 orantes
1256 5195 1564 5263 Dominum,
1586 5208 1968 5260 utnostrarum
2001 5206 2301 5259 animarum
2401 5213 2408 5265 ι

2295 5224 2301 5256 ι
2401 5194 2627 5265 μάχους,
2651 5193 2776 5256 τοὺς
2794 5192 3195 5263 πρεσϐεύοντας
3224 5196 3450 5249 πάντοτε
3473 5199 3661 5268 Κυρίῳ
3686 5200 3965 5273 ἐλεηθῆναι

740 5285 1073 5343 miserescat.
2393 5302 2410 5338 π

2393 5284 2490 5347 τὰς
2518 5284 2693 5355 ψυχὰς
2712 5284 2884 5355 ἡμῶν.

950 5375 1013 5429 Ει
1044 5392 1207 5432 nunc.
1920 5385 2158 5441 Mariale.
2596 5378 2620 5430 1‘

2596 5377 2708 5431 Καὶ
2731 5375 2844 5430 νῦν.
3526 5379 3830 5436 Θεοτόκιον.

810 5462 896 5517 96.
969 5465 1099 5530 Quis
1152 5476 1225 5533 te,
1280 5468 1442 5539 Virgo
1498 5472 1885 5538 sanctissima,
1935 5491 2039 5529 non
2084 5477 2298 5531 beatam
2467 5470 2480 5521 Τ

2296 5504 2298 5528 ι
2467 5469 2563 5532 Τίς
2596 5470 2670 5539 μὴ
2717 5471 3009 5541 μακαρίσει
3058 5487 3139 5531 σε,
3170 5471 3409 5537 παναγία
3443 5471 3720 5543 Παρθένε;
3761 5473 3860 5536 Τίς
3895 5476 3966 5545 μὴ

741 5556 1047 5623 praedicet?
1080 5557 1211 5624 Quis
1242 5576 1345 5613 non
1381 5560 1618 5616 celebret
1671 5572 1818 5618 tuum
1854 5566 1972 5619 sine
2007 5567 2143 5620 virili
2198 5583 2299 5635 ope
2403 5579 2411 5613 ε

2295 5589 2299 5618 ε
2403 5561 2700 5630 ἀνυμνήσει
2734 5575 2827 5611 σου
2858 5560 2947 5613 τὸν
2970 5560 3253 5629 ἀλόχευτον
3275 5559 3458 5626 τόκον;
3499 5562 3556 5614 '0
3584 5562 3691 5632 γάρ
3728 5562 3965 5634 ἀχρόνως

744 5649 1007 5714 partum?
1056 5646 1263 5719 Quippe
1291 5659 1380 5719 qui
1437 5663 1562 5707 ante
1592 5671 1752 5710 omne
1785 5666 1993 5724 tempus
2042 5674 2106 5711 ex
2141 5658 2298 5715 Patre
2404 5651 2414 5700 ί

2294 5680 2298 5713 ε
2404 5651 2467 5703 ὲκ
2491 5650 2701 5719 lla-cpt:
2734 5650 3016 5720 ἐκλάμψας
3046 5652 3169 5714 Υἱὸς
3212 5652 3519 5722 μονογενὴς,
3547 5654 3577 5705 ὁ
3602 5653 3759 5716 αὐτὸς
3783 5656 3847 5707 ὲκ
3874 5650 3964 5705 σοῦ

744 5734 942 5790 ell'ulsit
966 5738 1133 5794 Filius
1162 5744 1489 5813 unigenitus,
1520 5745 1609 5799 ille
1639 5748 1776 5802 idem
1800 5760 1864 5801 ex
1897 5755 1969 5813 te,
1989 5750 2296 5817 purissima.
2404 5761 2414 5777 '

2294 5794 2296 5807 .
2404 5742 2503 5809 τῆς
2553 5741 2721 5809 ἁγνῆς
2754 5740 3037 5811 προῆλθεν,
3093 5740 3386 5810 ἀφράστως
3440 5742 3759 5813 σσρκωθείς·
3811 5740 3964 5810 φύσει

745 5821 1002 5891 prodivit,
1029 5824 1367 5884 ineilabiliter
1393 5828 1741 5894 incarnatus;
1780 5840 1969 5885 natura
2004 5830 2140 5888 Deus
2166 5833 2296 5889 exsi-
2405 5836 2415 5879 1

2294 5864 2296 5871 ν
2405 5832 2535 5894 Θεὸς
2584 5831 2861 5900 ὑπάρχων,
2910 5832 2999 5887 καὶ
3038 5830 3193 5900 φύσει
3242 5831 3526 5903 γενόμενος
3570 5832 3855 5903 ἄνθρωπος
3901 5831 3964 5885 δι’
