4230 6484
1335 436 1719 492 ΑΩΟΙᾸῙΪΗΙᾹ
1759 438 2094 493 TRIPLICIS
2140 441 2354 498 FiZSTl.

3202 455 3484 495 εεοιιιτιι

240 556 403 626 ἡμᾶς’
438 555 537 609 οὐκ
577 558 654 619 εἰς
679 555 843 606 δυάδι
871 571 1176 626 προσωπων
1213 557 1567 625 τεμνόμενος.
1602 559 1715 611 ἀλλ’
1754 564 1811 613 ἐν
1845 571 1885 621 Α

1808 571 1885 621 ›Α
1920 572 2106 621 stens,
2138 569 2193 613 ct
2253 571 2439 614 natura
2496 560 2667 614 factus
2722 563 2883 616 homo
2934 567 3151 628 propter
3197 573 3335 621 nos;
3375 573 3478 613 non

238 647 386 701 δυάδι
418 650 633 717 φύσεων
680 648 998 717 ἀσυγχύτως
1038 648 1453 719 γνωριζόμενος.
1493 648 1661 701 Αὑτὸν
1700 654 1809 705 ἱκέ-

240 754 378 799 τευε,
436 740 608 808 σεμνὴ
659 738 1085 807 παμμακάριστε
1161 739 1447 792 ἐλετϐἦναι
1488 741 1586 803 τὰς
1639 742 1809 808 dar/ig

239 829 417 898 ἡμῶν.

1922 650 1970 702 iu
2027 653 2161 705 duas
2195 651 2401 707 divisus
2432 666 2692 721 personas
2716 693 2731 716 ,
2760 652 2853 707 sed
2914 650 2965 705 in
3016 648 3224 706 duabus
3268 651 3477 705 naturis

1922 743 2378 798 inconfusibiliter
2406 744 2829 815 cognoscendus.
2873 744 3025 799 Hunc
3066 757 3158 795 ora
3186 781 3201 806 ,
3242 758 3272 796 ο
3308 757 3474 811 augu.

1918 846 1999 887 sta
2034 847 2087 890 et
2118 836 2455 901 beatissima,
2494 847 2551 891 ut
2587 844 2893 890 nostrarum
2954 836 3261 891 animarum
3315 835 3472 887 mise-

1918 932 2063 974 reatu
2075 939 2118 982 r.

306 1011 395 1063 07.
429 1006 575 1060 llahc
608 1008 718 1078 jam
764 1008 953 1063 iterum
990 1015 1153 1064 verba
1190 1007 1399 1079 Typici,
1430 1022 1486 1065 ut
1520 1010 1719 1071 discas,
1753 1029 1871 1080 qure
1909 1015 2040 1068 liant
2083 1030 2205 1085 post
2231 1017 2513 1072 decantata
2558 1018 2670 1073 lucc
2701 1018 2932 1072 stichera
2969 1035 2982 1071 :

320 1104 647 1175 Ἀπέρχεται
678 1109 705 1158 6
737 1106 913 1177 ἱερεὺς
949 1107 1041 1158 καὶ
1090 1107 1115 1157 6
1152 1104 1396 1168 διάκονος
1421 1148 1434 1170 ,
1479 1106 1571 1158 καὶ
1605 1108 1815 1161 ποιοῦσι
1986 1113 1990 1158 ε

1809 1130 1815 1161 ι
1986 1108 2255 1167 Secedunt
2310 1117 2563 1167 sacerdos
2612 1124 2666 1166 et
2711 1113 2967 1168 diaconus
3022 1112 3333 1183 faciuntque
3397 1124 3479 1161 rc-

242 1197 529 1267 μετὰνοιαν
572 1198 648 1268 τῷ
676 1198 999 1268 προεστῶτι.
1032 1196 1062 1264 ἦ
1088 1198 1166 1258 εἰς
1198 1196 1288 1249 τὸν
1334 1199 1495 1250 τόπον
1525 1196 1708 1261 αὑτοῦ,
1744 1200 1817 1262 ὡς

1808 1216 1817 1260 ;
1913 1203 2209 1256 verentiaut
2236 1205 2474 1273 praesidi,
2498 1214 2591 1258 aut
2614 1218 2804 1257 versus
2845 1204 3011 1271 ipsius
3042 1201 3236 1266 locum,
3268 1212 3323 1254 ut
3353 1212 3478 1255 ante

238 1288 581 1359 προείρηται,
612 1289 703 1339 καὶ
726 1288 1050 1339 ἀλλάσσουσι
1081 1287 1177 1359 τὴν
1210 1288 1493 1359 ἱερατικὴν
1534 1287 1727 1360 στολὴν
1758 1294 1814 1343 ἐν

1802 1308 1814 1341 ο
1912 1289 2112 1343 dictum
2153 1302 2256 1355 est,
2289 1302 2343 1346 et
2373 1303 2581 1347 mutant
2612 1308 2826 1348 Sacram
2866 1292 3060 1345 stolam
3092 1291 3143 1344 in
3172 1290 3472 1343 dinconico.

238 1380 310 1449 τῷ
336 1379 649 1448 διακονικῷ.
693 1380 800 1431 Καὶ
831 1377 1134 1443 ἐξελθόντες
1164 1381 1222 1432 ὲν
1244 1381 1321 1449 τῷ
1348 1379 1458 1448 ναῷ
1487 1380 1812 1434 εἰσοδεύουσι

1802 1400 1812 1434 ι
1911 1381 1975 1435 Ει
2012 1394 2272 1439 exeuntes
2324 1386 2389 1439 ad
2435 1387 2687 1455 templum
2744 1386 3025 1439 introeunt
3071 1399 3190 1437 cum
3234 1383 3472 1445 incenso,

239 1471 376 1540 μετὰ
407 1470 501 1521 τοῦ
536 1469 820 1540 Ουμιατοῦ,
845 1469 952 1522 τῶν
993 1470 1294 1541 λαμπάδων
1327 1472 1811 1541 προπορευομὲνων
1908 1492 1909 1495 ‘

1805 1493 1811 1518 ν
1908 1477 2334 1543 praecedentibus
2385 1478 2528 1546 ipsos
2589 1479 2952 1547 lampadibus.
3011 1474 3231 1529 Fratres
3296 1485 3475 1527 autem

236 1562 451 1625 αὐτούς.
480 1564 541 1615 Οἱ
572 1563 627 1616 δὲ
661 1563 878 1632 ἀδελφοὶ
908 1564 1106 1626 πάντες
1140 1561 1615 1626 ἁποσκεπάξονται
1651 1566 1803 1618 ἐνου-

1910 1580 2101 1621 omnes
2130 1577 2403 1637 teguntur,
2439 1570 2489 1621 in
2522 1585 2684 1622 unum
2724 1571 3045 1624 coeuntibus
3093 1567 3301 1621 duobus
3341 1566 3475 1622 cbo-

238 1654 415 1722 μένων
437 1653 544 1707 τῶν
564 1654 655 1708 δύο
689 1656 883 1725 χορῶν.
1916 1660 2009 1713 ris.

304 1746 391 1801 98.
424 1748 603 1803 Contr.
637 1749 782 1814 Quod
823 1764 917 1803 nos
951 1766 969 1798 ι
1001 1744 1303 1799 sacristiam
1336 1764 1354 1797 ι
1390 1745 1735 1814 appellamus.
1766 1768 1784 1800 α
1817 1751 2155 1805 diacouicum
2202 1769 2219 1802 ι
2256 1751 2458 1807 Grmcis
2489 1752 2689 1806 dicitur
2716 1767 2730 1804 :
2771 1752 2891 1806 ideo
2922 1749 3172 1812 fortasse,
3200 1750 3341 1817 quod
3358 1749 3476 1805 dia-

235 1833 493 1891 conorum
525 1822 773 1891 primitus
800 1827 943 1869 esset
968 1819 1019 1891 iu
1057 1830 1112 1870 ec
1149 1816 1306 1891 sedes
1338 1827 1391 1870 et
1412 1831 1728 1891 consessus;
1773 1820 1854 1891 vel
1884 1824 2082 1886 potius,
2118 1824 2259 1891 quod
2306 1824 2391 1876 hic
2422 1825 2571 1877 locus
2602 1838 2788 1877 eorum
2821 1836 2966 1875 cum
3010 1821 3277 1889 praecipue
3317 1837 3472 1875 cont-

237 1889 432 1943 missus
468 1886 647 1941 fuerit.
691 1888 746 1939 In
780 1901 844 1961 eo
895 1886 1036 1961 enim
1080 1901 1183 1940 non
1213 1888 1402 1961 __su_lum
1448 1902 1566 1955 qua!
1606 1889 1669 1961 ad
1702 1890 1948 1961 ecclesia:
1992 1886 2211 1945 vasa'et
2239 1894 2607 1947 sacerdotales
2637 1903 2813 1947 veStes
2842 1886 3111 1961 spectant,
3158 1891 3470 1961 priusquam

234 1975 388 2012 sacra
423 1964 774 2025 perageretur
806 1956 1044 2024 liturgia,
1078 1971 1169 2010 seu
1196 1957 1431 2012 divinum
1465 1973 1526 2011 ac
1551 1957 1987 2012 ecclesiasticum
2015 1963 2276 2024 oilicium,
2314 1964 2497 2016 munia
2543 1963 2773 2017 obibant
2798 1956 3047 2027 diaconi;
3072 1960 3165 2015 sed
3193 1971 3246 2013 et
3286 1956 3471 2013 cuusi-

232 2031 432 2100 debaut
475 2041 572 2095 pro
606 2027 839 2100 muneris
895 2028 1000 2100 sui“
1028 2027 1257 2100 ratione.
1326 2027 1573 2100 lsidortts
1634 2027 1899 2100 Mercator
1939 2032 2253 2085 Διακονικόν
2289 2049 2307 2083 ι
2344 2034 2695 2085 secretarium
2735 2050 2753 2082 ι
2790 2032 2990 2096 vertit;
3039 2040 3093 2085 et
3136 2039 3473 2100 congruente

230 2098 447 2170 quidem
474 2097 766 2170 Agathensi
807 2096 1060 2170 concilio,
1109 2097 1262 2170 cujus
1317 2096 1384 2170 66
1414 2098 1942 2170 εοηοηᾲιιίσεειει
1978 2102 2235 2166 Quoniam
2279 2117 2385 2156 non
2445 2110 2658 2170 oportet
2736 2102 3037 2155 iusacratos
3086 2096 3363 2154 ministros
3410 2099 3474 2153 li-

231 2167 466 2244 centiam
533 2165 741 2244 habere
802 2165 858 2244 in
923 2167 1277 2244 secretarium
1347 2168 1513 2244 (quth
1579 2165 1752 2221 Grteci
1825 2165 2139 2244 diacouicon
2199 2165 2494 2244 appellant)
2557 2171 2799 2244 ingredi_
2837 2180 2898 2244 et,
2951 2170 3266 2235 contingere
3332 2184 3460 2225 vasa

236 2237 532 2291 ltuminica.
587 2256 604 2288 ι
653 2235 815 2303 Atqui
868 2252 886 2285 ι
941 2235 1305 2307 secretarium
1366 2254 1392 2307 ιΔ
1428 2234 1567 2307 idem
1610 2240 1929 2307 esttquod
1983 2242 2120 2307 apud
2172 2234 2282 2293 uo's'
2326 2261 2343 2292 ι
2388 2234 2642 2297 εαέτίδιίεἶ
2711 2259 2729 2292 ι
2787 2240 3019 2296 barbare
3073 2248 3466 2306 nuncupatur:

232 2311 295 2380 de
361 2323 468 2376 quo
519 2308 630 2380 qui,
678 2308 907 2368 dubitat,
960 2307 1119 2357 adeat
1150 2303 1510 2380 _cardinaletn__
1535 2303 1678 2359 Bona
1725 2303 1818 2359 lib;
1871 2324 1885 2361 ι
1931 2303 2120 2362 Rerum
2186 2310 2546 2380 liturgirarum
2588 2327 2708 2380 cap.
2757 2310 2848 2375 24,
2908 2326 3056 2367 nmn.
3110 2308 3185 2374 2,
3219 2303 3467 2380 Δίὶακονιτ

231 2374 558 2498 xdvltitmen,
588 2377 729 2432 sicut
757 2386 811 2432 et
845 2393 864 2427 ι
902 2375 1255 2430 secretarium
1293 2394 1311 2425 ι
1345 2376 1396 2429 in
1423 2374 1544 2428 aliis
1579 2385 1837 2445 praetcrea
1874 2392 2169 2450 usurpatur
2208 2374 2723 2449 signiﬁcationibus,
2753 2396 2892 2451 quas
2921 2398 3029 2437 non
3057 2391 3142 2436 est
3173 2379 3336 2449 hujus
3358 2378 3465 2433 loci

231 2462 326 2498 em
354 2462 517 2498 tcare.

228 2462 517 2500 explicare.

296 2464 739 2590 ggffrﬁigressus
796 2527 973 2590 autem
1024 2515 1335 2590 sacerdotis
1384 2516 1435 2590 in
1484 2526 1779 2587 templum,
1826 2534 1985 2590 supra
2038 2519 2348 2589 descriptus
2405 2534 2471 2573 ex
2506 2520 2736 2590 Typico,
2775 2534 2880 2575 non
2933 2531 3018 2576 est
3070 2519 3461 2590 simplexuqui-

232 2584 731 2667 damningressus;
782 2587 874 2639 sed
930 2587 1338 2667 ingressus'qui
1396 2584 1632 2667 tit_cut'u
1678 2590 1851 2645 sacris
1894 2584 2203 2667 '_codicibus
2222 2584 2259 2667 ,Δ
2288 2590 2485 2660 quibus
2530 2584 2754 2667 diacono
2789 2606 2819 2643 a
2864 2591 3145 2667 sacerdote
3180 2584 3435 2667 'traditis,

228 2655 505 2731 egreditur
559 2654 647 2731 ille
694 2669 725 2708 e
770 2665 923 2723 porta
972 2654 1281 2719 diaconicii
1338 2666 1392 2709 et
1444 2657 1679 2710 elevatos
1729 2668 1853 2711 aute
1912 2660 2101 2731 [aciem
2167 2654 2459 2724 deferens,
2510 2660 2874 2731 subsequente
2922 2662 3253 2719 sacerdote,
3316 2656 3454 2731 Viam

228 2725 514 2800 quamdam
536 2726 821 2800 _siuuos_a_m
857 2734 998 2777 tenet
1016 2740 1037 2800 _;
1084 2738 1188 2800 qua
1246 2737 1525 2800 peragrata
1582 2735 1707 2779 ante
1771 2740 1990 2800 sanctas
2034 2728 2177 2800 fores
2224 2741 2453 2800 uterque
2487 2725 2784 2795 sistitfut
2823 2732 3077 2800 sacerdos
3142 2726 3469 2800 recitet‘sﬂv

228 2794 456 2873 εἰσόδου.
499 2794 771 2873 conatu
807 2803 967 2873 est,__s
1013 2794 1267 2873 Introitus
1301 2795 1600 2849 orationem
1622 2833 1637 2858 ,
1661 2814 1679 2847 ι
1714 2811 1873 2864 quam
1904 2794 2528 2869 CODSlattllltopUlllantls
2553 2801 2859 2873 patriarcha
2894 2800 2951 2855 S.
2974 2798 3307 2859 Germanus,
3346 2794 3466 2855 loco

227 2875 384 2917 antea
412 2865 595 2932 citato,
622 2864 782 2920 nobis
805 2864 1024 2920 exhibet
1042 2874 1095 2920 et
1124 2866 1195 2919 ita
1231 2876 1408 2920 sonat.

308 2956 599 3028 Ἐσπέρας,
660 2960 753 3012 καὶ
802 2958 965 3031 πρωῒ,
1003 2959 1096 3015 καὶ
1132 2959 1474 3031 μεσημϐρίας
1519 2959 1797 3031 αίνοῦμεν,
1830 2974 1873 3029 Β

226 3048 576 3121 εὐλογοῦμεν,
602 3050 1051 3121 εὐχαριστοῦμεν,
1077 3054 1170 3105 καὶ
1192 3052 1424 3123 δεόμεθά
1456 3070 1572 3117 σου,
1602 3053 1802 3106 Δέσπο-

226 3158 291 3194 τα
323 3141 431 3195 τῶν
458 3142 730 3204 ἁπάντων,
759 3142 1083 3195 κατεὺθυνον
1103 3144 1200 3214 τὴν
1230 3144 1533 3214 προσευχὴν
1560 3145 1712 3215 ἡμῶν
1728 3145 1803 3209 ὡς

229 3233 476 3304 θυμίαμα
502 3233 723 3287 ὲνώπιόι
771 3250 884 3287 σου.
922 3234 1032 3286 Kal.
1064 3234 1138 3304 μὴ
1176 3233 1430 3307 ἐκκλίνῃς
1451 3234 1549 3298 τὰς
1578 3235 1802 3306 καρδίας

228 3323 385 3394 ἡμῶν
411 3327 489 3387 εἰς
516 3324 702 3394 λόγους
731 3325 763 3396 ἢ
800 3326 878 3388 εἰς
899 3323 1191 3394 λογισμοὺς
1219 3325 1500 3395 πονηρίας,
1532 3323 1665 3377 ἀλλὰ
1694 3323 1803 3396 p6-

230 3433 313 3471 σαι
335 3418 483 3486 ἡμᾶς
500 3418 561 3469 ὲκ
580 3418 792 3470 πάντων
822 3416 928 3468 τῶν
954 3416 1020 3486 οη
1030 3417 1290 3485 ρευόντων
1307 3415 1405 3479 τὰς
1426 3415 1601 3486 ψυχὰς
1619 3416 1796 3488 ἡμῶν*

227 3509 307 3561 ὅτι
344 3507 480 3578 πρὸς
513 3508 593 3570 σὲ,
638 3508 831 3577 Κύριε,
863 3507 1056 3580 Κύριε,
1098 3508 1146 3560 oi
1174 3508 1438 3579 ὀφθαλμοὶ
1483 3508 1661 3579 ἡμῶν,
1708 3510 1800 3563 καὶ

227 3601 318 3653 ἐπὶ
348 3600 429 3651 σοὶ
478 3598 802 3671 ἠλπίσαμεν·
863 3600 940 3672 μὴ
982 3597 1344 3670 καταισχύνῃς
1385 3601 1550 3670 ἡμᾶς,
1596 3603 1624 3653 6
1669 3600 1801 3664 Θεὸς

227 3692 402 3763 ἡμῶν.
430 3692 549 3745 Ὅτι
580 3695 777 3763 πρέπει
812 3693 894 3745 σοὶ
933 3693 1082 3745 πᾶσα
1118 3690 1265 3757 δόξα,
1315 3690 1450 3761 τιμὴ
1481 3690 1573 3743 καὶ
1628 3708 1799 3762 προσ-

227 3784 472 3854 κύνησις,
497 3782 575 3855 τῷ
596 3784 788 3852 Πατρὶ,
819 3784 913 3837 καὶ
943 3785 1019 3855 τῷ
1045 3784 1180 3855 Υίῷ,
1209 3784 1301 3837 καὶ
1346 3781 1423 3852 τῷ
1451 3781 1587 3854 ἁγίῳ
1623 3782 1797 3836 Πνεύ-

231 3890 381 3943 ματι,
405 3874 500 3927 νῦν
530 3876 624 3928 καὶ
679 3875 787 3941 ἀεὶ,
815 3875 908 3929 καὶ
931 3878 1011 3939 είς
1048 3878 1171 3940 τοὺς
1211 3875 1413 3939 αἰῶνας
1438 3873 1546 3928 τῶν
1570 3874 1797 3929 αἰώνων.

240 3966 430 4038 Ἀμήν.

298 4053 430 4111 Εἶτα
462 4060 674 4129 εὐλογεῐ
700 4063 796 4133 τὴν
819 4060 1041 4125 εἴσοδον,
1070 4060 1279 4129 λέγων·

298 4149 647 4223 Εὐλογημένη
682 4154 715 4223 ἡ
748 4152 947 4217 εἴσοδος
978 4152 1084 4207 τῶν
1118 4153 1288 4221 ἁγίων
1317 4168 1411 4205 σου
1438 4152 1687 4216 πάντοτε,
1706 4150 1799 4205 νῦν

227 4241 321 4294 καὶ
350 4241 455 4306 ἀεὶ,
479 4242 570 4293 καί
579 4282 591 4294 .

297 4326 431 4384 Εἶτα
474 4332 503 4383 6
552 4330 830 4396 διάκονος,
886 4334 1170 4405 χαράττων
1231 4337 1461 4409 σταυρὸν
1505 4337 1641 4407 μετὰ
1700 4335 1793 4390 τοῦ
1824 4314 1869 4377 C

229 4422 512 4493 Θυμιατοῦ,
542 4423 721 4494 λέγει’
762 4424 947 4496 Σοφία,
978 4426 1161 4499 ὀρθοίο
1203 4429 1296 4481 καὶ
1338 4432 1498 4499 ἡμεῖς
1555 4429 1635 4489 τὸ,
1676 4426 1796 4490 Φῶς

230 4516 431 4588 ἱλαρόν.

1974 2959 2095 3015 100.
2151 2961 2407 3031 Vespere,
2461 2970 2516 3018 et
2568 2978 2762 3030 mane,
2798 2974 2853 3021 et
2902 2964 3130 3021 meridie
3163 2964 3465 3028 laudamus.

1904 3053 2296 3118 benedicimus,
2323 3054 2527 3125 gratias
2549 3056 2777 3127 agimus,
2803 3066 2854 3111 et
2884 3072 3100 3112 oramus
3128 3068 3200 3122 te,
3225 3060 3465 3112 omnium

1905 3142 2137 3198 Domine
2162 3163 2175 3199 :
2204 3145 2374 3215 dirige
2405 3146 2707 3201 orationem
2735 3156 2979 3201 nostram
3019 3147 3155 3202 sicut
3185 3147 3464 3202 incensum

1905 3233 1957 3285 iu
1989 3245 2279 3302 conspectu
2342 3247 2471 3301 tuo;
2527 3250 2581 3291 et
2626 3254 2692 3293 ne
2722 3237 2947 3294 inclines
2982 3239 3144 3293 corda
3179 3248 3365 3294 nostra
3412 3240 3470 3294 in

1904 3326 2066 3379 verba
2098 3324 2179 3379 vel
2221 3327 2574 3396 cogitationes
2605 3331 2878 3398 nequitize,
2913 3331 3005 3385 sed
3051 3330 3220 3386 libera
3274 3346 3371 3386 nos
3399 3332 3474 3386 ab

1900 3419 2151 3473 omnibus
2179 3418 2500 3475 venantibus
2543 3420 2757 3477 animas
2792 3431 3037 3477 nostras:
3076 3422 3201 3492 quia
3252 3423 3317 3476 ad
3387 3432 3461 3488 te,

1902 3510 2151 3576 Domine,
2180 3511 2427 3580 Domine,
2464 3514 2605 3569 oculi
2636 3515 2827 3581 nostri,
2852 3524 2907 3570 et
2937 3516 2987 3569 in
3017 3524 3067 3570 te
3094 3516 3428 3584 speravimus
3447 3532 3471 3581 ;

1902 3614 1969 3655 ne
2014 3600 2312 3658 confundas
2343 3619 2440 3659 nos
2466 3645 2481 3668 ,
2514 3605 2655 3660 Deus
2686 3616 2887 3661 noster.
2919 3606 3055 3672 Quia
3087 3610 3340 3662 convenit
3371 3608 3469 3661 tibi

1900 3693 2078 3746 omnis
2105 3694 2295 3763 gloria,
2329 3694 2502 3750 honor
2528 3706 2581 3750 et
2608 3697 2857 3753 adoratio
2879 3737 2896 3765 ,
2924 3697 3093 3767 Patri,
3119 3709 3174 3753 et
3220 3698 3380 3763 Filio,
3412 3707 3467 3753 et

1904 3784 2131 3855 Spiritui
2165 3796 2388 3855 sancto,
2419 3803 2559 3845 nunc
2590 3798 2645 3845 et
2679 3804 2912 3862 semper,
2945 3800 3001 3847 ct
3049 3791 3100 3846 in
3131 3790 3327 3847 saecula
3362 3805 3468 3847 sa:-

1904 3881 2173 3938 culorum.
2198 3882 2393 3938 Amen.

1975 4062 2041 4118 Et
2059 4063 2325 4119 bencdicit
2355 4063 2629 4119 introitum
2655 4062 2840 4119 dicens
2866 4081 2880 4118 :

1968 4153 2287 4210 Benedictus
2329 4154 2399 4209 sit
2448 4155 2701 4209 introitus
2749 4162 3059 4208 sanctorum
3103 4162 3314 4209 tuorqu
3344 4156 3463 4213 ubi—

1900 4261 2022 4318 que,
2046 4262 2187 4300 nunc
2216 4254 2271 4298 ει
2302 4260 2536 4315 semper,
2590 4256 2696 4300 εισ.

1974 4333 2098 4386 101.
2166 4330 2410 4388 Posthac
2460 4333 2763 4399 diaconus,
2830 4332 3103 4389 thuribulo
3175 4334 3458 4391 eﬂ‘ormata

1900 4437 2083 4489 cruce,
2127 4422 2280 4488 dicit,
2319 4423 2615 4493 Sapientia,
2650 4426 2803 4482 recti.
2856 4424 2966 4481 Nos
3007 4437 3183 4480 autem
3212 4445 3225 4481 :
3253 4426 3458 4483 Lumen

1894 4513 2213 4585 jucundum.

298 4608 477 4663 Con.
509 4606 732 4683 Reliqua
769 4612 955 4683 supple
978 4625 1041 4665 ex
1074 4616 1247 4682 capite
1296 4614 1489 4683 primo,
1518 4614 1582 4667 de
1612 4609 1933 4683 Minoribus
1954 4606 2213 4683 vesperis.
2255 4604 2351 4683 Hic
2390 4620 2519 4683 vero
2557 4609 2856 4683 notaverim
2884 4625 2949 4663 ex
2979 4607 3193 4683 Joanne
3222 4608 3455 4673 Marino,

230 4676 511 4751 diaconum
533 4676 797 4751 dicentem
819 4676 1007 4750 Σοφία,
1031 4699 1050 4733 ι
1082 4676 1379 4751 Sapientia,
1418 4701 1436 4735 ι
1472 4676 1855 4737 verosituiliter
1884 4678 2108 4751 digitum
2146 4676 2426 4751 intendere
2453 4678 2505 4732 in
2524 4678 2778 4751 codicem
2806 4694 3017 4751 sacrum
3043 4687 3131 4733 :et
3152 4681 3232 4735 sic
3259 4696 3289 4734 ο
3316 4696 3457 4749 prae-

229 4744 1084 4822 sentibusexigereattentionem
1106 4744 1466 4820 praestandam
1490 4753 1705 4822 iis,qu:e
1725 4751 1849 4804 inde
1867 4744 2425 4803 recitabantur.Pauci
2444 4749 2663 4819 quidam
2679 4763 2798 4801 cum
2817 4747 3157 4804 S.Germano
3172 4744 3357 4819 legunt
3371 4751 3458 4804 Σο-

230 4818 326 4885 φία
358 4816 515 4889 ὀρθή.
546 4834 564 4868 ι
592 4816 871 4887 Sapientia
902 4831 1068 4875 recta.
1099 4816 1118 4874 ἱ

297 4912 453 4966 Μετὰ
483 4911 539 4965 δὲ
582 4910 677 4983 τὴν
722 4914 920 4966 εἴσοδον
972 4917 1000 4968 6
1065 4915 1281 4985 ταχθεὶς
1326 4915 1579 4987 μοναχὸς,
1620 4914 1796 4985 βαλὼν

227 5005 323 5076 τὴν
344 5004 547 5077 συνήθη
578 5004 863 5076 μετάνοιαν
880 5005 956 5076 τῷ
988 5007 1306 5077 προεστῶτι,
1334 5006 1523 5076 ψάλλει
1545 5006 1645 5077 τῆς
1660 5008 1797 5078 ἡμέ-

232 5116 327 5170 ρας
388 5100 743 5169 προκείμενον
802 5099 1057 5169 δίστιχονο
1099 5100 1156 5153 '0
1189 5100 1393 5171 Κύριος
1427 5099 1790 5154 ὲσασίλευσεν.

228 5191 415 5261 Στίχος
464 5196 532 5244 α’.
575 5190 890 5245 Ἐνεδύσατο
934 5191 1140 5263 Κύριος
1182 5192 1428 5263 δύναμιν.
1488 5193 1675 5263 Στίχος
1723 5191 1788 5261 β’.

229 5281 336 5333 Καὶ
383 5280 492 5353 γὰρ
537 5280 889 5351 ἐστερέωσεν.
948 5282 1218 5353 Στραφεὶς
1266 5281 1321 5334 δὲ
1371 5284 1399 5333 6
1444 5283 1620 5352 ἱερεὺς
1652 5282 1788 5352 πρὸς

228 5371 458 5442 δυσμὰς,
488 5370 773 5443 δεδεμένας
811 5373 949 5443 ἔχων
1007 5374 1105 5437 τὰς
1146 5376 1353 5445 χεῖρας,
1397 5373 1610 5426 ἵσταται
1640 5389 1794 5443 περι-

233 5458 406 5527 μένων
445 5460 543 5531 τὴν
590 5462 869 5533 πλήρωσιν
917 5460 1009 5513 τοῦ
1060 5462 1443 5532 προκειμένου.
1493 5457 1626 5513 Εἶτα
1672 5460 1795 5530 βαλ-

230 5552 306 5605 λει
352 5554 658 5623 μετάνοιαν,
717 5552 813 5607 xal.
852 5552 1148 5623 ἀπέρχεται
1197 5556 1277 5615 εἰς
1328 5551 1420 5604 τὸν
1478 5552 1641 5604 τόπον
1696 5555 1794 5605 αὑ-

228 5658 320 5695 του
328 5681 341 5695 .

1974 4908 2101 4964 102.
2126 4908 2251 4963 Post
2281 4908 2563 4963 introitum
2588 4923 2743 4994 vero,
2767 4911 3080 4983 designatus
3107 4913 3174 4967 ad
3198 4913 3251 4969 id
3278 4930 3457 4969 mons-

1896 5001 2070 5061 chus.
2107 5001 2384 5071 praemissa
2432 4999 2588 5055 solita
2641 5004 2884 5071 corporis
2934 5003 3219 5061 inﬂexione
3266 5021 3456 5061 versus

1894 5093 2177 5160 praesidem
2208 5092 2322 5145 sive
2349 5090 2595 5146 abbatem
2627 5132 2642 5157 ,
2669 5093 2817 5148 canit
2854 5093 3187 5165 propositum
3229 5096 3336 5151 dici
3372 5098 3455 5151 di-

1892 5184 2146 5247 stichum,
2177 5192 2232 5235 et
2271 5182 2423 5247 dicit,
2469 5182 2733 5238 Dominus
2763 5187 3027 5254 regnavit.
3054 5186 3367 5245 Versiculus
3400 5190 3453 5256 1,

1892 5274 2115 5328 lndutus
2142 5284 2227 5327 est
2254 5272 2533 5330 Dominus.
2592 5273 2903 5331 Versiculus
2944 5278 2997 5341 2,
3034 5277 3245 5334 Etenim
3275 5280 3454 5334 firma-

1890 5368 1986 5420 vit.
2026 5364 2244 5419 Interim
2278 5381 2572 5422 conversus
2612 5369 2678 5422 ad
2712 5370 3046 5425 occidentem
3093 5374 3367 5438 sacerdos,
3402 5382 3451 5425 et

1886 5460 2106 5527 junctas
2150 5460 2353 5515 habens
2380 5476 2591 5527 manus,
2624 5464 2882 5530 propositi
2930 5464 3089 5519 tinem
3153 5466 3450 5535 Opperitur.

1892 5550 2010 5603 Mox
2067 5550 2291 5604 exhibet
2338 5552 2695 5606 reverentiam
2729 5593 2743 5617 ,
2778 5562 2831 5609 et
2888 5554 2939 5608 in
3000 5554 3173 5609 locum
3228 5556 3449 5610 discedit

1893 5658 2071 5698 suum.

295 5738 418 5793 105.
447 5738 623 5795 Count.
656 5736 895 5793 Ecclesia
926 5737 1139 5805 quidem
1170 5735 1356 5791 Graeca
1390 5736 1816 5807 singulisrtotius
1846 5738 1975 5807 anni
2018 5737 2168 5790 feriis
2197 5737 2399 5807 singula
2440 5738 2673 5792 disticha
2700 5740 2949 5793 attribuit
2987 5758 3001 5794 :
3043 5756 3145 5794 non
3182 5750 3357 5795 tamen
3396 5742 3449 5798 in

229 5810 467 5878 quolibet
504 5808 679 5863 ollicio
704 5808 1060 5879 videturpost
1085 5805 1577 5879 lintroirtum_et_diei
1614 5806 1883 5879 distichon
1910 5806 2074 5879 etiam
2102 5808 2203 5861 dici
2243 5805 2754 5879 Domitiusregnavt'l
2782 5850 2796 5870 ,
2820 5825 2938 5863 cum
2972 5810 3296 5879 supradictis
3321 5825 3439 5866 ver-

227 5874 429 5947 siculis,
461 5880 555 5936 sed
587 5888 789 5935 tantum
822 5876 877 5931 iu
899 5876 1149 5946 Vesperis
1176 5876 1417 5933 Sabbati.
1452 5874 1546 5931 Est
1574 5877 1716 5931 enim
1749 5879 1886 5945 apud

1782 5879 1886 5945 pud
1916 5878 1973 5931 S.
2012 5878 2331 5932 Germanum
2356 5894 2369 5930 :
2413 5877 2474 5931 Ei
2502 5877 2557 5930 δὲ
2585 5878 2695 5930 ἐστι
2724 5880 2995 5935 Σάϐϐατον
3019 5874 3278 5946 ἑσπέρας,
3304 5879 3446 5947 λέγει
