4230 6488
747 433 913 475 CCCXL

2084 415 2622 473 PRliLl-JGOMENA.

737 534 925 608 [itania
958 536 1216 608 virorum,
1240 535 1564 608 ah_ecclesi_a
1596 535 1653 590 Β.
1684 535 1942 608 martyris
1967 535 2239 608 marcelli;
2268 538 2453 590 litania
2489 536 2900 608 monachorum.
2951 537 3031 608 οι),
3050 535 3281 608 ecclesia
3316 545 3617 608 martyrum
3668 531 3893 608 'aaunis
3920 544 3976 588 et

738 605 926 671 Pauli;
952 606 1143 691 _|itanila
1172 606 1637 691 ancillarum'Dei,
1668 608 1735 661 ab
1756 605 1993 691 ecclesia
2021 607 2124 689 Ββ.
2155 620 2457 691 martyrum
2474 608 2682 662 Cosme
2707 616 2767 691 et
2790 606 3034 691 Damiani
3060 622 3076 670 ;
3100 606 3977 691 litania.feminarumcoujugata-

742 693 883 741 rum,
916 677 982 731 ab
1009 678 1236 731 ecclesia
1268 676 1327 730 Β.
1359 676 1519 748 primi
1548 682 1802 748 martyris
1825 676 2125 744 Stephani;
2162 676 2345 732 litauia
2375 678 2679 748 viduarum,
2721 678 2788 748 al)
2815 678 3042 748 ecclesia
3074 677 3329 748 martyris
3364 677 3592 739 Vitatis;
3618 676 3806 728 litauia
3838 690 3973 741 pau-

739 761 926 819 perum
962 759 1015 802 et
1042 748 1349 819 infantium,
1383 746 1448 819 ab
1476 746 1702 819 ecclesia
1736 747 1797 819 Β.
1826 750 2085 819 martyris
2117 748 2363 819 Czecilite.
2404 767 2422 799 ι
2453 747 2547 801 Ubi
2574 747 2635 800 τὸ
2670 765 2689 796 ι
2727 746 2908 799 litania
2943 766 2961 797 ι
2994 747 3136 819 aliud
3167 746 3298 799 nihil
3343 756 3537 814 printer
3569 747 3975 819 proces~io:ien_t

739 813 1363 888 sigttillcalabieaulem
1396 815 1481 888 his
1514 817 1688 872 tribus
1714 813 2031 873 doctoribus
2056 833 2216 873 sacro
2261 820 2312 873 in
2346 818 2468 888 λιτῇ
2504 820 2618 872 sive
2646 822 2993 885 processioue
3036 818 3405 870 recitabantur
3432 817 3710 885 sequentia
3741 813 3980 886 στιχηρὰ

740 886 981 959 ίδιόμελα
1010 887 1115 943 Nili
1143 886 1502 954 Xanthopuli.

1390 976 1575 1034 Tenus
1603 978 1657 1033 2.

813 1067 937 1126 107.
1007 1069 1122 1125 nuc
1173 1072 1339 1141 agite,
1404 1070 1644 1125 ctelestis
1693 1069 1976 1126 Trinitatis
2019 1070 2302 1135 cultores;

742 1164 1106 1218 eollaudemus
1136 1172 1447 1217 terrestrem
1504 1163 1799 1216 trinitatem
1831 1163 2136 1217 divinorum
2167 1163 2309 1218 anti.

742 1262 925 1316 stitutn
952 1276 965 1316 :
998 1258 1315 1330 Gregorium
1359 1268 1720 1329 cognomento
1752 1254 2111 1327 Theologuin,
2150 1258 2306 1311 Basi-

743 1355 870 1408 lium
902 1354 1184 1409 ducentem
1216 1367 1243 1405 a
1276 1367 1441 1420 regno
1480 1366 1674 1405 nomen
1703 1391 1721 1417 ,
1769 1360 1826 1405 et
1855 1366 1884 1404 a
1915 1351 2089 1421 gratia
2139 1348 2310 1405 Joan-

2343 992 2391 1042 Α

3067 971 3240 1029 *Ηγος
3264 975 3328 1029 B'.

3067 975 3145 1029 *Β
3182 993 3210 1029 ο
3294 982 3328 1029 ’.

2480 1070 2664 1129 Δεῦτε.
2714 1072 2812 1142 τῆς
2851 1069 3104 1142 οὐρανίου
3149 975 3381 1141 ξ’ἰιὲδος
3415 1068 3465 1123 οῑ
3524 1068 3838 1141 λατρευταὶ,
3891 1070 3986 1139 τὴν

2412 1160 2650 1229 ἐπίγειον
2680 1161 2870 1231 τριάδα
2901 1161 3009 1213 τῶν
3050 1159 3209 1212 θείων
3246 1158 3511 1231 ἱεραρχῶν
3557 1160 3985 1231 εὐφημήσωμεν,

2412 1253 2503 1305 τὸν
2540 1253 2843 1323 Γρηγόριον
2868 1252 2969 1321 τῆς
2999 1252 3277 1321 θεολογίας
3295 1252 3387 1304 τὸν
3416 1250 3718 1321 ἐπώνυμον,
3750 1253 3841 1305 τὸν
3880 1252 3987 1305 Βα-

2415 1346 2609 1398 σίλειον
2655 1344 2755 1415 τῆς
2799 1344 3071 1413 βασιλείας
3094 1344 3184 1397 τὸν
3224 1343 3565 1414 φερώνυμον,
3603 1346 3697 1397 καὶ
3738 1346 3988 1416 Ἰωάννην

743 1460 905 1509 nem;
958 1445 1095 1499 imos
1148 1444 1386 1513 gurgites
1443 1443 1757 1512 sapientiae;
1810 1442 2046 1511 Spiritus
2098 1442 2304 1495 marina
2411 1461 2413 1470 λ

2411 1437 2503 1491 τὸν
2536 1437 2701 1500 ὅντως
2730 1435 3122 1507 χαριτώνυμον,
3158 1438 3279 1501 τοὺς
3306 1438 3403 1509 τῆς
3425 1436 3613 1505 σοφίας
3649 1436 3862 1507 βυθοὺς,
3896 1434 3988 1492 τοῦ

744 1534 977 1603 ﬂuenta;
1014 1536 1190 1590 fontes
1248 1550 1398 1603 aqum
1438 1535 1631 1588 vivida:
1680 1535 1989 1604 jugiterque
2020 1534 2304 1598 salientis;

743 1628 948 1682 lucidas
980 1629 1337 1697 margaritas;
1370 1628 1649 1682 terrestria
1696 1626 2017 1690 luminaria;
2056 1626 2311 1682 Ecclesiae

742 1720 1144 1792 gubernacula;
1172 1721 1577 1789 splendidorum
1612 1719 1880 1774 fructuum
1913 1720 2123 1774 feraces
2154 1720 2313 1773 arbo-

746 1828 863 1879 res;
888 1812 1241 1868 administros
1283 1813 1504 1879 gratiae;
1540 1827 1603 1867 os
1633 1811 1877 1877 Christi;
1915 1812 2160 1867 vindices
2184 1812 2310 1866 Tri-

742 1905 962 1972 uitatis;
992 1905 1060 1961 ab
1092 1907 1280 1962 eadem
1308 1906 1426 1961 sine
1458 1906 1616 1961 ullius
1646 1906 1952 1959 interventu
1979 1904 2310 1968 illustratos;

742 2007 797 2052 et
825 1994 1039 2053 a'ssidue
1076 2012 1176 2068 pro
1206 1998 1412 2055 nostris
1445 1998 1733 2052 animabus
1760 2006 2003 2051 orantes.

1341 2252 1482 2307 Idem
1525 2260 1703 2308 tonus.

2415 1528 2731 1600 Πνεῦματος
2753 1530 2820 1581 τὰ
2846 1527 3036 1599 ῥεῖθρα
3052 1530 3117 1580 τὰ
3139 1528 3437 1590 ὠκεανικά,
3467 1528 3564 1592 τὰς
3590 1529 3773 1600 πηγὰς
3788 1530 3887 1592 τὰς
3904 1531 3991 1584 ἀεὶ

2417 1621 2735 1689 βλυζούσας,
2763 1621 2822 1674 τὶ
2855 1620 2999 1691 ὕδωρ
3038 1620 3097 1672 ea
3126 1619 3233 1682 ζῶν
3264 1622 3325 1674 τὸ
3357 1621 3665 1691 ἁλλόμενον,
3690 1622 3813 1685 τοὺς
3838 1621 3991 1675 διαυ-

2416 1716 2531 1780 γεῖς
2568 1713 2925 1784 μαργαρίτας,
2949 1713 3074 1775 τοὺς
3102 1712 3377 1779 ἐπιγείους
3399 1714 3713 1785 φωστῆρας,
3744 1714 3843 1784 τῆς
3868 1714 3993 1767 Ἐκ-

2418 1806 2645 1875 κλησίας
2693 1807 2817 1869 τοὺς
2862 1806 3070 1866 οἴακας,
3100 1804 3168 1857 τὰ
3201 1804 3566 1875 ἀγλαόκαρπα
3610 1806 3822 1877 δένδρα,
3866 1808 3991 1870 τοὺς

2417 1896 2730 1967 οἰκονόμους
2755 1895 2854 1964 τῆς
2878 1897 3120 1966 χάριτος,
3152 1893 3390 1965 Χριστοῦ
3423 1896 3483 1948 τὸ
3508 1897 3704 1966 στόμα,
3757 1897 3852 1951 καὶ
3894 1897 3993 1968 τῆς

2419 1985 2645 2057 Τριάδος
2679 1988 2802 2049 τοὺς
2829 1986 3203 2057 ὑπερμάχους,
3233 1987 3356 2049 τοὺς
3386 1985 3444 2051 ἐξ
3476 1986 3644 2057 αὐτῆς
3667 1987 3887 2057 ἀμισως
3908 1987 3993 2041 ἔλ-

2417 2077 2820 2149 λαμπομένους,
2850 2079 2943 2130 καὶ
2975 2079 3381 2150 πρεσϐεύοντας
3407 2083 3703 2149 ἀπαύστως
3732 2084 3997 2157 ὑπὲρτῶν

2417 2170 2604 2241 ψυχῶν
2633 2170 2812 2241 ἡμῶν.

3071 2266 3129 2320 Ὀ
3168 2267 3350 2331 αὑτός.

816 2342 937 2401 108.
1006 2344 1278 2402 Accensos
1346 2349 1413 2401 ab
1488 2348 1614 2417 igne
1686 2346 1982 2403 inevitabili
2053 2350 2391 2408 carbonesB

2298 2367 2318 2406 s
2350 2353 2391 2408 Β
2491 2353 2631 2417 Τοὺς
2662 2354 2999 2424 ἀναφθέντας
3038 2357 3314 2430 ἄνθρακας
3346 2362 3411 2413 ὲκ
3441 2360 3535 2414 τοῦ
3581 2361 3847 2415 ἀστέκτου
3896 2378 3968 2414 πυ

745 2434 975 2489 fideliter
1023 2436 1398 2504 praedicamus,
1430 2440 1521 2508 qui
1574 2452 1669 2506 per
1722 2438 1839 2491 illos
1883 2438 2182 2494 collustrati
2227 2453 2317 2492 su.

746 2541 885 2580 mus.
913 2524 975 2580 Hi
999 2526 1169 2590 enim,
1198 2543 1296 2598 per
1333 2543 1453 2582 eam
1487 2543 1646 2598 quam
1676 2530 1949 2584 habebant
1981 2545 2103 2584 cum
2125 2531 2317 2586 eodem

744 2615 1183 2685 coniunctionem
1217 2617 1533 2673 inflammati
1558 2630 1885 2685 ,evaserunt
1924 2620 2110 2675 mundi
2156 2620 2318 2673 lumi-

744 2723 816 2764 na
840 2724 858 2775 ;
884 2709 1215 2781 vitalemqne
1238 2711 1566 2781 pauperibus
1600 2712 1852 2763 virtutem
1878 2710 2195 2781 largientes,
2215 2709 2320 2764 Pa-

745 2814 906 2868 trem,
940 2810 990 2856 et
1018 2800 1242 2865 Filium,
1273 2812 1329 2857 et
1359 2801 1623 2872 Spiritum
1665 2809 1939 2866 sanctum,
1965 2801 2053 2871 pie
2078 2802 2321 2871 promul-

742 2900 942 2962 garunt
976 2909 990 2945 :
1025 2907 1163 2961 quos
1202 2902 1258 2946 et
1286 2908 1385 2947 nos
1421 2893 1802 2963 compelletnus
1834 2914 1848 2951 :
1883 2890 2040 2947 Salve
2074 2892 2319 2949 Trinita—

747 2983 819 3038 tis
858 2982 1097 3048 trinitas,
1130 2999 1310 3038 rerum
1343 2984 1644 3038 divinarum
1676 2985 2006 3058 intelligens.

1316 3072 1497 3128 Tonus
1530 3074 1637 3129 obl.
1667 3073 1725 3129 2.

826 3161 954 3219 109.
1004 3162 1355 3235 Triplicatam
1406 3164 1628 3219 Davidis
1692 3165 1950 3231 fundam,
2015 3165 2323 3223 Salomonis

748 3254 1050 3308 tuniculum
1082 3257 1394 3308 coccineum
1424 3293 1441 3318 ,
1472 3254 1633 3309 Verbi
1675 3254 1948 3327 flagellum
1994 3258 2210 3328 triplex.
2234 3274 2322 3315 sa-

748 3346 961 3416 pientes
977 3344 1255 3415 przesules,
1278 3343 1534 3398 Basilium
1572 3358 1844 3417 magnum,
1876 3346 2197 3420 Gregorium
2228 3352 2317 3407 di-

748 3441 955 3508 vinum,
989 3438 1251 3495 Joannem
1282 3454 1448 3495 aureo
1480 3449 1752 3495 tonantem
1780 3456 1899 3507 ore,
1936 3442 2166 3498 fideliter
2183 3459 2321 3512 prte-

748 3533 1014 3589 dicetnus.
1049 3531 1183 3587 Nam
1239 3532 1584 3597 Goliathum,
1617 3533 1709 3603 qui
1746 3533 1932 3588 animo
1983 3536 2229 3590 cernitur
2268 3546 2324 3591 et

750 3635 933 3680 mente
978 3624 1313 3694 intelligitur,
1360 3622 1606 3693 augulari
1659 3624 1835 3693 lapide
1874 3637 2317 3695 prostraverunt,

749 3719 910 3773 fidem
929 3718 1271 3773 adduxerunt
1292 3715 1359 3772 ad
1386 3715 1762 3782 concordiam,
1785 3730 2016 3785 eamque
2042 3734 2317 3790 purpureo
2343 3704 2387 3762 (ἶ

746 3812 947 3868 Christi
985 3811 1248 3881 sanguine
1275 3850 1291 3875 ,
1319 3810 1474 3879 quasi
1506 3809 1649 3865 vallo
1675 3808 1859 3880 aliquo
1888 3809 2241 3876 munierunt;
2266 3823 2323 3867 et

749 3901 859 3956 Deo
906 3912 1171 3972 questum
1233 3899 1539 3964 facientes,
1580 3898 1973 3953 haeresiarchas
2031 3910 2063 3950 a
2116 3895 2321 3953 Christi

750 3992 934 4046 divino
993 4006 1154 4061 grege
1190 3990 1503 4060 longissime
1565 3989 1920 4059 repulerunt,
1952 4004 2048 4045 sua
2096 3988 2319 4045 dicendi

750 4081 1127 4150 scribendique
1169 4081 1219 4134 vi
1251 4094 1265 4133 :
1305 4082 1432 4150 quin
1462 4082 1569 4136 imo
1599 4082 1758 4136 fidem
1784 4081 2072 4136 hodiedum
2102 4091 2321 4137 susten-

753 4183 890 4240 tant,
912 4184 966 4227 et
995 4188 1024 4226 a
1058 4171 1285 4226 Domino
1311 4172 1587 4241 postulant
1643 4174 1934 4227 animabus
1982 4172 2188 4228 nostris
2220 4172 2321 4227 mi-

750 4265 1127 4321 sericordiam.

1319 4353 1503 4409 Tonus
1547 4354 1657 4409 obl.
1694 4364 1751 4411 4.

824 4445 947 4502 llo.
1010 4446 1275 4516 Apparuit
1336 4448 1505 4517 gratia
1557 4447 1648 4503 Dei
1690 4447 1944 4505 omnibus
1988 4447 2320 4517 hominibus,

750 4536 1008 4591 erudiens
1062 4549 1160 4589 nos
1187 4550 1287 4605 per
1317 4548 1683 4606 praeceptores
1728 4538 1870 4604 illos,
1904 4548 1962 4594 ut
2016 4539 2323 4596 emendatis

752 4630 996 4686 moribus
1041 4630 1272 4701 vitaeque
1318 4629 1755 4696 consuetudine,
1792 4640 2029 4686 mentem
2074 4639 2321 4687 nostram

751 4722 873 4776 luce
910 4720 1107 4775 divinae
1156 4721 1481 4793 cognitionis
1532 4721 1921 4782 illuminemus.
1956 4722 2165 4779 Idcirco
2213 4722 2324 4777 cla-

749 4828 1000 4869 nemus:
1031 4810 1274 4869 Trinitas
1302 4824 1515 4882 sancta,
1552 4829 1732 4870 rerum
1783 4819 2023 4870 omnium
2054 4817 2269 4872 domina
2302 4853 2321 4882 ,

752 4910 945 4964 horum
969 4907 1132 4962 trium
1172 4917 1448 4977 pastorum
1480 4922 1690 4963 tuorum
1732 4908 1983 4977 precibus
2006 4910 2149 4964 hunc
2172 4919 2320 4965 tuum

748 5015 967 5072 gregem
998 5001 1051 5055 in
1090 5015 1284 5056 secura
1333 5017 1467 5073 pace
1498 5003 1710 5057 custodi
1742 5042 1757 5065 ,
1789 5002 1857 5055 ab
1895 5004 2042 5058 onml
2070 5003 2319 5059 molestia

750 5090 1017 5156 libera,et
1046 5090 1113 5145 ad
1135 5091 1362 5147 salutem
1396 5093 1598 5160 perduc
1630 5092 2054 5162 sempiternam,
2086 5093 2317 5166 benigna

748 5196 871 5235 cum
903 5182 999 5236 sis.

1311 5295 1495 5351 Tonus
1536 5296 1647 5352 obl.
1698 5296 1754 5350 2.

819 5388 944 5444 Ml.
1002 5389 1202 5446 Sancta
1258 5397 1313 5443 et
1355 5391 1627 5444 adoranda
1679 5389 1963 5455 Trinitas,
2024 5389 2193 5461 gloria
2246 5391 2319 5447 sit

748 5480 981 5549 sapienti
1040 5480 1396 5549 providentiae
1449 5489 1574 5546 tuae,
1602 5480 1724 5549 quia
1760 5480 2072 5535 hominibus
2118 5478 2315 5551 largita

745 5584 810 5624 es
833 5583 865 5623 ο
898 5585 1124 5628 numero
1152 5572 1427 5626 hominum
1486 5572 1587 5625 tria
1638 5586 1829 5643 magna
1869 5571 2159 5626 luminaria
2182 5572 2313 5628 elle-

747 5658 924 5716 rentia
952 5664 1241 5730 agnitionis
1269 5675 1371 5719 tua:
1409 5663 1581 5718 facem
1603 5704 1618 5727 ,
1669 5662 1894 5732 eiusque
1931 5664 2139 5735 fulgore
2172 5665 2318 5719 salu-

750 5760 923 5805 tarem
979 5760 1123 5805 tuam
1154 5769 1215 5807 ac
1263 5756 1629 5809 venerandam
1666 5755 1997 5810 voluntatem
2054 5767 2316 5825 tanquam

750 5839 823 5893 de
854 5841 1070 5906 specula
1114 5842 1497 5911 significantia.
1528 5842 1648 5908 Quo
1682 5844 1898 5911 quidem
1944 5844 2147 5901 lumine
2177 5845 2317 5899 locu-

2418 2445 2512 2516 ρὸς
2543 2449 2591 2500 oi
2621 2446 2711 2500 διὰ
2747 2448 2926 2503 αὐτῶν
2968 2452 3328 2519 φωτισθέντες
3364 2454 3569 2517 πιστῶς
3601 2455 4002 2526 ἀνευφημήσω-

2421 2556 2541 2609 μενο
2578 2532 2725 2592 οὗτοι
2756 2540 2867 2611 γὰρ
2905 2543 2971 2612 τῇ
3004 2542 3143 2613 πρὸς
3174 2543 3308 2596 αὐτὸ
3336 2542 3528 2598 ἐνώσει
3559 2545 3997 2618 ἐκπυρωθέντες,

2419 2632 2707 2701 φωστῆρες
2732 2632 2826 2685 τοῦ
2855 2633 3059 2703 κόσμου
3082 2634 3347 2702 ἐγίνοντο,
3376 2634 3582 2707 ζωτικὴ
3620 2640 3733 2702 τοῖς
3765 2641 3999 2709 πτωχοῖς

2420 2721 2850 2792 χρηματίζοντες
2878 2723 3126 2794 δύναμις,
3152 2724 3372 2794 Πατέρα
3405 2727 3499 2778 καὶ
3530 2728 3655 2781 Υἱὸν
3688 2730 3783 2782 καὶ
3831 2728 4001 2783 11νεῦ-

2422 2829 2498 2883 μα
2546 2812 2699 2882 ἅγιον
2758 2813 2997 2878 εὐσεϐῶς
3040 2814 3526 2885 ἀνακηρύττοντες,
3583 2812 3665 2879 οἷς
3706 2820 3801 2871 καὶ
3842 2820 4003 2889 ἡμεῖς

2421 2906 2829 2976 προσείπωμεν*
2889 2906 3149 2979 Χαίροις,
3213 2907 3444 2978 Τριάδος
3504 2908 3661 2979 τριὰς
3716 2912 3752 2979 ἡ
3816 2910 4001 2965 θεόσσ-

2421 3014 2539 3067 φος.

3010 3088 3179 3163 7Ηχος
3212 3092 3303 3146 πλ.
3342 3092 3407 3163 β’.

2495 3180 2599 3234 Τοῦ
2651 3182 2815 3236 Δασιδ
2862 3183 2959 3254 τὴν
3032 3184 3322 3256 σφενδόνην
3373 3184 3473 3256 τὴν
3529 3184 3841 3259 τρίπλοκον,
3906 3187 4000 3242 τοῦ

2424 3270 2772 3343 Σαλομῶντος
2814 3274 3076 3345 σπαρτίον
3127 3275 3188 3329 τὸ
3229 3276 3502 3342 κόκκινον,
3558 3278 3620 3332 τὸ
3668 3278 3763 3333 τοῦ
3824 3278 3999 3347 Λόγου

2423 3365 2752 3436 φραγγέλιον
2779 3366 3091 3438 τρίπλοκον,
3122 3372 3248 3434 τοὺς
3282 3372 3479 3440 σοφοὺς
3503 3371 3787 3443 ίερὰρχας,
3836 3370 4001 3425 Βασί-

2422 3456 2563 3511 λειον
2586 3458 2676 3511 τὸν
2711 3458 2903 3529 μέγαν,
2934 3460 3231 3533 Γρηγόριον
3258 3462 3347 3516 τὸν
3379 3462 3540 3527 θεῖον,
3585 3463 3838 3533 Ἰωάννην
3858 3461 4003 3536 Χρυ-

2425 3548 2685 3619 σόστομον
2728 3551 2933 3614 πιστῶς
2964 3553 3459 3624 ἀνευφημήσωμεν.
3507 3555 3613 3607 Τὸν
3658 3556 3850 3627 νοητὸν
3890 3556 4000 3629 γὰρ

2425 3638 2616 3692 Γολιάθ
2647 3639 2723 3710 τῷ
2759 3642 3138 3713 ἀκρογωνιαίῳ
3170 3644 3305 3715 λίθῳ
3337 3646 3757 3711 καταϐαλόντες,
3784 3657 3887 3721 τὴν
3914 3649 4003 3701 πί-

2422 3748 2539 3787 στιν
2560 3732 2697 3803 πρὺς
2715 3733 2966 3804 ὁμόνοιαν
2989 3734 3216 3805 ἦγαγον,
3241 3736 3319 3808 τῷ
3335 3737 3608 3809 ὲρυθραίῳ
3640 3738 3735 3791 τοῦ
3759 3740 4002 3812 Χριστοῦ

2420 3826 2882 3898 περιτειχίσαντες
2910 3828 3123 3899 αἵματι,
3153 3827 3249 3882 καὶ
3280 3828 3407 3891 τοὺς
3445 3827 3821 3901 θεοκαπήλους
3848 3833 4005 3902 αἱρε-

2423 3917 2653 3989 σιάρχας
2690 3919 2799 3974 τῶν
2828 3920 3132 3991 περιϐόλων
3164 3922 3265 3993 τῆς
3293 3919 3445 3984 θείας
3478 3919 3573 3974 τοῦ
3607 3921 3849 3993 Χριστοῦ
3880 3923 4002 3976 ποί-

2425 4025 2563 4078 μνης
2594 4012 2808 4083 μακρὰν
2834 4012 3204 4077 ἀπελάσαντες
3218 4011 3307 4067 διὰ
3331 4011 3441 4066 τῶν
3465 4011 3659 4081 λόγων,
3692 4014 3788 4067 καὶ
3809 4012 3889 4068 Est
3904 4014 4005 4085 τὴν

2423 4098 2608 4153 πίστιν
2638 4102 2971 4174 στηρίζουσι,
2994 4106 3088 4159 καὶ
3111 4105 3474 4177 πρεσϐεύουσι
3490 4105 3683 4179 Κυρίῳ
3711 4105 4004 4177 δλεηθῆναι

2421 4192 2519 4255 τὰς
2542 4192 2719 4263 ψυχὰς
2747 4196 2779 4263 ἡ
2788 4194 2925 4265 μῶν.

3014 4364 3189 4441 Ἧχος
3217 4368 3306 4423 πλ.
3339 4370 3402 4424 δ’.

2508 4461 2783 4535 Ἐπεφάνη
2828 4463 2861 4533 ἠ
2904 4461 3065 4531 χάρις
3119 4460 3213 4515 τοῦ
3264 4460 3400 4517 Θεοῦ
3456 4464 3621 4517 πᾶσιν
3670 4461 4002 4537 ἀνθρώποις,

2423 4552 2753 4607 παιδεύουσα
2774 4554 2943 4624 ἡμᾶς,
2975 4550 3064 4607 te
3085 4552 3193 4607 τῶν
3218 4554 3553 4611 διδασκάλων
3584 4555 3655 4610 τὰ
3670 4556 3775 4629 ἤθη
3796 4574 4005 4630 κοσμη-

2422 4642 2633 4707 θέντας,
2658 4646 2784 4707 τοὺς
2822 4642 3054 4715 τρόπους
3106 4644 3513 4716 βιλτιωθέντας,
3561 4648 3891 4715 θεογνωσίας
3920 4646 4005 4703 αῖ-

2422 4734 2524 4807 γλῃ
2556 4735 2649 4789 τὸν
2693 4733 2818 4789 νοῦν
2854 4736 3316 4810 περιλαμφθῆναι·
3353 4739 3435 4793 διὸ
3466 4737 3779 4811 πράξωμεν⁸
3830 4738 4003 4811 Τριὰς

2421 4827 2567 4896 ἀγία,
2609 4826 2776 4899 κυρία
2802 4827 2895 4883 τοῦ
2930 4829 3151 4893 παντὸς,
3194 4832 3314 4894 ταῖς
3355 4828 3466 4882 τῶν
3490 4827 3660 4899 sptth
3685 4846 3780 4885 σου
3803 4826 4001 4900 scorpi-

2421 4928 2527 4967 νων
2556 4918 2884 4986 προσευχαῖς
2910 4915 2971 4969 τὸ
2998 4915 3089 4971 σὺν
3114 4918 3363 4988 ποίμνιον
3393 4915 3549 4971 τοῦτο
3577 4919 3636 4972 ἐν
3659 4920 3855 4992 εἰρήνῃ
3878 4934 4002 4971 συν-

2419 5006 2658 5076 τήρησον
2689 5006 2943 5077 ἀσφαλῶς
2973 5010 3065 5061 καὶ
3091 5007 3334 5072 ἀλύπως,
3369 5009 3463 5062 καὶ
3512 5010 3686 5063 σῶσον
3713 5010 3791 5073 ὡς
3814 5009 4001 5079 φιλάν-

2427 5096 2665 5169 θρωπος.

3015 5292 3187 5368 ’Πχος
3219 5298 3311 5351 πλ.
3336 5296 3403 5367 β’.

2495 5388 2667 5461 Τριάς
2713 5387 2843 5457 ἀγία
2889 5390 2983 5443 καὶ
3020 5390 3370 5461 προσκυνητὴ
3394 5430 3409 5454 ,
3440 5388 3565 5456 δόξα
3595 5393 3663 5461 τῇ
3700 5395 3837 5463 σοφῇ
3870 5409 3997 5466 προι

2426 5482 2543 5553 vei;
2564 5499 2682 5545 σου,
2716 5481 2797 5535 ὃτι
2825 5486 2971 5554 τρεῖς
2997 5484 3122 5543 σοὺς
3154 5482 3418 5551 μεγάλους
3456 5482 3749 5553 φωστῆρας
3771 5489 3886 5552 τοῖς
3908 5490 3999 5539 ἁν-

2427 5572 2664 5645 θρώποις
2698 5572 2759 5638 ιε
2788 5574 3087 5645 ἀνθρώπων
3116 5573 3394 5646 ἐχάρισας,
3434 5575 3512 5646 τῷ
3550 5578 3689 5644 φωτὶ
3719 5576 3999 5649 λαμπαδο-

2424 5666 2653 5736 χοῦντας
2673 5666 2772 5737 τῆς
2801 5668 2900 5737 σῆς
2930 5666 3296 5734 ἐπιγνώσεως,
3339 5669 3433 5721 καὶ
3461 5670 3525 5738 τῇ
3555 5668 3718 5741 αἴγλῃ
3746 5687 3998 5743 φρυκτω-

2428 5757 2653 5827 ροῦντας
2677 5755 2786 5809 τῶν
2804 5759 3080 5828 σωτηρίων
3109 5775 3200 5810 σου
3232 5758 3323 5811 καὶ
3340 5758 3553 5811 σεπτῶν
3572 5760 3913 5830 θελημάτωνο
3930 5761 3995 5812 δι’

2424 5839 2498 5897 ὦν
2543 5849 2575 5914 ἡ
2602 5847 2894 5915 οἰκουμένη
2919 5847 3031 5911 φῶς
3077 5847 3328 5913 γνώσεως
3362 5847 3688 5914 πλουτοῦσα,
3742 5849 3840 5915 τὴν
3900 5850 3993 5914 σὴν
