4230 6506
745 469 969 510 εεαδιιν

2135 430 2675 495 PRDLEGOMENA.

755 582 808 633 iu
844 576 1002 639 cmlo,
1030 568 1232 626 terreni
1262 564 1458 637 angeli,
1496 561 1644 618 salus
1672 560 1878 626 mundi,
1916 558 2193 614 hominum
2228 558 2319 613 ke-
2347 559 2425 615 Α·

2347 559 2392 615 Α
2417 572 2555 624 γειοι
2584 552 2823 623 ἄγγελοι,
2856 552 2947 605 τοῦ
2984 548 3189 620 κόσμου
3218 554 3250 621 ἡ
3297 551 3562 621 σωτηρία,
3588 553 3620 622 ἡ
3652 549 3760 604 τῶν
3786 547 3994 620 ἀνθρώ.

750 671 887 736 tilia,
918 667 1165 721 doctores
1186 660 1354 726 orbis,
1376 665 1804 727 prapugnatores
1832 652 2003 714 verbi,
2027 650 2181 719 periti
2210 664 2318 702 me-

750 762 855 817 dici
916 761 1225 814 morborum
1270 763 1380 807 tum
1434 749 1593 804 animi
1626 758 1737 801 tum
1772 744 2037 813 corporis,
2072 739 2309 807 Spiritus

752 853 1005 925 perennia
1044 848 1300 909 ﬂumina,
1329 841 1630 897 eruditione
1674 838 1983 893 universam
2036 842 2195 887 terra:
2238 832 2317 887 fa-

752 923 889 999 ciem
938 939 1249 996 inundantia
1278 974 1293 999 ,
1322 932 1553 1002 theologi
1590 969 1606 991 .
1640 932 1799 985 bases
1821 970 1837 993 ,
1871 940 2036 981 aureo
2072 923 2318 993 insignes

751 1040 1005 1094 idiomate
1032 1078 1045 1100 ,
1079 1030 1258 1087 divino
1305 1026 1507 1098 Spiritu
1534 1020 1695 1076 amati
1723 1039 1738 1085 ;
1785 1029 1938 1075 orate
1989 1015 2266 1071 Christum
2299 1049 2315 1077 ,

752 1144 807 1186 nt
836 1140 1082 1197 magnam
1110 1121 1389 1176 animabus
1429 1116 1626 1171 nostris
1683 1112 1941 1183 largiatur
1995 1107 2312 1163 misericor-

748 1226 916 1280 diam.

819 1310 1148 1369 V'ersiculus.
1202 1306 1520 1362 Sacerdotes
1580 1300 1695 1364 tui,
1763 1294 2030 1359 Domine,
2096 1290 2320 1346 induent

749 1406 1029 1460 iustitiam.

770 1423 1029 1460 nsuuam.

743 1423 760 1475 ³
819 1496 942 1553 124.
980 1493 1212 1554 Salvete,
1237 1484 1650 1543 hierarcharum
1710 1482 1862 1544 trias,
1906 1473 2181 1531 terrestris
2221 1474 2317 1525 tir-

750 1589 1007 1647 mameuti
1030 1586 1127 1647 sol,
1154 1582 1290 1637 radii
1319 1622 1333 1647 ,
1364 1592 1418 1637 et
1445 1581 1511 1634 de
1541 1576 1767 1646 triplicis
1810 1570 1939 1626 solis
1969 1568 2176 1623 lumine
2228 1581 2317 1620 ac-

750 1699 924 1739 cenam
964 1681 1110 1735 faces
1137 1720 1151 1743 ,
1186 1676 1241 1731 in
1293 1672 1536 1729 obscuris
1596 1665 1927 1721 versantium
1967 1659 2313 1719 illuntinatio,

746 1776 906 1830 ﬂores
941 1788 1106 1829 suave
1140 1771 1344 1825 olentes
1368 1807 1383 1830 ,
1412 1759 1773 1832 pulcherrima
1810 1754 2049 1825 paradisi
2085 1751 2320 1806 amceni-

751 1879 852 1929 tas,
878 1877 933 1921 tu
965 1864 1233 1929 Theologe
1259 1854 1507 1924 Gregori,
1535 1861 1587 1905 tu
1621 1848 1828 1904 erudite
1853 1845 2037 1909 Basili,
2070 1854 2123 1898 tu
2148 1842 2320 1913 Chry-

2420 664 2535 700 πων
2552 644 2714 717 χαρὰ,
2743 644 2834 696 καὶ
2866 646 2964 714 τῆς
2983 642 3306 714 οἰκουμένης
3347 642 3394 695 οἱ
3420 641 3730 697 διδάσκαλοι
3752 681 3769 706 ,
3792 640 3889 693 τοῦ
3918 641 3998 695 λό-

2419 755 2517 807 γου
2549 742 2596 792 οἱ
2630 737 2920 810 πρόμαχοι,
2958 735 3132 807 ἰατροὶ
3149 735 3506 805 ἐπιστήμονες
3535 735 3643 787 τῶν
3670 733 3996 805 νοσημάτων

2418 829 2516 897 τῆς
2540 830 2719 899 ψυχῆς
2746 827 2840 881 καὶ
2878 825 2971 879 τοῦ
3018 825 3285 897 σώματος,
3306 827 3356 877 oi
3399 825 3639 895 άείρῤοοι
3668 824 3905 897 ποταμοὶ
3944 822 3994 875 oi

2419 920 2511 974 τοῦ
2554 922 2889 993 Πνεύματος,
2918 918 3099 987 λόγοις
3148 920 3198 973 oi
3247 917 3712 990 καταρδεύσαντες
3742 920 3844 995 τῆς
3893 916 3996 986 γῆς

2420 1013 2564 1068 ἅπαν
2591 1013 2903 1082 πρόσωπον,
2934 1012 2983 1065 oi
3015 1012 3275 1081 θεολόγοι,
3310 1011 3365 1063 αἱ
3404 1010 3607 1079 βάσεις,
3630 1010 3679 1062 oi
3730 1008 3995 1081 χρυσολό-

2420 1122 2526 1174 γοι,
2546 1104 2596 1156 οἱ
2614 1102 2803 1157 ἔνθεοι·
2846 1102 3076 1175 Χριστὸν
3103 1101 3452 1173 καταπέμψαι
3478 1105 3596 1165 ταῖς
3620 1102 3820 1172 ψυχαῖς
3839 1103 3995 1175 ἡμῶν

2419 1195 2619 1248 αἰτεῖτε
2643 1192 2700 1246 τὸ
2732 1194 2873 1264 μέγα
2893 1194 3056 1257 ἔλεος.

2492 1285 2696 1356 Στίχος.
2752 1287 2815 1338 0i
2863 1286 3023 1357 ἱερεῖς
3071 1302 3187 1349 σου,
3222 1287 3414 1358 Κύριε,
3456 1285 3760 1339 ὲνὸύσονται
3791 1286 3998 1340 δικαιο-

2422 1397 2605 1450 συνην.

2486 1471 2732 1544 Χαίροις,
2782 1471 3052 1543 ίεραρχῶν
3088 1472 3122 1541 ἡ
3166 1468 3344 1541 τριάς,
3370 1469 3463 1523 τοῦ
3486 1468 3727 1538 ἐπιγείου
3760 1472 3994 1544 στερεώο

2425 1581 2591 1634 ματος
2612 1564 2783 1633 ἥλιος,
2818 1564 3059 1627 ἀκτῖνες,
3100 1562 3194 1616 καὶ
3219 1560 3494 1633 δᾳδουχίαι
3520 1563 3584 1614 ὲκ
3604 1560 3880 1632 τρισηλίου
3903 1564 3996 1615 αὑ-

2420 1654 2546 1723 γῆς,
2597 1653 2705 1706 τῶν
2743 1653 3143 1722 ὲσκοτισμένων
3196 1652 3228 1722 ἡ
3271 1648 3582 1718 ἀνάϐλεψιςς
3632 1649 3702 1701 τά
3739 1648 3876 1720 ἄνθη
3928 1652 3996 1706 τά

2422 1745 2652 1814 εὔοσμα,
2701 1745 2795 1800 τοῦ
2838 1744 3171 1815 ,παραδείσου
3213 1743 3283 1798 τά
3339 1741 3618 1805 κάλλιστα,
3679 1744 3707 1795 ό
3753 1740 3996 1809 θεολόγος

2422 1838 2744 1912 Γρητόριος,
2783 1839 2811 1892 ὁ
2845 1836 3005 1905 σοφός
3052 1854 3110 1889 τε
3167 1836 3464 1901 Βασίλειος,
3516 1835 3544 1889 ό
3592 1834 3996 1905 Χρυσόστομος,

748 1972 1006 2021 Sostome,
1040 1953 1275 2022 Spiritus
1306 1946 1497 2013 tabula:
1525 1959 1553 1998 a
1608 1944 1715 1997 Deo
1769 1947 2006 1997 exarata:
2032 1977 2049 2003 ,
2083 1936 2316 1990 distenta
2353 1917 2393 1970 Β

2353 1917 2393 1970 Β
2421 1926 2487 1983 τά
2525 1928 2690 1995 πυξία
2738 1930 2829 1983 τοῦ
2878 1926 3212 2011 Πνεύματος,
3266 1927 3471 1991 πλάκες
3522 1928 3576 1981 ai
3618 1925 3996 1998 θεοχάρακτοι,

748 2051 935 2106 salutis
981 2049 1118 2102 lacte
1151 2044 1337 2105 ubera,
1378 2046 1694 2093 ornamenta
1728 2033 2050 2103 sapientia;
2096 2030 2317 2087 Christo

750 2143 1077 2214 supplicate,
1132 2146 1190 2189 ut
1242 2125 1489 2202 magnam
1529 2127 1687 2183 nobis
1745 2126 1948 2180 tribuat
2008 2124 2319 2178 misericor-

747 2238 913 2290 diam.

913 2324 1111 2380 Gloria.
1808 2310 1987 2365 'l'onus
2014 2308 2175 2362 idem.

822 2418 947 2474 ηδ.
979 2416 1247 2471 Canamus
1284 2410 1464 2474 tubis,
1513 2407 1865 2477 tripudiemus
1909 2412 1969 2457 ut
2019 2400 2195 2456 facere
2250 2397 2322 2452 fe-

750 2523 835 2568 sto
865 2511 951 2566 die
983 2506 1255 2567 convenit,
1283 2511 1338 2556 et
1366 2500 1662 2571 gestiamus
1687 2495 1895 2558 lartitia,
1929 2506 2074 2548 (εωιιι
2104 2492 2317 2563 publico

752 2606 804 2658 in
856 2610 1167 2657 nostrorum
1196 2592 1424 2665 gratiam
1460 2589 1742 2667 doctorum
1778 2594 1989 2640 coacto.
2024 2585 2197 2655 Reges
2256 2598 2319 2637 ac

752 2694 1028 2765 principes
1075 2692 1448 2747 concurrant,
1485 2692 1542 2736 et
1598 2680 1916 2734 hierarchas
1967 2693 2087 2731 cuni
2131 2677 2320 2745 plausu

757 2786 1056 2856 excipiant,
1085 2796 1189 2837 non
1219 2794 1375 2835 secus
1403 2791 1465 2831 ac
1520 2785 1627 2829 tres
1665 2774 1957 2828 immensos
1986 2767 2175 2821 ﬂuvios
2225 2768 2323 2818 do-

751 2888 1033 2950 gmatum;
1093 2883 1205 2928 tres
1265 2871 1564 2927 Calirrhom
1623 2864 1758 2922 fonti
1793 2863 1994 2919 similes
2031 2901 2048 2926 ,
2084 2858 2322 2929 Spiritus

750 2983 946 3041 aquam
972 2966 1149 3021 vivam
1188 2964 1239 3015 in
1271 2971 1589 3030 perpetuum
1649 2957 1960 3011 fundentes.
1997 2953 2042 3009 Ο
2079 2962 2322 3021 pastores

751 3076 815 3114 ac
844 3056 1109 3128 magistri,
1151 3069 1255 3107 una
1287 3052 1628 3107 celebremus
1666 3058 1776 3101 tres
1817 3048 2105 3101 adoranda:
2132 3042 2314 3099 Trini-

755 3152 882 3205 tatis
909 3150 1271 3218 interpretes:
1305 3142 1623 3215 philosophi,
1644 3151 1700 3193 ut
1716 3141 2013 3205 sapientes;
2046 3138 2323 3206 presbyte-

2429 2020 2587 2092 μαζοὶ
2627 2021 2676 2072 οἱ
2709 2017 3069 2082 ⁴ἐκϐλύξοντες
3100 2017 3198 2087 τῆς
3226 2019 3496 2088 σωτηρίας
3522 2017 3583 2070 τὺ
3612 2017 3774 2086 γάλα,
3815 2017 3877 2071 τὸ
3902 2017 3997 2087 τῆς

2427 2112 2618 2183 σοφίας
2653 2113 2716 2166 τὸ
2735 2110 3027 2182 ἀγλάῖσμαο
3066 2109 3297 2181 Χριστὸν
3328 2108 3625 2161 δυσωπεῖτε
3655 2112 3776 2172 ταῖς
3799 2110 3997 2179 ψυχαῖς

2425 2203 2581 2277 ἡμῶν
2596 2204 2814 2276 δοθῆναι
2844 2204 2903 2257 τί,
2931 2204 3072 2274 μέγα
3101 2201 3266 2265 ἔλεος.

2586 2293 2742 2359 Δόξα.
3420 2285 3594 2362 Ἦχος
3613 2292 3641 2343 ό
3673 2290 3858 2354 αὑτός.

2491 2383 2851 2457 Σαλπίσωμεν
2905 2389 2962 2439 ἐν
3017 2387 3274 2455 σάλπιγγι
3327 2385 3607 2457 ᾀσμάτων,
3650 2382 3997 2454 χορεύσωμεν

2426 2480 2631 2552 έόρτια,
2671 2478 2767 2532 καὶ
2798 2478 3183 2548 σκιρτὴσωμεν
3210 2477 3569 2547 ἀγαλλόμενοι
3613 2478 3670 2529 ὲν
3696 2478 3763 2545 τῇ
3796 2474 3997 2544 πανδή-

2429 2589 2515 2643 μῳ
2544 2568 2849 2643 πανηγύρει
2887 2568 2994 2623 τῶν
3028 2568 3362 2622 διδασκάλων
3401 2569 3573 2639 ἡμῶν.
3622 2566 3873 2631 Βασιλεῖς
3910 2569 3997 2622 καὶ

2425 2665 2683 2734 ἄρχοντες
2716 2662 3173 2734 συντρεχέτωσαν,
3205 2662 3297 2713 καὶ
3324 2661 3451 2724 τοὺς
3502 2659 3759 2731 ίεράρχας
3808 2661 3991 2731 κροτή⁸

2423 2770 2608 2807 τωσαν
2648 2755 2705 2806 ὲν
2732 2753 2939 2824 ὕμνοις,
2968 2752 3041 2816 ὼς
3074 2752 3356 2823 δογμάτων
3391 2751 3689 2823 βλύσαντας
3724 2755 3997 2826 ποταμοὺς

2419 2845 2841 2925 ὑπερμεγέθεις.
2876 2848 3025 2917 τρεῖς
3062 2845 3385 2919 καλλιρρόας
3410 2845 3672 2912 άειζὼοὺς
3704 2847 3800 2901 τοῦ
3832 2846 3973 2903 Πνεύ

2428 2954 2617 3009 ματος.
2671 2938 2935 3009 Ποιμένες
2983 2939 3078 2992 καὶ
3118 2939 3445 3001 διδάσκαλοι,
3488 2939 3617 3003 τοὺς
3660 2942 3760 3011 τῆς
3802 2937 3997 3008 σεπτῆς

2425 3029 2653 3103 Τριάδος
2700 3032 2956 3102 τρισσοὺς
2992 3029 3322 3101 ἱερομύστας
3372 3030 3712 3093 συνελθόντες
3752 3028 3973 3099 εὐφημή

2428 3141 2626 3193 σωμεν.
2673 3126 2735 3176 Oi
2771 3123 3048 3193 φιλόσοφοι
3078 3125 3203 3186 τοὺς
3224 3123 3442 3191 σοφοὺς,
3466 3125 3513 3175 oi
3544 3123 3705 3192 ἱερεῖς
3730 3120 3856 3183 τοὺς
3888 3136 3995 3172 ποιο

753 3245 822 3309 ri,
849 3252 906 3297 ut
940 3250 1223 3319 pastores;
1256 3209 1591 3307 peccatores,
1628 3244 1685 3287 nt
1708 3242 1963 3302 patronos
1986 3246 2001 3295 ;
2026 3243 2312 3299 pauperes,
2348 3250 2393 3309 ρ

2348 3250 2393 3309 C
2429 3214 2618 3282 μένας,
2648 3216 2695 3265 οἱ
2720 3213 3033 3284 ἐιμαρτωλο)⁵
3053 3213 3177 3274 τοὺς
3204 3211 3533 3283 προστάτας,
3556 3211 3605 3262 οἱ
3627 3209 3860 3280 πένητες
3879 3209 3996 3261 τοὺς

750 3343 808 3388 ιιι
839 3330 1288 3400 locupletatores;
1316 3326 1520 3392 alllicti,
1547 3335 1604 3379 ut
1628 3322 2029 3386 consolatores;
2056 3319 2318 3382 viatores,

752 3434 809 3478 ιιι
842 3422 1105 3485 comites;
1164 3420 1481 3486 navigantes
1508 3458 1521 3481 ,
1557 3427 1610 3469 ut
1663 3416 2087 3485 gubernatores;
2128 3411 2318 3481 reliqui

748 3530 959 3575 omnes.
996 3523 1053 3568 ut
1078 3511 1273 3581 ubique
1303 3521 1357 3563 et
1394 3511 1444 3562 in
1478 3506 1671 3577 quavis
1702 3508 2029 3559 necessitate
2061 3508 2317 3559 ardenter

746 3613 1210 3679 praeoccupantes.
1251 3602 1316 3657 Et
1344 3602 1469 3655 dum
1514 3597 1757 3653 laudibus
1800 3596 2012 3649 divinos
2042 3597 2159 3650 illos
2192 3596 2324 3650 elle-

749 3698 922 3752 rimus
980 3696 1288 3756 antistites,
1340 3684 1915 3743 dicamus:Doctores
1970 3682 2319 3748 sanctissimi,

749 3796 1022 3843 maturate
1050 3786 1259 3852 eripere
1290 3782 1471 3835 lldeles
1516 3795 1581 3833 ex
1605 3777 1825 3845 hujusce
1850 3776 1973 3830 vita:
2011 3774 2315 3830 olfendicu-

752 3883 841 3946 lis,
880 3891 935 3935 et
959 3894 1055 3933 nos
1092 3875 1307 3931 mternis
1340 3873 1567 3928 liberare
1590 3869 1867 3924 aerumnis.

823 3974 887 4027 Et
947 3985 1108 4027 nunc.
1167 3967 1422 4023 Germani
1493 3961 1809 4032 patriarchae
1865 3956 2196 4012 Theotocion
2249 3956 2324 4011 si-

750 4065 899 4119 mile.

823 4154 941 4209 126.
1002 4154 1271 4205 Canamus
1330 4149 1521 4211 tubis,
1572 4147 1696 4217 quia
1769 4144 1971 4214 Regina
2044 4144 2322 4202 omnium,

748 4258 924 4303 mater
952 4243 1137 4310 Virgo,
1168 4241 1424 4295 benevola
1456 4249 1571 4304 est,
1607 4248 1661 4291 et
1708 4233 2171 4289 benedictionibus
2225 4247 2321 4286 co-

748 4348 907 4394 ronat
932 4337 1238 4391 laudatores
1262 4346 1410 4387 suos.
1458 4328 1635 4398 Reges
1683 4341 1747 4382 ac
1794 4324 2068 4395 principes
2096 4338 2326 4378 concur-

747 4441 895 4495 rant,
939 4438 1103 4498 atque
1135 4424 1370 4482 excitato
1424 4422 1615 4491 plausu
1667 4423 1994 4473 venerentur
2044 4415 2309 4483 reginam,

750 4539 870 4594 quae
896 4518 1105 4591 peperit
1128 4530 1331 4586 regem,
1364 4510 1700 4581 gaudentem
1737 4521 1768 4559 a
1803 4513 1981 4560 morte
2018 4504 2187 4555 victos
2227 4502 2321 4553 be-

2424 3303 2767 3368 πλουτιστάς,
2785 3305 2833 3356 oi
2851 3306 2909 3357 ὲν
2938 3302 3147 3371 θλίψεσι
3161 3303 3285 3365 τοὺς
3302 3298 3777 3372 παραμυθοῦντας,
3803 3301 3853 3353 oi
3870 3300 3979 3355 όδοι

2424 3391 2581 3463 πόροι
2620 3393 2748 3456 τοὺς
2781 3390 3055 3453 συνοδίτας
3078 3431 3093 3454 ,
3127 3390 3177 3443 oi
3217 3392 3275 3443 ὲν
3307 3389 3552 3463 Θαλάσσῃ
3582 3389 3707 3454 τοὺς
3738 3389 4007 3461 κυϐερνή-

2424 3501 2543 3548 τας,
2579 3486 2628 3536 oi
2656 3484 2856 3548 πάντες
2885 3484 3013 3547 τοὺς
3030 3482 3303 3553 πανταχοῦ
3325 3480 3542 3553 θερμῶς
3572 3481 4000 3555 προφθάνοντας·

2426 3578 2603 3642 θείους
2633 3577 3001 3651 άρχιεράρχας
3049 3576 3487 3648 ἐγκωμιάζοντες
3535 3573 3706 3637 οὕτως
3737 3574 3999 3645 εἴπωμεν·

2425 3674 2687 3740 Πανάγιοι
2737 3672 3065 3734 διδάσκαλοι,
3097 3670 3363 3723 σπεύσατε
3392 3667 3595 3731 ἐξελεῖν
3628 3667 3753 3729 τοὺς
3776 3666 4004 3728 πιστοὺς

2425 3763 2487 3813 ἐκ
2522 3762 2631 3813 τῶν
2652 3761 2743 3814 τοῦ
2781 3761 2895 3829 βίου
2932 3761 3263 3823 σκανδάλων,
3288 3758 3381 3812 καὶ
3407 3756 3569 3830 ῥῦσαι
3605 3757 3882 3811 κολάσεων
3896 3755 4003 3809 τῶν

2424 3852 2656 3906 αἰωνίων
2687 3853 2854 3924 ἡμᾶς.

2497 3945 2605 3998 Καὶ
2646 3944 2763 3998 νῦν.
2808 3943 3091 4016 Γερμανοῦ
3120 3944 3456 4016 πατριάρχου
3489 3943 3776 3997 Θεοτόκιον
3796 3936 4000 4015 ὅμοιον.

2497 4148 2854 4222 Σαλπίσωμεν
2906 4148 2966 4203 ιν
3020 4146 3280 4215 σάλπιγγι
3343 4143 3623 4217 ᾀσμάτων·
3672 4139 4003 4214 προκύψασα

2426 4240 2533 4311 γάρ
2579 4242 2612 4309 ἡ
2650 4237 3002 4293 παντάνασσα
3048 4234 3511 4307 Μητροπάρθενος
3548 4235 3667 4295 ταῖς
3727 4230 4003 4299 εὐλογίαις

2428 4330 2755 4398 καταστέφει
2799 4330 2927 4391 τοὺς
2959 4324 3337 4396 εὐφημοῦντας
3382 4323 3575 4396 αὐτήν.
3612 4322 3864 4385 Βασιλεῖς
3911 4322 4003 4373 καὶ

2425 4421 2682 4491 ἄρχοντες
2730 4416 3195 4489 συντρεχέτωσαν,
3242 4417 3336 4470 καὶ
3375 4415 3471 4486 τήν
3512 4414 3760 4484 βασιλίδα
3805 4411 4004 4483 κροτή-

2424 4523 2604 4562 τωσαν
2636 4508 2692 4560 έν
2724 4506 2932 4576 ὕμνοις,
2965 4504 3192 4574 βασιλέα
3219 4502 3453 4567 τέξασαν
3474 4504 3599 4565 τοὺς
3631 4502 3847 4570 θανάτῳ
3875 4517 4003 4572 κρα-

748 4585 912 4683 nigne
932 4585 1162 4666 solvere.
1198 4585 1454 4661 Pastores
1485 4616 1550 4657 ac
1590 4598 1873 4669 magistri,
1912 4594 2155 4650 Pastoris
2187 4593 2315 4647 boni
2352 4585 2399 4644 D

2352 4585 2399 4644 Ι)
2424 4616 2515 4653 του
2524 4598 2716 4669 μένους
2748 4596 2877 4668 πρὶν
2899 4594 3168 4649 ἀπολῦσαι
3193 4592 3384 4664 φιλανθ
3394 4592 3589 4665 ρώπως
3605 4591 3997 4662 εὐδοκήσαντα.

748 4702 1148 4761 sanctissimam
1175 4696 1520 4769 ,genitricem
1550 4708 1659 4748 una
1707 4688 2002 4745 eﬂ'eramus
2037 4686 2308 4740 laudibus.

746 4793 1141 4853 Candelabrum
1169 4803 1418 4851 aureum,
1463 4785 1851 4841 illuminantem
1879 4778 2099 4841 nubem,
2133 4776 2315 4832 excel-

748 4890 950 4943 siorem
1000 4880 1283 4939 cherubim
1312 4920 1328 4947 ,
1374 4878 1673 4932 auimatam
1738 4886 1945 4935 arcam,
2002 4867 2313 4937 speciosum

746 4975 1013 5033 Altissimi
1044 4971 1268 5034 solium,
1292 4982 1489 5023 urnam
1521 4979 1741 5020 auream
1771 4960 2118 5031 receptricem
2157 4972 2313 5011 man-

748 5085 852 5133 nis,
881 5067 1099 5122 vitalem
1130 5063 1291 5118 Verbi
1318 5059 1577 5123 tabulam,
1606 5057 1850 5112 omnium
1875 5053 2312 5109 Christianorum

744 5160 1051 5229 perfugium
1108 5173 1265 5213 sacro
1323 5138 1661 5212 celebrantes
1697 5148 1981 5211 carmine,
2023 5146 2101 5200 sic
2155 5143 2308 5198 dica-

748 5266 869 5305 mus
894 5267 908 5303 :
940 5248 1207 5303 Palatium
1239 5246 1424 5310 Verbi,
1454 5260 1555 5301 nos
1577 5242 1813 5297 humiles
1842 5239 2116 5294 caelorum
2145 5247 2309 5303 regno

749 5343 993 5408 dignare,
1031 5342 1415 5404 nonestenim
1445 5336 1762 5408 quidquam,
1812 5331 1956 5400 quod
1995 5339 2046 5384 te
2076 5328 2317 5383 interce«

746 5437 908 5489 dente
938 5435 1051 5489 fieri
1080 5450 1182 5488 non
1208 5432 1426 5502 possit!

2423 4687 2687 4757 Ποιμένες
2746 4685 2839 4738 καὶ
2887 4682 3219 4749 διδάσκαλοι,
3277 4682 3374 4753 τὴν
3408 4680 3496 4734 τοῦ
3536 4679 3700 4732 καλοῦ
3743 4680 4001 4750 ποιμένος

2425 4778 2723 4849 ὑπεράγιον
2769 4775 2998 4847 Μητέρα
3044 4774 3388 4837 συνελθόντες
3417 4772 3845 4842 εὑφημήσωμεν·
3900 4771 4001 4842 τὴν

2423 4870 2644 4941 λυχνίαν
2674 4868 2773 4939 τὴν
2812 4868 3116 4938 χρυσαυγῆ,
3152 4866 3251 4937 τὴν
3277 4861 3590 4934 φωτοφόρον
3623 4859 3875 4931 νεφέλην,
3900 4861 4001 4931 τὴν

2423 4964 2531 5018 τῶν
2564 4962 2826 5034 χερουϐὶμ
2869 4958 3200 5031 ὑπερτέραν,
3232 4957 3330 5026 τὴν
3366 4954 3604 5025 ἔμψυχον
3628 4951 3881 5015 κιϐωτὸν,
3910 4952 4002 5005 τὸν

2428 5056 2763 5128 περίμορφον
2805 5052 2899 5105 τοῦ
2941 5050 3214 5105 Δεσπότου
3265 5048 3471 5121 θρόνον,
3510 5045 3610 5117 τὴν
3667 5043 3998 5115 μανναδόχον

2427 5148 2660 5219 χρυσέαν
2696 5144 2952 5214 στάμνον,
2988 5142 3085 5213 τὴν
3115 5140 3394 5211 ζωηφόρον
3428 5136 3522 5191 τοῦ
3560 5136 3734 5204 Λόγου
3790 5134 3995 5195 πλάκα,

2429 5240 2682 5294 ἁπάντων
2722 5236 2828 5289 τῶν
2874 5232 3216 5305 Χριστιανῶν
3263 5231 3324 5284 τὸ
3380 5226 3738 5297 καταφύγιον,
3790 5225 3997 5295 ᾄσματι

2429 5332 2714 5403 θεηγόροις
2738 5324 3191 5397 ἐγκωμιάζοντες,
3225 5320 3397 5384 οὕτως
3439 5321 3700 5386 εἴπωμεν·
3732 5312 3997 5367 Παλάτιον

2426 5424 2520 5479 τοῦ
2553 5422 2748 5489 Λόγου,
2778 5419 3005 5483 ἀξίωσον
3048 5415 3174 5479 τοὺς
3206 5411 3493 5473 ταπεινοὺς
3534 5409 3678 5479 ἡμᾶς
3709 5408 3805 5475 τῆς
3834 5405 3999 5477 οὐραο

2429 5517 2535 5571 νῶν
2590 5511 2884 5584 βασιλείας·
2947 5508 3100 5561 οὐδὲν
3148 5506 3257 5574 γὰο
3308 5504 3567 5558 ἀδύνατον
3630 5500 3694 5568 τῇ
3751 5494 3999 5568 μεσιτείᾳ

2429 5625 2546 5661 σου.

1610 5700 1726 5755 127.
1756 5699 1951 5755 lterum
1987 5698 2345 5771 repetendum
2380 5708 2465 5753 est
2494 5697 2559 5749 ad
2595 5702 2903 5750 contextum
2933 5689 3144 5762 'l‘yptci.

822 5801 1041 5864 Deinde,
1084 5800 1233 5854 Nunc
1276 5799 1539 5863 dimittis,
1586 5795 1907 5868 Trisagion,
1970 5794 2314 5851 sanctissima

746 5885 1021 5961 Trinitas,
1101 5892 1259 5949 Pater
1337 5901 1536 5947 noster.
1610 5888 1890 5945 Exclamat
1958 5896 2136 5944 autem
2220 5901 2309 5943 sa-

2494 5786 2624 5844 Είτα
2643 5790 2725 5853 τὸ,
2783 5788 2897 5842 Νῦν
2926 5785 3204 5848 ἀπολύεις,
3244 5784 3304 5836 τὸ
3351 5780 3629 5853 τρισάγιον
3685 5778 3769 5841 τὸ,
3825 5791 3995 5833 πανα-

2424 5883 2517 5954 γία
2581 5881 2787 5947 Τριάς,
2855 5882 2950 5933 σὺν
3010 5877 3087 5948 τῷ
3148 5876 3327 5946 Πάτερ
3385 5872 3563 5944 ἡμῶν.
3632 5866 3898 5939 Ἐκφωνεί
3962 5867 3991 5921 ό
