4230 6510
793 461 1052 503 οεειιήη

2110 445 2641 504 ΡιιοιεσοιιεΝΑ.

796 572 918 610 mnr
950 567 1023 622 te,
1050 555 1203 609 mitte
1229 562 1280 608 et
1309 570 1450 610 nunc
1472 554 1731 611 auxilium
1758 562 1907 610 tuum
1936 571 2096 626 super
2112 567 2352 612 astantes
2380 564 2421 619 Α

2457 577 2555 631 ραν
2588 558 2750 631 ζωὴν,
2774 558 2867 612 καὶ
2887 556 2982 610 νῦν
3007 555 3384 621 ὲξαπόστειλον
3405 556 3504 628 τὴν
3527 557 3777 629 βοήθειάν
3806 575 3901 612 σου
3922 559 4012 614 ἐπὶ

796 662 977 701 coram
1012 646 1148 701 facie
1169 645 1351 716 gloria:
1386 657 1489 701 tua:
1519 688 1535 713 ,
1573 657 1630 701 nt
1659 647 1933 717 copiosam
1963 658 2080 703 a'te
2126 652 2351 704 misera-

797 737 996 790 tionem
1049 746 1427 807 exspectemus
1472 759 1484 792 :
1529 738 1701 808 iisque
1743 739 1834 793 libi
1896 754 2018 793 cum
2054 740 2245 795 timore
2296 750 2351 796 et

796 825 1062 882 charitate
1098 827 1477 892 servientibus,
1515 828 1927 885 iuenarrabilem
1966 838 2106 883 luam
2141 829 2350 884 bonita-

796 928 904 972 tem
932 918 1158 974 laudare
1181 920 1433 976 concede.
1469 918 1604 986 Quia
1644 921 1896 976 convenit
1925 920 2019 976 tibi
2044 922 2219 977 omnis
2246 916 2352 990 glo-

795 1008 899 1071 ria,
931 1006 1103 1062 honor
1125 1017 1179 1063 et
1218 1008 1465 1064 adoratio
1494 1049 1509 1074 ,
1535 1008 1680 1064 Patri
1706 1052 1723 1077 ,
1750 1019 1804 1065 et
1835 1010 1973 1066 Filio
1996 1053 2013 1080 ,
2041 1021 2096 1065 et
2127 1010 2347 1079 Spiritui

795 1108 1004 1165 sanCto,
1034 1115 1175 1155 nunc
1227 1109 1280 1155 et
1324 1114 1556 1171 semper,
1588 1111 1644 1156 et
1679 1102 1733 1156 in
1772 1102 1968 1158 saecula
2004 1101 2340 1157 saeculorum.

790 1189 982 1244 Amen.

1383 1282 1638 1339 ORATIO
1689 1283 1751 1337 ll.

867 1370 990 1425 145.
1048 1371 1122 1425 De
1177 1382 1334 1427 nocte
1384 1385 1566 1429 noster
1611 1376 1829 1445 spiritus
1898 1376 1963 1429 ad
2026 1385 2077 1431 te
2123 1376 2350 1446 vigilat,

796 1460 935 1516 Deus
967 1476 1166 1526 noster,
1215 1465 1340 1533 quia
1369 1477 1634 1535 praecepta
1684 1477 1772 1520 tua
1805 1467 1984 1521 lumen
2025 1476 2156 1521 sunt
2192 1482 2350 1537 super

795 1565 1011 1610 terram.
1036 1554 1179 1611 Doce
1204 1571 1304 1611 nos
1332 1557 1599 1628 justitiam
1633 1568 1688 1611 et
1724 1561 2072 1613 sanctitatem
2107 1559 2161 1613 in
2194 1559 2348 1611 timo-

791 1658 851 1699 re
884 1644 1162 1715 perlicere.
1185 1644 1260 1700 Te
1282 1647 1425 1702 enim
1453 1656 1512 1699 ut
1543 1656 1788 1702 nostrum
1813 1662 1999 1701 verum
2028 1646 2194 1700 Deum
2217 1648 2352 1700 colt-

792 1751 929 1789 mus.
949 1734 1149 1791 lnclina
1183 1752 1369 1791 aurem
1397 1747 1565 1802 tuam,
1583 1748 1638 1792 et
1666 1738 1787 1792 audi
1814 1751 1944 1799 nos;
1974 1746 2027 1792 et
2051 1745 2347 1800 memento,

790 1824 1036 1890 Domine,
1059 1827 1429 1895 praemium,
1456 1842 1752 1897 eorumque
1773 1828 2217 1898 nominatim,qui
2242 1845 2345 1882 una

788 1914 1071 1971 nobiscum
1095 1928 1531 1987 comprecantur,
1565 1928 1619 1973 et
1646 1920 1843 1972 virtute
1895 1926 1983 1972 tua
2033 1935 2128 1974 eos
2170 1919 2346 1973 salvos
2378 1893 2421 1952 Β

786 2003 897 2061 fac.
946 2004 1178 2061 Benedic
1210 2007 1461 2077 papulum
1497 2020 1677 2075 tuum,
1713 2017 1766 2064 et
1793 2010 2164 2065 haereditatem
2201 2019 2345 2064 tuam

789 2096 1104 2161 sanetillca;
1142 2097 1257 2151 orbi
1306 2106 1428 2162 tuo,
1458 2097 1720 2154 Ecclesiis
1752 2101 1858 2155 tuis
1885 2140 1900 2163 ,
1944 2100 2342 2167 sacerdOtibns,

794 2186 1210 2255 imperatoribus
1232 2191 1451 2254 nostris,
1483 2201 1537 2244 et
1562 2200 1756 2245 cuncto
1785 2190 1982 2261 populo
2011 2206 2195 2260 pacem
2213 2207 2343 2247 con-

786 2278 939 2332 cede.
968 2277 1105 2345 Quia
1136 2280 1505 2345 benedictum,
1546 2281 1864 2351 gloriosum,
1898 2284 2265 2339 venerandum
2288 2295 2343 2341 et

786 2371 1133 2440 magniﬁcum
1182 2383 1263 2428 est
1291 2389 1485 2428 nomen
1516 2386 1687 2436 tuum,
1718 2375 1896 2430 Patris
1923 2417 1938 2442 ,
1986 2386 2034 2431 et
2069 2376 2194 2432 Filii
2223 2419 2237 2443 ,
2288 2390 2343 2435 et

788 2460 1022 2532 Spiritus
1049 2468 1244 2533 sancti,
1273 2483 1417 2523 nunc
1438 2478 1492 2523 et
1532 2484 1763 2537 semper,
1796 2479 1849 2522 et
1880 2469 1932 2522 in
1958 2472 2153 2527 saacula
2179 2488 2344 2529 saecu-

782 2553 976 2611 lorum.
1012 2557 1184 2615 Amen

1362 2742 1620 2801 ORATIO
1668 2746 1758 2801 lll.

861 2830 979 2885 146.
1040 2832 1116 2888 De
1166 2843 1325 2888 nocte
1386 2836 1611 2903 spiritus
1660 2848 1843 2893 noster
1899 2854 1965 2894 an
2018 2850 2068 2895 te
2113 2841 2337 2911 vigilat,

784 2924 948 2989 Dens,
979 2925 1104 2995 quia
1140 2937 1407 2997 praecepta
1457 2938 1545 2982 tua
1601 2929 1779 2985 lumen
1837 2945 1982 2987 sunt.
2016 2933 2156 2988 Doce
2189 2951 2287 2988 nos
2320 2976 2335 3001 ,

789 3015 945 3075 Deus,
970 3013 1235 3083 justitiam
1264 3024 1410 3069 tuam
1444 3054 1459 3080 ,
1498 3020 1749 3073 mandata
1788 3032 1899 3084 tua,
1928 3021 2339 3089 justiﬁcationes

787 3116 926 3159 tuas.
953 3104 1195 3159 lllnmina
1220 3107 1477 3160 mentium
1512 3118 1818 3163 nostrarum
1853 3111 2060 3174 oculos,
2093 3126 2160 3165 ne
2198 3112 2340 3167 forte

782 3198 837 3251 in
884 3196 1120 3267 peccatis
1176 3195 1243 3250 ad
1294 3209 1520 3253 mortem
1576 3200 1995 3258 obdormiamus.
2043 3202 2336 3275 Caliginem

781 3301 998 3342 omnem
1023 3302 1051 3341 a
1074 3288 1327 3343 cordibus
1358 3290 1559 3345 nostris
1586 3292 1831 3362 dispelle.
1860 3293 2044 3351 Prarbe
2070 3299 2224 3352 nobis
2249 3297 2339 3365 ju-

784 3377 947 3431 stitire
976 3377 1171 3440 solem,
1202 3388 1550 3449 nostramque
1569 3381 1738 3436 vitam
1770 3384 1837 3436 ab
1865 3385 2011 3438 omni
2045 3387 2344 3442 tentatioue

785 3468 1011 3522 liberam
1052 3466 1153 3522 sub
1177 3468 1353 3536 sigillo
1388 3471 1623 3538 Spiritus
1654 3474 1826 3525 sancti
1865 3476 1938 3525 tui
1996 3477 2223 3527 custodi.
2264 3476 2346 3528 Di-

786 3561 898 3629 rige
919 3573 1137 3629 gressus
1168 3571 1384 3617 nostros
1432 3563 1483 3617 in
1523 3564 1671 3618 viam
1698 3564 1867 3633 pacis.
1912 3562 1988 3617 Da
2014 3566 2171 3619 nobis
2196 3566 2345 3622 vide-

784 3666 844 3704 re
870 3650 1159 3704 diluculum
1202 3665 1257 3707 et
1287 3654 1428 3708 diem
1458 3656 1512 3708 in
1555 3656 1934 3722 exsultatione,
1994 3666 2051 3710 ut
2084 3664 2136 3712 te
2168 3666 2344 3712 matu-

784 3741 914 3796 tinis
942 3742 1377 3799 concelebremus
1408 3745 1671 3803 laudibus.
1688 3747 1823 3814 Quia
1853 3760 1942 3802 tua
1966 3758 2050 3803 est
2076 3751 2334 3818 potentia,

787 3843 843 3886 et
876 3842 1023 3886 tuum
1049 3844 1133 3888 est
1165 3850 1414 3905 regnmn,
1438 3846 1493 3891 et
1518 3840 1691 3893 virtus
1727 3852 1781 3893 et
1818 3838 2012 3909 gloria,
2042 3838 2241 3905 Patris,
2290 3851 2343 3894 et

784 3923 931 3987 Filii,
960 3933 1016 3978 et
1039 3924 1273 3994 Spiritus
1297 3927 1493 3993 sancti,
1534 3943 1675 3983 nunc
1694 3939 1748 3984 et
1782 3946 2016 4001 semper,
2045 3944 2104 3986 et
2139 3932 2195 3986 in
2248 3948 2345 3988 sa:-

785 4018 905 4071 cula
935 4016 1276 4073 srecnlorum.
1301 4019 1492 4077 Amen.

1367 4199 1622 4256 ORATIO
1670 4200 1757 4255 IV.

855 4290 979 4349 ls'l.
1020 4291 1247 4350 Domine
1292 4294 1455 4357 Dens.
1509 4304 1695 4349 sancte
1739 4303 1794 4348 et
1822 4293 2341 4361 iucomprcbensib.-

784 4382 873 4447 lis,
900 4383 992 4452 qui
1025 4384 1208 4439 dixisti
1253 4397 1313 4439 ut
1337 4400 1367 4441 e
1401 4385 1640 4439 tenebris
1683 4386 1774 4438 lux
1807 4385 2225 4455 splendescerct,
2249 4382 2341 4453 qui

782 4490 882 4531 nos
911 4474 1145 4533 refecisti
1197 4492 1388 4533 somno
1428 4485 1718 4544 nocturno,
1748 4487 1803 4533 et
1843 4479 2034 4533 iterum
2065 4482 2131 4536 ad
2156 4481 2343 4536 lauda-

2450 651 2577 713 τοὺς
2606 650 2843 713 ἑστῶτας
2868 649 2973 721 πρὸ
2987 647 3276 719 προσώπου
3296 647 3396 717 τῆς
3424 648 3580 717 ἀγίας
3603 649 3761 721 δόξης
3786 666 3903 715 σου,
3922 652 4012 704 καὶ

2452 742 2914 813 ἀπεκδεχομένους
2939 742 3001 795 τὸ
3032 741 3183 813 παρά
3209 739 3301 794 οοῦ
3331 739 3577 793 πλούσιον
3606 739 3771 804 ἕλεος·
3802 743 3897 794 καί⁵
3926 741 4013 806 δὸς

2452 837 2655 900 αὐτοῖς,
2680 838 2815 907 μετά
2834 838 2996 907 φόὸου
3014 838 3107 891 καὶ
3131 836 3351 907 ἀγάπης
3367 834 3593 888 πάντοτέ
3620 851 3701 887 σοι
3727 832 4014 905 λατρεύον-

2450 945 2571 992 τας,
2607 930 2774 981 αἰνεῖν
2823 931 2921 1001 τὴν
2948 928 3332 1001 άνεκδιήγητόν
3377 943 3472 981 σου
3519 924 3851 995 ἀγαθότητα.
3893 926 4011 978 Ὀτι

2451 1019 2647 1090 πρέπει
2671 1035 2754 1071 σοι
2784 1021 2926 1072 πᾶσα
2951 1018 3096 1086 δόξα,
3123 1035 3172 1073 τι
3180 1018 3254 1090 μὴ
3278 1017 3370 1071 καὶ
3390 1013 3775 1088 προσκύνησις,
3798 1014 3876 1083 τῷ
3897 1014 4010 1067 Πα-

2449 1110 2561 1182 τρὶ,
2598 1111 2694 1164 καὶ
2720 1109 2797 1181 τῷ
2832 1109 2964 1181 Υἰῷ,
2998 1112 3090 1165 καὶ
3126 1110 3205 1182 τῷ
3255 1110 3396 1179 ἁγίῳ
3452 1105 3749 1176 Πνεύματι,
3785 1104 3881 1157 νῦν
3919 1106 4014 1159 καὶ

2450 1200 2556 1267 ἀεὶ,
2586 1202 2679 1254 καὶ
2702 1203 2781 1264 εἰς
2812 1202 2934 1264 τοὺς
2956 1200 3153 1264 αἰῶνας
3186 1201 3293 1255 τῶν
3318 1198 3545 1254 αἰώνων.
3588 1194 3775 1265 Ἀμήν.

3075 1292 3264 1345 ΕΥΧΗ
3299 1293 3377 1346 B'.

2531 1383 2627 1435 Ἐκ
2653 1381 2846 1445 νυκτὸς
2885 1381 3129 1453 ὀρθρίζει
3170 1382 3231 1435 τὸ
3260 1382 3476 1452 πνεῦμα
3512 1381 3670 1453 ἡμῶν
3714 1380 3850 1451 πρὸς
3876 1377 3955 1441 σὲ,
3983 1377 4013 1429 6

2451 1472 2583 1536 Θεὸς
2609 1472 2784 1544 ἡμῶν,
2818 1473 2953 1526 διότι
2994 1471 3109 1543 φῶς
3136 1472 3204 1525 τά
3250 1472 3645 1544 προστάγματά
3674 1489 3766 1525 σου
3798 1469 3891 1523 ἐπὶ
3916 1469 4014 1537 τῆς

2450 1563 2571 1632 γῆς.
2603 1562 2954 1635 Δικαιοσύνην
2987 1564 3078 1617 καὶ
3101 1562 3370 1633 άγιασμὸν
3401 1563 3665 1617 ἐπιτελεῖν
3692 1565 3746 1616 ὲν
3768 1562 3845 1631 τῷ
3867 1560 4014 1629 φόὸῳ

2454 1670 2544 1706 σου
2570 1653 2843 1708 συνέτισον
2868 1658 3035 1727 ἡμᾶς.
3061 1656 3128 1709 Σὲ
3164 1656 3273 1725 γάρ
3295 1654 3586 1725 δοξάζομεν
3610 1654 3699 1708 τὸν
3723 1654 3891 1716 δντως
3922 1650 4015 1704 δν·-

2450 1764 2516 1800 τα
2560 1746 2692 1799 Θεὸν
2738 1748 2911 1817 ἡμῶν.
2962 1748 3150 1802 Κλῐνον
3188 1747 3249 1801 τὸ
3281 1742 3375 1810 οὖς
3423 1763 3537 1809 σου,
3566 1748 3659 1800 καὶ
3710 1746 4015 1801 ἐπάκουσον

2451 1837 2627 1909 ήμῶνο
2663 1838 2754 1891 καὶ
2786 1838 3070 1909 μνήσθητι,
3107 1838 3301 1910 Κύριε,
3329 1836 3437 1890 τῶν
3475 1835 3869 1906 συμπαρόντων
3921 1848 4014 1915 καί.

2458 1929 2864 1999 συνευχομένων
2892 1930 3024 1998 ἡμῖν
3056 1929 3269 1983 πάντων
3296 1927 3416 1980 κατ’
3467 1925 3658 1995 ὄνομα,
3700 1924 3794 1977 καὶ
3843 1923 4006 1974 atan

2454 2020 2653 2083 αὐτοὺς
2686 2021 2751 2089 τῇ
2786 2018 3011 2087 δυνάμει
3039 2035 3151 2071 σου.
3179 2017 3481 2087 Εύλόγησον
3503 2013 3595 2070 τὸν
3617 2013 3742 2066 λαόν
3771 2028 3888 2074 σου,
3925 2010 4015 2063 καὶ

2454 2110 2678 2179 ἁγίασον
2722 2108 2820 2180 τὴν
2864 2096 3225 2176 κληρονομίαν
3280 2124 3395 2160 σουι
3447 2105 3667 2177 εἰρήνην
3708 2100 3787 2171 τῷ
3824 2100 4015 2170 κόσμῳ

2454 2217 2548 2252 σου
2577 2198 2841 2270 δὼρησαι,
2896 2198 3018 2259 ταῖς
3080 2196 3422 2266 Ἐκκλησίαις
3469 2211 3584 2257 σου,
3634 2194 3747 2254 τοῖς
3788 2188 4011 2258 ἱερεῦσι,

2449 2292 2560 2352 τοῖς
2588 2287 2897 2359 βασιλεῦσιν
2933 2286 3113 2356 ὴμῶν,
3152 2288 3243 2338 καὶ
3290 2286 3453 2339 παντὶ
3477 2284 3554 2355 τῷ
3586 2282 3699 2353 λαῷ
3740 2298 3855 2334 σου.
3895 2280 4015 2331 Ὀτι

2450 2379 2747 2450 ηὐλόγηται
2786 2381 2880 2432 καὶ
2923 2376 3235 2438 δεδόξασται
3262 2376 3324 2429 τὸ
3358 2376 3623 2445 πάντιμον
3648 2371 3741 2425 καὶ
3785 2370 4015 2441 μεγαλο-
4066 2366 4069 2367 ⁷

2451 2471 2660 2543 πρεπὲς
2711 2470 2882 2541 δνομά
2916 2487 3030 2531 σου,
3071 2467 3164 2522 τοῦ
3212 2466 3560 2538 Πατρὸς,καὶ
3588 2464 3680 2518 τοῦ
3708 2462 3860 2526 Υίοῦ,
3919 2461 4015 2515 καὶ

2447 2560 2539 2615 τοῦ
2562 2562 2716 2630 ἁγίου
2746 2560 3080 2632 Πνεύματος,
3109 2558 3203 2613 νῦν
3236 2553 3331 2611 καὶ
3357 2556 3464 2621 ἀεὶ,
3497 2555 3591 2608 καὶ
3621 2554 3699 2617 εἰς
3726 2552 3852 2616 τοὺς
3885 2550 4014 2605 αἰῶ-

2447 2670 2542 2716 νας
2564 2654 2672 2708 τῶν
2702 2652 2932 2707 αἰώνων.
2977 2652 3168 2723 Ἀμήν.

3104 2742 3291 2797 ΕΥΧΗ
3314 2743 3389 2796 Ρ.

2528 2837 2623 2890 Ἐκ
2666 2840 2857 2901 νυκτὸς
2903 2835 3146 2907 ὀρθρίζει
3185 2835 3245 2887 τὸ
3271 2832 3485 2902 πνεῦμα
3516 2828 3671 2902 ἡμῶν
3704 2827 3842 2899 πρὸς
3877 2824 3957 2889 σὲ,
3984 2824 4015 2877 δ

2443 2927 2595 2990 Θεὸς,
2616 2927 2749 2979 διότι
2778 2927 2893 2994 φῶς
2932 2925 3002 2978 τὰ
3028 2924 3424 2997 προστάγματα
3446 2939 3561 2975 σου.
3594 2919 3813 2984 Δίδαξον
3841 2918 4010 2987 ἡμᾶς,

2446 3018 2474 3068 ὁ
2506 3016 2657 3080 Θεὸς,
2684 3016 2783 3088 τὴν
2810 3016 3153 3087 δικαιοσύνην
3191 3032 3307 3078 σου,
3339 3013 3432 3067 καὶ
3481 3011 3577 3074 τὰς
3628 3008 3845 3071 ἐντολάς
3896 3024 4009 3071 σου,

2446 3108 2541 3161 καὶ
2571 3106 2641 3160 τά
2678 3107 3020 3179 δικαιώματά
3041 3125 3153 3160 σου.
3183 3106 3417 3159 Φώτισον
3437 3105 3561 3166 τοὺς
3576 3100 3885 3171 ὀφθαλμοὺς
3906 3098 4012 3152 τῶν

2443 3198 2691 3253 διανοιῶν
2715 3199 2891 3270 ἡμῶν,
2931 3199 3140 3271 μήποτε
3167 3197 3498 3268 ὑπνώσωμεν
3526 3195 3583 3247 ὲν
3614 3191 3906 3265 ἁμαρτίαις
3932 3193 4012 3254 εἰς

2445 3289 2689 3344 θάνατον.
2734 3290 3028 3344 Ἀπέλασον
3072 3290 3247 3343 πάντα
3278 3288 3453 3357 ζόφον
3497 3284 3604 3340 ἀπὸ
3638 3283 3746 3338 τῶν
3771 3282 4010 3355 καρδιῶν

2444 3382 2621 3451 ἡμῶν.
2657 3381 2893 3452 Χάρισαι
2943 3383 3076 3451 ἡμῖν
3107 3380 3199 3433 τὸν
3231 3380 3328 3449 τῆς
3354 3375 3696 3444 δικαιοσύνης
3716 3373 3887 3443 ἥλιον,
3917 3371 4010 3426 καὶ

2450 3471 2853 3539 ἀνεπηρέαστον
2882 3470 2980 3538 τὴν
2996 3470 3138 3538 ζωὴν
3159 3467 3314 3537 ἡμῶν
3328 3464 3650 3533 διαφύλαξον
3668 3465 3724 3514 ἑν
3749 3466 3815 3532 τῇ
3840 3480 4010 3533 σφρα-
4029 3511 4031 3513 ,

2444 3560 2551 3627 γῖδι
2582 3559 2675 3612 τοῦ
2715 3560 2870 3629 ἁγίου
2903 3577 2995 3613 σου
3040 3560 3375 3629 Πνεύματος.
3410 3554 3749 3610 Κατεύθυνον
3790 3555 3859 3607 τὰ
3894 3554 4007 3607 δια-

2445 3649 2665 3721 δήματα
2696 3650 2854 3721 ήμῶν
2892 3652 2973 3713 εἰς
3020 3649 3136 3703 όδὸν
3166 3650 3409 3721 εἰρήνης.
3460 3647 3560 3710 Δὸς
3591 3647 3723 3716 ἡμῖν
3765 3645 3893 3698 ἰδεῖν
3918 3643 4008 3699 τὸν

2442 3742 2635 3815 ὄρθρον
2678 3743 2772 3797 καὶ
2817 3742 2915 3814 τὴν
2942 3741 3153 3813 ἡμέραν
3206 3742 3261 3795 ἐν
3311 3737 3644 3809 ἀγαλλιάσει,
3676 3736 3761 3789 ἵνα
3795 3752 3877 3789 σοι
3913 3736 4009 3798 τάς

2444 3834 2670 3897 ἑωθινὰς
2695 3835 3108 3906 ἀναπέμπωμεν
3124 3835 3305 3905 εύχάς.
3334 3835 3457 3887 Ὀτι
3482 3833 3571 3887 σὸν
3599 3830 3661 3884 τὸ
3680 3832 3898 3902 κράτος,
3918 3832 4008 3882 καὶ

2446 3923 2540 3975 σοῦ
2580 3926 2725 3977 ἐστιν
2764 3926 2797 3995 ἡ
2831 3926 3099 3995 βασιλεία,
3126 3927 3217 3977 καὶ
3248 3924 3471 3995 δύναμις
3506 3925 3602 3980 καὶ
3645 3925 3678 3993 ή
3711 3922 3861 3986 δόξα,
3913 3920 4005 3974 τοῦ

2443 4016 2676 4087 Πατρὸς,
2712 4018 2803 4069 καὶ
2830 4016 2921 4068 τοῦ
2951 4014 3100 4076 Υίοῦ,
3128 4016 3216 4067 καὶ
3250 4015 3339 4067 τοῦ
3358 4016 3511 4085 άγίου
3547 4012 3884 4083 Πνεύματος.
3916 4010 4009 4063 νῦν

2441 4108 2537 4163 καὶ
2568 4109 2673 4171 ἀεὶ,
2707 4107 2797 4159 καὶ
2822 4107 2901 4169 εἰς
2921 4106 3044 4169 τοὺς
3077 4104 3275 4167 αἰῶνας
3299 4107 3405 4159 τῶν
3437 4103 3873 4175 αἰώνων.’Δμήν.

3076 4197 3263 4249 ΕΥΧΠ
3306 4200 3357 4247 Δ⁹

2512 4292 2759 4346 Δέσποτα
2784 4294 2813 4345 ὀ
2843 4292 2996 4355 Θεὸς,
3031 4306 3058 4342 ο
3084 4289 3237 4363 ἅγιος
3290 4285 3385 4339 καὶ
3437 4284 3837 4353 ἀκατάληπτος,
3874 4282 3900 4333 ὁ
3938 4280 4009 4331 εἰσ

2442 4386 2561 4440 πὼν
2591 4388 2655 4439 ἐκ
2698 4386 2918 4447 σκότους
2948 4382 3062 4454 φῶς
3090 4378 3319 4450 λάμψαι,
3349 4380 3377 4431 ό
3405 4375 3723 4438 ἀναπαύσας
3756 4373 3904 4444 ἡμᾶς
3953 4374 4009 4426 ἐν

2440 4478 2519 4549 τῷ
2543 4477 2642 4546 τῆς
2671 4476 2862 4538 νυκτὸς
2878 4474 3048 4545 ὕπνῳ,
3070 4473 3163 4526 καὶ
3175 4471 3530 4542 διαναστήσας
3548 4470 3684 4540 πρὸς
3708 4466 4008 4533 δοξολογίαν

780 4570 982 4624 tionem
1011 4569 1566 4641 supplicationemque
1596 4571 1854 4626 bonitatis
1914 4580 2014 4625 tua:
2048 4575 2296 4630 excitasti
2324 4616 2339 4639 ,
2374 4591 2419 4645 ι)

2450 4570 2540 4623 καὶ
2584 4569 2794 4621 ἱκεσίαν
2829 4566 2926 4637 τῆς
2964 4566 3063 4635 σῆς
3081 4562 3433 4634 ἀγαθότητος,
3462 4561 3877 4631 δυσωπούμενος
3906 4559 4009 4612 ὑπὸ

781 4674 871 4713 tua
925 4660 1096 4728 ipsius
1128 4670 1404 4731 permotus
1466 4662 1836 4716 misericordia
1856 4701 1871 4727 ,
1902 4677 2025 4727 nos,
2054 4663 2340 4719 adorantes

784 4760 858 4817 te,
890 4762 944 4805 et
982 4762 1217 4821 quantas
1248 4768 1534 4822 possumus
1596 4752 1691 4807 tibi
1742 4764 1949 4822 gratias
2012 4754 2335 4821 referentes,

782 4844 942 4898 ctiam
971 4859 1111 4899 nunc
1140 4840 1388 4912 suscipe;
1436 4844 1726 4914 omniaque
1771 4860 1890 4913 qua!
1920 4847 1985 4901 ad
2014 4846 2238 4901 salutem
2261 4846 2342 4901 fa-

780 4935 949 4997 ciunt,
976 4934 1245 5003 postulata
1290 4935 1547 4990 concede.
1582 4934 1749 4991 Filios
1802 4936 1935 4989 lucis
1982 4947 2034 4991 et
2063 4939 2193 5004 diei,
2222 4948 2342 4992 tuo-

783 5038 1010 5093 rumque
1036 5040 1359 5079 atternorum
1404 5025 1667 5079 bonorum
1715 5026 1969 5088 breredes.
2013 5042 2110 5081 nos
2139 5028 2342 5082 consti-

788 5125 899 5169 tue.
936 5115 992 5170 ln
1022 5115 1365 5171 multitudine
1400 5118 1807 5173 miserationum
1834 5127 2068 5182 tuarum,
2092 5118 2338 5185 Domine,

788 5207 1077 5262 recordare
1104 5207 1283 5261 cuncti
1321 5209 1494 5276 populi
1535 5209 1633 5271 tui,
1660 5209 2004 5277 praesentium
2031 5217 2085 5263 et
2112 5223 2215 5263 una
2244 5226 2341 5263 no-

784 5296 994 5350 biscum
1024 5302 1506 5366 comprecantimn,
1552 5302 1899 5369 omniumque
1949 5299 2179 5355 fratrum
2233 5318 2328 5355 no-

782 5398 1016 5445 strorum
1042 5430 1059 5456 ,
1078 5390 1161 5444 vel
1193 5400 1334 5445 terra
1367 5393 1448 5446 vel
1477 5394 1610 5446 mari
1635 5392 1715 5446 vel
1745 5407 2066 5462 quocunque
2089 5393 2194 5446 alio
2247 5393 2342 5446 do-

782 5480 1096 5535 minationis
1141 5491 1243 5537 tua:
1282 5485 1400 5539 loco
1446 5494 1535 5537 tua
1578 5484 1863 5539 clementia
1888 5484 2164 5540 etauxilio
2199 5486 2341 5537 indi-

784 5575 1058 5643 gentium;
1085 5574 1441 5646 omnibusque
1472 5577 1716 5643 impende
1748 5591 1991 5643 magnam
2020 5577 2329 5631 misericor-

789 5666 924 5719 diam
974 5677 1137 5733 tuam,
1183 5675 1241 5720 ut
1297 5678 1400 5721 tam
1438 5670 1613 5737 quoad
1653 5671 1886 5723 animam
1940 5685 2098 5739 quam
2165 5669 2340 5739 quoad

785 5772 979 5827 corpus
1011 5761 1181 5825 salvi,
1211 5761 1575 5831 gloriﬁcemus
1607 5778 1727 5816 cum
1766 5762 1962 5816 ﬁducia
2016 5762 2335 5816 admirabile

783 5863 847 5905 ac
878 5851 1217 5911 benedictum
1249 5869 1443 5910 nomen
1506 5864 1691 5925 tuum,
1728 5855 1903 5911 Patris
1933 5896 1947 5923 ,
1984 5868 2039 5911 et
2088 5855 2253 5921 Filii,
2290 5864 2342 5911 et

2446 4660 2545 4730 τῆς
2582 4661 2716 4722 ἰδίας
2742 4676 2834 4711 σου
2856 4656 3275 4726 εὐσπλαγχνίας,
3303 4656 3591 4727 πρόσδεξαι
3628 4655 3776 4723 ἡμᾶς
3799 4653 3893 4706 καὶ
3916 4651 4009 4704 νῦν

2447 4748 2881 4822 προσκυνοῦντας
2907 4766 2987 4815 σε,
3029 4746 3121 4800 καὶ
3144 4746 3282 4799 κατά
3309 4746 3534 4814 δύναμιν
3564 4740 4008 4813 εύχαριστοῦντάς

2449 4857 2549 4894 σοι’
2581 4840 2822 4910 δώρησαι
2858 4843 2990 4912 ἡμῖν
3010 4838 3185 4891 πάντα
3216 4837 3284 4891 τὰ
3318 4838 3452 4908 πρὸς
3479 4834 3749 4905 σωτηρίαν
3780 4832 4011 4901 αἰτήμα’

2448 4950 2534 4988 τα.
2572 4930 2869 4996 Ἀνάδειξον
2920 4932 3065 5002 ἡμᾶς
3090 4930 3235 4991 υἱοὺς
3284 4927 3461 4999 φωτὸς
3510 4925 3604 4979 καὶ
3636 4922 3867 4995 ἡμέρας,
3918 4919 4010 4973 καὶ

2450 5024 2813 5098 κληρονόμους
2862 5024 2968 5076 τῶν
3023 5023 3255 5076 αἰωνίων
3284 5037 3378 5073 σου
3412 5017 3651 5087 ἀγαθῶν.
3701 5013 4007 5086 Μνήσθητι,

2448 5117 2643 5188 Κύριε,
2674 5117 2729 5168 ὲν
2752 5115 2828 5185 τῷ
2857 5114 3049 5183 πλήθει
3072 5115 3180 5167 τῶν
3209 5109 3505 5182 οἰκτιρμῶν
3539 5125 3655 5170 σου,
3685 5108 3778 5161 καί⁵
3810 5105 4010 5166 παντὸς

2447 5209 2542 5262 τοῦ
2565 5205 2695 5261 λαοῦ
2728 5224 2843 5272 σου,
2893 5207 3001 5260 τῶν
3037 5206 3430 5277 συμπαρόντων
3470 5202 3565 5256 καὶ
3607 5197 4010 5270 συνευχομένων

2448 5303 2603 5372 ἡμῖν,
2651 5300 2744 5351 καὶ
2792 5299 3007 5353 πάντων
3054 5296 3163 5351 τῶν
3195 5296 3437 5365 ἀδελφῶν
3465 5292 3642 5364 ἡμῶν,
3686 5292 3793 5345 τῶν
3832 5293 3890 5343 ὲν
3917 5292 4008 5360 γῇ,

2447 5394 2557 5446 τῶν
2584 5394 2641 5444 ὲν
2672 5391 2932 5463 θαλάσσῃ,
2968 5390 3075 5446 τῶν
3114 5394 3171 5443 ὲν
3212 5391 3371 5444 παντὶ
3403 5386 3550 5455 τόπῳ
3572 5385 3670 5456 τῆς
3701 5381 4010 5443 εἴσπρτείας

2451 5501 2563 5546 σου,
2590 5483 2855 5555 δεομένων
2890 5484 2989 5553 τῆς
3019 5480 3423 5552 φιλανθρωπίας
3470 5478 3564 5530 καὶ
3597 5473 3870 5546 βοηθείας
3920 5472 4012 5526 καὶ

2450 5581 2584 5632 πᾶσι
2633 5580 2934 5649 χορήγησον
2964 5576 3024 5627 τὸ
3049 5575 3190 5646 μέγα
3222 5591 3314 5626 σου
3346 5572 3511 5633 ἔλεος,
3549 5570 3636 5622 ἵνα
3681 5567 4011 5635 σεσωσμένοι

2448 5672 2593 5741 ψυχῇ
2618 5686 2673 5722 τε
2697 5672 2790 5721 καὶ
2821 5667 3030 5738 σώματι
3055 5668 3283 5720 πάντοτε
3308 5664 3669 5734 διαμένοντες,
3709 5659 3847 5729 μετά
3875 5658 4013 5725 παῤ-

2454 5760 2643 5832 ῥησίας
2688 5757 2993 5827 δοξάζωμεν
3048 5758 3107 5809 τὸ
3159 5756 3471 5825 θαυμαστὸν
3510 5754 3601 5805 καὶ
3652 5749 4010 5821 εύλογημένον

2451 5854 2617 5925 ὄνομά
2644 5870 2756 5917 σου,
2791 5852 2881 5905 τοῦ
2912 5850 3140 5921 Πατρὸς,
3180 5850 3269 5903 καὶ
3296 5848 3388 5903 τοῦ
3422 5847 3572 5912 Υίοῦ,
3609 5844 3703 5899 καὶ
3732 5843 3824 5897 τοῦ
3857 5841 4008 5916 ἁγίου
