4230 6488
1370 441 1769 506 ΑεοιυτιιιΑ.
1803 439 2135 497 τιιιιιιιοιε
2164 440 2377 497 FESTI.

3286 448 3509 493 εαιιιι

280 547 615 619 Πνεύματος,
646 550 743 605 νῦν
776 551 870 605 καὶ
912 551 1017 616 ἀεὶ,
1077 552 1170 605 καὶ
1205 552 1285 617 εἰς
1327 554 1451 617 τοὺς
1495 552 1693 616 αἰῶνας
1740 551 1850 606 τῶν
1878 558 1924 613 Α

1838 569 1850 605 ι
1878 558 1924 613 Α
1955 550 2187 621 Spiritus
2214 553 2405 618 sancti,
2435 567 2579 608 nunc
2613 560 2667 607 et
2689 565 2925 621 semper,
2956 558 3010 606 et
3040 549 3093 603 in
3121 544 3316 603 sat-uia
3340 562 3508 601 saecu-

278 636 508 692 αιώνων.
548 640 739 712 ’Δμήν.

907 733 1094 786 ΕΥΧΗ
1131 733 1206 787 Ε’.

363 818 606 888 ’Δγαοῶν
654 822 911 895 θησαυρὲ,
964 826 1115 897 πηγὴ
1174 826 1415 889 άένναος,
1470 826 1650 897 Πάτερ
1684 825 1836 894 am,

282 907 706 979 θανμαστοποιι,
744 914 1114 986 παντοδύναμε
1154 915 1245 968 καὶ
1276 914 1673 987 παντόκρατορ,
1708 915 1845 969 πάν-

281 1019 371 1063 τες
418 1019 477 1056 σε
522 1004 952 1075 προσκυνοῦμεν·
997 1006 1090 1058 καὶ
1132 1003 1225 1057 σοῦ
1258 1004 1507 1076 δεόμεθα,
1538 1006 1605 1058 τὰ
1627 1003 1695 1057 σὰ
1720 1004 1844 1075 ὶλέη

282 1094 375 1145 καὶ
403 1094 527 1157 τοὺς
556 1094 681 1157 σοὺς
702 1096 1014 1165 οἰκτιρμοὺς
1039 1093 1452 1166 ἐπικαλούμενοι
1476 1097 1555 1158 εἰς
1594 1093 1844 1165 βοήθειαν

284 1186 375 1237 καὶ
403 1185 681 1256 ἀντίληψιν
708 1186 808 1256 τῆς
827 1188 1097 1259 ἡμετέρας
1119 1186 1518 1250 ταπεινώσεως.
1540 1185 1841 1258 Μνήσθητι,

282 1273 472 1345 Κύριε,
498 1274 605 1328 τῶν
632 1277 739 1329 σῶν
773 1274 981 1329 ἰκετῶν.
1007 1275 1300 1347 Πρόσδιξαι
1318 1274 1726 1345 ,πάντωνήμῶν
1744 1273 1843 1337 τὰς

280 1365 507 1430 ἑωθινὰς
538 1365 748 1438 δεήσεις
763 1367 836 1429 ὠς
851 1366 1100 1435 θυμίαμα
1130 1364 1356 1419 ἐνώπιόν
1378 1381 1493 1429 σου,
1518 1364 1612 1417 καὶ
1642 1364 1844 1436 μηδένα

247 1456 436 1526 itqu
467 1456 721 1528 ἀδόκιμον
765 1458 1015 1529 ποιήσῃς,
1074 1456 1211 1511 ἀλλὰ
1268 1457 1473 1521 πάντας
1500 1459 1645 1528 ἡμᾶς
1684 1474 1842 1530 περι-

280 1547 501 1617 ποίησαι
532 1546 618 1599 διὰ
654 1544 758 1597 τῶν
788 1544 1085 1617 οἰκτιρμῶν
1127 1563 1240 1599 σου.
1286 1545 1591 1618 Μνήσϐητι,
1649 1546 1842 1619 Κύριε,

276 1637 387 1688 τῶν
415 1635 829 1707 ἀγρυπνοῦντων
856 1637 949 1689 καὶ
971 1636 1280 1706 ψαλλόντων
1312 1640 1391 1702 εἰς
1421 1637 1578 1701 δόξαν
1613 1639 1728 1710 σὴν,
1754 1641 1846 1693 καὶ

278 1726 370 1778 τοῦ
420 1726 738 1796 μονογενοῦς
772 1744 866 1780 σου
922 1728 1051 1781 Υἰοῦ
1102 1730 1192 1782 καὶ
1240 1730 1373 1783 Θεοῦ
1404 1731 1584 1801 ἡμῶν,
1630 1732 1843 1785 καὶτοῦ

277 1817 433 1881 ἁγίου
451 1816 782 1887 Πνεύματος.
796 1819 834 1870 Γ
837 1819 955 1872 ενοῦ
972 1820 1148 1873 αὐτῶν
1164 1820 1354 1892 βοηθὸς
1372 1821 1466 1873 καὶ
1477 1822 1841 1893 άντιλήπτωρ.

1954 642 2149 697 lorum.
2184 644 2373 699 Amen.

2566 732 2821 792 ORATIO
2850 732 2915 791 ν.

2024 826 2147 882 H8.
2209 823 2472 879 Bonorum
2532 826 2802 885 thesaure,
2855 824 2973 876 lons
3030 820 3298 891 perennis,
3347 818 3511 873 Pater

1950 928 2157 981 sancte,
2200 917 2565 972 mirandorum
2593 916 2817 979 artifex,
2845 914 2935 985 qui
2965 913 3147 967 omnia
3197 921 3365 980 potes,
3388 927 3508 964 om-

1951 1008 2106 1061 nibus
2129 1009 2384 1077 imperas,
2410 1016 2465 1063 te
2510 1019 2702 1061 omnes
2735 1004 3043 1067 adoramus,
3068 1012 3123 1057 et
3159 1003 3512 1071 deprecamur

1951 1106 2022 1163 te,
2058 1098 2485 1152 misericordiam
2507 1106 2655 1152 tuam
2679 1104 2735 1152 et
2763 1094 3137 1150 miserationes
3174 1101 3296 1146 tuas
3337 1105 3505 1161 expo-

1950 1200 2164 1245 scentes
2188 1231 2203 1252 ,
2241 1192 2292 1244 in
2326 1189 2627 1244 subsidium
2677 1201 2742 1242 ac
2772 1185 3141 1241 deleusionem
3188 1182 3511 1237 humilitatis

1951 1292 2173 1336 nostrae.
2232 1281 2546 1350 Supplicum
2602 1288 2816 1334 tuorum
2879 1283 3191 1337 memento,
3244 1272 3508 1337 Domine;

1950 1372 2243 1425 matutinas
2297 1380 2543 1425 nostrum
2577 1369 2817 1425 omnium
2866 1379 3055 1435 preces
3086 1364 3300 1433 suscipe
3325 1402 3340 1425 .
3368 1361 3510 1416 sicut

1952 1462 2231 1517 incensum
2284 1460 2338 1515 in
2390 1468 2681 1529 conspectu
2725 1467 2853 1521 tuo;
2904 1468 3077 1523 neque
3113 1466 3432 1523 quemquam
3477 1466 3511 1505 e

1953 1554 2109 1611 nobis
2134 1554 2388 1625 reproba,
2434 1551 2531 1608 sed
2581 1564 2681 1620 per
2730 1546 3161 1604 misericordiam
3216 1553 3361 1599 tuam
3411 1557 3511 1597 nos

1951 1661 2142 1702 omnes
2166 1658 2453 1702 conserva.
2481 1642 2774 1705 Ilemento,
2798 1639 3023 1694 Domine
3042 1678 3059 1702 ,
3082 1636 3415 1707 vigilantium
3452 1644 3509 1687 et

1951 1736 2298 1806 psallentium
2327 1735 2394 1788 ad
2426 1733 2654 1804 gloriam
2685 1740 2853 1792 tuam,
2882 1740 2937 1783 et
2972 1727 3230 1797 unigeniti
3256 1723 3376 1780 Filii
3430 1723 3507 1777 tui

1953 1840 2017 1881 ac
2055 1825 2147 1879 Dei
2184 1823 2401 1891 nostri,
2434 1822 2509 1891 etf
2538 1821 2713 1876 sancti
2757 1817 3013 1886 Spiritus.
3053 1815 3247 1870 Eorum
3295 1810 3508 1877 adiutor

278 1907 574 1977 Πρόσδεξαι
600 1909 776 1962 αὑτῶν
796 1910 892 1975 τὰς
923 1912 1129 1975 ἱκεσίας
1153 1913 1231 1974 εἰς
1259 1911 1319 1964 τὸ
1342 1912 1731 1985 ύπερουράνιον
1750 1915 1844 1968 καὶ
1876 1907 1921 1964 Β

1837 1934 1844 1967 ι
1876 1907 1921 1964 Β
1949 1929 2067 1973 esto
2094 1925 2259 1985 atque
2288 1920 2656 1985 propugnator
2690 1927 2704 1963 :
2736 1922 2922 1963 eorum
2968 1921 3155 1977 preces
3184 1906 3238 1958 in
3289 1902 3507 1958 calcste

276 2001 463 2070 νοερόν
492 2018 583 2055 σου
618 2003 1018 2075 θυσιαστήριον.
1057 2004 1177 2057 Ὅτι
1228 2004 1293 2056 σὺ
1336 1999 1388 2057 ei
1428 2007 1457 2059 ό
1505 2004 1634 2071 Θεὸς
1663 2006 1840 2077 ἡμῶν,

278 2092 371 2145 καὶ
413 2092 494 2145 σοὶ
524 2096 620 2164 τὴν
647 2094 801 2158 δόξαν
825 2094 1242 2167 άναπέμπομεν,
1268 2096 1345 2169 τῷ
1382 2099 1575 2165 Πατρὶ,
1629 2100 1723 2153 καὶ
1766 2100 1844 2172 τῷ

280 2180 413 2250 Υἱῴ,
443 2183 533 2235 καὶ
562 2181 639 2252 τῷ
669 2183 814 2253 ἁγίῳ,
863 2182 1169 2255 Πνεύματι,
1201 2185 1295 2241 νῦν
1340 2188 1436 2243 καὶ
1484 2188 1590 2254 ἀεὶ,
1644 2189 1739 2241 καὶ
1764 2189 1843 2252 εἰς

276 2274 401 2332 τοὺς
429 2272 629 2335 αἰῶνας
653 2274 759 2327 τῶν
790 2275 1020 2331 αἰώνων.
1067 2278 1259 2349 Ἀμήν.

897 2392 1085 2447 srxn
1121 2392 1212 2461 ς’.

349 2492 785 2568 Εὐχαριστοῦμέν
819 2514 923 2561 σοι,
948 2498 1139 2569 Κύριε,
1174 2500 1203 2551 ό
1237 2498 1367 2562 Θεὸς
1412 2498 1520 2551 τῶν
1562 2499 1846 2568 σωτηρίων

278 2585 455 2656 ἡμῶν,
502 2589 583 2641 ὅτι
639 2589 817 2645 πάντα
852 2593 1028 2655 ποιεῖς
1080 2592 1159 2654 εἰς
1207 2592 1525 2662 εὐεργεσίαν
1570 2592 1668 2662 τῆς
1701 2592 1845 2662 ζωῆς

277 2676 455 2747 ἡμῶν,
488 2679 571 2731 ἵνα
600 2679 889 2744 διαπαντὸς
927 2682 1062 2753 πρὸς
1096 2682 1153 2735 σὲ
1186 2683 1583 2754 ἁποϐλέπωμεν
1620 2683 1712 2736 τδν
1738 2700 1844 2736 σω-

279 2772 421 2841 τῆρα
451 2773 544 2825 καὶ
574 2773 870 2845 εὐεργέτην
885 2772 991 2827 τῶν
1020 2775 1302 2847 ἡμετέρων
1316 2775 1521 2845 ψυχῶν*
1553 2775 1843 2829 διανέπαυ-

282 2881 381 2928 σας
407 2867 550 2936 ἡμᾶς
584 2867 642 2919 ὲν
664 2867 744 2937 τῷ
779 2867 1099 2939 παρελθόντι
1137 2868 1237 2937 τῆς
1266 2868 1458 2931 νυκτὸς
1503 2868 1704 2941 μέτρῳ,
1752 2868 1845 2922 καὶ

280 2957 565 3030 ἐξήγειρας
605 2960 750 3029 ἡμᾶς
782 2962 845 3013 ὲκ
873 2960 981 3012 τῶν
1024 2960 1220 3011 κοιτῶν
1258 2959 1435 3030 ημῶν,
1473 2960 1567 3014 καὶ
1616 2960 1846 3031 ἐστησας

281 3049 359 3111 εἰς
379 3049 745 3120 προσκύνησιν
772 3049 865 3103 τοῦ
896 3050 1079 3119 τιμίου
1110 3049 1369 3121 ὀνόματός
1401 3067 1516 3108 σου.
1540 3052 1632 3104 Διδ
1661 3052 1847 3123 δεόμε-

282 3137 350 3191 θά
384 3155 497 3201 σου.
527 3141 717 3212 Κύριε,
744 3141 831 3205 δὸς
867 3142 997 3216 ἡμῖν
1024 3142 1180 3214 χάριν
1205 3142 1299 3196 καὶ
1328 3141 1578 3215 δύναμιν,
1604 3144 1688 3199 ἵνα
1717 3160 1847 3196 κατ-

1952 2019 2101 2064 tuum
2128 2018 2181 2063 et
2207 2004 2571 2061 intellectuale
2606 2001 2777 2054 altare
2816 1999 3013 2067 recipe.
3043 1996 3180 2055 Quia
3217 2008 3269 2047 ιιι
3294 1994 3509 2047 esliens

1954 2108 2159 2162 noster,
2188 2110 2242 2152 et
2272 2097 2365 2152 tibi
2402 2094 2627 2166 gloriam
2658 2093 2963 2152 referimus,
2988 2087 3154 2147 i'atri,
3177 2096 3226 2139 et
3267 2082 3425 2143 Filio,
3452 2092 3503 2134 ες

1953 2191 2185 2259 Spiritui
2242 2199 2452 2251 sancto,
2486 2203 2628 2240 nunc
2654 2195 2708 2242 et
2749 2195 2987 2252 semper,
3009 2189 3063 2234 et
3098 2177 3152 2231 in
3177 2170 3371 2229 sarcula
3403 2186 3510 2227 s8-

1950 2282 2218 2337 cnlorntn.
2250 2280 2439 2333 Amen.

2538 2385 2792 2446 ORATIO
2824 2383 2908 2439 Vl.

2022 2504 2143 2560 H9.
2190 2504 2411 2575 Agimns
2456 2503 2549 2556 tibi
2596 2500 2816 2572 gratias,
2849 2495 3160 2553 salutarium:
3195 2500 3505 2545 nostrorum

1950 2593 2113 2657 Deus.
2138 2598 2289 2663 quia,
2326 2605 2383 2647 ut
2407 2604 2459 2649 te
2505 2604 2808 2649 nostrarum
2842 2589 3145 2645 animarum
3174 2590 3504 2641 servatorem

1950 2686 2249 2742 beneficum
2282 2674 2578 2739 identidem
2612 2683 2965 2752 respiciamus
2986 2722 3001 2744 ,
3024 2677 3212 2734 condis
3235 2673 3416 2730 omnia
3442 2671 3509 2725 ad

1950 2779 2076 2833 vita:
2105 2786 2303 2833 nostra:
2336 2776 2682 2831 beneﬁcium.
2716 2774 2782 2828 Et
2820 2772 2944 2842 quia
2976 2786 3094 2836 nos,
3123 2766 3391 2836 praeterita
3422 2776 3511 2817 no-

1952 2870 2055 2927 etis
2092 2879 2246 2941 parte
2274 2867 2627 2931 relocillatos,
2675 2866 3047 2935 excitatosque
3077 2864 3271 2917 itermn
3294 2874 3325 2912 e
3354 2855 3509 2911 cubi-

1951 2962 2115 3027 libus,
2145 2964 2210 3016 ad
2244 2962 2543 3017 honorandi
2578 2961 2813 3015 nominis
2853 2960 2928 3013 tui
2969 2956 3335 3011 adorationem
3387 2962 3510 3003 ere-

1952 3052 2115 3121 xisti;
2167 3064 2447 3122 propterea
2506 3065 2812 3121 quaesumus
2863 3060 2948 3114 te,
2992 3036 3252 3104 Domine.
3314 3038 3511 3108 largire

1953 3145 2110 3201 nobis
2146 3146 2375 3215 gratiam
2403 3159 2465 3198 ac
2500 3144 2702 3210 robur;
2761 3152 2819 3195 ut
2864 3137 3065 3194 Cbristi
3098 3136 3171 3191 tui
3210 3150 3332 3203 ope,
3382 3144 3508 3185 cum

278 3230 598 3300 αξιωθῶμεν
628 3231 848 3301 ψάλλειν
882 3250 963 3287 σοι
1009 3235 1265 3300 συνετῶς,
1311 3239 1404 3289 καὶ⁵
1446 3234 1842 3306 προσεύχεσθαι
1870 3260 1916 3321 c

1838 3260 1916 3321 ,ε
1956 3244 2101 3291 metu
2135 3246 2188 3290 et
2220 3245 2457 3289 tremore
2487 3244 2732 3289 nostram
2771 3232 2997 3285 salutem
3052 3233 3367 3295 operantes;
3415 3219 3508 3272 tibi

280 3321 657 3389 ἀδιαλείπτως,
690 3325 747 3377 ὲν
773 3324 921 3397 φόϐῳ
963 3327 1057 3379 καὶ
1084 3326 1271 3396 τρόμῳ
1303 3326 1400 3398 τὴν
1430 3327 1637 3380 ἑαυτῶν
1669 3345 1845 3399 σωτη-

284 3416 403 3487 ρίαν
456 3417 911 3488 κατεργαζόμενοι
960 3418 1046 3471 διὰ
1088 3418 1183 3487 τῆς
1216 3419 1551 3491 ἀντιλήψεως
1579 3419 1673 3473 τοῦ
1711 3421 1846 3491 Χρι-

284 3506 409 3561 στοῦ
447 3525 560 3562 σου.
606 3508 910 3579 Μνήσθητι,
946 3508 1140 3581 Κύριε,
1185 3510 1282 3562 καὶ
1320 3512 1375 3562 ὲν
1405 3511 1560 3563 νυκτὶ
1600 3510 1734 3582 πρὸς
1786 3510 1847 3563 σὲ

284 3597 549 3665 βοώντων.
596 3597 927 3649 Ἐπάκουσον
959 3597 1158 3662 αὐτῶν,
1208 3600 1301 3652 καὶ
1338 3599 1577 3668 ἐλέησον,
1602 3602 1697 3654 καὶ
1721 3599 1847 3654 σύν-

281 3687 471 3757 τριψον
497 3687 602 3739 ὑπὸ
622 3689 747 3752 τοὺς
780 3688 941 3752 πόδας
973 3688 1152 3742 αὐτῶν
1170 3688 1299 3753 τοὺς
1320 3690 1581 3761 ἁοράτους
1628 3691 1723 3743 καὶ
1758 3708 1850 3743 πο-

278 3776 500 3845 λςμίους
539 3776 785 3849 ἐχθρούς.
816 3778 887 3833 Σὺ
913 3777 1019 3850 γὰρ
1055 3772 1105 3832 εἴ
1135 3779 1164 3832 ὁ
1199 3777 1448 3849 βασιλεὺς
1474 3777 1573 3848 τῆς
1604 3778 1845 3849 εἰρήνης,

282 3869 374 3922 ni.
401 3868 583 3939 σωτὴρ
614 3868 722 3922 τῶν
743 3869 930 3941 ψυχῶν
962 3869 1139 3941 ἡμῶν·
1172 3870 1265 3923 καὶ
1296 3869 1379 3922 σοὶ
1410 3870 1509 3940 τὴν
1539 3868 1694 3933 δόξαν
1720 3870 1849 3922 άνα-

280 3962 595 4030 πέμπομεν,
614 3961 691 4031 τῷ
716 3963 905 4033 Πατρὶ,
932 3964 1027 4015 καὶ
1045 3962 1123 4031 τῷ
1147 3962 1279 4031 Υἰῷ,
1309 3963 1402 4014 καὶ
1430 3962 1507 4031 τῷ
1525 3961 1662 4031 ἁγίῳ
1681 3959 1849 4013 Πνεύ-

288 4067 435 4120 ματι,
486 4049 580 4102 νῦν
610 4052 703 4103 καὶ
722 4051 830 4119 ἀεὶ,
865 4052 957 4103 καὶ
986 4052 1065 4112 εἰς
1095 4050 1221 4113 τοὺς
1253 4051 1450 4116 αἰῶνας
1475 4051 1583 4106 τῶν
1616 4050 1846 4106 αἰώνων.

296 4142 353 4193 Ἀ
362 4142 467 4213 μην

878 4233 1070 4287 ΕΥΧΗ
1110 4235 1181 4288 Ζ’.

365 4352 422 4405 ’0
460 4351 592 4415 Θεὸς
639 4355 735 4406 καὶ
786 4352 973 4425 Πατὴρ
1035 4353 1130 4406 τοῦ
1191 4352 1396 4425 Κυρίου
1451 4350 1603 4421 ἡμῶν
1673 4349 1847 4420 Ἰησοῦ

286 4443 544 4511 Χριστοῦ,
574 4445 602 4494 ό
636 4444 999 4513 ἐξαναστήσας
1036 4446 1185 4515 ἡμᾶς
1228 4446 1291 4497 ὲκ
1314 4443 1422 4497 τῶν
1448 4441 1639 4496 κοιτῶν
1668 4441 1844 4513 ἡμῶν,

284 4536 380 4589 καὶ
413 4534 827 4601 ὲπισυναγαγὼν
854 4536 946 4588 ἐπὶ
978 4535 1073 4606 τὴν
1103 4534 1250 4605 ῶρειν
1280 4534 1377 4605 τῆς
1406 4530 1728 4606 προσευχῆς·
1759 4532 1848 4596 δὺς

1955 3329 2088 3384 scite
2114 3328 2344 3397 psallere
2363 3337 2416 3383 et
2447 3325 2817 3380 indesinenter
2858 3320 3164 3392 supplicare
3216 3313 3512 3369 valeamus.

1956 3422 2223 3477 Memento
2254 3421 2417 3476 etiam
2446 3459 2462 3485 ,
2493 3417 2739 3483 Domine,
2769 3430 2957 3468 eorum
3009 3410 3101 3482 qui
3156 3420 3207 3464 te
3236 3406 3304 3463 de
3356 3412 3514 3459 nocte

1954 3516 2246 3568 invocant:
2275 3512 2469 3566 esautli
2524 3526 2620 3565 «os
2648 3518 2701 3562 et
2741 3508 3002 3560 miserere
3027 3542 3042 3566 ,
3076 3502 3175 3555 sub
3217 3510 3513 3563 eorumun

1955 3603 2183 3674 pedibus
2214 3605 2395 3657 hostes
2442 3600 2741 3656 invisibiles
2795 3607 2963 3667 atque
3001 3594 3227 3648 iulestos
3266 3597 3509 3644 contere.

1953 3696 2031 3752 'l‘u
2062 3696 2207 3750 enim
2240 3710 2300 3749 es
2339 3710 2430 3749 rex
2465 3709 2497 3764 p
2519 3693 2649 3758 rcis,
2697 3702 2752 3747 et
2785 3700 3035 3746 servator
3067 3694 3367 3740 nostrarum
3403 3678 3517 3731 ani-

1956 3803 2197 3854 marum;
2232 3788 2434 3856 tibique
2467 3787 2691 3853 gloriam
2736 3782 3103 3851 rependimus,
3150 3775 3315 3835 Parui,
3344 3781 3397 3824 et
3420 3768 3512 3823 Fi-

1955 3882 2045 3942 lio.
2064 3889 2117 3934 et
2143 3879 2367 3948 Spiritui
2398 3888 2607 3939 sancto,
2634 3888 2773 3927 nunc
2798 3882 2851 3927 et
2881 3883 3121 3937 semper,
3145 3875 3199 3920 et
3229 3865 3281 3917 in
3314 3861 3510 3919 saecula

1954 3973 2290 4028 srculorum.
2326 3972 2516 4024 Amen.

2530 4239 2786 4299 ORATIO
2815 4236 2925 4295 VII.

2028 4358 2151 4414 150.
2187 4358 2324 4411 Dens
2350 4364 2406 4411 et
2457 4352 2616 4409 Pater
2673 4350 2880 4406 Domini
2937 4345 3105 4403 nostri
3133 4342 3257 4400 Jcsu
3290 4339 3515 4401 Christi,

1956 4454 2046 4522 qui
2072 4466 2168 4505 nos
2198 4466 2227 4505 e
2254 4447 2456 4504 nostris
2478 4442 2731 4499 thalamis
2755 4441 3046 4496 suscitatos
3073 4438 3138 4491 ad
3180 4436 3366 4489 horam
3389 4446 3515 4485 ora-

1960 4542 2121 4595 tionis
2157 4535 2517 4607 congregasti,
2561 4534 2628 4587 da
2662 4532 2818 4586 nobis
2846 4530 3070 4600 gratiam
3106 4528 3157 4581 in
3190 4522 3511 4597 patefactio-

284 4628 413 4697 ἡμῖν
443 4625 602 4695 χάριν
625 4626 682 4676 ὲν
708 4624 908 4688 ἀνοίξει
944 4625 1038 4678 τοῦ
1071 4625 1332 4695 στόματος
1358 4624 1536 4697 ἡμῶν,
1567 4623 1659 4678 καὶ
1684 4624 1851 4693 πρόσ-
1882 4614 1929 4671 Ι)

1842 4654 1851 4664 ·
1882 4614 1929 4671 Ῐ)
1960 4644 2026 4683 ne
2066 4628 2201 4692 oris,
2233 4634 2287 4678 et
2317 4624 2533 4692 suscipe
2556 4637 2690 4691 quas
2718 4622 2810 4675 tibi
2842 4634 2937 4689 pro
2960 4616 3165 4671 viribus
3212 4622 3393 4683 grates
3424 4625 3512 4663 re-

284 4719 432 4785 δεξαι
456 4717 613 4790 ἡμῶν
632 4715 730 4779 τὰς
753 4715 894 4769 κατὰ
926 4715 1151 4786 δύναμιν
1181 4716 1551 4787 εὐχαριστίας,
1585 4714 1678 4769 καὶ
1706 4714 1851 4768 δίδα-

286 4813 375 4879 ξον
407 4811 554 4881 ἡμᾶς
589 4808 657 4862 τά
682 4806 1022 4878 δικαιώματά
1044 4823 1156 4860 σου·
1183 4807 1264 4858 ὅτι
1298 4805 1701 4877 προσεύξασθαι
1724 4806 1849 4859 καθ’

286 4904 313 4957 δ
360 4903 443 4956 δεῖ
484 4904 585 4955 οὐκ
616 4901 855 4971 οίὸαμεν,
896 4898 990 4953 ἐὰν
1029 4898 1102 4969 μὴ
1138 4898 1223 4961 σὺ,
1260 4899 1450 4969 Κύριε,
1473 4898 1549 4970 τῷ
1574 4897 1850 4969 Πνεῦματί

289 5012 384 5050 σου
418 4994 496 5064 τῷ
521 4995 661 5064 ἁγίῳ
692 4994 962 5065 ὁδηγήσης
985 4992 1148 5063 ἡμᾶς.
1190 4990 1280 5043 Διὸ
1304 4989 1535 5061 δεόμεθά
1573 5010 1687 5057 σου,
1720 4994 1773 5047 εἰ
1797 5009 1851 5045 τι

289 5089 604 5160 ἡμάρτομεν
627 5086 785 5156 μέχρι
806 5086 902 5155 τῆς
922 5086 1199 5157 παρούσης
1218 5083 1361 5155 ὧρας
1384 5085 1439 5136 ἐν
1461 5084 1669 5155 λόγφιῆ
1688 5085 1849 5155 ἔργῳ.

290 5179 322 5248 ἢ
353 5181 495 5231 κατὰ
531 5178 798 5241 διάνοιαν,
830 5175 1091 5238 ἑκουσίως
1121 5174 1154 5245 ἢ
1182 5172 1469 5237 ἀκουσίως,
1508 5175 1652 5237 ἄνες,
1694 5175 1851 5244 ἄφες,

291 5268 659 5339 συγχώρησον·
680 5268 788 5321 ἐὰν
809 5266 913 5336 γὰρ
928 5264 1175 5332 ἀνομίας
1191 5264 1639 5334 παρατηρήσῃς,
1660 5268 1852 5335 Κύριε,

290 5363 487 5429 Κύριε,
506 5360 598 5426 τίς
624 5357 1060 5425 ὑποστήσεταις
1084 5358 1201 5409 Ὀτι
1216 5356 1365 5427 παρὰ
1382 5357 1462 5409 σοὶ
1484 5359 1517 5428 ἡ
1542 5354 1853 5431 ἀπολύτρω-

293 5471 396 5520 σις,
434 5452 498 5506 σὺ
526 5446 577 5503 εἴ
624 5450 781 5521 μόνος
830 5450 982 5519 ἅγιος
1015 5446 1227 5519 βοηθὸς,
1271 5449 1525 5520 κραταιὸς
1558 5450 1859 5519 ὑπερασπι-

292 5546 422 5615 στὴς
466 5543 566 5614 τῆς
618 5542 763 5613 ζωῆς
809 5541 985 5612 ἡμῶν,
1026 5543 1121 5593 καὶ
1147 5544 1204 5593 ἐν
1237 5540 1377 5611 coli)
1412 5539 1644 5615 ὓμνησις
1698 5542 1855 5614 ἡμῶν

289 5636 598 5701 διαπαντός.
639 5638 736 5691 Εἶτι
764 5636 824 5689 τὸ
853 5637 1050 5707 κράτος
1085 5634 1183 5705 τῆς
1219 5634 1489 5707 βασιλείας
1514 5653 1603 5691 σου
1629 5633 1853 5707 εὐλογη-

368 5857 446 5929 (α)
480 5857 619 5911 i‘aai.
652 5871 834 5923 csstx,
856 5858 908 5923 δ,
942 5858 996 5912 7.

1956 4716 2203 4778 ferimus,
2226 4722 2394 4768 etnos
2422 4715 2587 4768 edoce
2612 4706 3024 4781 justilicationes
3053 4717 3209 4767 tuas;
3246 4702 3369 4772 quia
3403 4700 3511 4754 nisi

1958 4822 2037 4877 tu,
2079 4809 2324 4871 Domine,
2358 4822 2457 4863 nos
2498 4815 2590 4859 tuo
2643 4802 2846 4871 Spiritu
2876 4809 3063 4855 sancto
3086 4795 3377 4857 direxeris.
3408 4807 3515 4845 non

1958 4915 2247 4975 possumus
2280 4916 2438 4954 orare
2481 4906 2640 4969 prout
2662 4900 2894 4964 oportet.
2922 4889 3043 4943 ideo
3068 4900 3319 4959 rogamus
3355 4895 3425 4947 te,
3458 4892 3518 4937 ut

1958 4996 2003 5051 si
2045 4995 2175 5064 quid
2210 4992 2554 5065 peccavimus
2592 5002 2762 5059 usque
2808 4984 2875 5039 ad
2924 4989 3243 5050 prasentem
3284 4976 3518 5036 horam,

1965 5086 2153 5151 verbo,
2197 5088 2279 5141 vel
2330 5098 2515 5152 opere,
2558 5081 2641 5136 vel
2678 5075 3027 5149 cogitatione,
3064 5079 3256 5139 sponte
3302 5069 3382 5118 vel
3421 5081 3517 5119 co-

1965 5190 2104 5243 acte,
2141 5174 2403 5240 remittas,
2420 5174 2712 5236 condones,
2738 5164 3035 5235 indulgeas.
3059 5161 3181 5232 quia
3198 5160 3244 5211 si
3271 5156 3519 5225 iniquum.

1963 5284 2036 5325 tes
2066 5272 2437 5330 obserraveris,
2481 5264 2719 5326 Domine,
2762 5258 3001 5319 Domine,
3042 5253 3155 5324 quis
3204 5246 3524 5304 sustinebit?

1970 5363 2232 5429 Quoniam
2257 5360 2396 5426 apud
2418 5370 2464 5410 te
2490 5353 2767 5421 redemptio
2790 5361 2861 5405 est
2888 5348 2997 5421 (o);
3031 5354 3085 5397 tu
3114 5342 3261 5397 solus
3289 5356 3346 5395 es
3369 5338 3522 5392 suxi-

1960 5456 2118 5509 liator
2160 5461 2399 5513 sanctus,
2436 5450 2555 5502 vitae
2585 5456 2781 5501 nostra:
2811 5441 3058 5498 deletum
3104 5430 3438 5504 prapotens;
3464 5439 3521 5484 et

1962 5545 2029 5599 ad
2080 5555 2130 5599 te
2174 5554 2284 5599 tota
2334 5553 2515 5597 nostra
2549 5537 2784 5594 laudatio
2816 5530 3068 5587 refertur.
3124 5526 3411 5581 Benedicta
3448 5526 3519 5577 sit

1965 5646 2021 5691 et
2050 5634 2344 5706 gloriﬁcata
2373 5632 2520 5703 regni
2573 5629 2648 5685 tui
2687 5633 2945 5699 potestas,
2980 5619 3179 5685 Patris,
3212 5628 3264 5672 et
3299 5613 3441 5679 Filii,
3466 5622 3521 5667 et
