4230 6496
736 457 864 496 CCCI.

2082 433 2611 493 PROLEGOMENA.

741 560 970 626 Spiritus
993 555 1189 624 sancti,
1223 570 1367 611 nunc
1401 564 1456 610 et
1484 569 1720 625 semper,
1750 562 1805 609 et
1830 554 1885 608 in
1917 555 2109 610 saecula
2139 569 2306 610 saecu-
2331 558 2376 613 A
2407 574 2411 621 λ

2285 585 2306 595 -
2331 558 2376 613 Α
2407 552 2568 623 μένον
2601 548 2693 604 καί
2724 546 3125 618 δεδοξασμένον,
3174 542 3266 598 τοῦ
3295 540 3526 613 Πατρὸς,
3554 539 3645 595 καὶ
3671 537 3775 593 ’τοῦ
3809 536 3955 601 Υἱοῦ,

739 652 927 705 lorum.
960 652 1154 704 Amen.

1316 824 1571 881 ORATIO
1598 824 1728 879 VIII.

809 922 931 976 15f.
990 919 1213 975 Domine
1270 919 1412 972 Deus
1475 927 1701 981 noster,
1750 915 1839 986 qui
1893 929 2024 981 nos,
2083 926 2298 984 torpore

739 1012 915 1063 somni
950 1010 1226 1077 dissipato,
1258 1007 1543 1062 vocatione
1565 1016 1754 1061 sancta
1788 1005 2123 1070 convocasti,
2155 1014 2212 1058 ut
2244 1012 2299 1058 et

741 1113 928 1151 manus
959 1097 1346 1151 extolleremus
1369 1105 1557 1161 noctu,
1581 1104 1635 1149 et
1670 1097 1763 1151 tibi
1797 1096 2180 1151 conﬁterentur
2203 1110 2297 1150 su-

746 1207 841 1259 per
867 1190 1068 1260 judicia
1088 1188 1316 1257 iustitiae
1345 1199 1481 1256 tute;
1507 1191 1719 1261 suscipe
1743 1192 2016 1243 orationes
2060 1201 2294 1253 nostras,

740 1282 1153 1353 postulationes,
1200 1282 1614 1348 confessiones,
1646 1291 1939 1337 nocturnos
1988 1282 2196 1345 cultus;
2243 1288 2297 1335 et

742 1376 919 1430 tribue
946 1376 1100 1430 nobis
1129 1416 1144 1441 ,
1173 1389 1207 1428 o
1241 1375 1403 1442 Deus,
1438 1376 1773 1429 inconfusam
1808 1373 1986 1442 ﬁdem,
2018 1389 2167 1446 spem
2202 1376 2299 1428 llr-

742 1482 906 1530 mam,
936 1466 1254 1521 cbaritatem
1279 1467 1393 1520 sine
1428 1467 1664 1520 Ilctione.
1699 1465 1932 1520 Benedic
1965 1476 2177 1520 nostros
2218 1467 2299 1519 itt-

744 1558 934 1613 troitus
963 1568 1019 1611 et
1046 1558 1248 1624 exitus,
1284 1559 1552 1622 actiones,
1580 1572 1741 1626 opera
1769 1596 1784 1622 ,
1812 1572 2091 1611 sermones
2137 1568 2297 1625 atque

742 1650 1132 1719 cogitationes;
1196 1658 1249 1703 et
1295 1665 1394 1704 nos
1436 1648 1755 1703 ineffabilem
1800 1648 2095 1704 bonitatem
2153 1658 2298 1700 tuam

746 1740 1050 1805 laudantes,
1081 1740 1860 1805 celebrantes,lieuedicentes,
1881 1740 1946 1793 ad
1976 1738 2298 1809 principium

742 1830 846 1882 diei
883 1830 1165 1896 pervenire
1194 1830 1443 1884 concede.
1476 1829 1609 1896 Quia
1644 1830 1977 1883 benedictum
2011 1838 2091 1883 est
2111 1844 2297 1884 sacro-

2402 645 2497 697 καὶ
2530 642 2626 696 τοῦ
2674 640 2829 710 ἁγίου
2857 638 3191 709 Πνεύματος,
3220 636 3313 691 νῦν
3340 636 3434 690 καὶ
3476 634 3577 698 ἀεὶ,
3613 634 3704 686 καί
3734 634 3810 695 εἰς
3838 632 3957 693 τοὺς

2404 735 2601 797 αἰῶνας
2633 732 2740 785 τῶν
2767 730 2993 785 αἰώνων.
3042 728 3231 798 ’Δμήν.

3030 822 3219 875 ΕΥΧΗ
3249 821 3328 873 H'.

2498 919 2668 989 Κύριε
2701 917 2879 979 ὁΘεὸς
2903 913 3079 985 ὴμῶν,
3123 916 3150 966 6
3190 910 3290 979 τὴν
3335 909 3430 964 τοῦ
3475 908 3641 962 ὕπνου
3691 904 3959 979 ρᾳθυμίαν

2400 1008 2776 1071 ἀποσκεδάσας
2803 1007 2893 1077 ἀφ’
2927 1009 2959 1077 ἠ
2971 1005 3106 1076 μῶν,
3155 1004 3247 1057 καὶ
3290 1000 3622 1070 συγκαλέσας
3652 1000 3799 1071 ἡμᾶς
3832 997 3957 1065 κλή-

2402 1116 2483 1151 σει
2514 1098 2663 1167 ἁγίᾳ,
2696 1098 2788 1149 καί
2814 1097 2871 1149 ὲν
2895 1096 3049 1148 νυκτί
3077 1095 3277 1164 ἐπᾶραι
3306 1092 3403 1153 τὰς
3436 1092 3621 1160 χεῖρας
3655 1088 3832 1160 ἡμῶν,
3867 1086 3957 1139 καὶ

2401 1188 2836 1260 ἐξομολογεῖσθαι
2866 1206 2945 1241 σοι
2976 1187 3069 1239 ἐπὶ
3106 1185 3172 1237 τὰ
3210 1184 3450 1254 κρίματα
3496 1182 3592 1251 τῆς
3619 1176 3958 1246 δικαιοσύνης

2401 1296 2516 1333 σου·
2542 1276 2829 1349 πρόσδεξαι
2849 1278 2950 1340 τὰς
2982 1277 3192 1346 δεήσεις
3213 1274 3391 1345 ἡμῶν,
3422 1272 3518 1334 τὰς
3546 1269 3831 1334 ἐντεύξεις,
3862 1266 3958 1328 τὰς

2400 1363 2949 1437 ὲξομο).ογήσεις,τὰς
2973 1362 3291 1435 νυκτερινὰς
3310 1360 3577 1430 λατρείας·
3614 1359 3707 1411 καὶ
3739 1357 3957 1426 χάρισαι

2400 1461 2554 1528 ἡμῖν,
2589 1462 2617 1511 6
2638 1457 2789 1519 Θεὸς,
2816 1458 2995 1508 πίστιν
3026 1455 3467 1523 ἀκαταίσχυντον.
3503 1450 3689 1505 ἐλπίδα
3716 1448 3955 1517 βεϐαίαν,

2400 1550 2621 1620 ἀγάπην
2658 1548 3037 1618 ἀνυπόκριτον.
3080 1547 3386 1616 Εύλόγησον
3414 1543 3567 1614 ἡμῶν
3608 1539 3842 1601 εἰσόδους
3867 1537 3960 1589 καὶ

2402 1639 2632 1704 ἐξόδους,
2666 1639 2915 1710 πράξεις,
2948 1636 3103 1706 ἔργα,
3136 1635 3349 1703 λόγους,
3388 1633 3731 1703 ἐνθυμήσεις
3758 1626 3853 1682 καὶ
3875 1628 3961 1689 δὸς

2403 1731 2534 1800 ἡμῖν
2561 1729 2895 1800 καταντῆσαι
2929 1730 3004 1791 εἰς
3038 1726 3136 1789 τὰς
3176 1725 3349 1793 ἀρχὰς
3379 1725 3476 1793 τῆς
3510 1722 3717 1793 ἡμέρας
3753 1717 3962 1772 αἰνοῦνο

2402 1840 2519 1885 τας,
2546 1822 2867 1891 ὑμνοῦντας,
2903 1817 3254 1887 εὐλογοῦντας
3287 1816 3387 1883 τῆς
3410 1815 3505 1883 σῆς
3526 1812 3801 1882 ἁφράστου
3828 1827 3963 1880 χρη-

743 1932 988 1976 sanctum
1029 1936 1221 1975 nomen
1252 1931 1422 1987 tuum,
1454 1932 1509 1976 et
1540 1922 1899 1992 gloriﬁcatum
1948 1938 2171 1991 regnum
2198 1922 2298 1975 Pa-
2334 1914 2375 1967 Β
2407 1934 2413 1960 ε

2291 1952 2298 1962 .
2334 1914 2375 1967 Β
2407 1913 2661 1981 στότητος
2684 1913 2779 1983 τὴν
2810 1911 3141 1981 ἀγαθότητα,
3159 1909 3279 1960 Ὀτι
3302 1905 3594 1976 ηὑλόγηται
3616 1902 3676 1953 τὸ
3700 1900 3961 1967 πάναγιόν

742 2019 860 2082 tris,
887 2028 940 2071 et
972 2016 1113 2082 Filii,
1145 2028 1197 2069 et
1218 2016 1453 2083 Spiritus
1483 2017 1682 2079 sancti,
1711 2032 1851 2069 nunc
1882 2024 1930 2069 et
1988 2030 2223 2085 semper,
2251 2024 2304 2069 et

744 2114 795 2166 in
822 2109 1014 2163 saecula
1047 2109 1391 2163 saeculorum.
1420 2109 1611 2161 Amen.

1335 2281 1584 2341 ORATIO
1622 2281 1712 2336 IX.

857 2379 937 2435 ’32.
992 2378 1051 2434 In
1101 2378 1353 2433 cordibus
1403 2379 1626 2439 nostris,
1661 2376 1903 2439 Domine,
1934 2384 2302 2444 Incorruptum

746 2472 941 2524 divinae
976 2481 1081 2524 tum
1124 2468 1448 2538 cognitionis
1492 2467 1671 2520 lumen
1708 2466 1970 2534 benignus
2014 2466 2251 2518 acceude
2285 2506 2301 2529 ,

744 2576 797 2616 et
823 2565 969 2631 aperi
1020 2562 1216 2616 mentis
1269 2572 1470 2613 nostra:
1496 2558 1680 2612 oculos
1712 2558 1775 2609 ad
1816 2556 2303 2610 considerationem

746 2652 1145 2721 prredicationis
1182 2650 1527 2712 evangelicae.
1563 2648 1836 2703 Timorem
1875 2650 2152 2701 beatorum
2187 2656 2306 2699 tuo-

748 2760 863 2798 rum
912 2742 1285 2797 mandatornm
1315 2741 1472 2795 nobis
1502 2741 1753 2803 immitte,
1787 2748 1865 2803 ut,
1888 2738 2138 2792 onmibus
2181 2752 2304 2791 ear—

747 2835 962 2888 nalibus
989 2833 1442 2901 concupiscentiis
1464 2832 1817 2894 conculcatis,
1854 2830 2151 2897 spiritalem
2183 2844 2308 2883 eon-

747 2929 1111 2981 versationem
1144 2933 1438 2989 sectemur,
1470 2925 1728 2987 sapiendo
1756 2932 1810 2974 et
1842 2921 2091 2975 faciendo
2129 2920 2307 2974 omnia

745 3034 864 3089 quae
891 3029 995 3074 tua:
1026 3018 1223 3088 placita
1256 3026 1381 3072 sunt
1405 3016 1688 3071 voluntati.
1720 3014 1855 3082 Quia
1893 3022 1947 3067 tu
1977 3029 2033 3068 es
2058 3014 2309 3067 sanctiu-

749 3114 893 3167 ratio
927 3125 980 3166 et
1017 3112 1339 3166 illuminatio
1369 3121 1592 3175 nostra;
1630 3118 1685 3165 et
1725 3110 1822 3164 tibi
1858 3108 2084 3179 gloriam
2108 3122 2303 3176 repen-

748 3208 946 3270 dimus,
973 3204 1142 3267 Patri,
1173 3213 1228 3257 et
1259 3203 1417 3270 Filio,
1460 3211 1513 3256 et
1558 3202 1780 3271 Spiritui
1806 3212 2018 3264 sancto,
2072 3215 2214 3255 nunc
2255 3207 2306 3254 et

749 3311 987 3360 semper,
1021 3303 1073 3349 et
1097 3295 1148 3348 in
1186 3293 1379 3348 macula
1413 3292 1757 3349 smeulorum.
1787 3293 1979 3347 Amen.

1349 3466 1604 3525 ORATIO
1648 3468 1710 3524 Χ.

826 3562 944 3616 153.
983 3559 1209 3616 Domine
1237 3560 1379 3614 Deus
1427 3568 1630 3624 noster,
1661 3556 1753 3628 qui
1806 3570 1903 3625 per
1944 3555 2310 3625 pmnitentiam

755 3652 1066 3707 hominibus
1121 3651 1491 3704 remissionem
1527 3650 1805 3717 tribuisti,
1840 3658 1897 3705 et
1942 3648 2098 3705 nobis
2138 3648 2313 3702 locum

755 3742 1049 3814 agnitionis
1076 3752 1417 3813 peccatorum
1443 3752 1607 3810 atque
1628 3740 1986 3796 confessionis
2014 3743 2064 3795 in
2093 3739 2317 3809 prophe-

757 3850 823 3889 tze
853 3835 1067 3889 Davidis
1108 3833 1423 3905 paenitentia
1471 3834 1537 3886 ad
1570 3830 1782 3885 veniam
1831 3832 2263 3886 commonstrasti
2295 3847 2311 3897 ;

757 3929 894 3996 ipse,
930 3924 1178 3987 Domine,
1209 3923 1365 3977 nobis
1396 3923 1448 3976 in
1482 3921 1647 3975 multa
1689 3936 1751 3975 ac
1777 3921 1959 3990 gravia
1999 3920 2188 3973 delicta
2213 3922 2315 3975 mi—

758 4032 942 4073 serere
969 4057 985 4083 ,
1020 4014 1316 4074 secundum
1375 4028 1623 4080 magnam
1671 4013 2099 4069 misericordiam
2135 4021 2314 4077 tuam;

757 4122 809 4163 σοι
842 4108 1137 4163 secundmn
1171 4105 1565 4159 multitudinem
1607 4105 2013 4159 miserationum
2060 4114 2272 4158 tuarum
2298 4145 2312 4168 ,

756 4204 877 4257 dele
903 4200 1224 4267 iniquitates
1261 4210 1495 4261 nostras.
1531 4199 1654 4266 quia
1696 4198 1790 4251 tibi
1829 4198 2320 4266 peccavimus-,Dn-

759 4295 925 4355 mine,
949 4292 1038 4360 qui
1089 4291 1291 4345 incerta
1336 4300 1388 4342 et
1435 4289 1645 4342 occulta
1679 4289 1861 4343 cordis
1892 4290 2166 4342 hominum
2193 4303 2317 4356 per-

764 4385 978 4444 novisti,
1010 4393 1064 4436 et
1117 4382 1207 4452 qui
1262 4382 1409 4436 solus
1442 4382 1605 4436 babes
1656 4388 1977 4453 potestatem
2014 4381 2317 4434 remittendi

762 4483 1004 4544 peccata.
1042 4471 1149 4525 Cor
1200 4473 1455 4527 mundum
1513 4487 1637 4526 crea
1688 4473 1739 4525 in
1797 4471 1994 4532 nobis,
2029 4482 2084 4524 et
2129 4472 2319 4538 spiritu

2407 2020 2500 2055 σου
2553 2003 2740 2073 ὄνομα,
2801 2004 2894 2055 καὶ
2953 1998 3259 2065 δεδόξασταί
3302 2014 3395 2050 σου
3446 1996 3478 2064 ἡ
3544 1991 3803 2061 βασιλεία,
3870 1989 3963 2043 τοῦ

2406 2094 2641 2163 Πατρὸς,
2676 2094 2769 2146 καί
2798 2093 2889 2145 τοῦ
2910 2093 3061 2155 Υἱοῦ,
3085 2092 3176 2146 καὶ
3209 2090 3302 2143 τοῦ
3332 2087 3484 2155 ἁγίου
3510 2082 3649 2138 Πνεύ
3660 2098 3845 2153 ματος,
3870 2079 3964 2133 νῦν

2405 2184 2501 2237 καὶ
2534 2184 2639 2246 ἀεὶ,
2667 2182 2759 2235 καὶ
2787 2182 2864 2244 εἰς
2906 2184 3027 2244 τοὺς
3061 2182 3256 2241 αἰῶνας
3288 2177 3393 2230 τῶν
3431 2170 3658 2227 αἰώνων.
3702 2169 3893 2237 Ἀμήν.

3040 2272 3226 2325 ΕΥΧΠ
3256 2271 3331 2323 Θ’.
3866 2270 3870 2275 ’

2474 2366 2722 2438 Λάμνζιον,
2778 2365 3021 2418 Δέσποτα
3055 2362 3422 2432 φιλάνθρωπε,
3454 2360 3513 2411 ὲν
3571 2358 3693 2419 ταῖς
3724 2351 3966 2423 καρδίαις

2406 2460 2560 2530 ἡμῶν
2591 2460 2651 2512 τὸ
2674 2459 2771 2529 τῆς
2803 2459 2899 2528 σῆς
2930 2454 3253 2523 θεογνωσίας
3284 2452 3397 2521 φῶς
3427 2451 3717 2521 ἀκήρατον,
3736 2444 3968 2506 καὶτοὺς

2405 2550 2502 2619 τῆς
2532 2548 2768 2610 διανοίας
2816 2547 2968 2617 ἡμῶν
2998 2545 3305 2615 ὀφθαλμοὺς
3330 2540 3589 2604 διάνοιξον
3611 2540 3689 2599 εἰς
3714 2536 3811 2605 τὴν
3860 2532 3967 2585 τῶν

2407 2638 2778 2707 εύαγγελικῶν
2833 2655 2926 2690 σου
2977 2637 3344 2706 κηρυγμάτων
3402 2630 3760 2699 κατανόησιν·
3820 2625 3969 2686 ἔνθες

2407 2732 2537 2803 ἡμῖν
2565 2728 2784 2782 καὶτῶν
2826 2725 3105 2797 μακαρίων
3138 2742 3228 2776 σου
3252 2723 3474 2776 ἐντολῶν
3506 2722 3687 2791 φόϐον,
3722 2719 3832 2778 ἵνα,
3867 2714 3969 2768 πά-

2409 2840 2507 2886 σας
2556 2820 2651 2884 τὰς
2680 2818 2945 2890 σαρκικὰς
2974 2814 3264 2884 ἐπιθυμίας
3293 2813 3970 2879 καταπατήσαντες,πνευ-

2411 2913 2643 2985 ματικὴν
2688 2909 2964 2963 πολιτείαν
3011 2904 3371 2977 μετέλθωμεν,
3411 2902 3587 2953 πάντα
3614 2898 3680 2950 τὰ
3710 2895 3844 2966 πρὸς
3879 2896 3968 2947 εὐ-

2409 3004 2700 3075 αρέστησιν
2753 3003 2850 3073 τὴν
2881 3000 2978 3070 σὴν
3025 2998 3117 3051 καί⁸
3150 2994 3466 3065 φρονοῦντες
3504 2991 3595 3045 καί
3622 2988 3966 3059 πράττοντες.

2413 3096 2534 3147 Ὅτι
2571 3096 2634 3147 σὺ
2662 3090 2712 3146 εἰ
2733 3096 2760 3145 6
2804 3090 3069 3161 ἁγιασμὸς
3098 3089 3189 3143 καί⁸
3215 3089 3242 3141 6
3265 3083 3536 3156 φωτισμὸς
3563 3079 3740 3153 ἡμῶν,
3770 3078 3862 3130 καί
3891 3076 3971 3129 σοὶ

2411 3189 2507 3261 τὴν
2523 3185 2679 3250 δόξαν
2711 3185 3126 3255 ἁναπέμπομεν,
3167 3180 3244 3251 τῷ
3270 3177 3464 3249 Πατρί,
3491 3174 3583 3227 καὶ
3607 3171 3685 3241 τῷ
3710 3167 3865 3261 Υἰῷὶ
3881 3167 3973 3219 καί

2336 3257 2379 3315 C
2411 3257 2488 3350 τῷ
2520 3279 2659 3349 ἁγίῳ
2682 3276 2979 3348 Πνεύματι,
3004 3274 3099 3329 νῦν
3133 3274 3226 3327 καὶ
3251 3273 3357 3335 ἀεὶ,
3396 3269 3487 3324 καί
3514 3269 3592 3330 εἰς
3617 3264 3741 3326 τοὺς
3774 3258 3972 3320 αἰῶνας

2416 3369 2517 3423 τῶν
2551 3368 2776 3423 αἰώνων.
2826 3368 3015 3439 Ἀμήν.

3064 3456 3252 3509 ΕΥΧΗ
3281 3456 3337 3507 Ι’.

2481 3553 2653 3623 Κύριε
2686 3556 2713 3605 6
2750 3550 2881 3613 Θεὸς
2919 3548 3094 3620 ἡμῶν,
3126 3549 3153 3599 6
3186 3546 3283 3616 τὴν
3334 3542 3419 3596 διὰ
3460 3541 3747 3613 μετανοίας
3784 3538 3975 3605 ἄφεσιν

2412 3644 2524 3705 τοῖς
2559 3642 2861 3711 ἀνθρώποις
2903 3638 3305 3709 δωρησάμενος,
3337 3635 3431 3687 καὶ
3468 3634 3629 3684 τόπον
3672 3633 3805 3702 ἡμῖν
3854 3631 3971 3680 ὲπι-

2415 3732 2668 3801 γνώσεως
2709 3730 3117 3800 ἁμαρτημάτων
3146 3726 3239 3777 καὶ
3277 3722 3709 3792 ἐξομολογήσεως
3738 3718 3836 3786 τὴν
3881 3714 3975 3768 τοῦ

2416 3828 2694 3899 προφήτου
2722 3823 2885 3875 Δαὸἰδ
2917 3819 3201 3893 μετάνοιαν
3227 3817 3361 3888 πρὸς
3397 3811 3738 3883 συγχώρησιν
3765 3808 3976 3860 ὑποδεί-

2416 3921 2532 3989 ξας·
2570 3919 2750 3983 αὐτὸς,
2784 3916 3047 3980 Δέσποτα,
3074 3912 3287 3976 πολλοῖς
3326 3910 3468 3981 ἡμᾶς
3489 3907 3581 3962 καὶ
3612 3903 3866 3977 μεγάλοις
3885 3916 3981 3951 πε-

2420 4012 2827 4085 ριπεπτωκότας
2845 4009 2950 4078 πλη
2959 4007 3135 4077 μμελή
3145 4022 3306 4076 μασιν
3335 4001 3574 4070 ἐλέησον,
3609 3995 3748 4051 κατὰ
3765 3995 3823 4047 τὸ
3840 3994 3980 4064 μέγα

2421 4120 2513 4155 σου
2558 4102 2699 4163 ἔλεος
2732 4101 2825 4152 καὶ
2858 4098 2999 4150 κατὰ
3043 4097 3103 4148 τὸ
3144 4096 3344 4165 πλῆθος
3378 4092 3485 4144 τῶν
3530 4086 3827 4157 οἰκτιρμῶν
3864 4100 3978 4136 σου.

2433 4189 2742 4257 Ἐξάλειψον
2774 4188 2842 4239 τὰ
2881 4188 3203 4254 ἀνομήματα
3230 4183 3404 4252 ήμῶν,
3431 4183 3511 4232 ὅτι
3538 4181 3619 4231 σοὶ
3642 4179 3981 4248 ἡμάρτομεν,

2421 4282 2614 4353 Κύριε,
2640 4279 2715 4351 τῷ
2737 4280 2829 4333 καὶ
2859 4277 2927 4330 τά
2959 4277 3128 4346 ἄδηλα
3149 4274 3242 4327 καὶ
3265 4273 3471 4344 κρύφια
3502 4272 3598 4341 τῆς
3631 4268 3856 4339 καρδίας
3876 4264 3983 4316 τῶν

2420 4371 2721 4445 ἀνθρώπων
2778 4366 3117 4438 γινώσκοντι,
3176 4367 3268 4420 καὶ
3318 4365 3461 4436 μόνῳ
3509 4362 3682 4433 ἔχοντι
3738 4356 3984 4424 ἐξουσίαν

2422 4466 2635 4534 ἀφιέναι
2684 4460 2978 4532 ἁμαρτίας.
3012 4459 3250 4531 Καρδίαν
3278 4458 3335 4511 δὲ
3394 4455 3637 4528 καθαρὰν
3682 4452 3872 4514 κτίσας
3928 4451 3986 4501 ὲν

768 4562 1327 4635 principaliconﬂrma
1364 4578 1478 4627 nos,
1509 4572 1565 4617 et
1600 4561 1877 4617 manifesta
1904 4561 2057 4616 nobis
2082 4561 2318 4614 laetitiam
2354 4600 2397 4655 Β
2426 4560 2438 4608 1‘

2314 4584 2318 4613 ι
2354 4600 2397 4655 D
2426 4558 2577 4655 ἡμῖν,
2606 4557 2714 4655 καὶ.
2738 4553 3012 4655 ¹*πνεύματι
3041 4552 3348 4655 ἡγεμονικῷ
3396 4548 3649 4655 στηρίξας
3680 4546 3850 4655 ἡμᾶς,
3895 4540 3984 4655 καὲ

765 4656 1020 4709 salutaris
1047 4654 1119 4708 tui
1155 4673 1169 4709 :
1202 4668 1269 4707 ne
1299 4654 1550 4723 projicias
1582 4669 1680 4708 nos
1704 4668 1734 4707 a
1775 4653 1909 4707 facie
1941 4662 2025 4707 tua
2066 4651 2175 4723 (a);
2228 4654 2318 4706 sed

766 4752 971 4819 placeat
1004 4745 1121 4809 tibi,
1154 4747 1298 4800 bono
1338 4753 1388 4797 et
1422 4744 1671 4813 benigno,
1703 4752 1757 4798 ut
1789 4758 1955 4812 usque
1990 4746 2053 4799 ad
2078 4755 2320 4798 nostrum

762 4853 1062 4896 extremum
1105 4837 1330 4892 halitum
1363 4834 1654 4891 offeramus
1682 4836 1777 4888 tibi
1807 4836 2133 4889 sacriﬁcium
2162 4833 2324 4900 juSti-

768 4934 876 4997 ti:e,
905 4940 956 4984 et
979 4928 1304 4983 oblationem
1330 4940 1492 4995 super
1517 4934 1703 4979 sancta
1737 4933 1828 4977 tua
1857 4923 2081 4991 altaria;
2115 4924 2325 4977 miseri-

764 5021 973 5088 cordia,
1008 5017 1444 5073 miserationibus
1466 5056 1481 5081 ,
1513 5024 1567 5069 et
1597 5013 1931 5084 benignitate
1964 5014 2221 5085 unigeniti
2247 5015 2322 5068 tui

766 5115 909 5181 Filii,
952 5124 1183 5182 quocum
1218 5108 1532 5163 benedictus
1562 5122 1623 5162 es
1647 5146 1663 5171 ,
1716 5122 1838 5161 cum
1888 5108 2232 5163 sanctissimo
2271 5117 2327 5163 et

767 5211 907 5263 bono
936 5216 989 5261 et
1023 5205 1236 5259 viviﬁco
1271 5211 1362 5257 tuo
1386 5203 1593 5271 Spiritu
1650 5217 1789 5257 nunc
1825 5211 1879 5257 et
1914 5216 2150 5271 semper,
2186 5213 2241 5259 et
2270 5204 2321 5258 in

768 5298 963 5356 smcula
993 5297 1332 5352 saeculorum.
1371 5295 1562 5349 Amen.

1356 5468 1610 5525 ORATIO
1650 5468 1741 5522 XI.

844 5565 965 5621 154.
1015 5567 1181 5628 Deus,
1233 5565 1373 5619 Deus
1426 5572 1629 5627 noster,
1665 5564 1755 5630 qui
1792 5559 2095 5615 intellectus
2142 5569 2197 5614 et
2238 5576 2316 5615 ra-

774 5659 937 5712 tionis
967 5659 1255 5726 participes
1280 5657 1522 5711 Virtutes
1568 5664 1653 5708 tua
1698 5654 1971 5709 voluntate
2005 5654 2327 5719 condidisti,

778 5766 1087 5821 quaesumus
1145 5759 1197 5803 te
1250 5760 1411 5818 atque
1440 5748 1801 5815 obtestamur,
1834 5748 2045 5816 suscipe
2095 5757 2329 5802 nostram

845 5862 918 5929 (a)
954 5860 1093 5915 Psal.
1128 5876 1177 5923 ι,
1219 5862 1302 5925 te,
1338 5863 1423 5915 ts.

2426 4648 2522 4717 τὴν
2558 4645 2876 4714 ἁγαλλίασιν
2897 4644 2988 4698 τοῦ
3020 4642 3284 4714 σωτηρίου
3305 4658 3393 4693 σου
3420 4638 3690 4707 γνωρίσας
3725 4636 3882 4704 ἡμῖν,
3912 4630 3986 4700 μὴ

2423 4732 2736 4807 ἁπορῤίψῃς
2762 4735 2913 4805 ἡμᾶς
2957 4731 3062 4784 ἀπὸ
3087 4731 3178 4783 τοῦ
3213 4727 3503 4800 πῳσώπου
3540 4740 3653 4777 σου·
3702 4722 3816 4776 ἀλλ’
3840 4719 3989 4771 εὐδό-

2426 4844 2613 4898 κησον,
2640 4826 2714 4888 ὡς
2739 4823 2940 4892 ἀγαθὸς
2969 4822 3061 4875 καὶ
3096 4822 3489 4891 φιλάνθρωπος,
3522 4817 3680 4888 μέχρι
3700 4814 3797 4883 τῆς
3826 4808 3988 4880 ἐσχά-

2424 4936 2527 4989 της
2551 4916 2705 4988 ήμῶν
2730 4915 3024 4984 ἀναπνοῆς,
3046 4914 3371 4985 προσφέρειν
3404 4928 3482 4962 σοι
3500 4909 3687 4961 θυσίαν
3711 4900 3986 4958 δικαιοσύ-

2426 5029 2547 5083 νης,
2587 5010 2682 5065 καὶ
2716 5010 2992 5079 ἀναφορὰν
3020 5008 3076 5059 ὲν
3104 5010 3214 5067 τοῖς
3239 5004 3411 5072 ἁγίοις
3446 5020 3533 5056 σου
3563 4995 3988 5068 θυσιαστηρίοις,

2428 5104 2590 5167 ἐλέει,
2623 5103 2926 5170 οἰκτιρμοῖς
2977 5098 3071 5151 καὶ
3126 5094 3503 5167 φιλανθρωπίᾳ
3534 5089 3627 5143 τοῦ
3672 5086 3990 5158 μονογενοῦς

2430 5215 2524 5251 σου
2559 5193 2714 5257 Υἰοῦ,
2758 5192 2873 5263 μεθ’
2901 5210 2959 5245 ου
2990 5190 3275 5259 εὐλογητὸς
3306 5185 3373 5252 εἰ,
3405 5186 3497 5239 σὺν
3528 5182 3604 5252 τῷ
3628 5179 3879 5250 παναγίῳ
3898 5178 3989 5231 καὶ

2429 5288 2619 5359 ἁγαθῴ
2645 5285 2739 5339 καὶ
2769 5282 3011 5354 ζωοποιῷ
3037 5299 3128 5335 σου
3166 5280 3461 5351 Πνεύματι,
3488 5275 3583 5329 νῦν
3621 5275 3712 5328 καὶ
3740 5270 3850 5339 ἁεί,
3898 5268 3991 5323 καί

2429 5382 2509 5445 εἰς
2526 5382 2651 5443 τοὺς
2674 5376 2870 5439 αἰῶνας
2891 5375 2998 5428 τῶν
3031 5372 3258 5427 αἰώνων.
3305 5372 3495 5442 Ἀμήν.

3040 5463 3229 5516 ΕΥΧΗ
3263 5464 3363 5516 IA'.

2513 5561 2572 5614 Ὀ
2620 5558 2771 5623 Θεὸς,
2810 5559 2838 5611 6
2865 5557 2997 5619 Θεὸς
3036 5555 3214 5625 ἡμῶν,
3245 5557 3272 5607 6
3318 5554 3414 5618 τὰς
3447 5554 3637 5623 νοερὰς
3656 5551 3750 5606 καὶ
3770 5548 3991 5620 λογικὰς

2434 5653 2877 5723 ὑποστησάμενος
2902 5647 3164 5717 Δυνάμεις
3188 5646 3264 5718 τῷ
3288 5647 3365 5718 σῷ
3382 5646 3662 5717 θελήματιο
3690 5645 3784 5697 σοῦ
3810 5642 3993 5711 δεόμεο

2435 5747 2523 5811 θα,
2556 5746 2647 5797 καὶ
2687 5746 2746 5796 σὲ
2806 5742 3138 5810 ἱκετεύομεν,
3194 5738 3477 5810 πρόσδεξαι
3536 5738 3693 5807 ἡμῶν
3749 5736 3844 5789 καὶ
3891 5731 3994 5787 τῶν
