4230 6496
755 453 937 494 cccuv
2090 433 2618 491 PROLEGOMENA.

827 551 947 605 166.
1004 552 1134 604 Post
1199 548 1443 603 osculum
1482 549 1743 619 evangelii
1799 548 1929 603 dicit
2008 551 2258 606 sacerdos
2295 571 2309 606 :
2343 560 2389 614 Α
2486 552 2497 603 l

2295 571 2309 606 ε
2343 560 2389 614 Α
2486 551 2637 603 Μετὰ
2660 548 2751 602 τὸν
2776 548 3064 618 ἀσπασμὸν
3092 544 3184 602 τοῦ
3202 548 3539 616 εὐαγγελίου,
3557 547 3703 616 λέγει
3725 552 3754 603 ό
3790 547 3965 622 ἱερεύς

754 642 938 704 Salva,
989 642 1148 703 Deus,
1199 642 1449 709 populum
1480 650 1625 694 tttttm
1659 654 1712 695 et
1744 641 1969 696 benedic
2013 642 2312 698 hzereditati
2423 646 2424 690 Ῐ

2423 641 2631 705 Σῶσον,
2677 642 2705 693 ό
2758 641 2909 705 Θεὸς,
2964 643 3054 694 τὸν
3098 642 3225 696 λαόν
3268 659 3383 703 σου,
3427 642 3520 694 xui
3568 639 3860 709 εὐλόγησον
3894 641 3988 711 τὴν

755 745 879 790 tuae.
919 734 1164 794 Domine,
1234 734 1515 796 miserere,
1573 736 1879 789 duodecies.
1925 732 1993 787 Et
2049 734 2317 790 exclama-
2422 752 2425 785 τ

2315 766 2317 775 ι
2422 732 2781 805 κληρονομίαν
2820 750 2933 786 σου.
2970 732 3162 803 Κύριε,
3203 734 3441 804 ἐλέησον,
3485 732 3570 801 ιβ’.
3600 730 3709 785 Καὶ
3741 733 3985 801 ὲκφώνη-

757 827 833 880 tio
883 841 896 877 :
947 824 1313 877 Misericordia
1342 834 1397 876 et
1441 825 1877 877 miserationibus
1910 833 1965 877 et
1991 825 2317 889 benignitate
2424 849 2427 871 ι

2316 850 2317 873 ι
2424 843 2526 889 σις·
2594 828 2763 880 Ἐλέει
2828 826 2921 879 xui
2980 826 3281 895 οἱκτιρμοῖς
3331 825 3424 881 xui
3467 823 3847 894 φιλανθρωπίᾳ
3897 823 3986 877 τοῦ

760 916 1024 985 unigeniti
1059 915 1132 969 ttti
1167 914 1307 977 Filii,
1336 930 1564 984 quocum
1594 915 1906 970 benedictus
1931 930 2011 979 es,
2043 932 2159 970 emn
2186 931 2316 968 san-
2429 943 2430 982 γ

2429 919 2746 989 μονογενοῦς
2803 936 2893 971 σου
2923 917 3078 981 Υἱοῦ,
3101 918 3218 987 μεθ’
3274 916 3333 974 οὗ
3385 916 3668 986 εὐλογητὸς
3714 911 3766 967 εἴ
3796 918 3891 969 σὺν
3914 918 3988 989 τῷ

748 1010 1002 1066 ctissime
1057 1021 1112 1062 et
1168 1009 1309 1062 bono
1377 1007 1590 1063 vivifico
1642 1019 1731 1063 tuo
1784 1006 1987 1075 Spiritu
2019 1051 2035 1075 ,
2071 1022 2207 1062 nunc
2265 1015 2321 1060 et

2318 1045 2321 1057 ι
2425 1009 2694 1079 παναγίῳ,
2719 1011 2811 1063 καὶ
2834 1008 3041 1079 ἀγαθῷ,
3070 1008 3163 1062 xui
3190 1008 3435 1082 ζωοποιῷ
3460 1029 3550 1065 σου
3573 1008 3868 1079 Πνεύματι,
3897 1012 3988 1064 νῦν

757 1116 992 1169 semper,
1038 1111 1089 1153 et
1130 1100 1184 1153 in
1241 1098 1436 1153 saacula
1490 1101 1828 1155 smculorum.
1879 1098 2072 1155 Amen.
2113 1100 2178 1155 Et
2230 1099 2313 1151 iu-
2423 1119 2427 1129 ε

2256 1116 2313 1151 u-
2423 1100 2515 1152 xui
2539 1100 2645 1163 usi,
2678 1102 2771 1153 xui.
2799 1104 2878 1166 είς
2920 1100 3046 1164 τοὺς
3080 1099 3279 1162 αἰῶνας
3303 1102 3413 1154 τῶν
3456 1103 3685 1156 αἰώνων.
3734 1100 3926 1171 Ἀμήν.

758 1195 1014 1249 cltoztmus
1039 1207 1293 1245 canones.
2422 1192 2428 1243 1

2422 1192 2532 1243 Καὶ
2565 1190 2843 1261 ἁοχόμεοα
2860 1193 2967 1245 τῶν
2996 1192 3250 1246 κανόνων.

830 1303 952 1357 467.
976 1300 1154 1356 Coms.
1189 1300 1387 1355 Verum
1415 1312 1699 1369 antequam
1753 1303 1915 1357 trium
1961 1306 2247 1359 doctorum
2296 1316 2539 1356 canones
2564 1346 2577 1365 ,
2608 1320 2635 1356 a
2662 1310 2868 1359 Joanne
2905 1304 3164 1356 Encltaita
3206 1300 3555 1373 concinnatos
3584 1344 3599 1363 ,
3634 1302 3983 1373 subjiciamus

764 1375 863 1429 sub
889 1382 1185 1441 aspectum,
1225 1373 1620 1425 observamlunt
1685 1384 1803 1435 est,
1862 1378 1921 1427 ὃ.
1974 1376 2300 1427 Germanum
2355 1388 2458 1425 non
2510 1374 2813 1437 significare
2861 1374 3147 1425 dicendum
3194 1372 3515 1434 duodecies,
3570 1372 3829 1438 Donnine,
3885 1374 3987 1423 tui-

755 1459 969 1507 serere;
1033 1443 1127 1498 sed
1173 1444 1353 1496 verbis
1395 1441 1699 1512 Εὐλόγησον
1758 1443 1856 1512 τὴν
1902 1442 2265 1514 κληρονομίαν
2319 1458 2414 1496 σου

2319 1458 2449 1505 σου,
2512 1444 2794 1498 confestim
2845 1443 3114 1497 subnectit
3167 1442 3445 1512 sequentia
3490 1442 3714 1498 dicenda
3778 1460 3809 1498 a
3871 1442 3985 1495 dia-

757 1530 917 1569 COIIO.

826 1606 1053 1676 Respice
1099 1605 1283 1657 orbem
1342 1614 1492 1658 tuum
1550 1607 1601 1659 in
1648 1604 2014 1660 misericordia
2066 1614 2122 1660 et
2150 1604 2315 1660 mise-
2347 1614 2393 1675 Β

2347 1614 2393 1675 Β
2498 1607 2819 1677 Ἔπεσκεψαι
2865 1606 2953 1661 τὸν
2990 1606 3191 1677 κόσμον
3246 1622 3339 1657 σου
3380 1606 3437 1656 ὲν
3476 1604 3612 1657 ὲλέει
3664 1608 3757 1659 καὶ
3784 1610 3989 1678 οἰκτιρ-

755 1698 1079 1751 rationibus.
1114 1694 1302 1749 Exalta
1349 1712 1519 1750 cornu
1577 1696 2006 1749 Christianorum
2067 1695 2323 1750 orthodo-

2317 1726 2323 1736 .
2426 1700 2563 1769 μοῖς,
2626 1699 2877 1766 ’Ύψωσον
2934 1696 3103 1768 κέρας
3152 1696 3491 1763 Χριστιανῶν
3524 1695 3842 1765 ὀροοδόξων,
3896 1697 3987 1750 xui

754 1803 945 1841 xorum
977 1827 992 1851 ,
1026 1797 1079 1841 et
1126 1789 1344 1841 demitte
1375 1802 1535 1854 super
1565 1803 1660 1840 nos
1691 1795 1809 1840 tuas
1844 1788 2122 1841 afﬂuentes
2157 1788 2318 1843 mise-
2423 1811 2424 1814 η

2423 1789 2776 1858 κατάπεμψον
2804 1786 2887 1855 ἐφ’
2915 1789 3062 1857 ἡμᾶς
3109 1785 3178 1839 τά
3204 1785 3327 1855 ὲλέη
3357 1801 3448 1837 σου
3478 1784 3545 1838 τά
3571 1785 3819 1837 πλούσια·
3854 1805 3987 1859 πρε-

756 1876 1043 1932 ricordias.
1078 1877 1329 1929 Precibus
1373 1876 1587 1929 illibata:
1639 1876 1874 1929 Domina:
1905 1887 2128 1937 nostrre.
2157 1878 2322 1931 Geni-
2424 1909 2426 1920 ‹

2317 1907 2322 1917 ι
2424 1878 2629 1940 σϐείαις
2666 1878 2763 1946 τῆς
2813 1877 3194 1946 παναχράντου
3224 1875 3507 1946 δεστωίνης
3533 1875 3687 1946 ἡμῶν
3726 1874 3987 1928 Θεοτόκου

758 1970 912 2024 tricis
945 1969 1033 2021 Dei
1075 1981 1389 2033 semperque
1435 1967 1660 2033 virginis
1693 1967 1908 2033 Marim;
1938 1970 2132 2022 virtute
2159 1984 2321 2024 vene-
2423 1990 2428 2024 ε

2318 2000 2321 2008 ι
2423 1972 2515 2024 xui
2560 1970 2918 2037 άειπαροένου
2973 1970 3211 2042 Μαρίαςο
3263 1968 3488 2039 δυνάμει
3544 1967 3638 2022 τοῦ
3682 1967 3865 2039 τιμίου
3896 1968 3988 2021 xui

756 2060 937 2113 randze
957 2069 1012 2111 et
1040 2058 1264 2111 vivificae
1294 2058 1470 2111 crucis
1495 2099 1510 2123 ,
1542 2061 1859 2127 patrociniis
1881 2060 2186 2113 ccclestiunt
2229 2060 2321 2115 in-
2423 2093 2426 2113 ι

2320 2094 2321 2098 η
2423 2062 2686 2130 ζωοποιοῦ
2723 2061 2973 2133 σταυροῦ·
2999 2063 3353 2133 προστασίαις
3388 2063 3495 2116 τῶν
3524 2063 3861 2133 ἐπουρανίων
3892 2064 3990 2115 Δυ-

756 2164 1249 2218 c0rporearumqne
1295 2147 1663 2216 Potestatutn;
1712 2152 2026 2216 venerandi,
2060 2150 2323 2221 gloriosi-
2418 2174 2426 2192 ε

2316 2181 2323 2195 ι
2418 2156 2633 2224 νάμεων
2684 2156 3011 2225 ἀσωμάτων,
3072 2154 3167 2207 τοῦ
3212 2156 3392 2225 τιμίου
3426 2155 3633 2218 ἐνδόξου
3686 2156 3986 2225 προφήτου,

754 2256 859 2310 que
898 2242 1207 2309 prophetae,
1237 2244 1586 2307 prtecannris
1638 2251 1693 2294 et
1745 2242 1999 2310 Baptista:
2048 2240 2313 2306 Joannis;
2420 2270 2424 2281 ι

2420 2248 2724 2318 προδρόμου
2753 2248 2845 2301 xui
2879 2245 3182 2299 Βαπτιστοῦ
3226 2245 3493 2305 Ἰωάννου,
3515 2244 3625 2295 τῶν
3646 2244 3817 2311 ἁγίων
3845 2244 3987 2295 ἐνδό-

757 2344 1067 2390 sanctorum
1102 2333 1457 2400 gloriosorum
1496 2343 1549 2386 et
1584 2333 2066 2389 celeberrimorum
2100 2345 2322 2405 aposto-
2421 2344 2427 2391 ί

2316 2362 2322 2373 '
2421 2340 2525 2406 ξων
2558 2342 2652 2395 xui
2676 2340 2994 2395 καλλινίκων
3028 2337 3338 2409 μαρτύρων·
3357 2336 3449 2389 xui
3483 2336 3551 2389 τὰ
3578 2334 3743 2389 λοιπὰ
3764 2334 3986 2397 τούτων,

756 2424 929 2478 lorum
953 2440 968 2488 ;
1000 2431 1331 2485 sanctorum,
1360 2421 1720 2489 gloriosornm
1745 2434 1801 2476 et
1828 2424 2069 2480 victoriis
2099 2424 2323 2492 inclyto-
2418 2453 2426 2484 .

1503 2437 1720 2476 osornm
1745 2434 1801 2476 et
1828 2424 2069 2480 victoriis
2099 2424 2323 2492 inclyto-
2418 2434 2494 2498 ὡς
2522 2437 2580 2489 ιι)
2612 2437 2678 2505 τῇ
2701 2434 2819 2504 λιτῇ
2846 2430 3173 2499 γέγραπται,

756 2530 876 2569 rum
903 2525 1221 2579 martyrum,
1248 2525 1303 2568 et
1344 2514 1546 2583 reliqua
1580 2516 1721 2571 sicut
1757 2517 1958 2572 litania:
2007 2514 2317 2570 inscribun-

758 2614 869 2659 tur.

828 2693 950 2747 168.
1011 2695 1187 2749 Coxis.
1244 2695 1367 2748 ll:ec
1425 2696 1605 2747 omnia
1656 2696 1732 2747 ait
1786 2694 1845 2747 S.
1893 2693 2201 2748 Germanus
2253 2690 2362 2745 dici
2419 2706 2449 2746 a
2499 2690 2769 2748 diacono,
2826 2687 2911 2740 cui
2967 2683 3179 2739 tandem
3239 2683 3482 2737 sm-cinat
3545 2680 3841 2743 sacerdos.
3893 2696 3987 2735 ex-

754 2763 1037 2819 clantando
1086 2774 1144 2817 ut
1188 2779 1367 2831 supra.
1415 2764 1529 2816 Non
1578 2764 1759 2827 fuerit,
1791 2779 1951 2831 porro
1999 2762 2349 2829 iniucundum
2402 2761 2491 2815 hic
2535 2769 2807 2831 annotare
2846 2757 3204 2831 el-l’ilLItli-el.
3256 2763 3518 2831 tempus”
3546 2768 3661 2831 quo
3705 2767 3733 2802 a
3799 2751 3985 2831 fratri-

756 2836 859 2915 bus
910 2834 1155 2917 osculum
1204 2820 1391 2888 sancto
1419 2834 1695 2903 evangelio
1747 2820 2100 2901 imprimitur.
2152 2832 2243 2886 Sic
2276 2845 2407 2899 ergo
2440 2829 2631 2883 scribit
2670 2824 2982 2896 patriarcha
3013 2823 3326 2877 Pliilotbeus
3359 2824 3410 2877 in
3445 2820 3646 2876 Ordine
3689 2822 3833 2876 sacri
3878 2822 3979 2875 nti-

754 2916 954 2959 autem
978 2919 999 2957 ἔ

826 2992 1122 3059 Sacerdos,
1177 2995 1405 3051 demissa
1435 2994 1639 3062 casula,
1694 3005 1940 3051 sanctum
1988 2993 2323 3065 evangelium
2352 2998 2397 3059 (ζ

2321 2998 2397 3059 ια
2511 2989 2571 3044 Ὀ
2624 2988 2821 3063 ἱερεὺς,
2886 2988 3126 3058 χαλάσας
3149 2986 3211 3040 τὸ
3252 2984 3543 3055 φαιλόνιον,
3576 2984 3672 3039 xui
3713 2983 3991 3053 βαστάζω

753 3094 880 3138 ante
907 3094 1093 3153 pectus
1115 3085 1387 3149 deferens,
1418 3087 1720 3154 egreditur,
1752 3098 1806 3139 et
1830 3088 1879 3139 in
1907 3087 2085 3141 medio
2114 3084 2317 3153 templo
2418 3102 2423 3118 ι

2418 3082 2479 3137 τὸ
2504 3082 2656 3151 ἅγιον
2702 3080 3019 3149 εὐαγγέλιον
3040 3077 3347 3149 ἔμπροσθεν
3372 3076 3465 3130 τοῦ
3492 3075 3743 3146 στήθους,
3772 3074 3988 3144 ἐξέρχε-

751 3184 882 3230 stat.
914 3176 1107 3230 Lector
1145 3186 1348 3239 autem,
1382 3177 1467 3228 vel
1492 3176 1585 3241 qui
1636 3191 1667 3229 a
1697 3175 2038 3230 cxremoniis
2071 3187 2177 3240 est,
2204 3186 2316 3230 stat
2420 3202 2421 3207 η

2420 3193 2510 3228 ται
2540 3174 2634 3227 xui
2662 3173 2876 3225 ἵσταται
2904 3173 2982 3235 είς
3010 3171 3109 3242 τὴν
3145 3170 3316 3241 μέσην
3334 3168 3427 3221 τοῦ
3466 3166 3613 3222 ναοῦ·
3644 3166 3738 3218 xui
3760 3163 3994 3233 άναγνὼ-

754 3266 859 3337 ipsi
904 3282 935 3320 a
963 3268 1191 3329 dextris,
1224 3276 1413 3323 tenens
1445 3268 1831 3322 candelabrum
1862 3283 1983 3321 eum
2019 3283 2179 3320 eereo
2228 3282 2321 3319 ac-
2422 3293 2424 3307 ι

2422 3282 2553 3334 στης
2579 3264 2613 3333 ἢ
2651 3264 2681 3315 ό
2714 3262 2965 3326 εὐταξίας
2997 3262 3208 3314 ἵσταται
3247 3260 3478 3323 δεξιόοεν
3519 3256 3706 3320 αὐτοῦ,
3751 3256 3993 3325 κατέχων

754 3374 956 3426 eenso;
983 3368 1040 3415 et
1074 3359 1313 3416 086"“!!!
1343 3369 1530 3415 sancto
1548 3358 1827 3429 evangelio
1856 3360 1923 3412 de
1956 3372 2104 3412 more
2139 3358 2321 3427 flgitur
2423 3410 2424 3419 χ

2423 3355 2743 3426 μανουάλιον
2791 3354 2928 3423 μετὰ
2952 3352 3234 3423 λαμπάδος
3275 3350 3546 3421 ήμμένηςο
3583 3348 3680 3402 xui
3718 3347 3927 3417 γίνεται
3964 3347 3994 3399 ό

756 3465 789 3505 a
810 3452 1087 3509 fratribus.
2423 3475 2426 3497 ι

2423 3448 2712 3519 ἀσπασμὸς
2747 3445 2842 3501 τοῦ
2887 3446 3043 3513 ἁγίου
3084 3443 3403 3513 εὐαγγελίου
3438 3442 3589 3513 παρὰ
3612 3440 3723 3496 τῶν
3750 3439 3995 3510 ἀδελφῶν

826 3617 947 3700 1β9.
976 3619 1155 3700 (ξςιιι.
1186 3620 1507 3700 Illis‘autem
1540 3623 1931 3700 osculantihus.
1958 3625 2169 3700 canitur
2215 3557 2496 3700 Tropara

2323 3540 2731 3700 »βιοτῇζιήθιῖἰίύά
2764 3629 2988 3700 incipit,
3021 3628 3346 3700 Ἀνάστασιν
3376 3624 3620 3700 Χριστοῦ.
3642 3623 3993 3700 θεασάμενοι,

753 3706 807 3772 ιε
850 3689 970 3772 ἐστι
1008 3691 1259 3772 ίςυριακὴ
1302 3690 1568 3772 δηλονότι,
1606 3694 1699 3772 καὶ
1743 3694 2167 3772 ὁστεντηκοστδς
2218 3689 2355 3764 μετά
2405 3716 2423 3770 ι,

2319 3689 2355 3749 ά
2405 3689 2637 3770 μέλους]
2698 3702 2748 3753 id
2802 3689 3443 3772 οιιί,’11εειιτιςεοιὶυιιειιῖ
3470 3695 3695 3772 _Cltristi
3738 3689 3988 3772 eontem-

753 3760 921 3832 plati,
976 3762 1261 3835 videlicet,
1298 3760 1408 3835 ‘siu
1454 3762 1568 3835 dies
1647 3762 1918 3835 Dotninica
1960 3760 2172 3824 fuerit;
2219 3760 2451 3831 'quand'o
2524 3760 2684 3823 etiam
2769 3760 2975 3823 canunt
3054 3768 3321 3835 psalmum
3391 3764 3904 3835 quinquagesimum
3964 3778 3979 3813 :

757 3829 925 3905 nam}
995 3838 1067 3905 μεΔ
1108 3832 1257 3905 ἱιίιξιηΔ
1298 3829 1793 3905 Pliilotheus__dicit
1847 3841 2072 3905 postea,
2124 3829 2454 3905 exosculatio
2497 3837 2759 3905 evangelii
2814 3838 2964 3905 festis
3031 3829 3151 3889 a'liis
3191 3829 3660 3905 przetertnittit'ur;
3688 3832 3789 3905 nisi
3850 3830 3988 3905 forte

755 3899 811 3976 in
860 3899 1191 3976 Dominicam
1226 3900 1549 3976 inciderint.
1592 3898 1940 3976 _Verba_ejt_ts
1990 3900 2175 3976 Graeca
2230 3902 2343 3976 [nec
2400 3920 2425 3959 s

2317 3918 2343 3957 c
2400 3917 2530 3960 sunt
2567 3921 2583 3959 :
2631 3898 2719 3959 Ἕν
2783 3904 2917 3976 ἄλλῃ
2944 3905 3023 3976 δὲ,
3058 3898 3218 3976 ἑορτῇ
3251 3903 3312 3956 οὐ
3365 3902 3573 3970 γίνεται
3596 3903 3640 3976 ,ό
3679 3899 3987 3976 ἀσπασμός,

756 3970 807 4023 st
842 3969 923 4052 μὴ
948 3967 1104 4052 μόνον
1136 3971 1195 4052 ξν
1226 3970 1500 4052 κυριακῇ.
1533 3970 1722 4041 Igitur,
1756 3967 2182 4052 ttisi_l.ioe.trinm
2222 3972 2426 4029 doctori

2326 3981 2503 4030 torum
2541 3976 2733 4052 festum
2770 3967 2970 4052 incidat
3012 3975 3063 4027 in
3099 3967 3453 4037 Doti-inium,
3481 3974 3663 4052 statim
3702 3967 3993 4052 post,

761 4039 877 4107 σον,
901 4039 931 4092 ὀ
951 4039 1104 4103 Θεός.
1140 4039 1395 4095 Dicuntur
1428 4039 1665 4095 canones
1692 4054 1815 4093 cum
1860 4040 2071 4103 liirinis,
2094 4056 2329 4098 canones
2357 4055 2538 4101 autem
2569 4046 2620 4099 in
2661 4046 2762 4101 hoc
2808 4044 2988 4099 oflicio
3022 4052 3132 4098 tres
3159 4052 3306 4107 sunt,
3354 4056 3493 4097 unus
3520 4042 3588 4096 de
3625 4039 3875 4107 Deipara,
3907 4041 3994 4093 alii

756 4110 863 4166 duo
891 4111 957 4165 de
982 4112 1183 4165 saitctis
1206 4149 1222 4173 ,
1256 4125 1444 4164 omnes
1470 4108 1709 4178 ejusdem
1745 4108 1969 4163 Joannis
2002 4114 2355 4178 tnetropolita:
2389 4115 2776 4171 Eueltaitornm
2807 4128 2983 4169 onus:
3014 4114 3108 4168 sed
3142 4113 3349 4166 medius
3379 4111 3527 4166 sclus
3548 4111 3942 4166 acrosticbicus
3975 4131 3988 4165 :

756 4180 900 4236 unde
934 4180 1090 4234 facile
1109 4191 1193 4236 est
1218 4180 1554 4249 singulormn
1581 4190 1767 4249 partes
1802 4196 1833 4233 a
1864 4181 2110 4250 partibus
2141 4182 2381 4250 ,aliorum
2413 4186 2744 4242 discernere.

1226 4269 1453 4325 CANON
1495 4270 1689 4325 DEIPA
1701 4269 1838 4325 RE.
2350 4278 2397 4334 Ι)
2754 4276 2798 4329 0
2832 4275 2896 4327 Κλ

2350 4278 2397 4334 D
2754 4276 2798 4329 0
2832 4272 3073 4327 KANON
3100 4270 3238 4325 ΤΗΣ
3264 4269 3653 4336 ΘΕΟΤΟΚΟΥ,

1153 4361 1299 4429 Opus
1350 4359 1574 4416 Joannis
1626 4362 1928 4416 Eneltaitx.
2801 4368 2823 4420 Ι

2801 4364 3020 4434 Ποίημα
3036 4362 3284 4417 Ἰωάννου
3308 4362 3608 4433 Εὐχαίτων.

1140 4450 1276 4506 ODE
1309 4451 1361 4505 1.
1391 4450 1573 4505 Tenus
1596 4450 1655 4504 2.
1692 4450 1928 4506 Hirmus.
2775 4458 2810 4529 q

2775 4457 2909 4529 ῼΔΗ
2938 4463 3008 4509 α’.
3039 4451 3213 4527 Ἧχος
3244 4454 3308 4524 β’.
3344 4454 3403 4505 ὐ
3437 4454 3644 4523 εἱρμός.

825 4543 949 4599 170.
1003 4542 1119 4597 Huc
1146 4542 1271 4606 huc,
1310 4541 1514 4610 populi,
1550 4556 1809 4596 canamus
1854 4555 2071 4597 carmen
2100 4543 2319 4601 Christo
2488 4574 2495 4600 4

2488 4549 2671 4611 Δεῦτε,
2715 4548 2855 4612 λαοὶ,
2883 4550 3105 4620 ᾅσωμεν
3148 4547 3298 4616 ᾆσμα
3321 4545 3541 4616 Χριστῷ
3586 4542 3665 4613 τῷ
3721 4540 3864 4612 Θεῷ,
3918 4538 3994 4611 τῷ

756 4635 889 4699 Deo,
923 4635 1177 4689 dividenti
1208 4646 1377 4695 mare,
1409 4641 1467 4686 et
1497 4632 1715 4687 ducenti
1751 4633 2003 4701 pepulunt
2037 4648 2196 4703 quem
2238 4636 2304 4689 li-
2416 4639 2426 4689 ἕ

2416 4638 2641 4691 διελόντι
2670 4638 2963 4700 θάλασσαν,
2991 4637 3086 4690 xui
3110 4636 3439 4705 ὁδηγήσαντι
3482 4633 3574 4687 τὸν
3616 4632 3765 4699 λαὸν,
3800 4632 3862 4685 δν
3904 4632 3994 4685 άν-

756 4728 968 4782 beravit
1012 4741 1043 4779 a
1088 4724 1350 4781 servitute
1379 4722 1784 4796 Egyptiorum,
1809 4724 2065 4794 quoniam
2104 4725 2317 4796 glorifl-
2416 4729 2426 4780 ἑ

1945 4724 2065 4779 ιὶειιιι
2104 4725 2317 4796 glurifl-
2416 4729 2520 4800 ἧκε
2546 4729 2789 4793 δουλείας
2820 4725 3151 4795 Αίγυπτίων,
3182 4725 3264 4778 ὅτι
3290 4724 3615 4789 δεδόξασται.

752 4827 906 4874 catus
926 4826 1030 4871 est.

823 4910 866 4963 Α
919 4909 1176 4979 gravibus
1204 4917 1316 4965 tam
1346 4908 1591 4979 corporis
1610 4922 1768 4976 quam
1800 4908 1993 4963 anima:
2048 4907 2308 4978 periculis
2492 4910 2493 4919 ‘

2492 4905 2596 4957 Τὸν
2648 4902 2886 4967 ιύσεδῶς
2918 4919 2981 4957 σε
3027 4899 3291 4959 Θσατόκον
3350 4902 3553 4972 κυρίως
3594 4901 3766 4973 ἁγνὴν
3806 4902 3993 4975 ὁμολο-

754 5007 812 5055 et
841 5000 1031 5054 mortis
1058 5006 1115 5055 et
1139 4998 1380 5069 lapsibus
1408 5039 1424 5063 ,
1457 5014 1491 5053 ο
1517 4999 1939 5053 incontaminata
1964 5040 1981 5065 ,
2024 5000 2177 5069 eripe
2210 5015 2315 5063 me,
2418 5013 2424 5025 '

2418 4994 2639 5064 γοῦντα,
2669 4995 2961 5064 Ἀχραντε,
3016 4993 3197 5065 ψυχῆς
3227 4993 3323 5047 xui
3350 4993 3604 5063 σώματος
3646 4993 3901 5064 χαλεπῶν
3933 4998 3995 5050 ἐκ

756 5091 849 5162 qui
883 5092 968 5160 pie
1001 5090 1264 5148 conﬁteor
1306 5105 1428 5145 esse
1458 5100 1509 5144 te
1551 5090 1769 5159 proprie
1800 5104 1990 5159 puram
2023 5090 2117 5146 Dei
2146 5090 2316 5145 Geni-
2420 5106 2426 5140 τ

2420 5089 2679 5142 κινδύνων
2737 5090 2833 5141 xui
2892 5088 3086 5152 νόσων,
3138 5086 3236 5140 xui
3279 5086 3638 5157 πταισμάτων
3690 5086 3755 5139 σύ
3795 5104 3865 5158 με
3894 5088 3990 5141 διά-

759 5183 973 5237 tricem.
2423 5202 2429 5230 ι

2423 5196 2615 5234 σωσον.
2652 5198 2670 5231 Ι

828 5272 1096 5343 Integram
1158 5284 1450 5342 gratiarum
1491 5272 1744 5343 abyssum
1782 5272 1834 5326 in
1874 5282 1926 5327 te
1986 5274 2318 5328 reconditam
2494 5271 2498 5285 ¹

2494 5269 2663 5340 Ὅλην
2707 5270 2765 5321 ὲν
2810 5271 2893 5321 σοὶ
2930 5268 3036 5321 τῶν
3051 5267 3410 5338 χαρισμάτων
3430 5266 3666 5321 ἄϐυσσον
3701 5268 3993 5338 ἀποκειμέ-

756 5380 880 5421 esse
906 5367 1264 5433 agnoscimus.
1292 5364 1611 5433 Propterea,
1651 5380 1685 5418 ο
1716 5364 1965 5433 Deipara,
1997 5367 2089 5436 qui
2142 5366 2210 5421 ad
2271 5376 2322 5421 te
2420 5380 2426 5397 ε

2420 5380 2517 5431 νην
2541 5361 2802 5433 ἔγνωμεν.
2828 5362 2917 5414 Διὸ
2934 5359 3391 5432 προσφεύγοντες,
3420 5358 3671 5423 Θεοτόκε,
3704 5358 3994 5429 προθύμως

756 5469 1004 5527 prompto
1038 5466 1090 5510 et
1134 5468 1317 5512 erecto
1342 5456 1523 5510 animo
1569 5456 2163 5527 eonfugimus,divino
2214 5469 2307 5514 tuo
2420 5473 2426 5489 ·

1820 5473 1913 5513 nus
1933 5496 1951 5523 ,
1976 5458 2163 5514 divino
2214 5469 2307 5514 tuo
2420 5457 2488 5526 τῇ
2521 5453 2701 5525 σκέπῃ
2729 5468 2821 5505 σου
2847 5455 2912 5523 τῇ
2940 5450 3063 5524 Θεία
3093 5449 3490 5521 διασωζόμεοα.

756 5548 1057 5617 patrocinio
1086 5562 1392 5602 servamur.

829 5637 932 5691 Pro
985 5639 1136 5693 nobis
1200 5638 1599 5695 celebrantibus
1657 5648 1744 5705 te,
1816 5641 2156 5705 castissima,
2213 5655 2309 5695 ora

2499 5632 2667 5701 '1‘an
2725 5633 2880 5701 ἡμῶν
2933 5632 3043 5684 τῶν
3092 5648 3153 5685 σε
3187 5634 3499 5702 ὑμνούντων
3535 5630 3859 5701 δυσώπησον
3908 5630 3992 5683 τὸν

758 5725 1093 5781 lncarnatum
1122 5743 1185 5780 ex
1217 5727 1497 5797 itnpolluto
1535 5737 1627 5781 tuo
1660 5736 1714 5781 et
1740 5726 1981 5795 pretioso
2020 5727 2308 5795 sanguine,
2420 5745 2428 5776 ι

2299 5765 2308 5789 ,
2420 5723 2790 5796 σαρκωΘέντα,
2826 5723 3091 5791 πάναγνε,
3131 5724 3196 5777 ἐκ
3230 5723 3339 5777 τῶν
3374 5722 3656 5793 άχράντων
3679 5740 3772 5777 σου
3802 5725 3896 5777 xui
3920 5743 3969 5778 τι

758 5827 819 5874 ut
846 5819 1013 5875 simus
1034 5835 1063 5873 a
1090 5817 1299 5875 delictis
1327 5828 1382 5874 et
1414 5819 1617 5876 amaris
1641 5816 2087 5889 aegrotationibus
2114 5818 2314 5873 itmnu-
2422 5835 2428 5886 ι

2422 5816 2557 5887 μίων
2591 5815 2858 5885 αἱμάτων,
2899 5815 3164 5887 ρυσθῆναι
3194 5818 3258 5870 ὲκ
3291 5814 3653 5885 πταισμάτων
3702 5817 3797 5869 xui
3844 5834 3986 5887 νοση-

2428 5907 2613 5961 μάτων
2645 5905 2880 5977 πικρῶν.
