4230 6542
1318 478 1709 534 ACOLUTlllA
1748 474 2088 533 TRIPLICIS
2124 474 2347 528 FEST‘I.

1827 604 1875 661 Δ

562 605 820 663 ΕΤΕΡΟΣ
850 604 1085 658 ΚΔΝΩΝ
1112 601 1247 657 ΤΩΝ
1281 599 1505 665 APION,

803 692 875 752 Οὗ
892 700 923 757 ἡ
946 697 1256 769 ἁκροστιχίς

439 794 752 861 τρισήλιον
787 793 930 861 φῶς,
965 791 1120 859 τρεῖς
1154 786 1391 854 ἀνῆψεν
1422 788 1621 856 vilior.

588 886 801 957 Ποίημα
840 885 932 940 τοῦ
983 880 1145 938 αὐτοῦ
1199 880 1461 932 Ἰωάννου.

521 977 648 1045 ῼΔῐῐ
680 987 746 1031 α’.
763 974 932 1046 ἾΙχος
957 975 1047 1026 καὶ
1074 969 1257 1041 εἱρμὸς
1282 974 1308 1023 ό
1340 971 1520 1034 αὐτός.

329 1066 439 1128 Hi;
473 1067 689 1137 ἀμοιϐὴ,
717 1072 797 1129 τὶς
842 1062 1193 1122 ἁνταπόδοσις
1221 1062 1501 1131 πρέπουσα
1526 1058 1638 1117 τοῖς
1666 1056 1802 1126 ἡμε-

242 1158 440 1227 τέροις,
473 1157 761 1228 ἄνθρωποι,
798 1153 1281 1225 προσενεχθήσεται
1310 1153 1437 1223 παρ’
1458 1148 1615 1221 ἡμῶν
1646 1148 1799 1217 εὐερ-

246 1249 449 1316 γέταις,
476 1250 540 1302 δι’
574 1244 647 1302 ὧν
693 1248 828 1317 πρὸς
858 1246 917 1297 τὸ
949 1240 1007 1297 εὖ
1036 1240 1171 1297 εἶναι
1219 1240 1746 1316 χειραγωγούμενοις

334 1525 647 1579 -οητορικαι
700 1507 971 1574 γλῶσσαι,
1020 1507 1111 1559 καὶ
1152 1506 1375 1576 τέχναι,
1419 1503 1513 1557 καὶ
1574 1498 1806 1572 μέθοδοι,

252 1604 342 1657 καὶ
392 1604 540 1654 πᾶσα
585 1600 755 1667 λόγων
791 1596 1015 1668 δύναμις
1066 1597 1160 1650 νῦν
1194 1598 1273 1658 είς
1310 1595 1563 1647 ὑπόθεσιν
1597 1608 1807 1661 συμπο-

252 1695 546 1747 νείσθωσαν
595 1692 739 1763 μίαν,
782 1692 875 1744 καὶ
922 1691 1045 1751 τοὺς
1105 1686 1465 1755 τετιμηκότας
1530 1680 1810 1754 ἀντιτιμᾶ-

256 1787 489 1840 σθωταν.

344 1877 509 1928 ...διον
545 1876 638 1943 μὲν
673 1873 823 1925 οὐδὲν
866 1869 1153 1939 ἠνέσχοντο
1185 1864 1489 1937 κτήσασθαι
1547 1863 1605 1917 ἒν
1656 1865 1726 1934 γῇ
1759 1861 1807 1914 οἱ

253 1968 663 2036 οὕρανόψρονες,
720 1961 955 2028 φύλακες
990 1959 1035 2011 δ’
1068 1956 1324 2028 ὤφθησαν
1355 1954 1449 2008 τοῦ
1499 1952 1675 2006 κοινοῦ
1718 1952 1813 2004 καὶ

256 2056 575 2127 τῳπὰταγ
612 2051 802 2105 κοινῶν
826 2046 919 2105 οὖν
965 2048 1188 2103 καὶτῶν
1209 2046 1391 2118 ὕμνων
1424 2041 1817 2108 καταξιούσθω-

258 2164 377 2199 σαν.
414 2144 711 2197 θεοτόκιον.

346 2234 429 2290 me
459 2236 556 2305 τὴν
588 2234 769 2305 κοινὴν
795 2231 1121 2302 φιλοτιμίαν,
1148 2226 1481 2297 Πανάμωμε,
1498 2224 1595 2296 τῆς
1618 2221 1816 2295 ἡμετέ-

261 2346 356 2397 ρας
388 2328 596 2395 φύσεως
624 2329 819 2387 πάντες
869 2324 1179 2391 δοξάζομεν,
1212 2320 1384 2390 χεῖλος
1412 2318 1469 2370 ἓν
1514 2316 1815 2386 γεγονότες,

259 2422 352 2472 καὶ
383 2418 695 2487 συμφωνίαν
724 2417 847 2482 μίαν
878 2412 1312 2473 ἀπο-τελέσαντες.

571 2505 826 2558 ΕΤΕΡΟΣ
850 2502 1083 2555 ΚΛΝΩΝ
1119 2500 1249 2553 ΤΩΝ
1293 2498 1515 2553 APION.

780 2594 911 2664 Ποίη
920 2610 991 2662 μα
1002 2590 1093 2645 τοῦ
1110 2588 1295 2645 αὑτοῦ.

354 2687 488 2756 ῼΔΗ
510 2692 580 2739 α’.
610 2682 781 2756 *Ηχος
808 2686 899 2740 πλ.
936 2686 999 2739 δ’.
1042 2681 1455 2755 Ἀρματηλάτην
1492 2676 1713 2753 Φαραώ.

334 2864 447 2915 Οὐκ
490 2861 831 2930 ἀνθρωπίνης
883 2876 944 2912 το
998 2871 1169 2925 παρον
1225 2853 1529 2922 εγχείρημα
1585 2850 1820 2920 σπουδῆς

263 2954 611 3025 κατόρθωμα,
643 2952 753 3004 ἀλλ’
785 2952 819 3021 ὴ
846 2949 938 3004 τοῦ
974 2948 1066 3001 σοῦ
1098 2947 1286 3018 θρόνου
1314 2945 1600 3015 πάρεδρος.
1630 2941 1821 3011 φιλάν-

266 3048 471 3117 θρωπε,
505 3043 660 3112 σοφία
694 3040 1017 3111 συνεργείτω
1059 3056 1171 3108 μοι,
1204 3038 1360 3105 λόγου
1401 3036 1557 3106 χάριν
1586 3033 1822 3097 διδοῦσα,

264 3143 329 3197 δι’
358 3139 425 3213 ἦς
462 3138 679 3202 δοξάσαι
715 3135 1030 3203 δυνήσομαι,
1081 3129 1174 3193 οὒς
1204 3129 1343 3200 αὑτὴ
1390 3126 1567 3190 καλῶς
1599 3126 1823 3199 utposse-

266 3236 450 3301 ξασεν.

364 3324 573 3393 Ὥσπερ
627 3317 837 3391 κρατὴρ
889 3314 1239 3387 ὐπρερῤύη,
1296 3313 1558 3376 Δέσποτα,
1602 3313 1637 3383 ἡ
1689 3312 1827 3380 ἀγα-

268 3415 426 3483 θότης
452 3430 564 3466 σουο
592 3411 685 3464 καὶ
724 3412 752 3463 ό
805 3408 970 3469 πολὺς
1022 3404 1246 3467 πλοῦτος
1278 3405 1377 3473 τῆς
1420 3402 1827 3474 φιλανθρωπίας

270 3524 359 3559 σου
390 3506 629 3574 ἐκχεῖται
670 3500 762 3553 καὶ
790 3498 1089 3561 διώδευσεν,
1115 3497 1191 3559 ὡς
1226 3496 1319 3549 καὶ
1342 3495 1530 3556 ἄλλους
1563 3492 1827 3561 ἀγγέλους

272 3598 408 3671 μετὰ
438 3595 636 3668 σαρκὸς
668 3590 1094 3663 ὑποστήσασθαι,
1122 3590 1245 3653 τοὺς
1292 3587 1388 3642 νῦν
1434 3585 1827 3659 προκειμένους

269 3693 346 3755 είς
376 3690 615 3743 ἔπαινον.

349 3782 440 3847 Ἐξ
465 3778 693 3850 οὐρινοῦ
735 3781 846 3842 τοῖς
871 3775 1143 3849 οὐρανίοις
1172 3774 1377 3846 ἔπρεπε
1418 3773 1514 3827 καὶ
1552 3771 1620 3826 τὰ
1660 3769 1828 3840 ἐγκώ-

273 3889 387 3942 μια,
417 3869 703 3938 ἁγγελικὸς
736 3866 901 3938 ὕμνος
926 3870 1037 3930 τοῖς
1063 3866 1225 3929 θείοις
1252 3864 1525 3937 ἁρμόδιος.
1558 3863 1682 3916 Θεοὶ
1721 3862 1830 3933 γὰρ

268 3964 411 4018 κατὰ
448 3960 661 4033 μέθεξιν
703 3962 752 4013 οἱ
788 3961 877 4011 τὸν
910 3959 1066 4025 φύσει
1098 3960 1188 4011 καὶ
1218 3958 1377 4027 μόνον
1423 3955 1674 4026 ἀληθινὸν
1696 3955 1829 4008 Θεὸν

270 4056 527 4126 ἔχοντεςη
549 4052 725 4118 ζῶντα
751 4052 807 4103 ὲν
834 4050 1011 4113 αὐτοῖς
1040 4049 1132 4101 καὶ
1161 4047 1546 4117 φθεγγόμενον.
1579 4064 1600 4098 ι
1643 4043 1833 4099 Θεοτό-

270 4166 408 4202 κιον.

338 4241 578 4310 Μνήμην
610 4237 831 4291 δικαίων
874 4236 903 4289 ὁ
944 4234 1185 4307 θεόφρων
1210 4231 1465 4301 σύλλογος
1509 4230 1626 4303 μετ’
1657 4230 1833 4299 ἔγκω-

276 4333 412 4404 μίων
438 4331 603 4391 τελεῖ,
636 4324 761 4398 οῖςὴ
793 4325 926 4380 Θεοῦ
942 4326 1157 4397 Μήτηρ,
1189 4323 1265 4387 ὡς
1301 4322 1481 4376 αὐτῶν
1510 4321 1827 4389 κεφάλαιον,

273 4420 498 4483 εἰκότως
537 4414 929 4479 συνδοξάξεται,
972 4412 1281 4467 τελευταίαν
1324 4410 1419 4464 καὶ
1460 4408 1681 4481 πρώτην
1735 4408 1833 4462 καὶ

278 4512 449 4582 μέσην
505 4506 657 4571 τάξιν
711 4504 1007 4574 ἐπέχουσα,
1068 4503 1163 4557 καὶ
1210 4502 1312 4573 τῆς
1360 4499 1634 4571 εὐφημίας
1702 4514 1833 4568 μετ-

274 4606 493 4676 έχουσα.

342 4698 550 4768 Χέρσον
575 4733 590 4755 ,
643 4689 1031 4754 ἀδυσσοτόκον,
1089 4688 1248 4741 πέδον
1301 4684 1452 4756 ἥλιος
1498 4680 1830 4736 ὲπεπόλευσέ

275 4806 423 4843 mer
457 4785 589 4839 ὡσεὶ
618 4785 793 4853 τεῖχος
815 4781 924 4852 γὰρ
964 4779 1142 4848 ἐπάγη
1165 4774 1498 4845 ἑκατέρωθεν
1534 4772 1676 4842 ὕδωρ
1721 4770 1835 4842 λαῷ

276 4876 662 4949 πεζοποροῦντι
712 4873 806 4928 καὶ
858 4869 1164 4942 θεαρέστως
1218 4866 1492 4939 μέλποντιο
1532 4881 1552 4916 t
1580 4864 1835 4935 ’ᾼσωμεν

275 4970 353 5044 τῷ
382 4969 573 5041 Κυρίῳ
594 4966 815 5034 ἐνδόξως
841 4964 947 5035 γὰρ
971 4961 1301 5028 δεδόξασται.
1332 4978 1354 5014 ι

1486 4589 1827 4647 Καταϐασία.
1863 4620 1909 4679 ο

3295 485 3454 525 εστιν

2178 592 2404 648 ALTER
2463 587 2687 644 CANON
2737 589 3151 647 SANCTORUM

2346 680 2509 750 Cujus
2544 681 2866 736 acrostichis
2903 691 2986 734 est
3017 700 3032 734 :

2154 773 2198 829 0
2228 774 2471 837 Trinitas,
2515 772 2684 827 lucere
2734 780 2837 825 tres
2881 770 3012 823 soles
3046 771 3195 837 faris.

2345 866 2489 933 Opus
2511 862 2748 931 ejusdem
2770 860 3016 917 Joannis.

2120 958 2241 1011 ΠΙ.
2264 957 2399 1012 ODE
2433 960 2482 1012 l.
2518 954 2699 1011 Touus
2734 970 2788 1011 et
2831 956 3035 1010 hirmus
3066 952 3220 1006 idem.

1986 1065 2042 1110 ο
2098 1049 2395 1115 mortales,
2436 1064 2595 1118 quam
2659 1047 3148 1101 remunerationem
3202 1040 3459 1106 all'eretis,

1903 1158 2061 1214 quam
2108 1142 2411 1195 studiorum
2454 1140 2858 1207 olliciorumque
2901 1134 3328 1193 vicissitudinem
3381 1135 3464 1186 di-

1904 1252 2062 1308 gnam
2123 1236 2187 1287 iis
2215 1275 2228 1298 ,
2256 1234 2348 1302 qui
2407 1242 2531 1286 sunt
2589 1242 2698 1285 tam
2752 1232 2887 1284 bene
2926 1231 2990 1285 de
3034 1228 3186 1282 vobis
3234 1224 3462 1289 meriti,

1906 1342 1959 1388 et
2008 1346 2104 1401 per
2135 1344 2268 1399 quos
2302 1326 2544 1397 perducti
2586 1326 2715 1379 estis
2756 1324 2821 1379 ad
2852 1323 2936 1392 pie
2960 1334 3255 1391 sancteque
3277 1318 3465 1374 viven-

1907 1425 2029 1479 dum
2061 1422 2086 1476 ἲ

1991 1525 2192 1568 -ιριοςω
2227 1514 2496 1568 rhetorum
2548 1510 2761 1579 linguae,
2802 1516 3051 1574 artesque
3103 1505 3465 1574 methodique,

1908 1615 1960 1659 et
1988 1606 2163 1659 omnis
2192 1605 2399 1658 dicendi
2437 1604 2515 1656 vis
2540 1614 2700 1670 atque
2732 1600 2882 1666 copia
2915 1614 3056 1651 nunc
3089 1596 3140 1650 in
3168 1611 3459 1666 argumen-

1910 1705 2019 1749 tum
2056 1696 2365 1747 incumbant
2402 1710 2565 1747 lllllllll
2597 1710 2609 1745 :
2641 1700 2695 1744 et
2719 1705 2748 1743 a
2777 1691 2971 1759 quibus
3000 1692 3261 1743 honorata
3294 1697 3416 1741 sunt
3446 1725 3463 1752 ,

1912 1802 2004 1841 eos
2028 1785 2262 1839 vicissim
2289 1785 2566 1837 honorent.

1996 1876 2361 1933 =evolveutes
2400 1874 2577 1927 animo
2617 1874 2751 1927 bona
2805 1871 3075 1935 cmlestia,
3113 1870 3242 1923 nihil
3299 1879 3468 1925 terre-

1912 1976 2021 2021 stre
2040 1969 2416 2021 sustinuerunt
2440 1966 2638 2019 habere
2681 1967 2951 2033 pmprium
2972 1983 2985 2029 ;
3010 1964 3102 2018 sed
3133 1962 3351 2017 fuerunt
3376 1978 3471 2017 cu-

1914 2058 2093 2112 stodes
2142 2070 2549 2125 assertoresque
2582 2056 3021 2124 communitatis;
3059 2056 3179 2110 ideo
3212 2063 3267 2109 et
3320 2068 3471 2107 com-

1916 2149 2059 2203 tnuui
2090 2149 2242 2201 laude
2263 2157 2541 2203 ornentur.
2590 2146 2828 2201 Mariale.

2000 2243 2303 2295 ...mmunis
2357 2244 2424 2296 ah
2470 2243 2614 2296 omni
2652 2241 2793 2304 labe,
2827 2248 2897 2303 te,
2934 2252 3215 2290 commune
3270 2246 3472 2291 natura:

1917 2339 2115 2384 nostra:
2145 2330 2329 2391 decus,
2398 2332 2732 2385 celebramus
2783 2343 2990 2391 omnes,
3040 2327 3239 2381 labium
3298 2327 3471 2381 ell’ecti

1921 2433 2113 2486 unum,
2140 2434 2413 2488 unumque
2442 2432 2762 2474 concentum
2796 2419 3155 2487 periit-lentes.

2209 2510 2412 2565 ALIUS
2451 2510 2679 2564 (IANON
2729 2508 3165 2563 SANCTORUM.

2474 2596 2619 2667 Opus
2663 2596 2923 2663 ejusdem.

1920 2686 2043 2743 172.
2094 2686 2230 2743 ODE
2262 2688 2312 2741 l.
2353 2687 2535 2741 Tonus
2587 2688 2834 2755 obliquus
2902 2687 2973 2751 4,
3032 2687 3170 2742 sicut
3212 2688 3477 2759 Ἀρματηο

2506 2778 2672 2847 λάτην
2702 2776 2916 2848 Φαραώ.

1994 2870 2230 2926 Conatus
2289 2885 2528 2941 prmsens
2574 2886 2677 2924 non
2730 2879 2814 2923 est
2876 2871 3122 2924 humanze
3186 2870 3475 2938 diligentiae

1921 2975 2075 3023 opus.
2107 2960 2306 3026 Quare,
2337 2978 2371 3015 ο
2413 2964 2663 3032 benigne,
2694 2961 2807 3016 sedi
2858 2972 2965 3015 tua:
2996 2960 3241 3016 assidens
3266 2961 3481 3031 sapien-

1925 3052 1994 3105 tia
2026 3051 2102 3121 (a)
2136 3052 2263 3104 mihi
2296 3064 2492 3119 praesto
2522 3052 2614 3113 sit,
2646 3060 2700 3104 et
2749 3053 3052 3121 suppeditet
3080 3052 3308 3123 gratiam
3359 3068 3479 3107 ser-

1927 3144 2123 3203 monis.
2145 3152 2223 3207 ut,
2252 3158 2388 3212 quos
2414 3144 2528 3211 ipsa
2563 3143 2816 3211 pra-clare
2844 3153 2967 3197 ante
2995 3142 3333 3212 gloriﬁcavit,
3367 3159 3483 3199 eos-

1848 3272 1893 3332 c
1928 3234 2046 3288 dem
2086 3231 2390 3303 gloriﬁcare
2425 3232 2652 3285 valeam.

1999 3324 2221 3378 Bonitas
2285 3334 2371 3378 tua
2404 3363 2419 3387 ,
2480 3324 2742 3387 Domine,
2795 3338 2899 3377 non
2953 3323 3109 3377 aliter
3165 3325 3486 3380 redundavit

1927 3432 1992 3473 ac
2012 3426 2190 3472 crater
2225 3435 2238 3472 :
2271 3427 2325 3473 et
2351 3417 2554 3471 divitia:
2589 3417 2769 3471 multa:
2800 3416 3142 3486 benignitatis
3169 3428 3272 3471 tua:
3299 3416 3484 3472 ασκεω

1930 3515 2055 3561 sunt
2081 3546 2097 3569 ,
2128 3520 2300 3576 eoque
2356 3517 2763 3575 pervenerunt,
2797 3514 2855 3559 ut
2909 3515 2962 3560 et
3009 3507 3142 3562 alios
3175 3508 3485 3562 condideris

1930 3598 1983 3651 in
2022 3610 2187 3652 carne
2243 3596 2460 3668 angelos
2487 3636 2502 3662 ,
2541 3598 2632 3667 qui
2669 3611 2810 3653 nunc
2860 3596 3111 3653 laudandi
3168 3614 3487 3671 proponun-

1933 3697 2038 3743 Illl'.

2010 3779 2267 3835 Ctelestes
2329 3780 2567 3836 cmlestia
2645 3782 2837 3835 decent
2901 3782 3205 3849 praeconia;
3257 3782 3490 3851 hymnus

1932 3872 2204 3941 atigelicus
2258 3871 2455 3926 divinis
2512 3871 2817 3929 hominibus
2867 3872 3133 3939 congruit.
3212 3872 3347 3929 Nam
3395 3876 3487 3945 qul

1934 3972 2127 4015 natura
2162 3977 2326 4015 unum
2357 3977 2543 4017 verum
2576 3962 2741 4017 Deum
2798 3962 2994 4018 habent
3038 3975 3095 4019 et
3124 3965 3393 4022 viventem
3428 3969 3481 4022 in

1932 4067 1992 4107 se
2031 4061 2088 4108 et
2139 4051 2487 4122 loquentem,
2539 4052 2617 4108 illi
2672 4068 2769 4125 per
2815 4055 3358 4112 communicationem
3412 4058 3490 4112 dii

1931 4152 2077 4200 sunt.
2130 4143 2210 4198 Ila
2220 4143 2368 4200 riale.

2005 4233 2134 4289 Pius
2154 4246 2325 4290 coetus
2378 4248 2502 4290 cum
2532 4234 2800 4303 praeconio
2844 4235 2954 4302 agit
2990 4237 3299 4292 memoriam
3324 4238 3493 4309 justo-

1931 4342 2075 4391 rttm,
2098 4327 2415 4395 quibuscum
2450 4326 2541 4381 Dei
2573 4324 2765 4389 Mater,
2821 4335 3071 4397 tanquam
3104 4330 3339 4398 ipsorum
3400 4346 3492 4385 ca-

1934 4427 2053 4489 put,
2086 4418 2280 4473 merito
2313 4416 2669 4488 gloriﬁcatur,
2704 4418 2932 4487 primum
2961 4419 3303 4490 mediumque
3333 4424 3484 4476 ordi-

1937 4500 2057 4565 nein
2084 4522 2356 4579 occupans
2382 4516 2438 4565 et
2471 4506 2654 4579 gloriae
2684 4508 2975 4579 particeps.
3180 4510 3489 4565 Catabasia.

2012 4686 2194 4743 Solum
2239 4687 2421 4743 sterile
2460 4696 2515 4743 et
2563 4688 2864 4755 incultum,
2920 4687 3099 4744 locum
3153 4690 3353 4761 abyssi,
3413 4693 3495 4748 sol

1942 4779 2231 4849 aliquando
2278 4786 2340 4832 ut
2392 4792 2638 4846 campum
2692 4778 2946 4835 lustravit
3001 4796 3014 4833 :
3061 4781 3260 4835 etenim
3325 4782 3496 4839 instar

1944 4871 2081 4927 muri
2122 4870 2273 4925 stetit
2300 4884 2438 4939 aqua
2469 4871 2740 4939 utrinque,
2784 4872 2953 4926 donec
2991 4873 3218 4941 populus
3262 4874 3489 4943 pedibus

1941 4964 2298 5034 pertransiret
2349 4978 2537 5030 mare,
2571 4972 2626 5016 et
2672 4977 2739 5018 ex
2791 4962 2972 5018 divino
3017 4974 3281 5035 praecepto
3328 4981 3496 5021 cane-

1938 5063 2022 5110 ret
2050 5072 2065 5109 :
2104 5073 2122 5107 s
2154 5056 2450 5110 Cantemus
2484 5054 2749 5110 Domino:
2778 5054 3010 5125 gloriose
3042 5056 3184 5112 enim
3228 5056 3499 5127 gloriﬁca-

1941 5152 2027 5200 tus
2054 5155 2138 5201 est
2168 5146 2261 5217 (ὁ).
2298 5164 2319 5197 s

350 5280 470 5337 I73.
506 5277 681 5332 Count.
711 5270 839 5326 Post
866 5265 1193 5337 catabasiam
1223 5264 1448 5335 primam
1487 5275 1781 5337 secunoum
1814 5272 2161 5337 numerorum
2187 5257 2470 5337 ordinem,
2510 5257 2661 5337 sequi
2711 5257 2928 5337 deberet
2965 5258 3066 5312 ode
3102 5258 3139 5311 2
3170 5258 3326 5337 ;sed,
3362 5260 3489 5328 quia

281 5327 646 5408 hzecsutnitur
668 5360 762 5409 per
791 5341 1034 5393 ordinem
1060 5327 1314 5389 feriarum
1340 5349 1406 5387 ex
1430 5333 1656 5384 canticis
1688 5344 1857 5384 sacra:
1890 5328 2204 5409 Scriptupe.
2238 5337 2297 5409 t_tt
2318 5327 2427 5380 dixi
2457 5327 2509 5380 in
2545 5328 2926 5409 dissertatione
2950 5328 3291 5409 Ottotnastica
3332 5327 3482 5382 num.

405 5396 1061 5485 éi'iiiéieinapqwnum
1099 5415 1347 5485 auctores
1387 5416 1601 5485 semper
1642 5396 2040 5485 transeant
2064 5396 2214 5485 oden!
2242 5396 2304 5485 ξ,
2335 5411 2477 5485 tilitle
2496 5397 2857 5485 praetermisso
2909 5396 3190 5485 manifeste
3223 5408 3371 5467 patet
3424 5414 3492 5451 ex

282 5465 1001 5544 canopibitvswacrostichicis,
1036 5474 1209 5544 qualis
1232 5474 1284 5526 in
1313 5474 1413 5527 hoc
1448 5468 1624 5525 nllicio
1653 5479 1735 5525 est
1780 5468 2045 5525 secundus
2075 5483 2090 5520 :
2126 5466 2217 5537 qui
2250 5480 2483 5522 canones
2504 5467 2887 5522 continuantur
2922 5465 3109 5521 eodem
3160 5465 3380 5537 semper
3406 5482 3496 5522 or-

283 5562 423 5626 dine,
447 5571 556 5628 quo
583 5566 741 5622 supra
775 5550 876 5603 hoc
907 5546 1084 5600 modo.

942 5636 1073 5711 om
1107 5634 1184 5689 rv.

348 5737 654 5808 Στερέωσον
692 5732 838 5795 nua;
866 5730 922 5783 ὲν
948 5727 1051 5793 σοὶ,
1090 5722 1281 5797 Κύριε,
1322 5722 1350 5777 ό
1385 5719 1523 5793 ξύλῳ
1555 5718 1835 5792 νεκρὼσας

354 5916 428 5985 (n)
460 5913 589 5982 Sap.
627 5926 701 5975 ιχ,
731 5933 763 5959 »ι

2606 5624 2742 5683 ODE
2778 5627 2829 5681 5.

2018 5716 2282 5773 Coullrma
2337 5732 2436 5773 nos
2478 5716 2534 5773 in
2580 5727 2651 5787 te,
2688 5718 2933 5788 Domine,
2960 5719 3051 5791 qui
3092 5718 3239 5791 ligno
3267 5715 3500 5773 interro.

2012 5888 2086 5961 (ὁ)
2109 5888 2276 5949 Exod.
2310 5904 2399 5949 xv.
2432 5889 2484 5945 Ι.
