4230 6516
755 463 935 505 CCCI."

2095 451 2621 509 PROLEGOMENA.

754 559 876 617 cisti
902 568 1198 632 peccatum,
1225 569 1281 614 ct
1323 560 1400 614 tui
1430 562 1675 615 timorem
1707 560 1932 615 immitte
1962 564 2012 614 in
2046 574 2229 618 nostra
2263 574 2312 617 tc
2342 568 2386 624 Α
2415 582 2424 594 ί

2342 568 2386 624 Α
2415 564 2508 633 τὴν
2539 562 2830 635 άμαρτίαψ
2858 565 2948 614 καὶ
2989 561 3077 615 τὸν
3108 561 3270 629 φόϐον
3302 581 3394 617 σου
3418 561 3759 635 ἱμφύτευσον
3792 567 3872 629 εἰς
3894 568 3988 634 τὶς

755 652 1084 708 laudantium
1114 654 1434 721 prmcordia.

824 744 994 809 Quem
1054 742 1307 813 peperisti
1356 743 1570 808 Deum',
1622 745 1973 809 intemerata,
2037 754 2179 799 nunc
2224 756 2312 800 tua

750 849 911 904 prece
940 844 995 889 ct
1015 833 1389 890 obsecratione
1414 835 1573 889 redde
1610 835 1899 907 propitium
1944 836 2307 905 supplicibus,

750 940 811 980 se
838 923 1177 981 tradentibus
1205 929 1256 980 in
1288 935 1432 979 tuam
1467 927 1710 995 tutelam,
1740 937 1797 983 et
1834 927 2066 983 ﬁdeliter
2094 942 2309 1000 partum

750 1024 901 1069 tuum
930 1015 1301 1073 atlorantibus.

819 1104 997 1163 Vitam
1054 1123 1225 1162 meam
1277 1117 1444 1164 totam
1499 1112 1668 1178 dirige
1698 1149 1714 1174 ,
1755 1108 1960 1180 Virgo,
2011 1124 2135 1180 spes
2194 1120 2309 1160 mea

748 1212 910 1272 atque
928 1201 1205 1268 defensio;
1244 1206 1631 1260 tentationibus
1660 1215 1714 1260 et
1749 1203 2163 1261 necessitatibus
2179 1216 2311 1256 erue

748 1308 834 1348 me
868 1293 1142 1362 gravibus,
1179 1310 1394 1367 semper
1424 1296 1606 1365 Virgo.

819 1383 910 1439 Dei
950 1384 1215 1453 Genitrix,
1269 1404 1387 1457 qua:
1419 1392 1523 1443 tuis
1569 1388 1712 1444 ulnis
1736 1404 1863 1445 vere
1914 1387 2139 1460 portasti
2173 1385 2306 1440 sub.

763 1476 1045 1532 sistentem
1080 1477 1172 1532 Dei
1208 1478 1549 1547 sapientiam,
1572 1490 1695 1551 pete
1734 1482 1957 1537 famulos
1992 1492 2111 1535 tuos
2158 1478 2309 1548 igno-

746 1566 923 1622 rantia
954 1578 1010 1624 et
1029 1585 1216 1625 errore
1250 1570 1501 1626 liberari.-

816 1657 940 1714 ιτι.
994 1658 1164 1715 Alius.
1219 1659 1373 1715 Sicut
1431 1660 1521 1716 ’Ev
1555 1662 1750 1730 ’πέτρᾳ
1799 1673 1865 1727 με
1907 1654 2007 1726 τῆς
2072 1654 2308 1719 πίστεως

742 1750 1106 1823 ἔστερέωσας.
1888 1820 1890 1823 τ

826 1854 965 1897 zon
1003 1856 1165 1912 parva
1200 1840 1451 1898 Ecclesia:
1479 1837 1722 1903 buccina,
1754 1836 1969 1891 lucerna
2003 1836 2308 1890 illuminans

2422 651 2647 719 καρδίας
2684 650 2838 721 ἡμῶν
2860 650 2967 702 τῶν
2995 650 3302 722 ὑμνούντων
3329 670 3407 707 σε.

2495 739 2816 811 Πρεσϐείαις
2881 755 2996 801 σου,
3039 740 3226 811 Ἀγνὴ,
3264 740 3415 805 Θεὸν,
3472 744 3531 798 δν
3580 745 3785 807 ἔτεκες,
3818 747 3990 817 παρά-

2423 843 2546 897 σχου
2581 829 2822 882 εὺῖλατον
2849 830 2961 892 τοῖς
2988 830 3211 894 ἱκέταις,
3232 832 3343 893 τοῖς
3368 833 3759 906 προστρέχουσι
3788 838 3854 905 τῇ
3872 836 3991 889 σκέ-

2421 936 2497 993 πῃ
2520 938 2635 986 σου,
2663 921 2758 974 καὶ
2798 920 3001 984 πιστῶς
3050 921 3413 994 προσκυνοῦσί
3453 941 3544 979 σου
3584 928 3681 998 τὴν
3708 924 3903 996 κύησιν

2489 1097 2657 1172 Ὅλην
2712 1117 2813 1172 μου
2854 1099 2954 1171 τὴν
3012 1099 3156 1173 ζωὴν
3205 1100 3672 1172 διακυϐἐρνησον,
3718 1101 3982 1174 Παρθένε,

2417 1187 2572 1255 ἐλπίς
2614 1209 2714 1262 μου
2753 1190 2849 1246 καὶ
2887 1193 3209 1263 προστασία·
3256 1191 3578 1261 πειρασμῶν
3615 1196 3708 1248 καὶ
3732 1195 3985 1268 περιστά-

2418 1298 2555 1334 σεων
2584 1284 2920 1356 λυτρουμένη
2942 1283 3130 1337 δεινῶν
3156 1302 3245 1355 με,
3274 1281 3617 1354 ωιπάρθενε.

2488 1374 2686 1445 Σοφίαν
2717 1375 2810 1431 τοῦ
2856 1374 2992 1428 Θεοῦ
3029 1376 3128 1446 τὴν
3166 1377 3523 1430 ὲνυπόστατον
3582 1379 3855 1445 ἀγκάλαις
3908 1377 3982 1441 ὡς

2416 1465 2675 1537 φέρουσα,
2690 1470 2937 1531 Θεοτόκε,
2982 1467 3043 1531 ἐξ
3074 1468 3296 1535 ἀγνοίας
3325 1469 3419 1521 καὶ
3445 1465 3759 1539 πλανήσεως
3776 1472 3982 1541 λυτρω-

2415 1558 2574 1628 θῆναι
2600 1562 2726 1625 τοὺς
2754 1558 3055 1630 ὑμνοῦντας
3094 1575 3153 1611 σε
3186 1561 3408 1617 ἱκέτευε.

2487 1649 2697 1713 Ἄλλος.
2777 1652 2863 1705 Ἐν
2921 1651 3097 1723 πέτρᾳ
3150 1668 3217 1723 με
3274 1653 3373 1721 τῆς
3436 1653 3669 1714 πίστεως
3717 1656 3979 1725 ἐστερέωο

2417 1756 2531 1802 σας.

2499 1842 2552 1885 ..τε
2605 1831 2888 1902 σάλπιγξὴ
2936 1834 3148 1906 μεγάλη
3183 1835 3282 1904 τῆς
3330 1834 3673 1904 Ἑκκλησίας,
3713 1835 3744 1887 6
3791 1834 3980 1905 λύχνος

740 1932 947 1997 orbem,
972 1947 1147 2002 preco
1186 1947 1373 1985 omnes
1402 1930 1584 1982 mundi
1631 1928 1765 1981 fines
1789 1944 1920 1981 voce
1947 1926 2301 1991 comprehen-
2335 1927 2377 1983 Β
2404 1937 2410 1966 ι

2335 1927 2377 1983 Β
2404 1921 2433 1972 6
2463 1919 2825 1991 φωτίζωντὴν
2848 1924 3191 1994 οίκουμένην,
3216 1926 3244 1978 6
3268 1923 3440 1995 κῆρυξ
3460 1926 3489 1977 6
3520 1923 3597 1994 τῷ
3626 1923 3851 1993 φθόγγῳ
3882 1942 3977 1977 πε-

740 2020 896 2084 dens,
929 2018 1100 2089 Magni
1130 2016 1344 2072 nomine
1377 2016 1666 2088 insignitus
1686 2018 1911 2072 Basilius
1940 2016 2083 2067 hunc
2105 2023 2302 2067 tantum

737 2118 1019 2166 convocat.

820 2202 1101 2259 -llustris
1128 2202 1237 2258 vita
1266 2212 1321 2259 et
1350 2201 1511 2257 rebus
1548 2200 1734 2271 gestis,
1772 2196 1995 2251 illustris
2052 2194 2301 2271 facundia
2391 2238 2393 2241 .

737 2304 794 2351 et
820 2295 1182 2360 documentis,
1212 2310 1401 2348 omnes
1423 2292 1569 2345 omni
1599 2303 1663 2343 ex
1708 2295 1860 2359 parte
1884 2288 2024 2342 sicut
2060 2288 2140 2341 sol
2171 2288 2301 2341 alias

736 2388 921 2443 stellas
942 2400 1300 2456 exsuperans,
1327 2384 1497 2437 multa
1538 2382 1695 2436 laude
1741 2380 2048 2435 cumulatus
2099 2378 2301 2433 theolo-

736 2493 861 2545 gus,
888 2478 1147 2532 hodierna
1182 2476 1269 2531 die
1302 2475 1491 2529 beatus
1515 2472 1856 2543 prmdicatur.

819 2567 1029 2624 —iotius
1080 2568 1259 2620 mundi
1290 2566 1469 2620 lumen
1508 2579 1636 2620 ecce
1678 2566 1878 2619 mundo
1927 2564 2022 2618 toti
2056 2571 2297 2619 ostendi-

738 2666 860 2720 tur;
895 2671 1023 2713 ecce
1051 2657 1130 2712 sal
1163 2666 1321 2712 terra:
1346 2666 1545 2711 terram
1570 2655 1755 2711 condit
1783 2674 1797 2711 :
1827 2670 1957 2712 ecce
1987 2655 2185 2726 lignum
2218 2654 2299 2709 vi-

739 2760 829 2813 tae.
854 2763 982 2802 ecce
1012 2747 1435 2802 immortalitatis
1466 2747 1673 2801 fructus
1696 2745 1923 2801 effundit
1964 2755 2182 2801 sanctus
2208 2761 2303 2799 au-

738 2853 885 2892 reus.
913 2838 1015 2905 Qui
1052 2838 1186 2903 mori
1238 2853 1345 2893 non
1400 2839 1593 2902 vultis,
1622 2840 1728 2893 bne
1752 2841 1957 2898 adeste.
1986 2846 2041 2889 et
2076 2836 2302 2890 delicias

733 2926 936 2995 capite.
2052 2922 2297 2977 Mariale.

822 3029 873 3071 >
903 3013 1166 3085 principio
1208 3028 1299 3084 qut
1349 3022 1559 3069 crearit
1587 3014 1767 3070 omnia
1797 3010 1916 3083 quas
1954 3024 2100 3078 sunt,
2134 3030 2202 3069 ex
2236 3014 2301 3067 iis

734 3124 853 3176 qua:
900 3123 1003 3162 non
1046 3116 1239 3171 erant,
1288 3113 1344 3161 et
1367 3106 1457 3176 qui
1487 3121 1642 3160 suam
1683 3108 1878 3177 cuique
1915 3107 1991 3162 rei
2047 3115 2296 3159 naturam

731 3200 918 3261 dedit,
953 3198 1109 3255 datas
1161 3208 1387 3253 naturas
1436 3197 1587 3253 novit
1640 3207 1850 3252 mutare
1892 3208 1952 3251 ut
1986 3195 2148 3260 vult;
2198 3211 2297 3249 un-

2408 2012 2750 2084 ριλαμϐάνων
2781 2014 2960 2067 πάντα
3001 2016 3068 2070 τὰ
3112 2017 3338 2087 πέρατα,
3373 2018 3403 2070 6
3431 2016 3816 2088 μεγαλώνυμος
3844 2033 3976 2087 συγ-

2403 2106 2588 2176 κροτεῖ
2611 2103 2709 2176 τὴν
2736 2103 2955 2170 σύναξιν
2988 2108 3189 2178 ταύτην
3223 2106 3523 2172 Βασίλειος.

2488 2205 2539 2247 >
2558 2193 2776 2266 αμπρδς
2803 2195 2911 2249 ἀπὺ
2947 2196 3038 2251 τοῦ
3062 2197 3176 2268 βίου
3200 2198 3293 2251 καὶ
3317 2200 3423 2252 τῶν
3449 2202 3806 2271 πραγμάτων,
3834 2202 3976 2271 λαμ-

2402 2284 2540 2354 πρὸς
2575 2287 2683 2340 ἀπὸ
2729 2287 2824 2341 τοῦ
2871 2289 3027 2357 λόγου
3061 2289 3155 2341 καὶ
3197 2289 3305 2342 τῶν
3353 2291 3658 2361 δογμάτων,
3695 2294 3754 2345 ἐν
3808 2294 3974 2347 πᾶσιν

2401 2373 2777 2449 ὑπερλάμπων
2810 2380 3013 2441 πάντας
3040 2378 3115 2441 ὡς
3140 2379 3332 2443 ἄλλους
3368 2382 3602 2453 ἀστέρας
3629 2383 3800 2454 ἥλιος,
3831 2385 3861 2437 6
3882 2401 3969 2437 πο-

2399 2464 2703 2537 λυύμνητος
2736 2468 2993 2536 Θεολόγος
3026 2470 3262 2541 σήμερον
3297 2471 3677 2543 μακαρίζεται.

2486 2556 2646 2611 ι-δοὺ
2683 2557 2742 2610 τὺ
2766 2556 2880 2626 φῶς
2911 2556 3005 2611 τοῦ
3032 2558 3236 2629 κόσμου
3268 2559 3346 2630 τῷ
3397 2560 3587 2633 κόσμῳ
3632 2562 3830 2631 φαίνειο
3866 2560 3973 2615 ίδοῦ

2402 2650 2503 2723 τῆς
2535 2651 2639 2721 γῆς
2664 2650 2724 2704 τδ
2746 2650 2879 2715 ἅλας
2900 2652 2999 2723 τὴν
3030 2652 3134 2722 γῆν
3160 2651 3359 2723 ήδύνεισ
3388 2652 3498 2707 ίδοὺ
3524 2654 3585 2708 τὸ
3613 2653 3758 2727 ζωῆς
3796 2654 3971 2721 ξύλονο

2401 2744 2700 2807 ἀθανασίας
2725 2744 2969 2816 καρποὺς
3003 2741 3362 2814 προϐάλλεται
3383 2746 3412 2798 6
3436 2744 3667 2818 χρυσοῦς
3699 2748 3874 2816 ἅγιος.
3907 2748 3972 2802 Ol

2403 2834 2585 2887 θανεῖν
2611 2834 2685 2906 μὴ
2706 2834 2969 2900 θέλοντες,
2990 2834 3167 2901 δεῦτε,
3191 2836 3527 2909 τρυφήσατε,
3670 2838 3970 2892 Θεοτόκιον.

2493 3021 2543 3062 c
2568 2982 2763 3062 απάντα
2809 3011 2874 3063 ὲκ
2921 3011 2995 3080 μὴ
3033 3012 3200 3065 όντων
3230 3013 3357 3066 ὄντα
3389 3014 3638 3082 ποιήσας,
3692 3014 3786 3067 καὶ
3814 3010 3975 3080 φύσιν

2399 3097 2523 3161 δοὺς
2551 3098 2767 3169 ἑκάστῳ
2787 3099 2894 3152 τῶν
2933 3102 3256 3171 γενομένων,
3287 3103 3446 3166 αὐτὸς
3479 3105 3572 3157 καὶ
3602 3104 3700 3167 τὰς
3729 3103 3975 3167 δοθείσας

2404 3186 2594 3257 φύσεις
2638 3187 2885 3259 ἀμείϐειν
2929 3185 3089 3256 οἶδεν,
3117 3190 3189 3252 ὡς
3241 3191 3510 3262 βούλεταιο
3548 3193 3671 3246 ὅθεν
3719 3194 3976 3249 ἀκουεται

730 3296 799 3345 de
861 3291 1076 3345 auditur
1133 3301 1192 3347 et
1252 3291 1417 3364 Virgo
1474 3306 1692 3364 parens.
1754 3290 1887 3359 Quis
1957 3306 2080 3346 non-
2136 3261 2376 3345 mire-ﬂ

2019 3307 2080 3346 »ιι-
2136 3291 2301 3345 mire.
2328 3261 2376 3320 (ἶ
2405 3282 2501 3335 καὶ
2517 3281 2787 3355 Παρθένος
2815 3281 3091 3339 τίκτουσα.
3114 3283 3210 3349 Τίς
3235 3261 3295 3337 οὑ
3324 3282 3689 3355 θαυιιάζεταις

734 3392 819 3437 tur
840 3381 864 3437 ἳ

808 3476 989 3531 Coll.
1016 3473 1188 3533 Tertii
1211 3476 1439 3531 canonis
1468 3492 1574 3532 non
1615 3476 1959 3531 acrostichici
1986 3490 2110 3545 pars
2151 3476 2318 3529 altera
2340 3476 2419 3531 sic
2451 3488 2804 3548 prmnotatur.

803 3568 973 3621 Alius.
1029 3565 1235 3621 Sicut6
1272 3566 1578 3637 στερεώσας
1630 3568 1754 3621 κατ’
1807 3567 1984 3640 ἀρχάς
2030 3565 2159 3632 τοὺς
2213 3568 2302 3621 οὐ·

734 3656 951 3729 ρανούς.

805 3750 929 3807 175.
976 3748 1364 3806 Emendatores
1411 3764 1644 3820 morum,
1692 3752 2103 3823 animorumque
2153 3766 2303 3809 teco-

739 3843 883 3898 nomi
918 3858 934 3906 ;
967 3856 1283 3898 communes
1334 3842 1577 3897 omnium
1630 3851 1975 3912 servatores;
2031 3845 2299 3900 factorum

734 3936 1110 4004 dictorumque
1154 3936 1389 4005 speciem
1422 3935 1579 3992 nobis
1612 3946 1667 3991 et
1692 3937 1969 4009 exemplar
1990 3952 2293 4007 proponen-

733 4036 854 4092 tes;
884 4026 1007 4080 vitm
1036 4028 1408 4085 moderatores
1437 4030 1699 4095 illustres.
1725 4030 1919 4085 illustri
1953 4031 2297 4086 celebrentur

730 4115 1001 4175 encomio.

805 4202 1043 4271 Spiritus
1093 4202 1185 4258 Dei
1221 4202 1445 4272 replevit
1499 4202 1756 4261 Basilium
1791 4209 2017 4265 scientia
2046 4227 2062 4265 :
2090 4226 2153 4265 ex
2196 4210 2296 4265 liu-

731 4292 855 4362 guis
880 4291 1146 4347 ﬂammeis
1173 4293 1360 4348 habuit
1392 4309 1553 4350 uuam
1584 4295 1906 4367 Gregorius.
1936 4308 1993 4354 et
2017 4300 2194 4371 ignem
2218 4316 2304 4354 su-

735 4383 915 4439 blimis
938 4384 1140 4453 eloquii
1174 4385 1403 4453 spiravit
1437 4408 1450 4443 :
1483 4387 1539 4443 in
1575 4386 1786 4445 Joanne
1811 4403 1993 4445 autem
2019 4407 2082 4447 os
2102 4392 2300 4447 Christi

735 4474 972 4529 locutum
995 4483 1096 4529 est.

810 4562 980 4633 liiijiis
1027 4563 1209 4619 saculi
1265 4564 1549 4621 manifeste
1605 4566 1941 4634 antiquatam
1977 4563 2299 4633 sapientiam

733 4654 837 4709 sibi
868 4656 1138 4711 subditam
1165 4656 1322 4710 habet
1345 4656 1576 4711 stultitia
1611 4655 2034 4726 praedicationis.
2071 4666 2126 4710 et
2178 4672 2302 4725 per-

733 4748 860 4800 inde
888 4761 954 4801 ac
982 4746 1241 4801 famulam
1272 4748 1597 4803 servientem
1636 4766 1651 4803 :
1685 4762 1810 4803 nam
1843 4747 2018 4818 gratia
2047 4758 2297 4801 oratores

734 4836 995 4891 facundos
1022 4837 1171 4891 facit.

806 4930 908 4999 Qui
973 4930 1213 4998 Virginis
1272 4944 1421 5002 pura
1484 4931 1805 4985 lnbabitavrt
1862 4938 2071 4985 uterum
2108 4968 2127 4995 ,
2173 4931 2302 4985 facit

736 5023 945 5076 animas
975 5021 1302 5077 deiferorum
1333 5030 1647 5078 sanctorum
1672 5021 2002 5078 domicilium
2026 5037 2182 5076 suum
2206 5032 2301 5088 ;'et

734 5114 949 5168 illorum
977 5128 1073 5168 ore
1098 5114 1286 5184 pandit
1309 5128 1430 5184 qua:
1457 5122 1682 5169 matrem
1712 5130 1866 5169 suam
1888 5123 2141 5184 spectant
2176 5128 2297 5184 my-

731 5206 923 5261 steria.
1987 5206 2295 5261 Catabasia.

810 5296 1230 5354 Firmamentum
1279 5297 1667 5353 conﬁdentiam
1722 5299 1775 5353 in
1825 5311 1897 5362 te,
1935 5296 2179 5360 Domine,
2211 5298 2296 5350 fir-

738 5403 823 5441 ma
869 5386 1166 5445 Ecclesium
1202 5402 1364 5460 quam
1401 5387 1739 5459 acquisivisti
1776 5388 2014 5459 pretioso
2042 5398 2134 5442 tuo
2173 5403 2301 5442 san-

732 5494 914 5547 amne.

808 5569 1008 5625 Sessio.
1047 5568 1229 5625 Tonus
1258 5570 1506 5641 obliquus
1543 5570 1598 5627 4.
1625 5570 1777 5626 Sicut
1818 5570 1931 5641 Τὴν
1984 5570 2177 5641 σοφίαν
2204 5569 2296 5623 καὶ

730 5661 909 5728 λόγον.

810 5751 927 5806 176.
962 5749 1154 5821 Magna
1207 5752 1538 5818 luminaria,
1594 5754 1931 5824 splendorem
1988 5749 2291 5818 aﬂerentia,

734 5841 1025 5912 firmaeque
1062 5840 1313 5897 Ecclesia:
1365 5852 1583 5901 turres.
1621 5841 1964 5898 concorditer
1985 5840 2291 5903 laudemus,

732 5935 827 5998 qui
873 5933 1111 6000 pulchris
1140 5947 1329 5992 eorum
1360 5944 1721 5992 monumentis
1777 5935 1980 6005 pariter
2003 5948 2066 5989 ac
2120 5942 2291 6004 grana

2054 4837 2293 4892 Ilariale.
2328 4829 2377 4891 D
2403 4841 2597 4908 σοφοὺς
2617 4840 2979 4912 προϐάλλεται
3015 4844 3272 4914 ῥήτορας.

2502 3570 2711 3635 Ἄλλος.
2787 3572 2845 3626 '0
2899 3574 3206 3645 περεὼσας
3263 3577 3385 3632 κατ’
3430 3576 3604 3648 ἀρχάς
3637 3582 3764 3643 τοὺς
3813 3581 3968 3651 οὖρα·

2403 3660 2545 3714 νοός.

2471 3678 2495 3714 υ
2533 3702 2545 3713 .

2471 3678 2535 3805 0‘!
2552 3751 2681 3824 κτῶ-δ
2700 3750 2847 3823 ἠθῶν
2864 3756 3149 3829 διορθωταὶ
3166 3758 3258 3811 καὶ
3288 3758 3397 3812 τῶν
3440 3757 3629 3829 ψυχῶν
3678 3762 3973 3833 οἰκονόμοι,

2399 3843 2450 3894 οἱ
2485 3845 2730 3916 σωτῆρες
2760 3847 2810 3899 oi
2860 3848 3029 3900 κοινοὶ
3059 3847 3168 3901 τῶν
3201 3848 3479 3912 ἁπάντων,
3516 3850 3566 3901 oi
3600 3850 3693 3902 καὶ
3722 3850 3974 3920 πράξεων

2401 3936 2532 4005 ἡμῖν
2564 3937 2659 3990 καὶ
2699 3937 2874 4006 λόγων
2909 3939 3108 4003 τόπους
3140 3939 3434 4007 δείξαντες,
3481 3941 3531 3994 οἱ
3563 3941 3854 3996 παιδευταὶ
3878 3943 3972 3997 τοῦ

2402 4025 2539 4096 βίου,
2572 4026 2839 4101 λαμπρῶς
2875 4028 3335 4103 εὐφημήσθωσαν.

2472 4200 2697 4273 Πνεῦμα
2761 4202 2895 4256 Θεοῦ
2967 4203 3228 4275 ἐνέπλησε
3295 4204 3572 4258 Βασίλειον
3640 4208 3969 4279 ἐπιστήμης*

2400 4294 2507 4347 τῶν
2532 4295 2773 4366 πυρίνων
2797 4294 2856 4349 δὲ
2888 4295 3148 4363 γλωσσῶν
3173 4295 3298 4367 ἔσχε
3325 4295 3453 4367 μίαν
3480 4299 3509 4350 6
3532 4297 3571 4350 Γ
3576 4298 3852 4369 ρηγόριος.
3880 4300 3972 4353 καὶ

2401 4385 2512 4458 πῦρ
2549 4386 2850 4457 ὑψηγορίας
2870 4388 3179 4443 ἐνέπνευσε·
3213 4389 3276 4443 τὸ
3305 4387 3400 4442 τοῦ
3434 4390 3669 4461 Χριστοῦ
3698 4389 3757 4442 δὲ
3798 4392 3972 4461 στόμα

2398 4478 2457 4529 ὲν
2489 4476 2709 4548 Ἰωάννῃ
2735 4477 3015 4547 ἐλάλησεν.

2467 4564 2573 4619 Τοῦ
2619 4566 2713 4619 νῦν
2767 4567 2962 4631 αίῶνος
3000 4568 3098 4639 τὴν
3153 4570 3337 4636 σαφῶς
3382 4568 3833 4641 καταργουμένην
3888 4586 3973 4622 σο-

2399 4658 2525 4727 φίαν
2552 4658 2586 4727 ἡ
2608 4657 2788 4728 μωρία
2816 4657 2912 4711 τοῦ
2930 4659 3283 4731 κηρύγματος
3299 4657 3413 4729 εχει
3434 4659 3857 4715 ὑποκύπτουσαν
3872 4661 3971 4715 αὺ-

2397 4752 2486 4821 τῇ,
2516 4750 2610 4804 κατ
2636 4749 2897 4817 δουλικῶς
2918 4751 3309 4824 λατρεύουσανο
3341 4754 3590 4826 κήρυκας
3621 4751 3783 4824 γάρὴ
3813 4753 3972 4825 χάρις

3662 4842 3967 4897 Θεοτόκιον.

2485 4931 2545 4986 '0
2574 4932 2633 4986 ὲν
2677 4933 2743 5003 τῇ
2790 4933 2974 5004 μήτρᾳ
3002 4933 3099 5002 τῆς
3130 4933 3303 5005 ἁγνῆς
3344 4934 3775 5004 κατασκηνὼσας
3828 4935 3973 5005 Παρ-

2402 5022 2558 5077 θένου
2614 5022 2711 5088 τὰς
2765 5023 2942 5094 ψυχὰς
2987 5024 3096 5077 τῶν
3143 5025 3416 5097 θεοφόρων
3448 5026 3617 5094 ἁγίων
3661 5028 3970 5098 οἰκητήριον

2405 5115 2566 5177 ποιεῖ,
2599 5113 2693 5167 καὶ
2722 5116 2835 5177 τοῖς
2860 5113 3080 5168 ἐκείνων
3104 5115 3334 5187 στόμασι
3357 5114 3425 5169 τὰ
3451 5114 3591 5169 κατά
3611 5115 3711 5185 τὴν
3762 5116 3971 5185 μητέρι

2400 5205 2743 5276 δ.ερμηνεύει
2779 5207 3070 5275 μυστήρια.
3626 5207 3966 5261 Καταϐασία.

2473 5296 2545 5347 Τὸ
2598 5296 2882 5366 στερέωμα
2936 5298 3042 5348 τῶν
3083 5296 3175 5348 ἐπὶ
3217 5297 3296 5349 σοί
3338 5294 3691 5357 πεποιθότων,
3738 5297 3971 5366 στερέω-

2407 5403 2517 5448 σον,
2559 5387 2750 5458 Κύριε,
2776 5387 3231 5459 τὴνῈκκλησίαν,
3255 5389 3322 5458 ἠν
3347 5390 3557 5459 ἐκτήσω
3587 5385 3665 5456 τῷ
3688 5386 3856 5457 τιμίῳ
3880 5402 3973 5439 σου

2404 5477 2612 5547 αἵματι.

2474 5568 2751 5641 Κάθισμα.
2792 5566 2991 5641 Ἥχοςι
3020 5572 3110 5625 πλ.
3154 5573 3219 5626 δ’.
3273 5571 3416 5643 Πρὸς
3461 5572 3570 5643 Τὴν
3625 5574 3821 5641 σοφίαν
3879 5574 3971 5627 καὶ

2402 5659 2577 5727 λόγον.

2474 5751 2611 5813 Τοὺς
2651 5752 2916 5822 μεγάλους
2959 5755 3250 5826 φωστῆρας
3292 5755 3419 5814 τοὺς
3474 5760 3791 5829 φεραυγεῖς,
3848 5759 3967 5810 Ἐκ-

2403 5838 2628 5909 κλησίας
2659 5842 2784 5904 τοὺς
2816 5840 3054 5913 πύργους
3078 5845 3201 5905 τοὺς
3244 5843 3867 5915 ἀρραγεῖ;,·συμιρώνως
3885 5845 3966 5897 al-

2400 5931 2664 6001 νὲσωμεν,
2703 5936 2752 5986 oi
2791 5934 2898 5988 τῶν
2945 5934 3121 5990 καλῶν
3147 5936 3507 6000 ἀπολαύοντες
3536 5938 3629 5989 καὶ
3658 5938 3766 5990 τῶν
3794 5936 3964 6002 λόγων
