4230 6492
787 419 1018 459 (εοινηι

2169 395 2697 452 PROLEGOMENA.

794 536 847 581 et
880 532 1055 577 vrncal
1092 505 1291 575 Christi
1347 518 1578 573 Ecciesia
1606 557 1621 583 ,
1643 525 1807 570 tanto
1838 521 1987 571 dives
2036 529 2341 585 propugna-
2374 520 2417 573 Α
2447 515 2464 565 l

2336 546 2341 555 -
2374 520 2417 573 Α
2447 515 2741 576 Βασίλειος.
2772 514 3048 583 Θαρσείτω
3074 514 3168 566 καὶ
3206 514 3409 567 νικάτω
3439 515 3471 584 ἡ
3506 512 3740 584 Χριστοῦ
3785 512 4006 581 Ἐκκλη-

796 630 929 673 tore.

877 708 1092 777 Lingua:
1119 704 1364 758 delicium
1412 710 1465 757 et
1504 701 1739 770 cujusvis
1777 699 1990 754 auditus
2042 700 2349 769 jucunditas

794 799 894 851 fuit
932 796 1106 849 oratio
1167 802 1251 845 tua
1281 832 1295 857 ,
1334 790 1559 859 Gregori
1590 806 1605 855 ;
1664 803 1859 841 manna
1901 787 2024 841 vita:
2049 828 2063 853 ,
2108 801 2197 839 ros
2235 785 2347 838 dul-

789 890 994 943 cedinis
1020 926 1034 949 ,
1068 884 1171 938 mel
1201 883 1266 937 de
1315 892 1466 951 petra
1494 920 1509 943 ,
1543 880 1698 950 panis
1733 880 1973 934 caelestis
2008 878 2345 946 angelorum,

794 983 1056 1033 lectorum
1106 976 1344 1030 alliciens
1394 971 1636 1034 animos,
1672 980 1731 1023 ut
1784 978 1874 1023 tua
1927 970 2198 1024 suavitate
2232 982 2351 1021 sese

792 1070 1165 1125 insatiabiliter
1216 1066 1582 1135 ingurgitent;
1629 1077 1829 1131 eosque
1870 1062 2145 1130 voluptate
2196 1075 2349 1114 com-

790 1166 958 1234 plens.

861 1254 1077 1308 Fluvios
1103 1251 1484 1305 charismatum
1532 1244 1785 1312 Spiritus,
1825 1242 2351 1312 Joannes,:replettts

788 1360 865 1403 est
894 1361 1063 1415 usque
1089 1346 1155 1398 ad
1185 1342 1497 1397 eﬂ'usionem
1522 1356 1536 1403 ;
1568 1346 1623 1393 et
1660 1336 1939 1406 pulchram
1972 1347 2127 1389 terra:
2156 1334 2346 1389 faciem

786 1438 942 1507 quasi
975 1446 1214 1492 torrente
1255 1430 1544 1500 voluptatis
1583 1444 1649 1483 ex
1679 1443 1773 1481 ore
1806 1427 1996 1493 irrigat
2023 1442 2223 1489 aureo;
2256 1440 2350 1478 ex-

788 1532 1025 1585 hilarans
1063 1526 1265 1583 Christi
1311 1533 1474 1577 totam
1514 1520 1793 1575 civitatem
1842 1530 1897 1573 et
1941 1517 2348 1587 pinguefaciens

786 1622 985 1690 impetu
1013 1619 1314 1673 divinarum
1340 1615 1627 1668 undarum.
2111 1608 2345 1663 Mat-ialc.

852 1794 1109 1848 Naturam
1174 1792 1469 1860 simplicem
1501 1830 1515 1853 ,
1566 1796 1840 1857 expertem
1898 1785 2344 1855 compositionis,

2448 607 2557 669 σία,
2590 604 2903 675 τηλικοῦτον
2934 606 3282 676 πλουτήσασα
3310 607 3606 675 πρόμαχον.

2519 697 2772 766 Γλώσσης
2808 696 3005 766 τρυφὴ,
3030 699 3123 749 καὶ
3151 696 3318 765 ἀκοῆς
3354 697 3534 767 πάσης
3581 697 3796 767 ἥδυσμα
3847 698 3877 751 ὀ
3927 699 4028 762 σδςκ

2446 789 2602 856 λόγος
2649 790 2881 856 πέφυκε,
2932 788 3215 858 Γρηγόριεο
3254 789 3427 858 μάννα
3477 786 3638 857 ζωῆς,
3668 788 3858 857 δρόσος
3885 791 4013 858 γλυυ

2447 881 2681 952 κασμοῦ,
2712 881 2830 951 μέλι
2856 880 2915 932 τό
2946 882 3008 933 ἐκ
3025 881 3247 951 πέτρας,
3282 880 3527 949 ἀγγέλων
3555 880 3714 949 ἄρτος
3746 882 4011 951 οὐράνιος,

2446 974 2735 1043 ἀπλήστως
2785 971 3139 1042 ἐμφορεῖσθαι
3180 974 3278 1042 τῆς
3337 972 3595 1043 ήδύτητος
3644 971 3866 1035 πείθων,
3922 973 4012 1024 καὶ

2449 1067 2670 1137 πληρῶν
2705 1064 2900 1136 ἡδονῆς
2919 1065 3045 1127 τοὺς
3078 1064 3422 1134 μετέχοντας.

2529 1240 2587 1291 Ὀ
2639 1240 2881 1309 ποταμὸς
2958 1238 3065 1292 τῶν
3132 1238 3481 1309 χαρισμάτων
3545 1237 3637 1291 τοῦ
3701 1237 4012 1309 Πνεύματος

2448 1329 2758 1401 ἐπληρώθη,
2814 1334 2841 1384 ό
2896 1331 3166 1401 Ἰωάννης,
3205 1330 3364 1401 μέχρι
3417 1330 3509 1382 καὶ
3553 1332 3889 1401 προχύσεως·
3921 1330 4014 1382 καὶ

2448 1420 2506 1474 τὺ
2540 1419 2701 1473 καλὸν
2736 1418 3019 1489 πρόσωπον
3042 1420 3138 1489 τῆς
3167 1418 3289 1488 γῆς,
3321 1418 3396 1480 ὼς
3422 1416 3627 1488 τρυφῆς
3661 1416 4008 1486 χειμάρρους,

2447 1512 2555 1566 ἀπὺ
2586 1510 2787 1583 χρυσοῦ
2820 1510 2968 1580 ἄρδει
2998 1510 3280 1579 στόματος,
3308 1508 3613 1579 εὐφραίνων
3650 1507 3744 1560 καὶ
3787 1506 4012 1558 πιαίνων

2446 1600 2540 1657 τοῦ
2586 1599 2822 1673 Χριστοῦ
2858 1600 3034 1652 πᾶσαν
3086 1597 3235 1651 πόλιν
3260 1602 3373 1663 τοῖς
3403 1597 3511 1651 τῶν
3559 1597 3716 1650 θείων
3754 1595 4012 1666 κυμάτων

2447 1695 2589 1766 ὁρμή
2598 1711 2751 1765 μασι.
3709 1688 4009 1741 Θεοτόκιον.

2516 1788 2677 1842 Φύσιν
2743 1786 2938 1856 ἁπλῆν,
2973 1783 3346 1855 ἀνασχομένην
3407 1783 3703 1847 συνθέσεως
3764 1781 3862 1834 καὶ
3910 1797 4010 1848 φα-

786 1898 839 1942 et
874 1884 1246 1956 perfectiorem
1282 1897 1444 1950 quam
1482 1889 1541 1934 ut
1566 1876 1950 1942 confundatur,
1985 1876 2035 1929 in
2066 1886 2157 1929 tuo
2182 1916 2197 1940 ,
2244 1876 2342 1929 Do-
2374 1864 2456 1931 Bt

2337 1904 2342 1915 -
2374 1864 2414 1917 Β
2442 1882 2623 1931 νεῖσαν
2657 1878 2939 1949 κρείττονα
2970 1876 3303 1946 συγχύσεως,
3332 1874 3423 1927 ἐπὶ
3459 1874 3550 1927 τοῦ
3579 1874 3694 1935 σοῦ,
3723 1874 4007 1931 Δέσποινα,

784 1980 929 2033 mina
954 2018 970 2043 ,
992 1977 1129 2032 Filio
1159 1987 1270 2031 tres
1302 1975 1380 2028 illi
1421 1972 1588 2025 divini
1628 1971 1876 2024 doctores
1903 1968 2133 2023 confessi
2169 1978 2294 2021 sunt
2325 1984 2340 2033 ;

782 2071 835 2122 in
861 2069 1070 2122 duabus
1102 2064 1476 2118 voluntatibus
1500 2069 1553 2115 et
1584 2059 1777 2127 duplici
1807 2061 2147 2129 Operatione,
2169 2055 2343 2124 dupli-

780 2175 896 2213 cem
934 2158 1083 2211 illum
1129 2155 1423 2210 secundum
1476 2164 1721 2207 naturam
1762 2160 2134 2220 agnoscentes.
2188 2148 2345 2202 Cata-

780 2252 949 2306 basia.

853 2344 1035 2398 Virtus
1090 2354 1199 2404 tua,
1234 2339 1479 2401 Christe,
1511 2334 1731 2389 obduxit
1754 2333 1922 2389 caelos
1980 2351 1997 2391 :
2048 2333 2343 2403 procedens

777 2436 922 2490 enim
952 2450 1019 2486 ex
1048 2446 1173 2485 arca
1210 2427 1665 2483 sanctiﬁcationis
1719 2437 1818 2479 tua:
1854 2426 2185 2494 incorruptae
2226 2423 2341 2476 Ma-

781 2527 896 2588 tris,
930 2524 980 2577 in
1001 2521 1196 2590 templo
1231 2520 1415 2591 gloria:
1438 2530 1540 2572 tua:
1564 2516 1709 2570 visus
1740 2532 1799 2569 es
1821 2527 1878 2569 ut
1901 2515 2077 2571 infans
2132 2524 2342 2571 estatus

778 2618 939 2681 ulnis,
967 2626 1021 2670 et
1048 2614 1228 2668 omnia
1263 2611 1477 2682 impleta
1507 2619 1631 2666 sunt
1664 2608 1820 2663 laude
1851 2617 1960 2661 tua.

1299 2787 1431 2842 ODE
1462 2787 1512 2841 5.
1558 2785 1791 2839 Hirmus.

852 2884 972 2939 181.
1061 2880 1303 2937 Luminis
1360 2880 1571 2950 largitm
1650 2886 1707 2929 et
1773 2886 2069 2944 temporum
2121 2874 2340 2953 opifex,

780 2976 1048 3041 Domine,
1100 2975 1149 3027 in
1205 2972 1406 3027 lumine
1460 2969 1838 3024 mandatorum
1892 2973 2108 3019 tuorum
2166 2965 2340 3035 dirige

782 3081 924 3121 nos:
957 3074 1109 3118 extra
1165 3072 1215 3117 te
1270 3063 1413 3117 enim
1470 3060 1632 3113 alium
1688 3060 1854 3113 Deum
1902 3073 2009 3113 non
2060 3056 2342 3125 cognosci-

778 3168 918 3210 ηηυε.

852 3245 1121 3300 Habentes
1188 3252 1513 3299 armaturam
1600 3241 2063 3312 inexpugnabilem
2146 3247 2335 3309 contra

783 3335 1101 3390 tentationes
1157 3335 1353 3389 diversi
1399 3334 1651 3403 generis,
1694 3334 1839 3387 omni
1901 3330 2335 3384 adversariorum

782 3428 1128 3498 improbitate
1153 3441 1367 3497 semper
1396 3426 1732 3497 expedimur,
1764 3423 1854 3495 qul
1882 3431 1933 3478 te
1973 3421 2067 3477 Dei
2099 3420 2339 3477 Genitri-

778 3534 895 3573 cem
923 3517 1403 3573 incontaminatam
1443 3515 1736 3571 credimus.

855 3609 1331 3679 Appropinquante
1402 3608 1535 3679 legis
1607 3606 1936 3676 plenitudine
1965 3647 1983 3673 ,
2060 3604 2339 3660 sublimior

770 3700 1114 3765 eherubinis,
1148 3700 1431 3771 peperisti'
1455 3700 1792 3754 incarnatum
1822 3713 1888 3753 ex
1918 3708 1968 3752 te
1990 3696 2187 3751 Filium
2248 3696 2339 3750 Dei

782 3793 1135 3863 unigenitum,
1165 3807 1323 3863 quem
1349 3792 1519 3847 servis
1543 3790 1649 3845 tuis
1669 3789 1977 3845 reconcilia.

848 3883 1098 3940 Omnium
1142 3883 1475 3939 conditorem
1507 3897 1664 3951 quem
1716 3883 1823 3936 tuis
1861 3880 2020 3943 ulnis,
2047 3879 2339 3937 lntemera—

779 3989 856 4049 ta,
887 3978 1135 4052 portasti,
1182 3976 1343 4036 redde
1378 3976 1630 4050 precibus
1680 3975 1787 4035 tuis
1819 3974 1973 4034 nobis
2004 3972 2293 4047 propitium
2321 4014 2337 4047 ,

778 4076 904 4145 quia
937 4076 1003 4129 ad
1035 4085 1085 4128 te
1106 4089 1171 4127 ex
1202 4075 1383 4127 animo
1415 4072 1778 4140 confugimus.

849 4253 968 4308 {82.
998 4252 1167 4315 Alius,
1193 4251 1337 4305 sicut
1368 4250 1423 4303 Ὀ
1446 4248 1741 4319 φωτισμός.

862 4342 1267 4399 charismatum
1304 4349 1513 4395 tuorum
1550 4341 1748 4393 fontem
1796 4336 2111 4407 propinasti,
2166 4352 2199 4393 o
2244 4337 2339 4393 bo-

779 4437 983 4491 minum
1006 4449 1191 4487 amans
1214 4433 1376 4494 Deus,
1414 4431 1616 4486 sanctis
1650 4430 1946 4485 bibendum
1978 4447 1992 4485 :
2020 4429 2113 4499 qui
2165 4444 2340 4498 quan-

2364 3201 2412 3264 C

2444 1970 2573 2023 Υἱοῦ
2602 1974 2650 2023 οἱ
2688 1974 2834 2042 τρεῖς
2862 1970 3108 2041 θεοφόροι
3137 1967 3495 2039 δογματισταὶ
3532 1965 3911 2035 ὡμολόγησαν,
3949 1964 4011 2016 ἐκ

2442 2062 2535 2115 δύο
2558 2062 2683 2132 θελη
2694 2062 2877 2132 μάτων
2899 2063 2993 2116 καὶ
3023 2061 3216 2131 διπλῆς
3252 2058 3532 2131 ἐνεργείας
3556 2056 3649 2109 τὸν
3686 2054 3907 2108 διπλοῦν
3924 2071 4010 2107 καο

2439 2154 2509 2209 τὰ
2549 2154 2709 2223 φύσιν
2737 2154 3122 2215 ννωοίσαντες.
3665 2146 4006 2202 Καταὸασία.

2522 2334 2821 2405 Ἐκάλυψεν
2871 2334 3131 2405 οὐρανοὺς
3179 2334 3211 2405 ἡ
3262 2333 3426 2405 ἀρετή
3478 2349 3592 2393 σου,
3634 2326 3857 2401 Χριστέ⁶
3914 2325 4009 2395 τῆς

2442 2425 2673 2481 κιϐωτοῦ
2719 2426 2827 2497 γὰρ
2879 2422 3190 2496 προσελθὼν
3220 2420 3313 2475 τοῦ
3368 2418 3702 2489 ἀγιάσματός
3761 2432 3857 2470 σου
3913 2414 4009 2482 τῆς

2441 2520 2677 2590 ἀφθόρου
2704 2519 2946 2590 Μητρὸς,
2981 2519 3040 2570 ἐν
3064 2516 3141 2587 τῷ
3167 2513 3279 2587 ναῷ
3299 2514 3399 2585 τῆς
3418 2513 3578 2583 δόξης
3612 2528 3702 2564 σου
3729 2510 3917 2581 ὤφθης
3935 2509 4007 2570 ὼς

2446 2611 2643 2683 βρέφος
2674 2609 3237 2682 ἀγκαλοφορούμενος,
3274 2606 3370 2660 καὶ
3414 2601 3707 2676 ἐπληρώθη
3738 2601 3805 2655 τὰ
3836 2602 4008 2655 πάντα

2442 2705 2542 2775 τῆς
2571 2702 2669 2770 σῆς
2712 2701 2990 2763 αἰνέσεως.

2945 2789 3077 2860 ῼΔΗ
3100 2796 3160 2841 ε’.
3195 2789 3253 2841 '0
3271 2786 3460 2858 είρμός

2523 2889 2582 2940 '0
2625 2886 2719 2940 τοῦ
2762 2882 2937 2953 φωτός
2988 2878 3217 2951 χορηγὸς
3248 2918 3263 2943 ,
3324 2877 3420 2931 καὶ
3467 2878 3575 2930 τῶν
3619 2875 3831 2930 αἰώνων
3886 2891 4007 2927 ποια

2444 2978 2598 3050 ητὴς,
2634 2976 2827 3046 Κύριε,
2863 2975 2920 3026 ὲν
2959 2971 3035 3043 τῷ
3076 2970 3213 3039 φωτὶ
3264 2962 3393 3022 τῶν⁶
3415 2966 3523 3020 σῶν
3574 2965 4007 3036 προσταγμάτων

2441 3070 2708 3141 ὁδήγησον
2736 3067 2900 3139 ἡμᾶς·
2932 3064 3086 3127 ἐκτὸς
3120 3059 3215 3116 σοῦ
3242 3060 3353 3132 γὰρ
3386 3058 3542 3116 ἄλλον
3576 3055 3707 3110 Θεὸν
3732 3056 3795 3109 ού
3844 3053 4006 3123 γινώ-

2443 3177 2666 3233 σκομεν.

2514 3252 2717 3306 Ὀπλον
2765 3250 3030 3319 ἀήττητον
3072 3244 3212 3299 κατὰ
3241 3242 3499 3297 ποικίλων
3526 3233 3850 3310 πειρασμῶν
3867 3236 4008 3306 ἔχον-

2441 3360 2532 3405 τες
2564 3340 2671 3394 τῶν
2699 3336 2977 3407 δυσμενῶν
3011 3335 3189 3405 πάσης
3230 3332 3489 3401 ἐπηρείας
3520 3328 3864 3401 λυτρούμεθα
3899 3325 4004 3390 ἀεὶ,

2441 3434 2572 3489 οἶσε
2597 3429 2875 3494 Θιοτόκον,
2895 3426 3067 3499 ﬁni),
3088 3424 3457 3495 ἐπιστάμενοι.

2506 3614 2691 3685 Νόμου
2728 3620 2791 3665 το
2825 3609 3119 3680 πλήρωμα,
3147 3607 3183 3675 ἠ
3228 3606 3477 3673 ἀνωτερα
3522 3596 3808 3671 χερουσὶμ,
3853 3596 4003 3649 τέτοο

2438 3724 2543 3770 an;
2563 3705 2653 3757 τὸν
2679 3702 2774 3756 τοῦ
2799 3700 2933 3753 Θεοῦ
2968 3701 3032 3751 ἐκ
3058 3696 3150 3749 σοῦ
3184 3693 3530 3767 σαρκωθέντα
3564 3689 3689 3743 Υίόν
3716 3686 4001 3761 μονογενῆ,

2438 3796 2498 3849 ὃν
2523 3794 2662 3863 ὑπὲρ
2687 3790 2794 3845 τῶν
2826 3788 3024 3842 δούλων
3054 3783 3161 3836 τῶν
3195 3783 3300 3839 σῶν
3334 3778 3633 3845 ἐξιλέωσαι.

2513 3884 2616 3938 Τὸν
2654 3882 2746 3936 τοῦ
2802 3879 2999 3941 παντὸς
3055 3874 3283 3946 ποιητὴν
3330 3873 3385 3923 ἐν
3423 3871 3543 3932 ταῖς
3576 3866 3845 3935 ἀγκάλαις
3888 3881 4001 3927 σου,

2454 3977 2636 4048 Ἁγνὴ,
2652 3978 2909 4047 φέρουσα,
2929 3969 3116 4024 τοῦτον
3137 3969 3268 4040 ἡμῖν
3295 3967 3416 4028 ταῖς
3447 3964 3566 4024 σαῖς
3585 3958 3815 4021 ἱκεσίαις
3829 3957 4004 4010 εύῖλα-

2439 4091 2530 4127 τον
2575 4073 2735 4136 δίδου,
2787 4064 2898 4132 τοῖς
2930 4059 3024 4115 νῦν
3074 4062 3141 4118 ἐκ
3168 4057 3394 4134 καρδίας
3432 4052 3570 4130 πρὸς
3613 4049 3673 4107 σὲ
3725 4059 4002 4121 καταφευ-

2442 4179 2615 4234 γουσι.

2519 4253 2728 4316 Ἄλλος.
2765 4253 2821 4304 '0
2850 4247 3147 4319 φωτισμός.

2527 4348 2611 4400 Mi:
2639 4346 2737 4415 τὴν
2764 4343 2945 4413 πηγὴν
2992 4348 3099 4393 τῶν
3128 4352 3351 4390 σεαυτου
3396 4330 3744 4403 χαρισμάτων
3771 4329 3999 4392 ἐκπιεῖν,

2440 4442 2575 4502 ὅλως
2604 4434 2973 4507 φιλάνθρωπε,
3018 4430 3256 4490 δέδωκας
3298 4429 3409 4488 τοῖς
3442 4424 3635 4493 ἁγίοις,
3681 4419 3998 4475 ἐλαττωθεῖ-

780 4540 1109 4593 tumcunque
1134 4523 1358 4589 bibitur,
1392 4521 1731 4577 imminuitur
1761 4535 2070 4590 nunquam;
2120 4522 2213 4574 sed
2254 4520 2335 4575 di-
2364 4549 2450 4611 Di

2329 4550 2335 4560 ’
2364 4549 2415 4611 υ
2441 4546 2538 4583 σαν
2577 4524 2823 4596 οὐδαμῶς
2863 4527 2930 4595 τῇ
2958 4520 3204 4582 κενώσει,
3235 4516 3325 4570 τὸν
3356 4516 3413 4569 δὲ
3451 4515 3653 4585 κόσμον
3697 4513 3876 4611 πάντα
3905 4528 3999 4581 με-

779 4617 915 4671 vinis
966 4615 1154 4671 rivulis
1178 4656 1192 4682 ,
1221 4629 1286 4668 ex
1307 4616 1425 4669 sinu
1465 4613 1703 4682 ipsorum
1733 4611 2146 4682 proﬂuentibus,
2178 4628 2335 4669 mun-

776 4711 903 4759 dum
938 4706 1171 4761 inebriat
1193 4707 1525 4759 universum.

855 4796 1075 4868 nequid
1116 4796 1243 4853 mihi
1288 4797 1523 4851 aurum?
1551 4796 1679 4867 quid
1705 4793 1834 4850 mihi
1881 4808 2011 4863 opes
2059 4793 2337 4865 gloriaque

775 4899 829 4942 et
906 4889 1194 4957 potentia?
1252 4888 1382 4943 fumi
1448 4888 1707 4962 abeuntes
1764 4888 1816 4939 in
1883 4899 2082 4939 aerem.
2145 4883 2336 4958 Omnia

776 4981 1089 5045 lacessant,
1140 4988 1335 5033 ventus
1403 4978 1540 5032 ferat
1590 4978 1795 5033 omnia.
1852 4974 1981 5029 Mihi
2043 4989 2170 5045 opes
2219 4987 2336 5027 una:

778 5070 1002 5125 multum
1075 5070 1367 5135 amabiles,
1431 5069 1741 5140 eloquens,
1810 5067 2087 5123 doctorum
2161 5064 2335 5120 trini—

781 5173 887 5216 I38.

862 5251 1036 5310 πίνας
1090 5252 1371 5307 ambrosia:
1429 5251 1546 5306 ﬂuit
1607 5260 1661 5305 et
1707 5250 1969 5313 nectaris;
2023 5245 2136 5299 ﬂuit
2183 5246 2329 5300 cibus

778 5345 1098 5419 immortalis
1150 5344 1552 5410 esurientibus,
1604 5352 1659 5398 et
1714 5341 2017 5395 sitientibus
2080 5338 2327 5392 incorru-

777 5447 901 5508 ptus
926 5447 1085 5507 potus
1109 5477 1124 5502 ,
1167 5451 1305 5507 aqua
1339 5436 1523 5490 vivens
1559 5435 1610 5489 in
1643 5432 1860 5493 saecula,
1894 5439 1948 5484 et
1997 5429 2246 5483 bibentes
2276 5427 2328 5481 in

775 5530 913 5585 vivis
964 5543 1308 5583 conservans.
1354 5528 1551 5584 Omnes
1610 5529 1718 5582 vita
1774 5523 2076 5578 exundante
2140 5520 2328 5588 imple-

777 5621 929 5675 mini.
2087 5611 2325 5667 Mariule.

858 5818 1208 5863 assuoerans
1258 5801 1457 5860 malitia
1506 5802 1557 5856 in
1593 5813 1688 5857 nos
1729 5795 1909 5853 habuit
1960 5804 2275 5851 potestatein
2312 5815 2323 5849 :

2440 4622 2677 4676 θύσασαν
2705 4619 2816 4681 τοῖς
2845 4619 2907 4670 ἐκ
2934 4614 3035 4682 τῆς
3063 4611 3269 4673 κοιλίας
3290 4607 3469 4663 αὐτῶν
3500 4606 3661 4668 θείοις
3684 4602 3967 4674 ῥεύμασιν.

2524 4790 2595 4849 ei
2647 4804 2736 4861 μοι
2765 4785 2995 4857 χρυσός;
3024 4781 3075 4834 τί
3116 4798 3204 4852 μοι
3239 4778 3465 4843 πλοῦτος
3497 4778 3590 4832 καὶ
3615 4775 3740 4842 δόξα
3789 4778 3883 4830 καὶ
3917 4775 4001 4827 δυ-

2436 4882 2687 4944 ναστεία;
2723 4877 2918 4931 καπνοὶ
2957 4873 3294 4945 διαρρέοντες
3327 4872 3407 4934 εἰς
3446 4868 3604 4942 ἀέρα.
3648 4869 3839 4922 Πάντα
3863 4865 3999 4937 οἰχέ-

2438 4974 2568 5036 σθω,
2592 4970 2731 5041 αῦρα
2763 4969 2937 5020 πάντα
2962 4964 3191 5035 φερέτωο
3221 4962 3343 5032 ἐμοὶ
3367 4958 3595 5022 πλοῦτος
3624 4954 3706 5021 εἷς
3734 4957 3998 5027 πολυέρα-

2438 5082 2557 5126 στος
2591 5066 2622 5134 ἠ
2656 5061 2763 5115 τῶν
2786 5057 3114 5112 διδασκάλων
3162 5051 3318 5123 τριὰς
3348 5050 3736 5121 ρητορεύουσα.

2520 5240 2622 5293 ’τιεῖ
2659 5233 2898 5304 ποταμὸς
2950 5230 3248 5302 ἀμϐροσίαν
3291 5229 3384 5281 καὶ
3434 5226 3721 5295 νεκταρῤεῖ
3752 5228 3864 5287 τοῖς
3883 5241 3999 5278 πει-

2433 5329 2593 5383 νῶσιν
2620 5327 2883 5386 ἀθάνατος
2928 5322 3148 5394 βρῶσις,
3186 5322 3278 5374 καὶ
3308 5322 3423 5382 τοῖς
3460 5317 3688 5386 διψῶσιν
3722 5316 3997 5385 ἄφθαρτος

2433 5421 2607 5483 πόσις,
2643 5418 2785 5488 ὕδωρ
2802 5414 2908 5479 ξῶν
2938 5418 3017 5477 εἰς
3051 5413 3251 5475 αἰῶνας
3283 5412 3374 5464 καὶ
3398 5409 3617 5478 συνέχον
3642 5408 3852 5473 ζῶντας
3875 5409 3995 5468 τοὺς

2435 5513 2699 5570 πίνοντας·
2739 5509 2935 5571 πάντες
2960 5504 3389 5576 πλημμυρούσης
3427 5501 3570 5570 ζωῆς
3626 5500 3992 5571 ἐμφορὴθητε.

3686 5591 3991 5645 Θεοτόκιον.

2518 5812 2696 5865 malev
2756 5793 2906 5863 ίσχυν
2957 5791 3076 5843 καθ’
3118 5790 3273 5860 ἡμῶν
3314 5791 3349 5860 ἠ
3384 5787 3575 5843 κακία*ι
3609 5788 3725 5844 αλλ’
3772 5788 3873 5842 ούκ
3911 5788 3991 5855 είς
