4230 6484
1355 439 1739 497 Λευιλλτιιιει
1779 446 2118 500 Τιιιιιιλιῖιδ
2160 447 2380 502 FESTI.

3294 473 3477 513 ειῖιιιιι

258 564 429 632 τέλοςο
449 570 711 640 ἠσθένησε
744 571 849 641 γὰρ
876 568 1015 623 κατὰ
1038 568 1135 637 τὴν
1169 566 1441 637 Παρθένον
1463 572 1553 621 τὸν
1585 573 1642 621 ἐν
1679 574 1818 643 ἰσχύϊ
1849 578 1894 632 Α
1923 589 1928 622 :

1808 577 1894 632 ΞΑ
1923 582 1977 625 at
2019 587 2119 624 non
2162 573 2210 624 in
2252 573 2411 624 tinem
2445 586 2633 636 usque.
2676 572 2768 625 Est
2801 574 2941 625 enim
2994 574 3290 636 debilitata,
3332 586 3478 642 post-

259 655 481 714 δυνατὸν
504 664 780 715 τετοκυῖαν
815 661 1113 715 ὑπελθόντα
1157 659 1357 728 σαρκὸς
1388 661 1690 725 ἀσθένειαν,
1731 666 1821 717 καὶ

256 746 349 805 τὸν
377 748 600 802 δυνατὸν
633 750 689 802 ἐν
712 752 877 820 κακίᾳ
902 749 1267 822 νεκρώσαντα.

1935 677 2093 728 quam
2138 660 2295 732 Virgo
2344 663 2548 730 peperit
2582 670 2851 729 potentem
2877 663 3115 724 virtute,
3162 665 3253 731 qui
3302 665 3484 717 carnis

1927 752 2292 807 intirmitatem
2330 752 2531 817 subiit,
2575 762 2629 807 et
2664 763 2933 822 potentem
2994 755 3191 808 malitia
3245 764 3475 824 prostra~

1925 843 2019 895 vit.

1136 1017 1343 1075 Exhinc
1372 1019 1719 1073 continuatur
1754 1021 2021 1079 secundus
2051 1023 2116 1075 dc
2156 1024 2360 1078 sanctis
2399 1043 2596 1082 canon.

330 1149 537 1212 Ἄλλος.
580 1150 737 1203 Ἰνατῐ
772 1170 837 1223 με
860 1151 1080 1205 ἀπώσω.

327 1240 463 1305 Τοὺς
512 1241 620 1293 τῶν
662 1243 818 1297 Θείων
844 1243 1178 1314 πραγμάτων
1210 1243 1303 1297 καὶ
1329 1246 1435 1300 τῶν
1466 1247 1817 1317 ἀνθρωπίνων

255 1334 435 1399 σοφῶς
488 1335 873 1406 ἐπιστήμονας,
910 1336 1007 1399 τὰς
1045 1336 1152 1387 τῶν
1177 1336 1343 1390 ὄντων
1379 1338 1567 1407 φύσεις
1593 1338 1815 1410 φιλαλή-

254 1424 361 1489 θως
388 1427 517 1497 ἡμῖν
554 1428 972 1496 σαφηνίσαντας,
999 1429 1094 1482 καὶ
1117 1430 1205 1483 τὸν
1237 1431 1438 1483 τούτων
1466 1430 1686 1503 κτίστην
1714 1437 1817 1486 πᾶ-

252 1533 306 1570 σι
321 1520 714 1590 γνωρίσαντας,
744 1518 817 1582 ὡς
851 1519 1025 1591 Θέμις,
1063 1522 1399 1592 εὐχαρίστως
1432 1527 1636 1589 φωναῖς
1661 1527 1819 1597 ἀμει-

250 1606 503 1676 ψώμεθα.

320 1696 395 1747 Τὸ
462 1699 743 1767 πικραῖνον
807 1699 900 1751 κει)¹
949 1699 1146 1764 στῦφον
1194 1698 1301 1747 τῶν
1356 1699 1489 1768 πρὸς
1553 1702 1820 1771 σωτηρίαν

249 1787 557 1857 φαρμάκων
604 1787 905 1855 ἐγλύκαναν
954 1789 1070 1848 ταῖς
1113 1791 1301 1855 σοφαῖς
1354 1789 1458 1841 τῶν
1500 1790 1668 1860 λόγων
1726 1792 1818 1843 ἐπ-

1985 1160 2104 1214 185.
2132 1160 2303 1226 Alius,
2352 1165 2492 1219 sicut
2528 1166 2687 1219 Ἰνατί
2711 1182 2780 1238 με
2807 1165 3009 1222 ἀπώσω

1992 1251 2301 1305 Divinarum
2388 1257 2848 1329 humanarumque
2872 1273 3049 1313 rerum
3114 1265 3334 1319 scicntia
3384 1266 3485 1319 im-

1916 1342 2074 1397 butos
2103 1385 2117 1406 ,
2161 1342 2251 1410 qui
2311 1345 2489 1398 studio
2530 1351 2770 1404 veritatis
2824 1362 3043 1406 naturas
3092 1368 3267 1407 rerum
3327 1357 3484 1412 nobis

1917 1430 2217 1481 enodarunt
2251 1469 2264 1492 ,
2297 1433 2615 1501 cunctisque
2656 1442 3007 1495 ostenderunt
3064 1439 3271 1493 illarum
3323 1448 3479 1512 Opili-

1918 1533 2052 1583 cem,
2092 1535 2498 1576 remuneremur
2530 1526 2610 1593 (ut
2651 1542 2860 1595 acquum
2912 1534 3016 1603 est)
3045 1533 3343 1604 gratiarum
3391 1553 3485 1589 ac-

1919 1611 2169 1664 tionibus.

1991 1698 2293 1756 Salubrium
2331 1706 2740 1775 pharmacorum
2767 1710 3066 1765 amaritiem
3104 1718 3310 1774 dulcem
3345 1724 3480 1775 rell-

1919 1791 2167 1847 didcrunt
2226 1796 2396 1850 doctis
2448 1812 2753 1850 sermonum
2820 1799 3105 1868 illecebris,
3169 1811 3479 1879 artibusque

246 1878 413 1948 φδαίς
444 1897 502 1931 τε
531 1880 624 1932 καὶ
649 1880 861 1947 τέχναις
913 1875 1002 1928 καὶ
1043 1878 1222 1946 χάρισι
1258 1881 1367 1933 τῶν
1400 1881 1581 1952 ψυχῶν
1612 1886 1659 1937 οἱ
1694 1884 1823 1936 θεῖοι
1849 1960 1883 1965 Α

1807 1904 1823 1935 ι
1918 1895 1972 1938 et
2020 1883 2291 1953 leporibus
2327 1889 2487 1941 divini
2559 1890 2749 1944 medici
2805 1892 3127 1949 animarum.
3172 1896 3475 1965 Lmtamini,

246 1968 595 2039 Θεραπευταε·
647 1967 926 2035 Θέλγεσθε,
958 1967 1154 2033 πάντες
1195 1971 1452 2035 εὐσεϐεῖς.
1489 1976 1581 2027 καὶ
1616 1976 1815 2045 τερπό-
1849 1960 1890 2013 Β

1805 2006 1815 2014 -
1849 1960 1890 2013 Β
1918 1973 1987 2041 pii
2021 1989 2230 2038 omnes,
2263 1984 2318 2028 et
2356 1990 2477 2029 cum
2522 1979 2861 2043 iucunditate
2900 1984 2966 2037 ad
3000 1985 3230 2041 salutem
3264 1990 3475 2045 incum-

253 2073 402 2125 μενοι
428 2055 691 2119 σώζεσθε.

317 2147 503 2219 Σιωπᾷ
539 2149 692 2217 λόγος
723 2152 885 2217 ἄπας,
922 2155 1029 2209 τῶν
1064 2154 1409 2224 θεοκηρύκων
1430 2156 1729 2209 λαλούντων
1750 2154 1817 2207 τὰ

243 2239 422 2306 ἔνθεα,
473 2244 567 2296 καὶ
605 2247 793 2313 κρατεῖ
848 2247 945 2315 τῆς
983 2247 1147 2299 πάλαι
1181 2246 1452 2318 Διαθήκης
1486 2251 1517 2318 ὴ
1546 2248 1659 2300 Νέα
1686 2266 1817 2317 προ-

243 2330 512 2385 ϐάλλουσα
531 2334 598 2385 τὰ
626 2336 796 2386 σεπτὰ
813 2336 975 2400 πυξία
1002 2336 1108 2388 τῶν
1124 2340 1179 2389 ἐν
1202 2338 1338 2407 αὐτῇ
1364 2338 1809 2408 νομοθετούντων,

240 2415 321 2484 οἷς
352 2421 672 2492 ῥυθμίζεται
698 2424 803 2491 πᾶς
828 2424 1032 2478 πιστῶν
1066 2425 1353 2497 σύλλογος.
1512 2428 1809 2485 Θεοτόκιον.

304 2675 415 2745 Τὴν
449 2676 710 2731 ἀθάνατον
753 2681 915 2748 φύσιν
940 2686 972 2751 ἡ
1012 2684 1177 2754 θνητὴ
1202 2688 1546 2757 παρέδραμεν
1567 2691 1644 2750 εἰς
1663 2690 1810 2756 ἀγιᾶ-

238 2780 397 2832 τητα,
430 2768 522 2818 καὶ
574 2769 845 2839 Παρθένος
891 2772 1027 2840 κόρη
1082 2775 1209 2835 τοὺς
1244 2776 1517 2845 ἁσάρκους
1550 2777 1809 2844 ἀγγέλους

237 2854 572 2925 παρήλασεν,
598 2857 673 2919 ὼς
701 2858 834 2913 Θεὸν
865 2861 1097 2914 τεκοῦσα
1130 2864 1219 2915 τδν
1257 2864 1480 2933 βασιλέα
1509 2866 1614 2918 τῶν
1639 2868 1807 2936 ἀγγέ-

235 2942 364 3010 λων,
397 2939 441 3014 ᾧ
465 2948 823 3018 προσ6λέπειν
845 2952 1072 3017 ἐκείνοις
1102 2954 1379 3009 ἀδύνατον.
1467 2957 1802 3012 Καταδασία.

316 3038 403 3101 Ὦς
446 3036 583 3093 εἶδεν
641 3043 861 3108 Ἡσαΐας
884 3048 1225 3116 συμϐολικῶς
1267 3051 1325 3101 ἐν
1359 3049 1529 3121 θρόνῳ
1560 3053 1804 3121 ἐπηρμέ-

233 3145 309 3198 νῳ
338 3129 472 3183 Θεὸν
512 3133 615 3185 ὑπὸ
647 3135 890 3202 ἀγγέλων
918 3137 1073 3207 δόξης
1106 3140 1589 3211 δορυφορούμενον,
1620 3144 1683 3194 Ὃ
1711 3142 1805 3195 τά·

234 3218 351 3287 λας,
387 3221 537 3289 ἐϐόα,
577 3224 721 3291 ἐγὼῐ
758 3226 861 3296 πρὸ
891 3228 997 3299 γὰρ
1020 3224 1155 3281 εἶδον
1194 3234 1606 3301 σωματούμενον
1649 3233 1803 3300 Θεὸν,

233 3313 410 3380 φωτὸς
442 3316 740 3389 ἀνεσπέρου
774 3319 867 3372 καὶ
893 3321 1115 3395 εἰρήνης
1141 3322 1487 3386 δεσπόζοντα.

729 3492 860 3562 (Mli
879 3493 951 3557 ς’.
1008 3495 1064 3547 Ὀ
1096 3497 1303 3567 εἱρμός.

310 3574 396 3627 Ἐν
423 3577 642 3649 ἀσύσσῳ
668 3586 1023 3652 πταισμάτων
1076 3586 1439 3656 κυκλούμενος
1482 3587 1581 3659 τὴν
1622 3590 1795 3656 ἀνεξι-

230 3667 480 3736 χνίαστον
493 3670 590 3740 τῆς
610 3671 1008 3745 εὐσπλαγχνίας
1032 3694 1125 3729 σου
1151 3678 1517 3748 ἐπικαλοῦμαι
1536 3679 1791 3736 ἄϐυσσονε

228 3758 292 3810 ἐκ
315 3758 538 3831 φθορᾶς,
575 3763 603 3815 ὀ
624 3762 777 3828 Θεὸς,
804 3766 871 3835 μέ
890 3767 1151 3835 ἀνάγαγε.

250 3879 258 3888 ·
296 3850 577 3921 Σωτηρίας
598 3852 789 3923 λιμένα
821 3854 1103 3924 γινώσκων
1146 3874 1228 3921 σε,
1274 3859 1448 3914 πλέων
1502 3863 1795 3934 πολυφρόν-

226 3938 367 4001 τιδος
398 3939 513 4008 βίου
534 3943 596 3994 τὸ
628 3944 859 4014 πέλαγος
879 3946 1264 4019 ἐπικαλοῦμαι,
1288 3950 1571 4017 Δέσποινα,
1602 3954 1794 4027 κυὸερ-

224 4028 393 4100 νήτην
414 4029 593 4102 ψυχῆς
619 4051 719 4103 μου
752 4036 1006 4103 γενέσθαι
1039 4055 1120 4092 σε.

304 4120 478 4191 Ἱερᾶς
512 4124 785 4191 πολιτείας
828 4130 1161 4186 ἐκπέπτωκα
1206 4133 1465 4203 ῥᾳθυμῶν
1491 4140 1518 4189 ό
1541 4136 1789 4201 δείλαιοςο

222 4208 337 4262 ἀλλ’
376 4214 710 4283 ἐπανάγαγε,
750 4218 1089 4293 εὐλογημένη
1153 4225 1418 4294 πάναγνε,
1458 4236 1792 4300 προπαγαῖς

221 4301 315 4354 τοῦ
346 4303 475 4357 non?
506 4322 597 4358 σου
632 4308 983 4379 ρυθμίζουσα.

292 4484 504 4548 Ἀλλος.
531 4488 792 4556 ’Δσυσσος
830 4494 1260 4567 ἁμαρτημάτων.

299 4663 444 4717 ι-δια
487 4666 544 4718 ἐν
594 4671 656 4739 τῇ
714 4671 902 4742 Τριάδι
956 4678 1145 4746 τριττὰ
1204 4681 1594 4751 συνθεολογεῐτε
1690 4688 1786 4759 τὴν
1820 4658 1862 4713 D

218 4756 539 4827 ἁγιννησιαν
552 4763 647 4815 τοῦ
681 4766 905 4835 πατρὸς,
933 4768 1026 4821 τοῦ
1061 4772 1233 4839 Λόγου
1256 4775 1355 4827 τὴν
1380 4776 1653 4847 γέννησιν,
1689 4756 1783 4835 καὶ

219 4845 532 4916 Πνεῦματος
558 4852 657 4920 τὴν
680 4855 1004 4927 ἐκπόρευσιν
1038 4861 1219 4930 μόνου.

299 5024 558 5094 Μήμερον
583 5027 662 5100 τῷ
678 5029 812 5102 οἴκῳ
848 5035 1021 5107 τούτῳ
1046 5041 1346 5113 περιφανὴς
1397 5047 1655 5119 σωτηρία·
1688 5050 1781 5107 δύο

215 5110 322 5184 γὰρ
349 5114 443 5167 καὶ
458 5119 607 5187 τρεῖς
638 5126 1002 5195 συνηγμένους
1031 5130 1261 5201 Χριστὸς
1289 5110 1368 5198 εὶς
1397 5135 1456 5190 τὸ
1494 5110 1660 5211 ὄνομα
1681 5144 1779 5196 αὐ-

214 5203 307 5256 τοῦ
340 5206 539 5276 τιμῶν,
563 5211 725 5279 μέσος
740 5216 970 5286 πάρεστι
998 5221 1220 5275 τούτων.

291 5424 533 5483 >πειρον
606 5416 704 5487 τῆς
759 5420 862 5490 γῆς
909 5422 970 5475 τὸ
1017 5422 1177 5491 βάθος
1243 5426 1377 5498 πρὸς
1425 5447 1483 5482 το
1531 5430 1780 5500 οὐράνιον

207 5498 356 5567 ὕψος,
382 5502 498 5555 ἀλλ’
530 5504 639 5560 ἀπὸ
669 5507 767 5577 τῆς
793 5510 897 5580 γῆς
931 5515 1057 5576 τοὺς
1084 5515 1274 5584 ἁγίους
1301 5516 1493 5591 ἐξῆρεν
1520 5498 1775 5575 ἐπέκεινα

202 5590 314 5645 τῶν
360 5594 603 5666 οὐρανῶν
624 5599 653 5650 ὁ
673 5600 920 5669 οὐράνιος
948 5604 1107 5674 ἔρως.
1474 5609 1774 5666 Θεοτὸκιον.

291 5684 439 5745 Ζέαν
469 5703 529 5739 σε
588 5691 789 5763 πηγὴν,
834 5694 1093 5765 Παρθένε,
1124 5699 1217 5753 καὶ
1276 5701 1532 5774 ἀφορμὴν
1568 5722 1774 5780 μυστη-

273 5863 348 5932 (a)
371 5862 473 5919 lsa.
506 5882 578 5933 vr,
612 5868 657 5921 Ι.

1914 2062 2045 2116 bite.

1984 2149 2325 2209 Praeconibus
2394 2155 2589 2225 divinis
2641 2160 2819 2214 divina
2886 2168 3250 2236 tractantibus,
3298 2170 3475 2229 omnis

1913 2253 2092 2293 sermo
2122 2252 2290 2311 tacet;
2320 2256 2373 2299 et
2398 2246 2745 2305 Testamento
2771 2251 2971 2307 Vetere
3000 2268 3216 2323 praestat
3244 2260 3472 2330 Novum,

1912 2344 2218 2400 proponens
2266 2338 2535 2402 pretiosas
2582 2342 2794 2398 tabulas
2844 2359 3062 2400 suarum
3106 2348 3323 2421 legum,
3356 2355 3476 2425 qui-

1916 2422 2019 2475 bus
2073 2434 2180 2477 tota
2215 2424 2451 2483 ﬁdelium
2510 2432 2814 2499 respublica
2849 2438 3052 2508 regitur
3094 2456 3157 2497 ac
3218 2422 3477 2515 tempera-

1914 2522 2016 2569 tur.
3234 2536 3470 2596 Mariale.

1911 2979 2071 3020 auem
2108 2969 2180 3024 illi
2205 2973 2416 3030 obtueri
2446 2976 2587 3032 haud
2614 2994 2857 3048 possunt.
3158 2989 3464 3049 Catabasia.

1981 3056 2051 3112 Ut
2084 3058 2216 3115 vidit
2248 3061 2415 3121 Isaias
2442 3070 2734 3138 symbolice
2774 3074 2825 3128 in
2866 3079 3077 3136 excelso
3106 3083 3242 3137 solio
3276 3083 3465 3147 Deum.

1903 3148 2074 3215 gloria
2112 3156 2428 3223 angelorum
2474 3171 2729 3231 tanquam
2758 3170 3010 3224 satellitio
3042 3174 3294 3241 stipatum
3316 3162 3339 3231 ἐ
3370 3178 3469 3231 Mi-

1909 3253 1997 3291 ser
2021 3256 2118 3309 ego
2146 3244 2158 3295 ι
2194 3249 2531 3306 exclamabat
2562 3270 2576 3306 :
2612 3270 2792 3311 coram
2822 3262 2967 3314 enim
3007 3263 3113 3317 vidi
3143 3280 3369 3337 corpore
3392 3271 3469 3325 in-

1906 3328 2091 3386 dutum
2145 3335 2330 3429 licam,
2370 3340 2472 3397 luci
2507 3359 2785 3416 vesperum
2831 3368 2935 3408 non
2983 3354 3201 3413 habenti
3233 3328 3465 3434 pacique

1905 3418 2269 3481 dominantem
2306 3429 2402 3501 (α).

2380 3525 2500 3581 184.
2539 3530 2672 3585 ODE
2700 3533 2754 3589 6.
2783 3534 3018 3592 Hirmus.

1976 3603 2088 3674 Ego
2121 3610 2212 3677 qui
2256 3612 2307 3666 in
2366 3614 2559 3688 abysso
2592 3634 2931 3689 peccatorum
2972 3629 3206 3697 volutor,
3236 3634 3459 3690 investi-

1903 3696 2131 3765 gabilem
2169 3701 2555 3766 misericordia:
2589 3722 2692 3769 tua:
2722 3716 2951 3787 imploro
2977 3722 3254 3794 abyssum.
3288 3727 3362 3781 Ex
3388 3730 3467 3784 iu-

1903 3790 2061 3845 teritu
2083 3794 2219 3849 educ
2257 3812 2363 3866 me,
2397 3798 2559 3859 Deus.

1970 3879 2169 3938 Salutis
2194 3897 2404 3954 portum
2433 3907 2665 3962 agnosco
2695 3907 2763 3963 te,
2806 3899 3053 3967 Domina,
3103 3916 3158 3961 et
3195 3910 3457 3977 navigans

1902 3972 2144 4030 sollicita:
2172 3978 2292 4033 vita:
2322 3982 2565 4054 pelagus,
2595 3988 2841 4058 obsecro,
2875 4009 2931 4050 ut
2957 3998 3304 4066 gubernatrix
3336 4005 3455 4057 ani-

1900 4076 2001 4116 mae
2032 4080 2107 4117 818
2134 4083 2286 4122 mea.

1969 4154 2251 4258 §anrftiore
2314 4173 2457 4221 statu
2518 4172 2730 4241 excidi,
2786 4181 2911 4247 quia
2966 4182 3128 4239 miser
3181 4188 3457 4258 torpebam

1900 4241 2033 4295 otio.
2092 4243 2199 4301 Sed
2242 4266 2328 4307 me
2356 4257 2539 4325 reduc,
2576 4262 2859 4322 benedicta
2912 4282 2967 4325 et
3012 4276 3159 4330 omni
3196 4293 3261 4333 ex
3302 4293 3455 4351 parte

1897 4335 2197 4479 caz‘tjissima
2306 4362 2496 4419 meque
2566 4358 2640 4410 tui
2702 4357 2821 4415 Filii
2905 4367 3172 4426 mandatis
3232 4335 3452 4429 accom-

1899 4439 1948 4476 m
2025 4444 2078 4479 τι.

1899 4439 2051 4479 ηιοατι
2064 4468 2078 4482 .

1976 4518 2096 4576 185.
2124 4522 2271 4581 Alius
2300 4567 2315 4583 .
2352 4527 2493 4584 sicut
2520 4532 2786 4599 ’Δὸυσσος
2806 4539 3233 4612 ἁμαρτημάτων.

1984 4701 2277 4771 -ςι-ἰριίοειη
2338 4712 2716 4777 proprietatem
2760 4716 2813 4769 in
2876 4717 3069 4776 Triade
3123 4727 3446 4796 explicatis:

1896 4790 2092 4859 quippe
2136 4791 2434 4864 theologica
2496 4805 2951 4862 commentatione
2996 4790 3265 4871 disseritis
3313 4834 3448 4889 quo-

1891 4882 2045 4959 modo
2099 4898 2205 4937 non
2275 4896 2333 4939 ut
2392 4890 2604 4957 genitus
2659 4892 2849 4960 Pater,
2892 4904 3160 4970 quomodo
3208 4882 3448 4977 genitum

1891 4969 2149 5038 Verbum,
2189 4984 2242 5029 et
2290 4975 2523 5046 Spiritus
2574 4989 2842 5052 quomodo
2898 4969 3045 5048 solus
3087 4969 3364 5065 procedat.

1975 5074 2217 5133 =epente
2257 5067 2381 5121 huic
2421 5071 2601 5126 domui
2634 5076 2841 5133 refulsit
2885 5083 3043 5140 hodie
3096 5089 3243 5145 salus
3278 5096 3444 5150 maui-

1886 5152 2018 5207 festa
2078 5172 2093 5208 :
2149 5172 2270 5211 nam
2324 5159 2605 5227 Christus,
2652 5168 2922 5228 lionorans
2978 5176 3111 5232 duos
3165 5181 3247 5236 vel
3325 5193 3435 5242 tres

1886 5259 2236 5317 congregatos
2293 5252 2346 5307 in
2406 5258 2620 5312 nomine
2669 5278 2810 5326 suo,
2863 5276 2945 5319 est
2999 5269 3054 5324 in
3108 5275 3282 5329 medio
3339 5292 3434 5332 eo-

1886 5352 2003 5391 rum
2024 5337 2097 5408 (b)

1966 5430 2087 5486 trusi
2119 5431 2449 5499 profunditas
2493 5446 2648 5493 terra:
2708 5442 2972 5501 immenso
3019 5448 3302 5507 intervallo
3360 5470 3444 5509 re-

1886 5528 2030 5574 mota
2078 5530 2159 5576 est
2194 5537 2223 5575 a
2256 5524 2377 5579 cmli
2424 5527 2709 5586 altitudine
2736 5572 2752 5598 ,
2784 5548 3002 5595 sanctos
3058 5549 3239 5597 tamen
3294 5544 3432 5601 ultra

1880 5611 2048 5668 caelos
2066 5613 2304 5669 caelestis
2330 5632 2485 5674 amor
2504 5623 2720 5680 extulit.
3195 5632 3436 5693 Mariale.

1961 5714 2169 5759 mancta
2207 5705 2386 5778 Virgo,
2431 5728 2555 5766 cum
2601 5724 2652 5771 te
2698 5718 2959 5779 haberent
3006 5739 3200 5781 novum
3233 5728 3435 5784 fontem

1956 5881 2024 5955 ib)
2057 5881 2241 5938 Matth.
2271 5901 2421 5954 mu,
2451 5888 2540 5945 9.0.
