4230 6492
763 449 967 492 cccun
2166 423 2695 481 PROLEGOMENA.

768 568 930 618 tuam,
966 552 1070 607 hoc
1096 550 1164 605 ab
1194 563 1260 604 eo
1284 545 1518 618 diﬂ‘erat,
1545 544 1686 618 quod
1711 542 2031 612 plerumque
2060 542 2128 595 sit
2157 552 2701 618 commemoraturum
2746 550 3056 618 sanctorum
3087 539 3546 618 longioraelogia,
3574 552 3668 594 seu
3699 538 3825 618 vitae
3846 548 3997 595 acto-

770 608 1019 698 ..nmqvue-
1049 618 1375 698 compendia
1418 608 1637 698 legenda
1670 608 1969 698 proponat.
1992 654 2008 677 ,
2043 624 2317 698 praeeunte
2350 614 2418 666 ad
2453 612 2657 698 singula
2688 612 2854 698 .quale
2884 612 3122 698 dignius
3164 608 3782 698 distichqfconsentiat
3813 622 3991 665 autem

765 708 887 745 rum
908 680 1136 754 'eodem,
1161 680 1305 758 quod
1332 680 1635 758 sicut'apud
1667 680 1893 737 Latinos
1922 681 2361 758 Martyrologium
2387 680 2878 758 concludit‘iector,
2932 684 3200 758 dicens,_c
3238 691 3292 736 et
3326 681 3453 735 alibi
3484 680 3838 748 plurimorum
3875 696 3998 734 san-

764 771 980 816 ctorum
1014 749 1321 830 marty'rum
1355 765 1411 811 et
1440 749 1811 830 confessorum
1853 762 2017 821 atque
2060 749 2331 830 virginum
2366 762 2441 830 et_
2463 753 2817 830 respondetur
2850 766 2878 804 a
2921 754 3087 830 choro
3109 793 3123 815 ,
3152 752 3260 805 Deo
3286 753 3525 818 gratias:
3570 768 3587 800 ι
3614 750 3690 802 sic
3719 759 3774 801 et
3797 749 3993 811 Grani,

766 832 1011 885 absoluta
1054 819 1362 884 sanctorum
1395 824 1908 879 commemoratione
1931 819 2209 890 praedicta,
2235 823 2534 876 clausulam
2555 819 2855 882 adhibent,
2898 822 3090 890 quovis
3147 822 3233 875 die
3266 822 3583 879 iterandam,
3634 820 3766 882 Ταῖς
3820 819 3997 873 αὐτῶν

763 902 949 967 ἁγίαις
976 899 1315 1025 πὲεσὸείαις,
1342 897 1373 948 6
1398 895 1549 977 Θεὸς,
1569 893 1905 974 ὲλέησονικαι
1933 891 2105 957 ζῶσον
2130 894 2295 962 ἡμᾶς.
2321 910 2339 943 ι
2364 892 2433 945 Hc

766 986 883 1025 nos.
940 988 960 1021 ι
1055 987 1085 1024 x
1125 972 1251 1024 hch
1297 976 1585 1021 resumitur
1613 974 1804 1019 cautus
1841 975 1998 1017 ll‘ltllll
2026 977 2286 1015 canonum
2312 964 2433 1017 eode

2326 910 2339 943 ι
2364 892 2562 945 Horum
2582 893 2780 945 sanctis
2802 894 3053 959 precibus
3081 893 3339 945 miserere
3369 891 3545 951 nobis,
3570 891 3733 952 Deus,
3758 900 3812 943 et
3849 892 3996 943 salva

2326 964 2500 1017 eodem
2544 977 2651 1025 quo
2692 977 2848 1025 supra
2875 964 3083 1015 ordine.
3128 961 3223 1014 Est
3250 971 3427 1014 autem
3456 960 3507 1012 in
3533 958 3838 1024 hnjusmodi
3867 975 3996 1025 poe-

766 958 900 1052 “ds.
940 988 960 1021 ι
1007 958 1085 1025 Ex
1125 972 1251 1024 hinc
1272 958 1585 1052 vres‘umitur
1613 958 1998 1052 cairtus’triutu
2026 958 2500 1052 canonumleodem
2544 977 2651 1030 quo
2685 958 2848 1052 lsupra
2875 964 3083 1015 ordine.
3128 961 3223 1014 Est
3250 971 3427 1014 autem
3456 960 3507 1012 in
3533 958 3838 1024 huiusmodi
3867 975 3997 1028 poe-

1415 1051 1419 1052 ,
1444 1047 1453 1052 .
1619 1051 1623 1052 ,
1657 1045 1671 1052 -
1710 1050 1719 1052 _
1768 1043 1955 1052 ..,_A-_U
1983 1048 2012 1052 --
2054 1041 2209 1052 Α...--..Α
2253 1047 2271 1052 Α
2331 1048 2464 1052 ___--__.
2531 1044 2670 1052 -._--_
2703 1047 2761 1052 μ...
2806 1048 2890 1052 -..η
2944 1041 3054 1052 ...ΔΑ
3076 1033 3170 1052 ...2-
3210 1031 3282 1052 Α-.
3304 1032 3409 1052 ..ηΙΑ
3465 1030 3642 1052 ΑΑ.¹Λ-“ι
3674 1031 3782 1052 Ι¹Α..Α
3841 1030 3993 1052 ...ΔΑΑ

776 1042 933 1095 matis
980 1055 1238 1110 perquam
1293 1036 1574 1110 usitatum,
1598 1045 1675 1110 ⁸ιιι
1709 1033 2018 1110 ultimarum
2054 1041 2224 1110 trium
2248 1031 2765 1110 odarum__s_troph:_e
2803 1048 2894 1110 seu
2926 1033 3175 1110 .troparia
3207 1031 3413 1099 singula
3460 1030 3646 1081 eodem
3673 1031 3784 1082 fere
3841 1030 3998 1083 modo

766 1097 1164 1177 terminentur;
1213 1118 1268 1161 ut
1297 1108 1351 1161 in
1385 1110 1486 1159 ode
1522 1104 1735 1171 quidem
1766 1105 1992 1177 septima
2026 1102 2273 1177 clausula
2297 1103 2365 1177 sit
2408 1122 2419 1155 :

2328 1103 2365 1177 ξι
2408 1122 2419 1155 :
2465 1097 2779 1177 'EU)LOYUT§;
2800 1104 2827 1152 6
2850 1102 2981 1177 Θεὸς
3016 1102 3122 1177 τῶν
3152 1097 3402 1177 πατέρων
3434 1097 3997 1177 ἡμῶνῆβεηθιιὶοιυε

766 1116 1164 1177 terminentur;
1213 1118 1268 1161 ut
1297 1116 1351 1161 in
1385 1116 1486 1159 ode
1522 1116 1735 1171 quidem
1766 1116 1992 1171 septima
2026 1116 2261 1155 clausula
2297 1116 2365 1156 Slt
2408 1122 2419 1155 :

764 1183 903 1235 Deus
929 1190 1136 1249 patrum
1164 1187 1469 1249 nostrorum
1491 1193 1505 1241 ;
1532 1194 1556 1249 ξ
1576 1178 1628 1228 in
1646 1186 1860 1249 octava,
1886 1173 2169 1249 εὐλογεῖτε
2193 1172 2287 1223 καὶ
2322 1173 2434 1241 ὑπει

2329 1116 2365 1154 ιι
2408 1122 2419 1155 :
2481 1116 2779 1171 δυλογητος
2800 1116 2827 1152 ο
2850 1116 2981 1165 υεος
3016 1119 3122 1154 των
3152 1116 3402 1169 πατερων
3434 1116 3466 1169 η
3563 1116 3641 1150 ν.ι
3680 1116 3998 1153 neneutcws

2329 1172 2660 1249 ὑπεροψοῦτε
2695 1173 2775 1249 είς
2801 1174 3008 1249 πάντας
3039 1173 3166 1233 τοὺς
3191 1171 3392 1249 αἰῶνας
3422 1188 3440 1219 ι
3474 1116 3801 1249 Egrediens
3825 1180 3881 1223 et
3911 1183 3999 1221 su-

764 1239 1097 1330 peres'altate
1130 1252 1189 1330 in.
1210 1246 1458 1330 sgeculaj.
1486 1239 1507 1298 ι
1545 1246 1597 1330 in
1630 1259 1788 1330 nona
1805 1244 2049 1330 denique
2060 1239 2703 1330 qlrequentetur‘verbum
2724 1241 3055 1330 Μὶγαλύνειν
3077 1282 3091 1309 ,
3124 1260 3141 1291 ι
3174 1243 3557 1330 iniaguililcare;
3586 1256 3605 1287 ι
3633 1246 3691 1289 ut
3717 1239 3998 1330 videantur

761 1307 1007 1388 quadam
1038 1320 1191 1389 quasi
1218 1307 1499 1386 dispositio
1530 1316 1598 1370 ad
1637 1313 1847 1377 laudes,
1874 1307 1995 1381 qua:
2028 1321 2153 1366 sunt
2175 1307 2430 1366 extrema
2459 1311 2706 1367 Matutini
2752 1307 2911 1366 ollicii
2954 1307 3084 1380 pars
3103 1324 3166 1365 ac
3193 1307 3319 1364 vere
3348 1308 3636 1371 Matutina,
3682 1307 3764 1362 uti
3790 1310 3998 1364 dicetur

761 1392 940 1457 capite
968 1389 1234 1458 sequenti.

1278 1547 1417 1604 ODE
1457 1551 1513 1603 7.
1553 1549 1790 1605 Hirmus.

835 1644 960 1700 £92.
1015 1645 1148 1701 Cum
1200 1644 1520 1698 adoraretur
1567 1651 1744 1697 statua
1794 1651 1960 1695 aurea
2022 1636 2077 1689 in
2138 1646 2328 1699 campo

761 1740 953 1809 Dura,
1005 1746 1116 1792 tres
1168 1735 1323 1806 pueri
1372 1736 1447 1789 tui
1500 1734 1891 1804 proculcarunt
1945 1724 2327 1797 impiissimum

700 1879 703 1883 ,
763 1828 1077 1883 mandatum
1108 1842 1125 1881 :
1154 1826 1386 1897 coniecti
1441 1836 1624 1881 autem
1681 1826 1735 1879 in
1771 1819 2007 1876 medium
2063 1817 2280 1888 igneum
2312 1853 2329 1879 ,

763 1920 920 1989 quasi
943 1933 1067 1974 rore
1110 1916 1318 1989 perfusi
1356 1915 1657 1987 psallebant
1686 1911 2048 1969 :Benedictus
2071 1923 2153 1974 es,
2188 1907 2332 1961 Deus

761 2021 972 2082 patrum
1008 2020 1329 2065 nostrorum.

832 2106 889 2159 lu
941 2117 1155 2159 crucem
1216 2099 1436 2157 suliixus
1491 2096 1580 2167 qui
1623 2110 1690 2151 ex
1758 2102 1861 2160 te,
1918 2092 2012 2147 Dei
2061 2088 2327 2154 Genitrix,

762 2212 960 2268 corpus
991 2196 1309 2263 assumpsit,
1335 2192 1529 2247 Adami
1568 2190 1859 2260 discerpsit
1887 2183 2327 2255 chirographum.

761 2291 913 2345 Illum
940 2303 1081 2344 nunc
1106 2301 1353 2357 precare,
1374 2284 1552 2338 omnis
1574 2282 1710 2337 naavi
1741 2293 1957 2350 expers,
1980 2287 2037 2331 ut
2061 2292 2091 2331 a
2119 2274 2332 2329 cunctis

760 2378 1017 2448 periculis
1051 2377 1247 2431 liberet
1298 2373 1487 2429 ﬁdeles
1515 2370 1819 2427 clamantes
1851 2388 1865 2424 :
1899 2367 2218 2423 Benedictus
2246 2376 2329 2428 es,

760 2474 901 2527 Dens
932 2479 1143 2539 patrum
1171 2477 1501 2521 nostrorum.

831 2537 967 2635 Spes
1014 2564 1153 2618 bona
1196 2556 1636 2630 exspectatioque
1677 2537 2053 2611 ﬁdeliumes,o
2082 2541 2327 2607 Domina,

758 2668 811 2713 et
841 2632 951 2726 jam
985 2655 1341 2725 deprecamur
1369 2662 1442 2717 te,
1474 2658 1534 2704 ut
1560 2645 1807 2701 eiiundas
1827 2632 2325 2698 commiserationis

759 2750 985 2820 pelagus
1002 2760 1162 2815 super
1184 2758 1391 2807 omnes,
1422 2742 1475 2795 in
1501 2751 1552 2794 te
1581 2737 1937 2797 conﬁdentes,
1964 2740 2017 2786 et
2035 2729 2100 2784 ad
2128 2726 2326 2781 Filium

760 2850 911 2892 tuum
948 2836 1250 2891 clamantes
1290 2849 1303 2885 :
1335 2828 1661 2885 Benedictus
1687 2837 1746 2879 es
1766 2861 1782 2888 ,
1815 2823 1956 2877 Deus
1987 2829 2201 2890 patrum
2241 2828 2329 2869 uo-

760 2936 1020 2982 strorum.

832 3018 1138 3091 Speciosam
1170 3014 1467 3072 salubrium
1520 3009 1893 3065 mandatorum
1940 3012 2167 3063 vestem,
2223 3011 2329 3067 qua

760 3090 994 3167 amictus
1035 3110 1110 3164 fui
1139 3109 1191 3163 in
1235 3106 1561 3175 baptismate
1586 3142 1601 3169 ,
1649 3097 1860 3168 perdidi
1891 3112 2001 3165 pra:
2031 3090 2268 3151 incuria,
2296 3101 2329 3140 o

764 3206 931 3260 miser
958 3205 971 3256 !
1013 3202 1169 3256 Nunc
1189 3202 1255 3253 ad
1292 3210 1366 3261 te,
1399 3195 1587 3265 Virgo,
1621 3190 1896 3259 confugio,
1917 3195 1971 3242 et
1996 3194 2119 3255 peto
2148 3180 2328 3235 tunica

765 3290 1135 3365 temperantiae
1158 3303 1254 3358 per
1289 3295 1341 3341 te
1373 3286 1567 3339 iterum
1598 3280 1766 3337 indui.

834 3472 959 3528 {95.
995 3469 1166 3533 Alius,
1189 3468 1331 3522 sicut
1368 3461 1636 3517 Ἀντίθεον
1666 3458 2013 3530 πρόσταγμα.

843 3571 1177 3633 mtperatui,
1229 3574 1262 3613 ο
1290 3556 1455 3618 beati,
1497 3563 1552 3609 et
1576 3553 1712 3622 fugit
1734 3565 1853 3619 quae
1881 3556 1997 3603 erat
2036 3555 2159 3600 ante
2191 3544 2332 3598 into-

764 3652 1005 3709 lerahiiis
1044 3648 1271 3703 audacia
1324 3646 1609 3700 haeresum.
1670 3641 1736 3693 Et
1771 3653 1896 3693 cera
1947 3638 2249 3705 liquesceus
2299 3650 2329 3687 a

764 3744 903 3799 facie
937 3740 1077 3813 ignis
1107 3737 1414 3795 ostenditur
1439 3749 1558 3790 esse
1587 3730 1815 3803 quodvis
1844 3727 2203 3781 adulterinum
2232 3724 2330 3779 do—

764 3850 907 3906 gnta,
937 3832 1079 3904 quod
1112 3830 1400 3904 opponitur
1435 3826 1631 3882 vestris
1662 3822 1867 3885 verbis,
1900 3822 2078 3891 ignem
2114 3816 2330 3886 spiran-

764 3932 928 3985 tibus.

848 4019 1142 4070 obsoletas
1206 4026 1378 4081 nugas
1455 4008 1733 4079 gentilium
1815 4005 2151 4062 declinarunt
2223 4010 2333 4057 tres

766 4109 909 4174 illis;
939 4118 1166 4175 eamque
1195 4102 1362 4158 solam
1410 4100 1691 4169 elegerunt
1720 4096 1993 4154 suadelam
2020 4136 2035 4159 ,
2062 4111 2180 4165 qua
2230 4095 2330 4149 ho-

766 4204 970 4255 minum
1015 4198 1289 4253 mentibus
1330 4193 1600 4250 dominari
1651 4192 1842 4245 idonea
1870 4231 1887 4257 ,
1915 4185 2333 4245 corroborandae

768 4296 999 4351 serviret
1046 4291 1293 4357 veritati;
1339 4288 1520 4357 itaque
1582 4298 1798 4340 omnem
1846 4282 2084 4338 ﬁdelium
2134 4289 2331 4334 coetum

768 4389 1095 4443 subcaerunt
1149 4383 1327 4437 verbis
1387 4381 1456 4439 ad
1518 4375 1954 4449 persuadendum
2026 4386 2330 4430 accommo~

768 4484 873 4536 dis.

1437 4584 1677 4640 Mariale.

855 4684 1175 4741 raudabilis
1216 4690 1270 4735 et
1322 4696 1449 4749 pura
1477 4680 1659 4747 Virgo,
1715 4676 1767 4729 in
1798 4685 1849 4730 te
1876 4674 2055 4730 omnis
2096 4672 2327 4743 prophe-

762 4783 841 4834 tia
896 4776 1205 4847 conquievit
1257 4781 1313 4827 et
1351 4773 1511 4825 linem
1542 4768 1776 4825 habuit:
1827 4768 1880 4822 in
1918 4765 2331 4822 admirationem

768 4872 981 4940 rapiens
1010 4885 1105 4925 eos
1144 4869 1234 4938 qui
1270 4869 1455 4923 dicunt
1482 4884 1493 4918 :
1533 4860 1611 4917 Ex
1641 4871 1712 4927 te,
1740 4874 1774 4917 ο
1808 4870 1956 4917 caSta
1987 4900 2001 4924 ,
2033 4858 2335 4914 scaturiunt

771 4962 1069 5018 illustriora
1103 4976 1263 5028 quam
1314 4973 1433 5028 qua:
1478 4954 1733 5026 pradicta
1778 4953 1996 5007 fuerunt
2051 4949 2331 5014 miracula,

766 5073 888 5127 quae
906 5055 1224 5125 sapientiam
1250 5053 1601 5121 interpretum
1633 5047 1930 5103 declarant.

840 5148 961 5202 194.
998 5148 1166 5213 Alius,
1210 5146 1349 5201 sicut
1377 5143 1511 5197 Θεοῦ
1553 5140 1983 5212 συγκαταϐασιν.

843 5239 1094 5295 Tacentia
1126 5250 1180 5293 et
1219 5238 1525 5300 clamantia,
1565 5236 1785 5302 visaque
1812 5241 1866 5285 et
1918 5233 2100 5285 audita
2125 5227 2337 5283 virtutis

776 5348 837 5385 ac
864 5330 1141 5399 sapientia:
1176 5328 1465 5383 simulacra
1496 5326 1709 5381 luerunt
1744 5322 1816 5376 illi
1848 5322 2104 5391 theologi,
2128 5322 2335 5389 quinos

775 5435 933 5491 opere
974 5432 1029 5475 ct
1079 5434 1333 5475 sermone
1368 5418 1637 5471 adhortati
1674 5424 1800 5470 sunt
1838 5416 1901 5466 ad
1936 5412 2279 5468 clamandum
2316 5424 2332 5462 :

775 5513 1098 5568 Benedictus
1132 5513 1271 5567 Deus
1302 5518 1514 5579 patrum
1554 5516 1882 5562 nostrorum.

854 5608 923 5662 Ut
952 5606 1048 5664 Dei
1096 5621 1274 5670 voces,
1331 5605 1657 5660 horrendum
1702 5619 1769 5658 ex
1822 5600 1932 5656 alto
2007 5602 2329 5661 intonantes.

778 5697 1171 5766 l'ulminumque
1219 5695 1395 5765 jacula
1461 5694 1759 5762 excipimus
1814 5694 1973 5745 verba
2033 5698 2256 5751 vestra,
2304 5701 2337 5741 ο

780 5790 1199 5859 sapientissimi,
1228 5804 1333 5841 una
1366 5787 1646 5841 vobiscum
1685 5786 2031 5840 concinentes
2060 5820 2075 5845 ,
2105 5779 2335 5836 Benedi-

777 5894 895 5939 ctus
922 5881 1060 5940 Deus
1082 5892 1292 5951 patrum
1324 5890 1652 5937 nostrorum.

2358 1550 2406 1606 Δ

2918 1541 3048 1611 om
3077 1537 3142 1603 ς.
3183 1538 3243 1591 'o
3269 1535 3481 1610 είρμός.

2501 1636 2718 1697 Εἰκόνος
2761 1632 2967 1703 χρυσῆς
3004 1632 3061 1683 ἐν
3108 1628 3274 1700 πεδίῳ
3306 1630 3485 1702 Δεῃρᾷ
3506 1627 3931 1700 λατρευομένης,
3948 1627 3995 1679 οἱ

2428 1732 2576 1801 τρεῖς
2605 1746 2699 1782 σου
2733 1726 2920 1789 παῖδες
2962 1722 3344 1793 κατεπάτησαν
3400 1721 3706 1774 ἀθεωτάτω
3762 1718 3997 1789 προστά-

2430 1838 2652 1892 γματος·
2714 1818 2875 1891 μέσον
2904 1815 2961 1870 δὲ
2991 1814 3160 1886 πυρὸς
3206 1809 3588 1883 ἐμϐληθέντες,
3634 1810 3996 1880 δροσιζόμενοι

2430 1912 2674 1977 ἔψαλλον·
2734 1908 3037 1979 Εὐλογητὸς
3088 1904 3159 1973 εἴ,
3210 1907 3239 1958 ό
3280 1902 3435 1966 Θεὸς,
3496 1902 3525 1954 6
3581 1901 3687 1954 τῶν
3749 1900 3998 1971 πατέρων

2431 2004 2607 2076 ἡμῶν.

2501 2093 2726 2166 Σταυρῷ
2756 2094 3092 2164 προσπαγεὶς
3139 2093 3167 2144 6
3222 2090 3285 2143 ὲκ
3335 2085 3429 2141 σοῦ
3476 2080 3845 2153 σωματωθεὶς,
3881 2080 3997 2134 θεο-

2429 2188 2743 2256 γεννήτρια,
2794 2182 2963 2253 Ἀδὰμ
2989 2180 3237 2252 διέρρηξε
3263 2178 3324 2232 τὸ
3352 2174 3731 2249 χειρόγραφον.
3778 2172 3873 2225 Ὃν
3906 2170 3998 2223 νῦν

2430 2278 2686 2342 δυσώπει,
2741 2276 3072 2347 πανάμωμε,
3132 2272 3377 2335 ἅπαντας
3431 2267 3689 2322 κινδύνων
3732 2264 4000 2334 »ῥυσθῆναι

2431 2370 2554 2431 τοὺς
2576 2370 2631 2421 ἐν
2668 2369 2847 2421 πίστει
2882 2362 3312 2438 κραυγάξονταςι
3345 2356 3648 2427 Εὐλογητὸς
3672 2350 3743 2421 εἴ,
3786 2356 3816 2408 ό
3847 2352 3996 2417 Θεὸς,

2429 2460 2459 2512 6
2485 2458 2593 2511 τῶν
2619 2459 2866 2529 πατέρων
2901 2456 3078 2528 ἡμῶν.

2511 2547 2697 2610 Ἐλπὶς
2752 2547 2928 2617 ἀγαθὴ
2975 2544 3270 2617 προσδοκία
3326 2560 3386 2597 τε
3441 2540 3650 2595 πιστῶν
3706 2539 3995 2608 ὑπάρχεις,

2431 2641 2713 2695 Δέσποινα·
2752 2640 2847 2691 καὶ
2872 2637 2966 2690 νῦν
2989 2636 3219 2707 δεόμεθά
3242 2652 3333 2688 σου
3366 2632 3710 2705 δωρήσασθαι
3743 2630 3843 2699 τῆς
3873 2645 4001 2696 συμ-

2432 2734 2661 2798 παθείας
2697 2732 2758 2785 τὸ
2786 2730 3021 2797 πέλαγος
3064 2729 3195 2779 πᾶσι
3223 2730 3334 2789 τοῖς
3362 2728 3438 2788 εἰς
3468 2728 3528 2777 σὲ
3570 2722 3873 2781 πεποιθὸσι,
3906 2720 3998 2772 καὶ

2430 2827 2507 2897 τῷ
2545 2825 2658 2896 Υίῷ
2701 2843 2793 2879 σου
2824 2818 3240 2895 κραυγάζουσιν·
3272 2815 3572 2884 Εὐλογητὸς
3599 2810 3666 2874 εἷ,
3710 2814 3737 2863 6
3780 2810 3933 2873 Θεὸς,
3969 2812 3999 2863 6

2360 2897 2403 2951 Β
2430 2918 2538 2971 τῶν
2568 2917 2817 2986 πατέρων
2845 2917 2877 2985 ἡ
2888 2912 3024 2983 μῶν.

2513 3008 2731 3079 Ὠραίαν
2807 3005 2997 3075 στολὴν
3053 2997 3332 3070 σωτηρίων
3388 2992 3611 3047 ἐντολῶν
3660 2990 3749 3044 διὰ
3805 2989 3999 3058 βαπτί-

2434 3121 2636 3176 σματος
2662 3100 3095 3171 ἀμφιασάμενος,
3143 3090 3525 3163 ἀπημαύρωσα
3564 3087 3627 3139 δι’
3678 3084 3935 3154 ἀμελείας
3973 3086 4001 3136 6

2432 3174 2691 3252 δείλαιοςι
2723 3189 2835 3241 Νῦν
2861 3188 2915 3239 δέ
2934 3204 3015 3238 σοι
3036 3183 3370 3256 προστρέχω,
3407 3178 3666 3250 Παρθένε,
3687 3175 3775 3228 τὸν
3800 3174 4000 3244 χιτῶνα

2435 3281 2747 3351 αἰτούμενος
2784 3281 2879 3348 τῆς
2913 3274 3261 3348 σωφροσύνης
3302 3272 3389 3325 διὰ
3434 3270 3527 3323 σοῦ
3576 3267 3737 3322 πάλιν
3783 3264 4002 3321 ἐνδύσα-

2435 3375 2580 3429 σθαι.

2504 3463 2714 3524 Ἃλλος.
2750 3456 3013 3512 Ἀντίθεον
3041 3456 3385 3526 πρόσταγμα.

2516 3558 2790 3625 meam,
2854 3550 3145 3620 μακάριοι,
3220 3547 3312 3597 καὶ
3383 3544 3701 3615 δραπετεύει
3756 3547 3787 3615 ἡ
3873 3543 4004 3615 πρὶν

2434 3649 2802 3708 ἀνυπόστατος
2845 3640 3117 3712 θρασύτης
3151 3635 3257 3689 τῶν
3290 3636 3573 3706 αἱρέσεων.
3607 3635 3879 3705 Κηρὸς’δὲ
3906 3652 4000 3706 τη.-

2432 3742 2659 3811 κόμενος
2700 3737 2807 3791 ἀπὸ
2866 3732 3156 3806 προσώπου
3201 3728 3391 3802 πυρὸς,
3450 3727 3599 3780 νόθον
3638 3727 3781 3780 ἅπαν
3827 3729 4001 3799 δόγμα

2432 3835 2543 3894 τοῖς
2576 3830 2730 3901 ὑμῶν
2775 3824 3108 3898 προσϐάλλον
3149 3821 3404 3891 φθόγγοις
3450 3817 3747 3890 πυρπνόοις
3796 3816 4003 3873 δείκνυ-

2431 3941 2540 3977 ται.

2521 4012 2743 4084 ..εευδεῖς
2796 4008 2891 4078 μὲν
2936 4005 3215 4071 ἐξέκλιναν
3254 4005 3517 4075 Ἐλλήνων
3579 4004 3787 4065 ὕθλους·
3831 3999 4001 4053 πειθὼ

2433 4109 2491 4163 δὲ
2522 4107 2621 4178 τὴν
2645 4103 2906 4176 τύραννον
2934 4096 3238 4170 ἀνθρώποις
3263 4094 3428 4165 μόνην
3450 4095 3668 4156 εἴλοντο,
3699 4096 3789 4159 ὑφ’
3828 4086 3894 4161 ἧς
3906 4091 4001 4161 τὴν

2435 4200 2693 4273 ἀλήθειαν
2721 4198 2769 4251 οί
2808 4197 2955 4268 τρεῖς
2994 4188 3343 4251 τονώσαντες,
3376 4185 3546 4248 οὕτως
3579 4187 3722 4238 ἅπαν
3752 4184 4002 4255 σύστημα

2440 4292 2645 4347 πιστῶν
2671 4288 2979 4360 χειροῦνται
3008 4282 3189 4354 λόγοις
3215 4278 3313 4334 καὶ
3338 4276 3743 4332 καταπείθουσι.

3063 4574 3362 4633 Θεοτόκιον.

2523 4691 2721 4745 ωνέσο.
2766 4688 2915 4725 πασα
2962 4670 3262 4743 πρόρρησις
3293 4665 3663 4735 ὲπανεπαύθη,
3707 4666 3802 4722 καὶ
3832 4667 4001 4739 πέρας

2439 4772 2671 4837 ἐδέξατο,
2701 4764 2977 4834 ξενίζουσα
3001 4766 3124 4828 τοὺς
3145 4764 3417 4830 λέγοντας
3435 4759 3526 4811 Ἐκ
3556 4758 3648 4813 σοῦ
3672 4759 3729 4813 δὲ
3758 4760 4003 4831 λαμπρό-

2439 4884 2570 4938 τερα
2595 4862 2811 4921 καὶτῶν
2837 4862 3185 4934 προρρήσεων
3204 4854 3453 4926 θαύματα
3480 4853 3805 4925 πηγὰζουσι,
3841 4853 3999 4923 ἁγνὴ,

2438 4961 2697 5033 δηλοῦντα
2730 4958 2851 5020 τοὺς
2876 4950 3293 5026 ἑρμηνεύοντας.

2514 5135 2720 5199 Ἄλλος.
2739 5134 2873 5189 Θεοῦ
2905 5133 3323 5201 συγκατάϐασιν.

2514 5228 2749 5297 Σιγῶσαι
2792 5228 2885 5279 καὶ
2922 5225 3240 5297 κράζουσαι,
3270 5218 3540 5293 ὁρώμεναὶ
3568 5234 3625 5270 τε
3671 5218 3762 5270 καὶ
3813 5216 4003 5270 ἀκουόο

2445 5334 2620 5390 μεναι,
2672 5317 2871 5386 ἀρετῆς
2910 5317 3001 5368 καὶ
3036 5314 3224 5382 σοφίας
3254 5316 3300 5366 oi
3332 5309 3581 5381 θεηγόροι
3633 5308 3826 5376 στῆλαι
3856 5307 4004 5374 γεγό-

2442 5428 2613 5474 νασιν,
2642 5409 2785 5481 ἔργῳ
2814 5409 2906 5461 καὶ
2941 5407 3084 5477 λόγῳ
3124 5406 3251 5476 βοᾷν
3280 5401 3726 5475 προτρεπόμενοι·
3767 5399 4002 5469 Εὐλογη-

2441 5506 2530 5567 τὸς
2562 5506 2589 5555 ὁ
2620 5501 2773 5564 Θεὸς,
2801 5502 2828 5553 6
2849 5501 2955 5552 τῶν
2990 5499 3242 5570 πατέρων
3274 5496 3448 5567 ἡμῶν.

2507 5592 2640 5646 Θεοῦ
2686 5594 2865 5660 φωνὰς
2901 5590 3104 5645 ἄνωθεν
3150 5586 3548 5658 ὲπιόροντώσας
3578 5587 3711 5657 ἡμῖν
3747 5580 3998 5648 ἐξαίσιον,

2444 5686 2736 5756 ἀστραπῶν
2766 5701 2824 5735 τε
2852 5681 3059 5750 βολίδας
3085 5681 3249 5743 τοὺςὺ
3260 5679 3373 5750 μῶν
3411 5678 3680 5748 φθόγγους
3707 5676 3999 5746 δεχόμενοι,

2447 5778 2727 5847 πάνσοφοι,
2755 5771 3207 5843 συμμελῳδοῦμεν
3244 5773 3386 5841 ὑμῖνσ
3419 5768 3715 5841 Εὐλογητὸς
3735 5770 3762 5822 6
3793 5767 3945 5833 Θεὸς,
3975 5768 4002 5819 6

2449 5870 2551 5921 τῶν
2583 5866 2826 5938 πατέρων
2852 5864 3023 5934 ἡμῶν.
