  <div class='ocr_page' id='page_1' title='image "/cluster/home/n/w/nwhite01/storage/ocr_20150623/29/uva.x004321530/386.png"; bbox 0 0 4230 6484; ppageno 0'>
   <div class='ocr_carea' id='block_1_1' title="bbox 1316 466 2337 533">
    <p class='ocr_par' dir='ltr' id='par_1_1' title="bbox 1316 466 2337 533">
     <span class='ocr_line' id='line_1_1' title="bbox 1316 466 2337 533; baseline -0.011 0"><span class='ocrx_word' id='word_1_1' title='bbox 1316 472 1712 533; x_wconf 78' lang='lat' dir='ltr'><strong>ACOLUTHIA</strong></span> <span class='ocrx_word' id='word_1_2' title='bbox 1751 470 2086 527; x_wconf 81' lang='lat' dir='ltr'><strong>TRIPLlClS</strong></span> <span class='ocrx_word' id='word_1_3' title='bbox 2123 466 2337 524; x_wconf 84' lang='lat' dir='ltr'><strong>FESTl.</strong></span> 
     </span>
    </p>
   </div>
   <div class='ocr_carea' id='block_1_2' title="bbox 3218 476 3443 517">
    <p class='ocr_par' dir='ltr' id='par_1_2' title="bbox 3218 476 3443 517">
     <span class='ocr_line' id='line_1_2' title="bbox 3218 476 3443 517; baseline -0.013 0"><span class='ocrx_word' id='word_1_4' title='bbox 3218 476 3443 517; x_wconf 69' lang='lat' dir='ltr'><strong>JCCLXIII</strong></span> 
     </span>
    </p>
   </div>
   <div class='ocr_carea' id='block_1_3' title="bbox 308 574 1978 666">
    <p class='ocr_par' dir='ltr' id='par_1_3' title="bbox 308 588 1978 666">
     <span class='ocr_line' id='line_1_3' title="bbox 308 588 1978 666; baseline -0.005 -16"><span class='ocrx_word' id='word_1_5' title='bbox 308 596 636 660; x_wconf 79' lang='grc' dir='ltr'>Ῥιπίζονται</span> <span class='ocrx_word' id='word_1_6' title='bbox 678 594 903 666; x_wconf 70' lang='grc' dir='ltr'>χάλαζαι</span> <span class='ocrx_word' id='word_1_7' title='bbox 945 593 1009 647; x_wconf 75' lang='grc' dir='ltr'>ἐκ</span> <span class='ocrx_word' id='word_1_8' title='bbox 1025 591 1333 664; x_wconf 80' lang='grc' dir='ltr'>πυροὸόλων</span> <span class='ocrx_word' id='word_1_9' title='bbox 1372 590 1648 660; x_wconf 87' lang='grc' dir='ltr'>γλωσσῶν,</span> <span class='ocrx_word' id='word_1_10' title='bbox 1667 608 1785 643; x_wconf 78' lang='grc' dir='ltr'>συν·</span> <span class='ocrx_word' id='word_1_11' title='bbox 1812 594 1859 651; x_wconf 77' lang='grc' dir='ltr'>Α</span> <span class='ocrx_word' id='word_1_12' title='bbox 1957 588 1978 642; x_wconf 74' lang='grc' dir='ltr'><strong>Ι</strong></span> 
     </span>
    </p>
   </div>
   <div class='ocr_carea' id='block_1_4' title="bbox 1772 574 3442 666">
    <p class='ocr_par' dir='ltr' id='par_1_4' title="bbox 1772 574 3442 657">
     <span class='ocr_line' id='line_1_4' title="bbox 1772 574 3442 657; baseline -0.008 -13"><span class='ocrx_word' id='word_1_13' title='bbox 1772 621 1785 630; x_wconf 97' lang='grc'><strong>-</strong></span> <span class='ocrx_word' id='word_1_14' title='bbox 1812 594 1859 651; x_wconf 78' lang='grc' dir='ltr'>Α</span> <span class='ocrx_word' id='word_1_15' title='bbox 1957 588 2034 642; x_wconf 85' lang='lat' dir='ltr'><strong>Ex</strong></span> <span class='ocrx_word' id='word_1_16' title='bbox 2078 586 2277 657; x_wconf 77' lang='lat' dir='ltr'><strong>linguis</strong></span> <span class='ocrx_word' id='word_1_17' title='bbox 2331 580 2614 652; x_wconf 80' lang='lat' dir='ltr'><strong>ignivomis</strong></span> <span class='ocrx_word' id='word_1_18' title='bbox 2665 580 2939 649; x_wconf 76' lang='lat' dir='ltr'><strong>iactantur</strong></span> <span class='ocrx_word' id='word_1_19' title='bbox 2985 574 3297 645; x_wconf 85' lang='lat' dir='ltr'><strong>grandines,</strong></span> <span class='ocrx_word' id='word_1_20' title='bbox 3325 590 3442 644; x_wconf 76' lang='lat' dir='ltr'><strong>qua</strong></span> 
     </span>
    </p>
   </div>
   <div class='ocr_carea' id='block_1_5' title="bbox 227 683 1785 759">
    <p class='ocr_par' dir='ltr' id='par_1_5' title="bbox 227 683 1785 759">
     <span class='ocr_line' id='line_1_5' title="bbox 227 683 1785 759; baseline -0.004 -19"><span class='ocrx_word' id='word_1_21' title='bbox 227 688 508 759; x_wconf 75' lang='grc' dir='ltr'>τρίϐουσαι</span> <span class='ocrx_word' id='word_1_22' title='bbox 528 686 598 739; x_wconf 82' lang='grc' dir='ltr'>τὰ</span> <span class='ocrx_word' id='word_1_23' title='bbox 630 686 802 756; x_wconf 88' lang='grc' dir='ltr'>σαθρά</span> <span class='ocrx_word' id='word_1_24' title='bbox 819 684 925 737; x_wconf 91' lang='grc' dir='ltr'><strong>τῶν</strong></span> <span class='ocrx_word' id='word_1_25' title='bbox 946 684 1248 756; x_wconf 84' lang='grc' dir='ltr'><strong>δογμάτων,</strong></span> <span class='ocrx_word' id='word_1_26' title='bbox 1278 683 1329 736; x_wconf 86' lang='grc' dir='ltr'>ετ</span> <span class='ocrx_word' id='word_1_27' title='bbox 1354 700 1435 747; x_wconf 92' lang='grc' dir='ltr'><strong>τις</strong></span> <span class='ocrx_word' id='word_1_28' title='bbox 1463 683 1624 753; x_wconf 83' lang='grc' dir='ltr'>μέσον</span> <span class='ocrx_word' id='word_1_29' title='bbox 1646 684 1785 752; x_wconf 80' lang='grc' dir='ltr'>παρ-</span> 
     </span>
    </p>
   </div>
   <div class='ocr_carea' id='block_1_6' title="bbox 229 772 1781 851">
    <p class='ocr_par' dir='ltr' id='par_1_6' title="bbox 229 772 1781 851">
     <span class='ocr_line' id='line_1_6' title="bbox 229 772 1781 851; baseline -0.006 -19"><span class='ocrx_word' id='word_1_30' title='bbox 229 779 555 851; x_wconf 78' lang='grc' dir='ltr'>ρησιάσηται</span> <span class='ocrx_word' id='word_1_31' title='bbox 594 776 700 829; x_wconf 86' lang='grc' dir='ltr'><strong>τῶν</strong></span> <span class='ocrx_word' id='word_1_32' title='bbox 753 773 1069 842; x_wconf 88' lang='grc' dir='ltr'>κενολόγων,</span> <span class='ocrx_word' id='word_1_33' title='bbox 1116 772 1249 844; x_wconf 81' lang='grc' dir='ltr'>ὀρθὰ</span> <span class='ocrx_word' id='word_1_34' title='bbox 1283 772 1358 843; x_wconf 80' lang='grc' dir='ltr'><strong>μὴ</strong></span> <span class='ocrx_word' id='word_1_35' title='bbox 1402 772 1781 842; x_wconf 62' lang='grc' dir='ltr'>φθεγγόμενος</span> 
     </span>
    </p>
   </div>
   <div class='ocr_carea' id='block_1_7' title="bbox 226 863 1783 940">
    <p class='ocr_par' dir='ltr' id='par_1_7' title="bbox 226 863 1783 940">
     <span class='ocr_line' id='line_1_7' title="bbox 226 863 1783 940; baseline -0.005 -15"><span class='ocrx_word' id='word_1_36' title='bbox 226 871 529 940; x_wconf 79' lang='grc' dir='ltr'><strong>Εὐλογητὸς</strong></span> <span class='ocrx_word' id='word_1_37' title='bbox 557 871 584 923; x_wconf 95' lang='lat'><strong>6</strong></span> <span class='ocrx_word' id='word_1_38' title='bbox 613 867 763 935; x_wconf 89' lang='grc' dir='ltr'>Θεὸς,</span> <span class='ocrx_word' id='word_1_39' title='bbox 789 870 817 921; x_wconf 98' lang='lat'><strong>6</strong></span> <span class='ocrx_word' id='word_1_40' title='bbox 844 866 951 921; x_wconf 91' lang='grc' dir='ltr'><strong>τῶν</strong></span> <span class='ocrx_word' id='word_1_41' title='bbox 984 867 1231 934; x_wconf 84' lang='grc' dir='ltr'><strong>πατέρων</strong></span> <span class='ocrx_word' id='word_1_42' title='bbox 1259 867 1292 935; x_wconf 82' lang='grc' dir='ltr'>ἠ</span> <span class='ocrx_word' id='word_1_43' title='bbox 1302 864 1437 935; x_wconf 87' lang='grc' dir='ltr'>μῶν.</span> <span class='ocrx_word' id='word_1_44' title='bbox 1484 863 1783 917; x_wconf 86' lang='grc' dir='ltr'>Θεοτόκιον.</span> 
     </span>
    </p>
   </div>
   <div class='ocr_carea' id='block_1_8' title="bbox 294 1044 1787 1121">
    <p class='ocr_par' dir='ltr' id='par_1_8' title="bbox 294 1044 1787 1121">
     <span class='ocr_line' id='line_1_8' title="bbox 294 1044 1787 1121; baseline -0.006 -17"><span class='ocrx_word' id='word_1_45' title='bbox 294 1050 567 1121; x_wconf 80' lang='grc' dir='ltr'>Παρθένον</span> <span class='ocrx_word' id='word_1_46' title='bbox 624 1050 849 1121; x_wconf 77' lang='grc' dir='ltr'><strong>οἰκήσας</strong></span> <span class='ocrx_word' id='word_1_47' title='bbox 907 1064 989 1110; x_wconf 91' lang='grc' dir='ltr'><strong>σε,</strong></span> <span class='ocrx_word' id='word_1_48' title='bbox 1023 1046 1116 1099; x_wconf 74' lang='grc' dir='ltr'><strong>καὶ</strong></span> <span class='ocrx_word' id='word_1_49' title='bbox 1151 1046 1287 1117; x_wconf 86' lang='grc' dir='ltr'>μετά</span> <span class='ocrx_word' id='word_1_50' title='bbox 1335 1046 1493 1097; x_wconf 81' lang='grc' dir='ltr'>τόκον</span> <span class='ocrx_word' id='word_1_51' title='bbox 1519 1044 1787 1115; x_wconf 81' lang='grc' dir='ltr'>παρθένον</span> 
     </span>
    </p>
   </div>
   <div class='ocr_carea' id='block_1_9' title="bbox 226 1134 1785 1213">
    <p class='ocr_par' dir='ltr' id='par_1_9' title="bbox 226 1134 1785 1213">
     <span class='ocr_line' id='line_1_9' title="bbox 226 1134 1785 1213; baseline -0.006 -18"><span class='ocrx_word' id='word_1_52' title='bbox 226 1143 427 1207; x_wconf 80' lang='grc' dir='ltr'><strong>ἔλιπεν,</strong></span> <span class='ocrx_word' id='word_1_53' title='bbox 460 1146 487 1196; x_wconf 90' lang='lat'><strong>6</strong></span> <span class='ocrx_word' id='word_1_54' title='bbox 513 1140 753 1213; x_wconf 74' lang='grc' dir='ltr'>ἀμείϐων</span> <span class='ocrx_word' id='word_1_55' title='bbox 788 1139 1040 1210; x_wconf 87' lang='grc' dir='ltr'>στοιχεῖα,</span> <span class='ocrx_word' id='word_1_56' title='bbox 1077 1137 1368 1207; x_wconf 85' lang='grc' dir='ltr'>θεοκυῆτορ</span> <span class='ocrx_word' id='word_1_57' title='bbox 1415 1134 1604 1205; x_wconf 88' lang='grc' dir='ltr'>Μαρία</span> <span class='ocrx_word' id='word_1_58' title='bbox 1650 1151 1785 1187; x_wconf 87' lang='grc' dir='ltr'>παν-</span> 
     </span>
    </p>
   </div>
   <div class='ocr_carea' id='block_1_10' title="bbox 226 1223 1788 1303">
    <p class='ocr_par' dir='ltr' id='par_1_10' title="bbox 226 1223 1788 1303">
     <span class='ocr_line' id='line_1_10' title="bbox 226 1223 1788 1303; baseline -0.008 -17"><span class='ocrx_word' id='word_1_59' title='bbox 226 1233 480 1303; x_wconf 85' lang='grc' dir='ltr'>άχραντε,</span> <span class='ocrx_word' id='word_1_60' title='bbox 511 1232 646 1302; x_wconf 84' lang='grc' dir='ltr'>πρὸς</span> <span class='ocrx_word' id='word_1_61' title='bbox 664 1231 723 1284; x_wconf 85' lang='grc' dir='ltr'>ὃν</span> <span class='ocrx_word' id='word_1_62' title='bbox 755 1228 962 1300; x_wconf 85' lang='grc' dir='ltr'>βοῶμεν</span> <span class='ocrx_word' id='word_1_63' title='bbox 993 1228 1090 1281; x_wconf 82' lang='grc' dir='ltr'><strong>σὺν</strong></span> <span class='ocrx_word' id='word_1_64' title='bbox 1128 1227 1227 1291; x_wconf 73' lang='grc' dir='ltr'>σοὶ,</span> <span class='ocrx_word' id='word_1_65' title='bbox 1255 1224 1649 1295; x_wconf 84' lang='grc' dir='ltr'>παναμώμητε·</span> <span class='ocrx_word' id='word_1_66' title='bbox 1684 1223 1788 1275; x_wconf 80' lang='grc' dir='ltr'><strong>Εὑ-</strong></span> 
     </span>
    </p>
   </div>
   <div class='ocr_carea' id='block_1_11' title="bbox 226 1313 1782 1393">
    <p class='ocr_par' dir='ltr' id='par_1_11' title="bbox 226 1313 1782 1393">
     <span class='ocr_line' id='line_1_11' title="bbox 226 1313 1782 1393; baseline -0.003 -21"><span class='ocrx_word' id='word_1_67' title='bbox 226 1323 451 1393; x_wconf 74' lang='grc' dir='ltr'>λογητὸς</span> <span class='ocrx_word' id='word_1_68' title='bbox 479 1327 507 1377; x_wconf 85' lang='grc' dir='ltr'>ὁ</span> <span class='ocrx_word' id='word_1_69' title='bbox 540 1324 689 1386; x_wconf 82' lang='grc' dir='ltr'><strong>Θεὸς,</strong></span> <span class='ocrx_word' id='word_1_70' title='bbox 726 1324 755 1374; x_wconf 94' lang='lat'><strong>6</strong></span> <span class='ocrx_word' id='word_1_71' title='bbox 790 1319 896 1373; x_wconf 88' lang='grc' dir='ltr'><strong>τῶν</strong></span> <span class='ocrx_word' id='word_1_72' title='bbox 937 1317 1185 1390; x_wconf 81' lang='grc' dir='ltr'>πατέρων</span> <span class='ocrx_word' id='word_1_73' title='bbox 1216 1316 1393 1389; x_wconf 81' lang='grc' dir='ltr'>ἡμῶν.</span> <span class='ocrx_word' id='word_1_74' title='bbox 1443 1313 1782 1370; x_wconf 81' lang='grc' dir='ltr'>Καταὸασία.</span> 
     </span>
    </p>
   </div>
   <div class='ocr_carea' id='block_1_12' title="bbox 302 1495 1784 1569">
    <p class='ocr_par' dir='ltr' id='par_1_12' title="bbox 302 1495 1784 1569">
     <span class='ocr_line' id='line_1_12' title="bbox 302 1495 1784 1569; baseline -0.004 -17"><span class='ocrx_word' id='word_1_75' title='bbox 302 1500 369 1552; x_wconf 80' lang='grc' dir='ltr'><strong>Σὲ</strong></span> <span class='ocrx_word' id='word_1_76' title='bbox 395 1499 485 1551; x_wconf 89' lang='grc' dir='ltr'><strong>τὸν</strong></span> <span class='ocrx_word' id='word_1_77' title='bbox 527 1500 584 1551; x_wconf 85' lang='grc' dir='ltr'>ὲν</span> <span class='ocrx_word' id='word_1_78' title='bbox 624 1498 758 1569; x_wconf 73' lang='grc' dir='ltr'>πυρὶ</span> <span class='ocrx_word' id='word_1_79' title='bbox 780 1497 1099 1568; x_wconf 86' lang='grc' dir='ltr'>δροσίσαντα</span> <span class='ocrx_word' id='word_1_80' title='bbox 1126 1499 1317 1559; x_wconf 87' lang='grc' dir='ltr'>παῖδας</span> <span class='ocrx_word' id='word_1_81' title='bbox 1339 1495 1784 1565; x_wconf 78' lang='grc' dir='ltr'>θεολογήσαντας,</span> 
     </span>
    </p>
   </div>
   <div class='ocr_carea' id='block_1_13' title="bbox 228 1585 1788 1662">
    <p class='ocr_par' dir='ltr' id='par_1_13' title="bbox 228 1585 1788 1662">
     <span class='ocr_line' id='line_1_13' title="bbox 228 1585 1788 1662; baseline -0.004 -19"><span class='ocrx_word' id='word_1_82' title='bbox 228 1590 321 1643; x_wconf 76' lang='grc' dir='ltr'><strong>καὶ</strong></span> <span class='ocrx_word' id='word_1_83' title='bbox 388 1588 647 1662; x_wconf 78' lang='grc' dir='ltr'>Παρθένῳ</span> <span class='ocrx_word' id='word_1_84' title='bbox 690 1589 952 1661; x_wconf 85' lang='grc' dir='ltr'>άκηράτφ</span> <span class='ocrx_word' id='word_1_85' title='bbox 1009 1590 1382 1660; x_wconf 74' lang='grc' dir='ltr'>ὲνοικήσαντα,</span> <span class='ocrx_word' id='word_1_86' title='bbox 1437 1586 1568 1640; x_wconf 85' lang='grc' dir='ltr'>Θεὸν</span> <span class='ocrx_word' id='word_1_87' title='bbox 1618 1585 1788 1654; x_wconf 84' lang='grc' dir='ltr'>Λόγον</span> 
     </span>
    </p>
   </div>
   <div class='ocr_carea' id='block_1_14' title="bbox 228 1672 1785 1751">
    <p class='ocr_par' dir='ltr' id='par_1_14' title="bbox 228 1672 1785 1751">
     <span class='ocr_line' id='line_1_14' title="bbox 228 1672 1785 1751; baseline -0.004 -18"><span class='ocrx_word' id='word_1_88' title='bbox 228 1680 524 1751; x_wconf 81' lang='grc' dir='ltr'>ὑμνοῦμεν,</span> <span class='ocrx_word' id='word_1_89' title='bbox 565 1678 802 1743; x_wconf 77' lang='grc' dir='ltr'>εὐσεδῶς</span> <span class='ocrx_word' id='word_1_90' title='bbox 837 1678 1211 1751; x_wconf 66' lang='grc' dir='ltr'>μελῳδοῦντες</span> <span class='ocrx_word' id='word_1_91' title='bbox 1244 1674 1544 1746; x_wconf 79' lang='grc' dir='ltr'>Εὐλογητὸς</span> <span class='ocrx_word' id='word_1_92' title='bbox 1579 1676 1608 1728; x_wconf 90' lang='lat'><strong>6</strong></span> <span class='ocrx_word' id='word_1_93' title='bbox 1633 1672 1785 1739; x_wconf 85' lang='grc' dir='ltr'>Θεὸς,</span> 
     </span>
    </p>
   </div>
   <div class='ocr_carea' id='block_1_15' title="bbox 226 1770 867 1842">
    <p class='ocr_par' dir='ltr' id='par_1_15' title="bbox 226 1770 867 1842">
     <span class='ocr_line' id='line_1_15' title="bbox 226 1770 867 1842; baseline 0 -16"><span class='ocrx_word' id='word_1_94' title='bbox 226 1775 259 1826; x_wconf 86' lang='lat'><strong>6</strong></span> <span class='ocrx_word' id='word_1_95' title='bbox 279 1772 386 1825; x_wconf 91' lang='grc' dir='ltr'><strong>τῶν</strong></span> <span class='ocrx_word' id='word_1_96' title='bbox 423 1770 671 1842; x_wconf 82' lang='grc' dir='ltr'>πατέρων</span> <span class='ocrx_word' id='word_1_97' title='bbox 691 1771 867 1842; x_wconf 81' lang='grc' dir='ltr'>ἡμῶν.</span> 
     </span>
    </p>
   </div>
   <div class='ocr_carea' id='block_1_16' title="bbox 726 1860 1281 1935">
    <p class='ocr_par' dir='ltr' id='par_1_16' title="bbox 726 1860 1281 1935">
     <span class='ocr_line' id='line_1_16' title="bbox 726 1860 1281 1935; baseline -0.004 -20"><span class='ocrx_word' id='word_1_98' title='bbox 726 1864 858 1935; x_wconf 76' lang='grc' dir='ltr'><strong>ῼΔΗ</strong></span> <span class='ocrx_word' id='word_1_99' title='bbox 885 1869 956 1934; x_wconf 84' lang='grc' dir='ltr'><strong>η’.</strong></span> <span class='ocrx_word' id='word_1_100' title='bbox 994 1862 1052 1915; x_wconf 87' lang='lat'><strong>&#39;0</strong></span> <span class='ocrx_word' id='word_1_101' title='bbox 1076 1860 1281 1933; x_wconf 89' lang='grc' dir='ltr'>εἱρμός.</span> 
     </span>
    </p>
   </div>
   <div class='ocr_carea' id='block_1_17' title="bbox 1889 667 3434 741">
    <p class='ocr_par' dir='ltr' id='par_1_17' title="bbox 1889 667 3434 741">
     <span class='ocr_line' id='line_1_17' title="bbox 1889 667 3434 741; baseline -0.008 -7"><span class='ocrx_word' id='word_1_102' title='bbox 1889 685 2175 734; x_wconf 86' lang='lat' dir='ltr'><strong>conterunt</strong></span> <span class='ocrx_word' id='word_1_103' title='bbox 2230 672 2451 730; x_wconf 82' lang='lat' dir='ltr'><strong>frivolas</strong></span> <span class='ocrx_word' id='word_1_104' title='bbox 2494 670 2821 741; x_wconf 79' lang='lat' dir='ltr'><strong>opiniones;</strong></span> <span class='ocrx_word' id='word_1_105' title='bbox 2868 668 2913 723; x_wconf 88' lang='lat' dir='ltr'><strong>si</strong></span> <span class='ocrx_word' id='word_1_106' title='bbox 2963 668 3086 737; x_wconf 85' lang='lat' dir='ltr'><strong>quis</strong></span> <span class='ocrx_word' id='word_1_107' title='bbox 3112 667 3434 735; x_wconf 88' lang='lat' dir='ltr'><strong>vaniloquo-</strong></span> 
     </span>
    </p>
   </div>
   <div class='ocr_carea' id='block_1_18' title="bbox 1886 761 3443 833">
    <p class='ocr_par' dir='ltr' id='par_1_18' title="bbox 1886 761 3443 833">
     <span class='ocr_line' id='line_1_18' title="bbox 1886 761 3443 833; baseline -0.007 -10"><span class='ocrx_word' id='word_1_108' title='bbox 1886 785 2004 823; x_wconf 90' lang='lat' dir='ltr'><strong>rum</strong></span> <span class='ocrx_word' id='word_1_109' title='bbox 2034 768 2229 822; x_wconf 86' lang='lat' dir='ltr'><strong>audeat</strong></span> <span class='ocrx_word' id='word_1_110' title='bbox 2272 767 2327 821; x_wconf 93' lang='lat' dir='ltr'><strong>in</strong></span> <span class='ocrx_word' id='word_1_111' title='bbox 2375 762 2608 820; x_wconf 82' lang='lat' dir='ltr'><strong>medium</strong></span> <span class='ocrx_word' id='word_1_112' title='bbox 2638 761 2909 833; x_wconf 85' lang='lat' dir='ltr'><strong>prosilire,</strong></span> <span class='ocrx_word' id='word_1_113' title='bbox 2936 775 3105 829; x_wconf 86' lang='lat' dir='ltr'><strong>neque</strong></span> <span class='ocrx_word' id='word_1_114' title='bbox 3126 769 3183 814; x_wconf 86' lang='lat' dir='ltr'><strong>ut</strong></span> <span class='ocrx_word' id='word_1_115' title='bbox 3211 773 3309 828; x_wconf 83' lang='lat' dir='ltr'><strong>par</strong></span> <span class='ocrx_word' id='word_1_116' title='bbox 3337 767 3443 823; x_wconf 88' lang='lat' dir='ltr'><strong>est,</strong></span> 
     </span>
    </p>
   </div>
   <div class='ocr_carea' id='block_1_19' title="bbox 1887 845 3447 925">
    <p class='ocr_par' dir='ltr' id='par_1_19' title="bbox 1887 845 3447 925">
     <span class='ocr_line' id='line_1_19' title="bbox 1887 845 3447 925; baseline -0.008 -11"><span class='ocrx_word' id='word_1_117' title='bbox 1887 861 2070 925; x_wconf 80' lang='lat' dir='ltr'><strong>dicat,</strong></span> <span class='ocrx_word' id='word_1_118' title='bbox 2107 856 2427 913; x_wconf 77' lang='lat' dir='ltr'><strong>Benedictus</strong></span> <span class='ocrx_word' id='word_1_119' title='bbox 2484 854 2624 909; x_wconf 79' lang='lat' dir='ltr'><strong>Deus</strong></span> <span class='ocrx_word' id='word_1_120' title='bbox 2676 858 2891 921; x_wconf 81' lang='lat' dir='ltr'><strong>patrum</strong></span> <span class='ocrx_word' id='word_1_121' title='bbox 2938 860 3261 905; x_wconf 86' lang='lat' dir='ltr'><strong>nostrorum.</strong></span> <span class='ocrx_word' id='word_1_122' title='bbox 3336 845 3447 901; x_wconf 82' lang='lat' dir='ltr'><strong>Ma-</strong></span> 
     </span>
    </p>
   </div>
   <div class='ocr_carea' id='block_1_20' title="bbox 1891 951 2043 1006">
    <p class='ocr_par' dir='ltr' id='par_1_20' title="bbox 1891 951 2043 1006">
     <span class='ocr_line' id='line_1_20' title="bbox 1891 951 2043 1006; baseline -0.007 -1"><span class='ocrx_word' id='word_1_123' title='bbox 1891 951 2043 1006; x_wconf 89' lang='lat' dir='ltr'><strong>riale.</strong></span> 
     </span>
    </p>
   </div>
   <div class='ocr_carea' id='block_1_21' title="bbox 1960 1032 3444 1113">
    <p class='ocr_par' dir='ltr' id='par_1_21' title="bbox 1960 1032 3444 1113">
     <span class='ocr_line' id='line_1_21' title="bbox 1960 1032 3444 1113; baseline -0.007 -17"><span class='ocrx_word' id='word_1_124' title='bbox 1960 1041 2233 1113; x_wconf 79' lang='lat' dir='ltr'><strong>Virginem</strong></span> <span class='ocrx_word' id='word_1_125' title='bbox 2289 1047 2340 1094; x_wconf 88' lang='lat' dir='ltr'><strong>te</strong></span> <span class='ocrx_word' id='word_1_126' title='bbox 2383 1034 2728 1101; x_wconf 86' lang='lat' dir='ltr'><strong>inhabitavit,</strong></span> <span class='ocrx_word' id='word_1_127' title='bbox 2769 1040 2825 1087; x_wconf 91' lang='lat' dir='ltr'><strong>et</strong></span> <span class='ocrx_word' id='word_1_128' title='bbox 2864 1041 2985 1103; x_wconf 90' lang='lat' dir='ltr'><strong>post</strong></span> <span class='ocrx_word' id='word_1_129' title='bbox 3024 1040 3238 1101; x_wconf 89' lang='lat' dir='ltr'><strong>partum</strong></span> <span class='ocrx_word' id='word_1_130' title='bbox 3263 1032 3444 1101; x_wconf 80' lang='lat' dir='ltr'><strong>Virgi-</strong></span> 
     </span>
    </p>
   </div>
   <div class='ocr_carea' id='block_1_22' title="bbox 1888 1123 3447 1203">
    <p class='ocr_par' dir='ltr' id='par_1_22' title="bbox 1888 1123 3447 1203">
     <span class='ocr_line' id='line_1_22' title="bbox 1888 1123 3447 1203; baseline -0.01 -12"><span class='ocrx_word' id='word_1_131' title='bbox 1888 1150 2010 1191; x_wconf 89' lang='lat' dir='ltr'><strong>nem</strong></span> <span class='ocrx_word' id='word_1_132' title='bbox 2044 1132 2281 1203; x_wconf 89' lang='lat' dir='ltr'><strong>retiquit,</strong></span> <span class='ocrx_word' id='word_1_133' title='bbox 2316 1138 2528 1185; x_wconf 86' lang='lat' dir='ltr'><strong>mutans</strong></span> <span class='ocrx_word' id='word_1_134' title='bbox 2578 1136 2787 1182; x_wconf 62' lang='lat' dir='ltr'><strong>natura</strong></span> <span class='ocrx_word' id='word_1_135' title='bbox 2816 1126 3057 1181; x_wconf 88' lang='lat' dir='ltr'><strong>ordinem</strong></span> <span class='ocrx_word' id='word_1_136' title='bbox 3080 1166 3097 1193; x_wconf 93' lang='lat'><strong>,</strong></span> <span class='ocrx_word' id='word_1_137' title='bbox 3124 1139 3157 1180; x_wconf 95' lang='lat' dir='ltr'><strong>o</strong></span> <span class='ocrx_word' id='word_1_138' title='bbox 3192 1123 3301 1178; x_wconf 93' lang='lat' dir='ltr'><strong>Deo</strong></span> <span class='ocrx_word' id='word_1_139' title='bbox 3326 1138 3447 1192; x_wconf 77' lang='lat' dir='ltr'><strong>gra-</strong></span> 
     </span>
    </p>
   </div>
   <div class='ocr_carea' id='block_1_23' title="bbox 1886 1214 3447 1290">
    <p class='ocr_par' dir='ltr' id='par_1_23' title="bbox 1886 1214 3447 1290">
     <span class='ocr_line' id='line_1_23' title="bbox 1886 1214 3447 1290; baseline -0.011 -8"><span class='ocrx_word' id='word_1_140' title='bbox 1886 1227 2010 1282; x_wconf 90' lang='lat' dir='ltr'><strong>vida</strong></span> <span class='ocrx_word' id='word_1_141' title='bbox 2040 1224 2210 1281; x_wconf 82' lang='lat' dir='ltr'><strong>Maria</strong></span> <span class='ocrx_word' id='word_1_142' title='bbox 2236 1232 2291 1281; x_wconf 93' lang='lat' dir='ltr'><strong>et</strong></span> <span class='ocrx_word' id='word_1_143' title='bbox 2316 1222 2495 1279; x_wconf 89' lang='lat' dir='ltr'><strong>omnis</strong></span> <span class='ocrx_word' id='word_1_144' title='bbox 2547 1233 2741 1290; x_wconf 81' lang='lat' dir='ltr'><strong>expers</strong></span> <span class='ocrx_word' id='word_1_145' title='bbox 2773 1216 3013 1283; x_wconf 60' lang='lat' dir='ltr'><strong>maculat,</strong></span> <span class='ocrx_word' id='word_1_146' title='bbox 3041 1215 3107 1270; x_wconf 89' lang='lat' dir='ltr'><strong>ad</strong></span> <span class='ocrx_word' id='word_1_147' title='bbox 3148 1229 3307 1284; x_wconf 88' lang='lat' dir='ltr'><strong>quem</strong></span> <span class='ocrx_word' id='word_1_148' title='bbox 3335 1214 3447 1269; x_wconf 86' lang='lat' dir='ltr'><strong>cla-</strong></span> 
     </span>
    </p>
   </div>
   <div class='ocr_carea' id='block_1_24' title="bbox 1885 1305 3451 1382">
    <p class='ocr_par' dir='ltr' id='par_1_24' title="bbox 1885 1305 3451 1382">
     <span class='ocr_line' id='line_1_24' title="bbox 1885 1305 3451 1382; baseline -0.008 -12"><span class='ocrx_word' id='word_1_149' title='bbox 1885 1332 2097 1371; x_wconf 91' lang='lat' dir='ltr'><strong>mamus</strong></span> <span class='ocrx_word' id='word_1_150' title='bbox 2126 1325 2321 1382; x_wconf 86' lang='lat' dir='ltr'><strong>tecum,</strong></span> <span class='ocrx_word' id='word_1_151' title='bbox 2355 1314 2692 1376; x_wconf 89' lang='lat' dir='ltr'><strong>intemerata,</strong></span> <span class='ocrx_word' id='word_1_152' title='bbox 2723 1307 3048 1364; x_wconf 84' lang='lat' dir='ltr'><strong>Benedictus</strong></span> <span class='ocrx_word' id='word_1_153' title='bbox 3067 1305 3208 1359; x_wconf 88' lang='lat' dir='ltr'><strong>Deus</strong></span> <span class='ocrx_word' id='word_1_154' title='bbox 3236 1314 3451 1372; x_wconf 81' lang='lat' dir='ltr'><strong>patrum</strong></span> 
     </span>
    </p>
   </div>
   <div class='ocr_carea' id='block_1_25' title="bbox 1887 1392 3447 1460">
    <p class='ocr_par' dir='ltr' id='par_1_25' title="bbox 1887 1392 3447 1460">
     <span class='ocr_line' id='line_1_25' title="bbox 1887 1392 3447 1460; baseline -0.009 -1"><span class='ocrx_word' id='word_1_155' title='bbox 1887 1416 2213 1460; x_wconf 88' lang='lat' dir='ltr'><strong>nostrorum.</strong></span> <span class='ocrx_word' id='word_1_156' title='bbox 3131 1392 3447 1449; x_wconf 85' lang='lat' dir='ltr'><strong>Catabasia.</strong></span> 
     </span>
    </p>
   </div>
   <div class='ocr_carea' id='block_1_26' title="bbox 1955 1486 3448 1566">
    <p class='ocr_par' dir='ltr' id='par_1_26' title="bbox 1955 1486 3448 1566">
     <span class='ocr_line' id='line_1_26' title="bbox 1955 1486 3448 1566; baseline -0.009 -14"><span class='ocrx_word' id='word_1_157' title='bbox 1955 1496 2031 1552; x_wconf 90' lang='lat' dir='ltr'><strong>Te</strong></span> <span class='ocrx_word' id='word_1_158' title='bbox 2060 1498 2149 1566; x_wconf 88' lang='lat' dir='ltr'><strong>qui</strong></span> <span class='ocrx_word' id='word_1_159' title='bbox 2200 1496 2251 1550; x_wconf 86' lang='lat' dir='ltr'><strong>in</strong></span> <span class='ocrx_word' id='word_1_160' title='bbox 2295 1495 2419 1563; x_wconf 89' lang='lat' dir='ltr'><strong>igne</strong></span> <span class='ocrx_word' id='word_1_161' title='bbox 2467 1490 2715 1549; x_wconf 88' lang='lat' dir='ltr'><strong>lrrorasti</strong></span> <span class='ocrx_word' id='word_1_162' title='bbox 2741 1503 2936 1561; x_wconf 89' lang='lat' dir='ltr'><strong>pueros</strong></span> <span class='ocrx_word' id='word_1_163' title='bbox 2958 1490 3025 1543; x_wconf 90' lang='lat' dir='ltr'><strong>de</strong></span> <span class='ocrx_word' id='word_1_164' title='bbox 3063 1488 3223 1544; x_wconf 88' lang='lat' dir='ltr'><strong>rebus</strong></span> <span class='ocrx_word' id='word_1_165' title='bbox 3248 1486 3448 1541; x_wconf 85' lang='lat' dir='ltr'><strong>divinis</strong></span> 
     </span>
    </p>
   </div>
   <div class='ocr_carea' id='block_1_27' title="bbox 1886 1579 3446 1653">
    <p class='ocr_par' dir='ltr' id='par_1_27' title="bbox 1886 1579 3446 1653">
     <span class='ocr_line' id='line_1_27' title="bbox 1886 1579 3446 1653; baseline -0.009 -9"><span class='ocrx_word' id='word_1_166' title='bbox 1886 1589 2216 1644; x_wconf 88' lang='lat' dir='ltr'><strong>disserentes</strong></span> <span class='ocrx_word' id='word_1_167' title='bbox 2241 1626 2256 1652; x_wconf 97' lang='lat'><strong>,</strong></span> <span class='ocrx_word' id='word_1_168' title='bbox 2301 1594 2357 1641; x_wconf 92' lang='lat' dir='ltr'><strong>et</strong></span> <span class='ocrx_word' id='word_1_169' title='bbox 2388 1585 2755 1653; x_wconf 87' lang='lat' dir='ltr'><strong>incorruptam</strong></span> <span class='ocrx_word' id='word_1_170' title='bbox 2791 1581 3067 1651; x_wconf 78' lang='lat' dir='ltr'><strong>Virginem</strong></span> <span class='ocrx_word' id='word_1_171' title='bbox 3107 1579 3446 1644; x_wconf 87' lang='lat' dir='ltr'><strong>inhabitasti,</strong></span> 
     </span>
    </p>
   </div>
   <div class='ocr_carea' id='block_1_28' title="bbox 1886 1669 3451 1748">
    <p class='ocr_par' dir='ltr' id='par_1_28' title="bbox 1886 1669 3451 1748">
     <span class='ocr_line' id='line_1_28' title="bbox 1886 1669 3451 1748; baseline -0.006 -13"><span class='ocrx_word' id='word_1_172' title='bbox 1886 1679 2053 1735; x_wconf 90' lang='lat' dir='ltr'><strong>Deum</strong></span> <span class='ocrx_word' id='word_1_173' title='bbox 2074 1679 2307 1734; x_wconf 84' lang='lat' dir='ltr'><strong>Verbum</strong></span> <span class='ocrx_word' id='word_1_174' title='bbox 2336 1677 2711 1748; x_wconf 58' lang='lat' dir='ltr'><strong>pradicamus,</strong></span> <span class='ocrx_word' id='word_1_175' title='bbox 2740 1675 2828 1744; x_wconf 88' lang='lat' dir='ltr'><strong>pie</strong></span> <span class='ocrx_word' id='word_1_176' title='bbox 2866 1671 3242 1728; x_wconf 86' lang='lat' dir='ltr'><strong>concinentes:</strong></span> <span class='ocrx_word' id='word_1_177' title='bbox 3282 1669 3451 1725; x_wconf 85' lang='lat' dir='ltr'><strong>Bene-</strong></span> 
     </span>
    </p>
   </div>
   <div class='ocr_carea' id='block_1_29' title="bbox 1888 1771 2828 1839">
    <p class='ocr_par' dir='ltr' id='par_1_29' title="bbox 1888 1771 2828 1839">
     <span class='ocr_line' id='line_1_29' title="bbox 1888 1771 2828 1839; baseline -0.006 -12"><span class='ocrx_word' id='word_1_178' title='bbox 1888 1772 2061 1827; x_wconf 87' lang='lat' dir='ltr'><strong>dictus</strong></span> <span class='ocrx_word' id='word_1_179' title='bbox 2090 1771 2228 1827; x_wconf 91' lang='lat' dir='ltr'><strong>Deus</strong></span> <span class='ocrx_word' id='word_1_180' title='bbox 2263 1780 2473 1839; x_wconf 80' lang='lat' dir='ltr'><strong>patrum</strong></span> <span class='ocrx_word' id='word_1_181' title='bbox 2501 1775 2828 1822; x_wconf 88' lang='lat' dir='ltr'><strong>nostrorum.</strong></span> 
     </span>
    </p>
   </div>
   <div class='ocr_carea' id='block_1_30' title="bbox 2346 1854 2984 1915">
    <p class='ocr_par' dir='ltr' id='par_1_30' title="bbox 2346 1854 2984 1915">
     <span class='ocr_line' id='line_1_30' title="bbox 2346 1854 2984 1915; baseline -0.006 -3"><span class='ocrx_word' id='word_1_182' title='bbox 2346 1859 2471 1915; x_wconf 67' lang='lat'><strong>{95.</strong></span> <span class='ocrx_word' id='word_1_183' title='bbox 2499 1858 2633 1913; x_wconf 85' lang='lat' dir='ltr'><strong>ODE</strong></span> <span class='ocrx_word' id='word_1_184' title='bbox 2662 1854 2984 1911; x_wconf 54' lang='lat' dir='ltr'><strong>8.‘Hirmus.</strong></span> 
     </span>
    </p>
   </div>
   <div class='ocr_carea' id='block_1_31' title="bbox 299 1939 1969 2025">
    <p class='ocr_par' dir='ltr' id='par_1_31' title="bbox 299 1939 1969 2025">
     <span class='ocr_line' id='line_1_31' title="bbox 299 1939 1969 2025; baseline -0.002 -20"><span class='ocrx_word' id='word_1_185' title='bbox 299 1952 401 2005; x_wconf 89' lang='grc' dir='ltr'>Τὸν</span> <span class='ocrx_word' id='word_1_186' title='bbox 428 1952 485 2006; x_wconf 81' lang='grc' dir='ltr'>ὲν</span> <span class='ocrx_word' id='word_1_187' title='bbox 515 1953 729 2025; x_wconf 80' lang='grc' dir='ltr'>καμίνῳ</span> <span class='ocrx_word' id='word_1_188' title='bbox 760 1954 852 2007; x_wconf 80' lang='grc' dir='ltr'>τοῦ</span> <span class='ocrx_word' id='word_1_189' title='bbox 894 1952 1062 2023; x_wconf 88' lang='grc' dir='ltr'>πυρὸς</span> <span class='ocrx_word' id='word_1_190' title='bbox 1102 1952 1207 2004; x_wconf 88' lang='grc' dir='ltr'><strong>τῶν</strong></span> <span class='ocrx_word' id='word_1_191' title='bbox 1239 1949 1500 2021; x_wconf 77' lang='grc' dir='ltr'>Ἐϐραίων</span> <span class='ocrx_word' id='word_1_192' title='bbox 1527 1950 1639 2013; x_wconf 87' lang='grc' dir='ltr'>τοῖς</span> <span class='ocrx_word' id='word_1_193' title='bbox 1661 1967 1788 2002; x_wconf 88' lang='grc' dir='ltr'>παι-</span> <span class='ocrx_word' id='word_1_194' title='bbox 1819 1939 1861 1995; x_wconf 77' lang='grc' dir='ltr'><strong>Β</strong></span> <span class='ocrx_word' id='word_1_195' title='bbox 1957 1952 1969 2002; x_wconf 82' lang='lat' dir='ltr'><strong>l</strong></span> 
     </span>
    </p>
   </div>
   <div class='ocr_carea' id='block_1_32' title="bbox 1778 1939 3448 2025">
    <p class='ocr_par' dir='ltr' id='par_1_32' title="bbox 1778 1939 3448 2019">
     <span class='ocr_line' id='line_1_32' title="bbox 1778 1939 3448 2019; baseline -0.007 -11"><span class='ocrx_word' id='word_1_196' title='bbox 1778 1939 1861 1995; x_wconf 76' lang='grc' dir='ltr'><strong>-Β</strong></span> <span class='ocrx_word' id='word_1_197' title='bbox 1957 1947 2130 2019; x_wconf 85' lang='lat' dir='ltr'><strong>Opera</strong></span> <span class='ocrx_word' id='word_1_198' title='bbox 2172 1950 2335 2006; x_wconf 93' lang='lat' dir='ltr'><strong>Deum</strong></span> <span class='ocrx_word' id='word_1_199' title='bbox 2366 1990 2383 2016; x_wconf 94' lang='lat'><strong>,</strong></span> <span class='ocrx_word' id='word_1_200' title='bbox 2430 1949 2519 2019; x_wconf 90' lang='lat' dir='ltr'><strong>qui</strong></span> <span class='ocrx_word' id='word_1_201' title='bbox 2575 1960 2696 2002; x_wconf 90' lang='lat' dir='ltr'><strong>cum</strong></span> <span class='ocrx_word' id='word_1_202' title='bbox 2754 1944 3098 2001; x_wconf 65' lang='lat' dir='ltr'><strong>Hebraeorum</strong></span> <span class='ocrx_word' id='word_1_203' title='bbox 3154 1942 3339 2013; x_wconf 90' lang='lat' dir='ltr'><strong>pueris</strong></span> <span class='ocrx_word' id='word_1_204' title='bbox 3394 1941 3448 1996; x_wconf 88' lang='lat' dir='ltr'><strong>in</strong></span> 
     </span>
    </p>
   </div>
   <div class='ocr_carea' id='block_1_33' title="bbox 226 2043 1785 2116">
    <p class='ocr_par' dir='ltr' id='par_1_33' title="bbox 226 2043 1785 2116">
     <span class='ocr_line' id='line_1_33' title="bbox 226 2043 1785 2116; baseline 0 -19"><span class='ocrx_word' id='word_1_205' title='bbox 226 2046 281 2098; x_wconf 79' lang='lat' dir='ltr'><strong>cl.</strong></span> <span class='ocrx_word' id='word_1_206' title='bbox 329 2046 764 2114; x_wconf 74' lang='grc' dir='ltr'>συγκαταϐάντα,</span> <span class='ocrx_word' id='word_1_207' title='bbox 812 2046 905 2100; x_wconf 74' lang='grc' dir='ltr'><strong>καὶ</strong></span> <span class='ocrx_word' id='word_1_208' title='bbox 930 2045 1029 2116; x_wconf 82' lang='grc' dir='ltr'>τὴν</span> <span class='ocrx_word' id='word_1_209' title='bbox 1070 2043 1241 2113; x_wconf 83' lang='grc' dir='ltr'>φλόγα</span> <span class='ocrx_word' id='word_1_210' title='bbox 1281 2046 1360 2108; x_wconf 90' lang='grc' dir='ltr'><strong>εἰς</strong></span> <span class='ocrx_word' id='word_1_211' title='bbox 1386 2043 1572 2114; x_wconf 87' lang='grc' dir='ltr'>δρόσον</span> <span class='ocrx_word' id='word_1_212' title='bbox 1622 2061 1785 2114; x_wconf 68' lang='grc' dir='ltr'>μεταα</span> 
     </span>
    </p>
   </div>
   <div class='ocr_carea' id='block_1_34' title="bbox 225 2134 1786 2209">
    <p class='ocr_par' dir='ltr' id='par_1_34' title="bbox 225 2134 1786 2209">
     <span class='ocr_line' id='line_1_34' title="bbox 225 2134 1786 2209; baseline -0.005 -16"><span class='ocrx_word' id='word_1_213' title='bbox 225 2137 457 2193; x_wconf 75' lang='grc' dir='ltr'>ϐαλόντα</span> <span class='ocrx_word' id='word_1_214' title='bbox 486 2138 640 2201; x_wconf 85' lang='grc' dir='ltr'>Θεὸν,</span> <span class='ocrx_word' id='word_1_215' title='bbox 661 2139 897 2208; x_wconf 79' lang='grc' dir='ltr'>ὑμνεῖτε,</span> <span class='ocrx_word' id='word_1_216' title='bbox 920 2138 988 2191; x_wconf 84' lang='grc' dir='ltr'>τὰ</span> <span class='ocrx_word' id='word_1_217' title='bbox 1004 2136 1141 2208; x_wconf 82' lang='grc' dir='ltr'>ἔργα</span> <span class='ocrx_word' id='word_1_218' title='bbox 1155 2136 1229 2200; x_wconf 86' lang='grc' dir='ltr'>ὡς</span> <span class='ocrx_word' id='word_1_219' title='bbox 1250 2134 1474 2209; x_wconf 84' lang='grc' dir='ltr'>Κύριον,</span> <span class='ocrx_word' id='word_1_220' title='bbox 1506 2134 1600 2189; x_wconf 78' lang='grc' dir='ltr'><strong>καὶ</strong></span> <span class='ocrx_word' id='word_1_221' title='bbox 1622 2136 1786 2204; x_wconf 83' lang='grc' dir='ltr'>ὑπερ-</span> 
     </span>
    </p>
   </div>
   <div class='ocr_carea' id='block_1_35' title="bbox 224 2227 1148 2299">
    <p class='ocr_par' dir='ltr' id='par_1_35' title="bbox 224 2227 1148 2299">
     <span class='ocr_line' id='line_1_35' title="bbox 224 2227 1148 2299; baseline 0.003 -16"><span class='ocrx_word' id='word_1_222' title='bbox 224 2228 423 2299; x_wconf 77' lang='grc' dir='ltr'>νψοῦτε</span> <span class='ocrx_word' id='word_1_223' title='bbox 446 2231 523 2293; x_wconf 90' lang='grc' dir='ltr'><strong>εἰς</strong></span> <span class='ocrx_word' id='word_1_224' title='bbox 539 2230 741 2292; x_wconf 85' lang='grc' dir='ltr'>πάντας</span> <span class='ocrx_word' id='word_1_225' title='bbox 770 2229 897 2292; x_wconf 83' lang='grc' dir='ltr'>τοὺς</span> <span class='ocrx_word' id='word_1_226' title='bbox 925 2227 1148 2293; x_wconf 78' lang='grc' dir='ltr'>αἰῶνας.</span> 
     </span>
    </p>
   </div>
   <div class='ocr_carea' id='block_1_36' title="bbox 293 2318 1783 2394">
    <p class='ocr_par' dir='ltr' id='par_1_36' title="bbox 293 2318 1783 2394">
     <span class='ocr_line' id='line_1_36' title="bbox 293 2318 1783 2394; baseline -0.003 -20"><span class='ocrx_word' id='word_1_227' title='bbox 293 2319 706 2391; x_wconf 89' lang='grc' dir='ltr'>Πύργονίσχύος</span> <span class='ocrx_word' id='word_1_228' title='bbox 754 2318 991 2391; x_wconf 78' lang='grc' dir='ltr'>ἀσφαλῆ,</span> <span class='ocrx_word' id='word_1_229' title='bbox 1028 2321 1121 2374; x_wconf 73' lang='grc' dir='ltr'>καὶ</span> <span class='ocrx_word' id='word_1_230' title='bbox 1159 2321 1427 2394; x_wconf 84' lang='grc' dir='ltr'>κρηπῖδα,</span> <span class='ocrx_word' id='word_1_231' title='bbox 1480 2319 1575 2373; x_wconf 75' lang='grc' dir='ltr'><strong>καὶ</strong></span> <span class='ocrx_word' id='word_1_232' title='bbox 1616 2334 1783 2387; x_wconf 86' lang='grc' dir='ltr'>φρου-</span> 
     </span>
    </p>
   </div>
   <div class='ocr_carea' id='block_1_37' title="bbox 227 2414 1788 2488">
    <p class='ocr_par' dir='ltr' id='par_1_37' title="bbox 227 2414 1788 2488">
     <span class='ocr_line' id='line_1_37' title="bbox 227 2414 1788 2488; baseline -0.001 -19"><span class='ocrx_word' id='word_1_233' title='bbox 227 2416 346 2487; x_wconf 80' lang='grc' dir='ltr'>ρὰν,</span> <span class='ocrx_word' id='word_1_234' title='bbox 380 2415 474 2469; x_wconf 76' lang='grc' dir='ltr'><strong>καὶ</strong></span> <span class='ocrx_word' id='word_1_235' title='bbox 499 2415 830 2487; x_wconf 88' lang='grc' dir='ltr'>προστασίαν</span> <span class='ocrx_word' id='word_1_236' title='bbox 856 2416 1181 2488; x_wconf 83' lang='grc' dir='ltr'>κεκτημένοι</span> <span class='ocrx_word' id='word_1_237' title='bbox 1216 2434 1295 2482; x_wconf 89' lang='grc' dir='ltr'><strong>σε,</strong></span> <span class='ocrx_word' id='word_1_238' title='bbox 1324 2416 1501 2468; x_wconf 80' lang='grc' dir='ltr'>πίστει</span> <span class='ocrx_word' id='word_1_239' title='bbox 1530 2414 1788 2477; x_wconf 76' lang='grc' dir='ltr'>διασωζό-</span> 
     </span>
    </p>
   </div>
   <div class='ocr_carea' id='block_1_38' title="bbox 228 2505 1787 2579">
    <p class='ocr_par' dir='ltr' id='par_1_38' title="bbox 228 2505 1787 2579">
     <span class='ocr_line' id='line_1_38' title="bbox 228 2505 1787 2579; baseline 0 -21"><span class='ocrx_word' id='word_1_240' title='bbox 228 2506 365 2576; x_wconf 87' lang='grc' dir='ltr'>μεθα</span> <span class='ocrx_word' id='word_1_241' title='bbox 413 2505 529 2560; x_wconf 84' lang='grc' dir='ltr'>νῦν·</span> <span class='ocrx_word' id='word_1_242' title='bbox 576 2506 847 2579; x_wconf 79' lang='grc' dir='ltr'>ὑμνούμεν</span> <span class='ocrx_word' id='word_1_243' title='bbox 898 2508 987 2561; x_wconf 84' lang='grc' dir='ltr'><strong>τὸν</strong></span> <span class='ocrx_word' id='word_1_244' title='bbox 1045 2508 1202 2560; x_wconf 84' lang='grc' dir='ltr'>τόκον</span> <span class='ocrx_word' id='word_1_245' title='bbox 1244 2525 1356 2572; x_wconf 86' lang='grc' dir='ltr'>σου,</span> <span class='ocrx_word' id='word_1_246' title='bbox 1379 2505 1645 2575; x_wconf 87' lang='grc' dir='ltr'>Πάναγνε,</span> <span class='ocrx_word' id='word_1_247' title='bbox 1692 2506 1787 2560; x_wconf 75' lang='grc' dir='ltr'><strong>καὶ</strong></span> 
     </span>
    </p>
   </div>
   <div class='ocr_carea' id='block_1_39' title="bbox 226 2597 1349 2671">
    <p class='ocr_par' dir='ltr' id='par_1_39' title="bbox 226 2597 1349 2671">
     <span class='ocr_line' id='line_1_39' title="bbox 226 2597 1349 2671; baseline 0.001 -21"><span class='ocrx_word' id='word_1_248' title='bbox 226 2597 607 2671; x_wconf 77' lang='grc' dir='ltr'>ὕπερυψοῦμεν</span> <span class='ocrx_word' id='word_1_249' title='bbox 645 2603 723 2665; x_wconf 89' lang='grc' dir='ltr'><strong>εἰς</strong></span> <span class='ocrx_word' id='word_1_250' title='bbox 746 2602 949 2662; x_wconf 86' lang='grc' dir='ltr'>πάντας</span> <span class='ocrx_word' id='word_1_251' title='bbox 976 2600 1100 2663; x_wconf 79' lang='grc' dir='ltr'>τοὺς</span> <span class='ocrx_word' id='word_1_252' title='bbox 1128 2599 1349 2663; x_wconf 80' lang='grc' dir='ltr'>αἰῶνας.</span> 
     </span>
    </p>
   </div>
   <div class='ocr_carea' id='block_1_40' title="bbox 312 2776 1785 2848">
    <p class='ocr_par' dir='ltr' id='par_1_40' title="bbox 312 2776 1785 2848">
     <span class='ocr_line' id='line_1_40' title="bbox 312 2776 1785 2848; baseline 0.001 -17"><span class='ocrx_word' id='word_1_253' title='bbox 312 2776 624 2841; x_wconf 82' lang='grc' dir='ltr'>Ἀθανασίας</span> <span class='ocrx_word' id='word_1_254' title='bbox 662 2778 851 2848; x_wconf 83' lang='grc' dir='ltr'>διαυγῆ</span> <span class='ocrx_word' id='word_1_255' title='bbox 886 2776 1225 2848; x_wconf 75' lang='grc' dir='ltr'>ἐπιστάμεθα</span> <span class='ocrx_word' id='word_1_256' title='bbox 1268 2778 1449 2847; x_wconf 83' lang='grc' dir='ltr'>πηγήν</span> <span class='ocrx_word' id='word_1_257' title='bbox 1482 2794 1561 2843; x_wconf 88' lang='grc' dir='ltr'><strong>σε,</strong></span> <span class='ocrx_word' id='word_1_258' title='bbox 1596 2778 1785 2832; x_wconf 85' lang='grc' dir='ltr'>Θεοτό-</span> 
     </span>
    </p>
   </div>
   <div class='ocr_carea' id='block_1_41' title="bbox 226 2869 1786 2941">
    <p class='ocr_par' dir='ltr' id='par_1_41' title="bbox 226 2869 1786 2941">
     <span class='ocr_line' id='line_1_41' title="bbox 226 2869 1786 2941; baseline -0.003 -17"><span class='ocrx_word' id='word_1_259' title='bbox 226 2886 309 2934; x_wconf 83' lang='grc' dir='ltr'><strong>κε,</strong></span> <span class='ocrx_word' id='word_1_260' title='bbox 336 2870 411 2934; x_wconf 82' lang='grc' dir='ltr'>ὡς</span> <span class='ocrx_word' id='word_1_261' title='bbox 440 2872 702 2924; x_wconf 74' lang='grc' dir='ltr'>τεκοῦσαν</span> <span class='ocrx_word' id='word_1_262' title='bbox 731 2871 819 2925; x_wconf 88' lang='grc' dir='ltr'><strong>τὸν</strong></span> <span class='ocrx_word' id='word_1_263' title='bbox 850 2872 1018 2939; x_wconf 87' lang='grc' dir='ltr'>Λόγον</span> <span class='ocrx_word' id='word_1_264' title='bbox 1045 2869 1137 2922; x_wconf 82' lang='grc' dir='ltr'>τοῦ</span> <span class='ocrx_word' id='word_1_265' title='bbox 1163 2869 1425 2922; x_wconf 84' lang='grc' dir='ltr'>ἀθανάτου</span> <span class='ocrx_word' id='word_1_266' title='bbox 1446 2871 1675 2941; x_wconf 86' lang='grc' dir='ltr'>Πατρὸς,</span> <span class='ocrx_word' id='word_1_267' title='bbox 1696 2870 1786 2921; x_wconf 86' lang='grc' dir='ltr'><strong>τὸν</strong></span> 
     </span>
    </p>
   </div>
   <div class='ocr_carea' id='block_1_42' title="bbox 224 2959 1786 3034">
    <p class='ocr_par' dir='ltr' id='par_1_42' title="bbox 224 2959 1786 3034">
     <span class='ocr_line' id='line_1_42' title="bbox 224 2959 1786 3034; baseline -0.003 -17"><span class='ocrx_word' id='word_1_268' title='bbox 224 2961 434 3025; x_wconf 75' lang='grc' dir='ltr'>πάντας</span> <span class='ocrx_word' id='word_1_269' title='bbox 465 2962 692 3016; x_wconf 85' lang='grc' dir='ltr'>θανάτου</span> <span class='ocrx_word' id='word_1_270' title='bbox 721 2962 1077 3034; x_wconf 83' lang='grc' dir='ltr'>λυτρούμενον</span> <span class='ocrx_word' id='word_1_271' title='bbox 1099 2961 1223 3022; x_wconf 74' lang='grc' dir='ltr'>τοὺς</span> <span class='ocrx_word' id='word_1_272' title='bbox 1252 2959 1657 3030; x_wconf 73' lang='grc' dir='ltr'>ὑπερυψοῦντας</span> <span class='ocrx_word' id='word_1_273' title='bbox 1687 2960 1786 3012; x_wconf 85' lang='grc' dir='ltr'>αὑ-</span> 
     </span>
    </p>
   </div>
   <div class='ocr_carea' id='block_1_43' title="bbox 227 3056 821 3120">
    <p class='ocr_par' dir='ltr' id='par_1_43' title="bbox 227 3056 821 3120">
     <span class='ocr_line' id='line_1_43' title="bbox 227 3056 821 3120; baseline 0.002 -12"><span class='ocrx_word' id='word_1_274' title='bbox 227 3056 317 3109; x_wconf 82' lang='grc' dir='ltr'><strong>τὸν</strong></span> <span class='ocrx_word' id='word_1_275' title='bbox 344 3057 421 3119; x_wconf 89' lang='grc' dir='ltr'><strong>εἰς</strong></span> <span class='ocrx_word' id='word_1_276' title='bbox 446 3058 571 3120; x_wconf 78' lang='grc' dir='ltr'>τοὺς</span> <span class='ocrx_word' id='word_1_277' title='bbox 599 3057 821 3117; x_wconf 85' lang='grc' dir='ltr'>αἰῶνας.</span> 
     </span>
    </p>
   </div>
   <div class='ocr_carea' id='block_1_44' title="bbox 302 3144 1780 3216">
    <p class='ocr_par' dir='ltr' id='par_1_44' title="bbox 302 3144 1780 3216">
     <span class='ocr_line' id='line_1_44' title="bbox 302 3144 1780 3216; baseline -0.001 -17"><span class='ocrx_word' id='word_1_278' title='bbox 302 3147 440 3199; x_wconf 87' lang='grc' dir='ltr'><strong>Ῥεῖο</strong></span> <span class='ocrx_word' id='word_1_279' title='bbox 452 3165 540 3216; x_wconf 85' lang='grc' dir='ltr'><strong>ρον</strong></span> <span class='ocrx_word' id='word_1_280' title='bbox 565 3148 755 3199; x_wconf 78' lang='grc' dir='ltr'>ἰάσεων</span> <span class='ocrx_word' id='word_1_281' title='bbox 781 3148 913 3215; x_wconf 87' lang='grc' dir='ltr'>ἡμῖν</span> <span class='ocrx_word' id='word_1_282' title='bbox 958 3147 1196 3211; x_wconf 84' lang='grc' dir='ltr'>άεννάως</span> <span class='ocrx_word' id='word_1_283' title='bbox 1234 3148 1346 3209; x_wconf 86' lang='grc' dir='ltr'>τοῖς</span> <span class='ocrx_word' id='word_1_284' title='bbox 1370 3147 1599 3209; x_wconf 78' lang='grc' dir='ltr'>πιστοῖς,</span> <span class='ocrx_word' id='word_1_285' title='bbox 1621 3144 1780 3216; x_wconf 83' lang='grc' dir='ltr'>ἁγνὴ,</span> 
     </span>
    </p>
   </div>
   <div class='ocr_carea' id='block_1_45' title="bbox 226 3231 1781 3311">
    <p class='ocr_par' dir='ltr' id='par_1_45' title="bbox 226 3231 1781 3311">
     <span class='ocr_line' id='line_1_45' title="bbox 226 3231 1781 3311; baseline 0.001 -20"><span class='ocrx_word' id='word_1_286' title='bbox 226 3238 509 3308; x_wconf 83' lang='grc' dir='ltr'>πηγάζεις,</span> <span class='ocrx_word' id='word_1_287' title='bbox 546 3231 605 3288; x_wconf 73' lang='grc' dir='ltr'><strong>οὗ</strong></span> <span class='ocrx_word' id='word_1_288' title='bbox 644 3237 743 3307; x_wconf 79' lang='grc' dir='ltr'><strong>τὴν</strong></span> <span class='ocrx_word' id='word_1_289' title='bbox 787 3238 1018 3311; x_wconf 70' lang='grc' dir='ltr'>ἄφθορον</span> <span class='ocrx_word' id='word_1_290' title='bbox 1048 3240 1206 3311; x_wconf 82' lang='grc' dir='ltr'>χάριν</span> <span class='ocrx_word' id='word_1_291' title='bbox 1238 3236 1651 3311; x_wconf 80' lang='grc' dir='ltr'>άπορῤυόμένοι,</span> <span class='ocrx_word' id='word_1_292' title='bbox 1680 3240 1781 3309; x_wconf 83' lang='grc' dir='ltr'>ὑμ-</span> 
     </span>
    </p>
   </div>
   <div class='ocr_carea' id='block_1_46' title="bbox 224 3328 1779 3404">
    <p class='ocr_par' dir='ltr' id='par_1_46' title="bbox 224 3328 1779 3404">
     <span class='ocr_line' id='line_1_46' title="bbox 224 3328 1779 3404; baseline 0.001 -22"><span class='ocrx_word' id='word_1_293' title='bbox 224 3331 419 3398; x_wconf 83' lang='grc' dir='ltr'>νοῦμεν</span> <span class='ocrx_word' id='word_1_294' title='bbox 470 3328 561 3381; x_wconf 89' lang='grc' dir='ltr'><strong>τὸν</strong></span> <span class='ocrx_word' id='word_1_295' title='bbox 609 3329 763 3381; x_wconf 88' lang='grc' dir='ltr'>τόκον</span> <span class='ocrx_word' id='word_1_296' title='bbox 799 3347 911 3395; x_wconf 87' lang='grc' dir='ltr'>σου,</span> <span class='ocrx_word' id='word_1_297' title='bbox 947 3333 1230 3404; x_wconf 80' lang='grc' dir='ltr'>Ἀχραντε,</span> <span class='ocrx_word' id='word_1_298' title='bbox 1276 3333 1366 3384; x_wconf 72' lang='grc' dir='ltr'>καὶ</span> <span class='ocrx_word' id='word_1_299' title='bbox 1397 3330 1779 3400; x_wconf 79' lang='grc' dir='ltr'>ὑπερυψοῦμεν</span> 
     </span>
    </p>
   </div>
   <div class='ocr_carea' id='block_1_47' title="bbox 223 3420 924 3485">
    <p class='ocr_par' dir='ltr' id='par_1_47' title="bbox 223 3420 924 3485">
     <span class='ocr_line' id='line_1_47' title="bbox 223 3420 924 3485; baseline 0.003 -13"><span class='ocrx_word' id='word_1_300' title='bbox 223 3421 298 3482; x_wconf 84' lang='grc' dir='ltr'><strong>εἰς</strong></span> <span class='ocrx_word' id='word_1_301' title='bbox 316 3420 521 3482; x_wconf 81' lang='grc' dir='ltr'>πάντας</span> <span class='ocrx_word' id='word_1_302' title='bbox 552 3421 674 3484; x_wconf 80' lang='grc' dir='ltr'>τοὺς</span> <span class='ocrx_word' id='word_1_303' title='bbox 706 3421 924 3485; x_wconf 87' lang='grc' dir='ltr'>αἰῶνας.</span> 
     </span>
    </p>
   </div>
   <div class='ocr_carea' id='block_1_48' title="bbox 307 3512 912 3584">
    <p class='ocr_par' dir='ltr' id='par_1_48' title="bbox 307 3512 912 3584">
     <span class='ocr_line' id='line_1_48' title="bbox 307 3512 912 3584; baseline 0.005 -20"><span class='ocrx_word' id='word_1_304' title='bbox 307 3513 518 3576; x_wconf 81' lang='grc' dir='ltr'>Ἀλλος.</span> <span class='ocrx_word' id='word_1_305' title='bbox 555 3512 719 3567; x_wconf 83' lang='grc' dir='ltr'>Ἰνδάλ</span> <span class='ocrx_word' id='word_1_306' title='bbox 726 3531 912 3584; x_wconf 87' lang='grc' dir='ltr'>ματος.</span> 
     </span>
    </p>
   </div>
   <div class='ocr_carea' id='block_1_49' title="bbox 304 3600 1781 3675">
    <p class='ocr_par' dir='ltr' id='par_1_49' title="bbox 304 3600 1781 3675">
     <span class='ocr_line' id='line_1_49' title="bbox 304 3600 1781 3675; baseline 0.003 -23"><span class='ocrx_word' id='word_1_307' title='bbox 304 3601 552 3671; x_wconf 58' lang='grc' dir='ltr'>Ξοοῦμεν</span> <span class='ocrx_word' id='word_1_308' title='bbox 585 3602 838 3664; x_wconf 79' lang='grc' dir='ltr'>εὐσεϐῶς,</span> <span class='ocrx_word' id='word_1_309' title='bbox 875 3601 968 3653; x_wconf 75' lang='grc' dir='ltr'>καὶ</span> <span class='ocrx_word' id='word_1_310' title='bbox 998 3600 1289 3672; x_wconf 78' lang='grc' dir='ltr'>δοξάζομεν</span> <span class='ocrx_word' id='word_1_311' title='bbox 1343 3604 1601 3674; x_wconf 82' lang='grc' dir='ltr'>ὁμότιμον</span> <span class='ocrx_word' id='word_1_312' title='bbox 1654 3604 1781 3675; x_wconf 80' lang='grc' dir='ltr'>μίαν</span> 
     </span>
    </p>
   </div>
   <div class='ocr_carea' id='block_1_50' title="bbox 220 3690 1780 3766">
    <p class='ocr_par' dir='ltr' id='par_1_50' title="bbox 220 3690 1780 3766">
     <span class='ocr_line' id='line_1_50' title="bbox 220 3690 1780 3766; baseline 0.003 -23"><span class='ocrx_word' id='word_1_313' title='bbox 220 3692 400 3761; x_wconf 80' lang='grc' dir='ltr'>φύσιν,</span> <span class='ocrx_word' id='word_1_314' title='bbox 434 3690 859 3760; x_wconf 80' lang='grc' dir='ltr'>ἀπειροδύναμον</span> <span class='ocrx_word' id='word_1_315' title='bbox 919 3691 1136 3744; x_wconf 89' lang='grc' dir='ltr'>Μονάδα</span> <span class='ocrx_word' id='word_1_316' title='bbox 1183 3711 1239 3746; x_wconf 88' lang='grc' dir='ltr'><strong>τε</strong></span> <span class='ocrx_word' id='word_1_317' title='bbox 1286 3694 1378 3746; x_wconf 80' lang='grc' dir='ltr'><strong>καὶ</strong></span> <span class='ocrx_word' id='word_1_318' title='bbox 1412 3695 1634 3765; x_wconf 89' lang='grc' dir='ltr'>Τριάδα,</span> <span class='ocrx_word' id='word_1_319' title='bbox 1682 3696 1780 3766; x_wconf 84' lang='grc' dir='ltr'>τὴν</span> 
     </span>
    </p>
   </div>
   <div class='ocr_carea' id='block_1_51' title="bbox 220 3780 1781 3853">
    <p class='ocr_par' dir='ltr' id='par_1_51' title="bbox 220 3780 1781 3853">
     <span class='ocr_line' id='line_1_51' title="bbox 220 3780 1781 3853; baseline 0.004 -21"><span class='ocrx_word' id='word_1_320' title='bbox 220 3783 398 3834; x_wconf 86' lang='grc' dir='ltr'>πάντα</span> <span class='ocrx_word' id='word_1_321' title='bbox 445 3780 617 3832; x_wconf 78' lang='grc' dir='ltr'>ταῦτα</span> <span class='ocrx_word' id='word_1_322' title='bbox 658 3780 834 3844; x_wconf 83' lang='grc' dir='ltr'>λόγοις</span> <span class='ocrx_word' id='word_1_323' title='bbox 882 3782 1232 3853; x_wconf 78' lang='grc' dir='ltr'>κυϐερνῶσαν</span> <span class='ocrx_word' id='word_1_324' title='bbox 1278 3784 1597 3851; x_wconf 70' lang='grc' dir='ltr'>κρείττοσιψ</span> <span class='ocrx_word' id='word_1_325' title='bbox 1639 3784 1781 3837; x_wconf 71' lang='grc' dir='ltr'>οὕτω</span> 
     </span>
    </p>
   </div>
   <div class='ocr_carea' id='block_1_52' title="bbox 218 3867 1780 3944">
    <p class='ocr_par' dir='ltr' id='par_1_52' title="bbox 218 3867 1780 3944">
     <span class='ocr_line' id='line_1_52' title="bbox 218 3867 1780 3944; baseline 0.004 -23"><span class='ocrx_word' id='word_1_326' title='bbox 218 3871 324 3940; x_wconf 84' lang='grc' dir='ltr'>γὰρ</span> <span class='ocrx_word' id='word_1_327' title='bbox 353 3867 592 3935; x_wconf 79' lang='grc' dir='ltr'>δοξάζειν</span> <span class='ocrx_word' id='word_1_328' title='bbox 617 3871 665 3922; x_wconf 87' lang='grc' dir='ltr'>οἱ</span> <span class='ocrx_word' id='word_1_329' title='bbox 684 3875 829 3942; x_wconf 81' lang='grc' dir='ltr'>τρεῖς</span> <span class='ocrx_word' id='word_1_330' title='bbox 845 3870 1089 3943; x_wconf 75' lang='grc' dir='ltr'>θεοφόροι</span> <span class='ocrx_word' id='word_1_331' title='bbox 1118 3874 1518 3943; x_wconf 83' lang='grc' dir='ltr'>παρεγγυῶσιν,</span> <span class='ocrx_word' id='word_1_332' title='bbox 1547 3868 1627 3937; x_wconf 69' lang='grc' dir='ltr'>οἷς</span> <span class='ocrx_word' id='word_1_333' title='bbox 1648 3890 1780 3944; x_wconf 88' lang='grc' dir='ltr'>συμ-</span> 
     </span>
    </p>
   </div>
   <div class='ocr_carea' id='block_1_53' title="bbox 219 3961 1319 4036">
    <p class='ocr_par' dir='ltr' id='par_1_53' title="bbox 219 3961 1319 4036">
     <span class='ocr_line' id='line_1_53' title="bbox 219 3961 1319 4036; baseline 0.005 -23"><span class='ocrx_word' id='word_1_334' title='bbox 219 3961 627 4032; x_wconf 76' lang='grc' dir='ltr'>προσκυνοῦμεν</span> <span class='ocrx_word' id='word_1_335' title='bbox 654 3962 823 4036; x_wconf 76' lang='grc' dir='ltr'>αὐτὴν</span> <span class='ocrx_word' id='word_1_336' title='bbox 851 3966 929 4028; x_wconf 87' lang='grc' dir='ltr'><strong>εἰς</strong></span> <span class='ocrx_word' id='word_1_337' title='bbox 950 3966 1075 4027; x_wconf 81' lang='grc' dir='ltr'>τοὺς</span> <span class='ocrx_word' id='word_1_338' title='bbox 1097 3965 1319 4028; x_wconf 85' lang='grc' dir='ltr'>αἰῶνας.</span> 
     </span>
    </p>
   </div>
   <div class='ocr_carea' id='block_1_54' title="bbox 296 4052 1779 4127">
    <p class='ocr_par' dir='ltr' id='par_1_54' title="bbox 296 4052 1779 4127">
     <span class='ocr_line' id='line_1_54' title="bbox 296 4052 1779 4127; baseline 0.004 -24"><span class='ocrx_word' id='word_1_339' title='bbox 296 4052 600 4122; x_wconf 59' lang='grc' dir='ltr'>πνώθησαν</span> <span class='ocrx_word' id='word_1_340' title='bbox 646 4056 693 4107; x_wconf 87' lang='grc' dir='ltr'><strong>οἰ</strong></span> <span class='ocrx_word' id='word_1_341' title='bbox 747 4059 894 4125; x_wconf 82' lang='grc' dir='ltr'>τρεῖς</span> <span class='ocrx_word' id='word_1_342' title='bbox 947 4056 1280 4127; x_wconf 83' lang='grc' dir='ltr'>θεοκήρυκες</span> <span class='ocrx_word' id='word_1_343' title='bbox 1327 4056 1624 4120; x_wconf 81' lang='grc' dir='ltr'>ἑνώσαντες</span> <span class='ocrx_word' id='word_1_344' title='bbox 1681 4064 1779 4127; x_wconf 82' lang='grc' dir='ltr'>τὴν</span> 
     </span>
    </p>
   </div>
   <div class='ocr_carea' id='block_1_55' title="bbox 219 4145 1776 4221">
    <p class='ocr_par' dir='ltr' id='par_1_55' title="bbox 219 4145 1776 4221">
     <span class='ocr_line' id='line_1_55' title="bbox 219 4145 1776 4221; baseline 0.003 -25"><span class='ocrx_word' id='word_1_345' title='bbox 219 4145 444 4215; x_wconf 87' lang='grc' dir='ltr'>Τριάδα,</span> <span class='ocrx_word' id='word_1_346' title='bbox 482 4147 573 4199; x_wconf 72' lang='grc' dir='ltr'><strong>καὶ</strong></span> <span class='ocrx_word' id='word_1_347' title='bbox 599 4147 659 4199; x_wconf 89' lang='grc' dir='ltr'><strong>τὸ</strong></span> <span class='ocrx_word' id='word_1_348' title='bbox 696 4148 985 4218; x_wconf 82' lang='grc' dir='ltr'>ἀμέριστον</span> <span class='ocrx_word' id='word_1_349' title='bbox 1038 4149 1094 4199; x_wconf 82' lang='grc' dir='ltr'>ὲν</span> <span class='ocrx_word' id='word_1_350' title='bbox 1149 4151 1282 4201; x_wconf 84' lang='grc' dir='ltr'>πᾶσι</span> <span class='ocrx_word' id='word_1_351' title='bbox 1316 4150 1672 4221; x_wconf 76' lang='grc' dir='ltr'>τετηρηκότες</span> <span class='ocrx_word' id='word_1_352' title='bbox 1713 4153 1776 4220; x_wconf 80' lang='grc' dir='ltr'>τῇ</span> 
     </span>
    </p>
   </div>
   <div class='ocr_carea' id='block_1_56' title="bbox 218 4237 1779 4311">
    <p class='ocr_par' dir='ltr' id='par_1_56' title="bbox 218 4237 1779 4311">
     <span class='ocr_line' id='line_1_56' title="bbox 218 4237 1779 4311; baseline 0.003 -22"><span class='ocrx_word' id='word_1_353' title='bbox 218 4237 337 4308; x_wconf 79' lang='grc' dir='ltr'>θείᾳ</span> <span class='ocrx_word' id='word_1_354' title='bbox 366 4237 545 4307; x_wconf 79' lang='grc' dir='ltr'>φύσει,</span> <span class='ocrx_word' id='word_1_355' title='bbox 588 4240 713 4310; x_wconf 82' lang='grc' dir='ltr'>μίαν</span> <span class='ocrx_word' id='word_1_356' title='bbox 762 4242 888 4311; x_wconf 82' lang='grc' dir='ltr'>παρ’</span> <span class='ocrx_word' id='word_1_357' title='bbox 938 4240 1103 4310; x_wconf 76' lang='grc' dir='ltr'>αὐτῆς</span> <span class='ocrx_word' id='word_1_358' title='bbox 1153 4240 1439 4293; x_wconf 78' lang='grc' dir='ltr'>άντέλαὸον</span> <span class='ocrx_word' id='word_1_359' title='bbox 1486 4241 1779 4311; x_wconf 86' lang='grc' dir='ltr'>ἀμέριστον</span> 
     </span>
    </p>
   </div>
   <div class='ocr_carea' id='block_1_57' title="bbox 216 4328 1775 4402">
    <p class='ocr_par' dir='ltr' id='par_1_57' title="bbox 216 4328 1775 4402">
     <span class='ocr_line' id='line_1_57' title="bbox 216 4328 1775 4402; baseline 0.001 -21"><span class='ocrx_word' id='word_1_360' title='bbox 216 4328 391 4395; x_wconf 78' lang='grc' dir='ltr'>δόξαν,</span> <span class='ocrx_word' id='word_1_361' title='bbox 450 4334 531 4394; x_wconf 84' lang='grc' dir='ltr'><strong>εἰς</strong></span> <span class='ocrx_word' id='word_1_362' title='bbox 584 4332 802 4385; x_wconf 75' lang='grc' dir='ltr'>ἔπαινον</span> <span class='ocrx_word' id='word_1_363' title='bbox 855 4332 950 4385; x_wconf 75' lang='grc' dir='ltr'><strong>ἕνα</strong></span> <span class='ocrx_word' id='word_1_364' title='bbox 986 4331 1425 4401; x_wconf 84' lang='grc' dir='ltr'>συγκαλουμένην</span> <span class='ocrx_word' id='word_1_365' title='bbox 1448 4334 1570 4394; x_wconf 76' lang='grc' dir='ltr'>τοὺς</span> <span class='ocrx_word' id='word_1_366' title='bbox 1606 4333 1775 4402; x_wconf 86' lang='grc' dir='ltr'>ὑπερ-</span> 
     </span>
    </p>
   </div>
   <div class='ocr_carea' id='block_1_58' title="bbox 217 4419 1752 4491">
    <p class='ocr_par' dir='ltr' id='par_1_58' title="bbox 217 4419 1752 4491">
     <span class='ocr_line' id='line_1_58' title="bbox 217 4419 1752 4491; baseline 0.003 -20"><span class='ocrx_word' id='word_1_367' title='bbox 217 4419 486 4487; x_wconf 66' lang='grc' dir='ltr'>υψοῠντας</span> <span class='ocrx_word' id='word_1_368' title='bbox 511 4422 676 4491; x_wconf 75' lang='grc' dir='ltr'>αὐτὴν</span> <span class='ocrx_word' id='word_1_369' title='bbox 703 4424 781 4485; x_wconf 85' lang='grc' dir='ltr'><strong>εἰς</strong></span> <span class='ocrx_word' id='word_1_370' title='bbox 800 4423 923 4487; x_wconf 79' lang='grc' dir='ltr'>τοὺς</span> <span class='ocrx_word' id='word_1_371' title='bbox 956 4423 1175 4485; x_wconf 90' lang='grc' dir='ltr'>αἰῶνας.</span> <span class='ocrx_word' id='word_1_372' title='bbox 1474 4422 1752 4475; x_wconf 82' lang='grc' dir='ltr'>Θεοτόκιον</span> 
     </span>
    </p>
   </div>
   <div class='ocr_carea' id='block_1_59' title="bbox 300 4591 1851 4679">
    <p class='ocr_par' dir='ltr' id='par_1_59' title="bbox 300 4591 1851 4679">
     <span class='ocr_line' id='line_1_59' title="bbox 300 4591 1851 4679; baseline 0.005 -33"><span class='ocrx_word' id='word_1_373' title='bbox 300 4591 503 4646; x_wconf 73' lang='grc' dir='ltr'>&gt;α6ὼν</span> <span class='ocrx_word' id='word_1_374' title='bbox 550 4591 609 4645; x_wconf 90' lang='grc' dir='ltr'><strong>τὸ</strong></span> <span class='ocrx_word' id='word_1_375' title='bbox 662 4594 783 4645; x_wconf 79' lang='grc' dir='ltr'>καθ’</span> <span class='ocrx_word' id='word_1_376' title='bbox 822 4597 968 4667; x_wconf 76' lang='grc' dir='ltr'>ἡμᾶς</span> <span class='ocrx_word' id='word_1_377' title='bbox 1020 4598 1259 4661; x_wconf 85' lang='grc' dir='ltr'>ἀντιδούς</span> <span class='ocrx_word' id='word_1_378' title='bbox 1307 4616 1366 4651; x_wconf 89' lang='grc' dir='ltr'><strong>τε</strong></span> <span class='ocrx_word' id='word_1_379' title='bbox 1415 4600 1474 4651; x_wconf 89' lang='grc' dir='ltr'><strong>τὸ</strong></span> <span class='ocrx_word' id='word_1_380' title='bbox 1528 4600 1773 4653; x_wconf 86' lang='grc' dir='ltr'>οἰκεῖονό</span> <span class='ocrx_word' id='word_1_381' title='bbox 1809 4627 1851 4679; x_wconf 80' lang='lat' dir='ltr'><strong>D</strong></span> 
     </span>
    </p>
   </div>
   <div class='ocr_carea' id='block_1_60' title="bbox 212 4681 1773 4761">
    <p class='ocr_par' dir='ltr' id='par_1_60' title="bbox 212 4681 1773 4761">
     <span class='ocr_line' id='line_1_60' title="bbox 212 4681 1773 4761; baseline 0.005 -26"><span class='ocrx_word' id='word_1_382' title='bbox 212 4681 526 4753; x_wconf 65' lang='grc' dir='ltr'>εὐεργέτης,</span> <span class='ocrx_word' id='word_1_383' title='bbox 566 4682 753 4753; x_wconf 76' lang='grc' dir='ltr'>ἔδρασε</span> <span class='ocrx_word' id='word_1_384' title='bbox 802 4686 978 4754; x_wconf 83' lang='grc' dir='ltr'>μόνον,</span> <span class='ocrx_word' id='word_1_385' title='bbox 1030 4689 1128 4740; x_wconf 82' lang='grc' dir='ltr'><strong>οὐκ</strong></span> <span class='ocrx_word' id='word_1_386' title='bbox 1173 4689 1340 4741; x_wconf 78' lang='grc' dir='ltr'>ἔπαθε</span> <span class='ocrx_word' id='word_1_387' title='bbox 1396 4691 1469 4756; x_wconf 80' lang='grc' dir='ltr'><strong>δὲ,</strong></span> <span class='ocrx_word' id='word_1_388' title='bbox 1514 4691 1773 4761; x_wconf 75' lang='grc' dir='ltr'>Παρθένεο</span> 
     </span>
    </p>
   </div>
   <div class='ocr_carea' id='block_1_61' title="bbox 214 4773 1775 4853">
    <p class='ocr_par' dir='ltr' id='par_1_61' title="bbox 214 4773 1775 4853">
     <span class='ocr_line' id='line_1_61' title="bbox 214 4773 1775 4853; baseline 0.004 -26"><span class='ocrx_word' id='word_1_389' title='bbox 214 4777 359 4827; x_wconf 60' lang='grc' dir='ltr'>ποιεῖ</span> <span class='ocrx_word' id='word_1_390' title='bbox 392 4773 522 4845; x_wconf 80' lang='grc' dir='ltr'>γὰρ,</span> <span class='ocrx_word' id='word_1_391' title='bbox 552 4774 664 4826; x_wconf 86' lang='grc' dir='ltr'>ἀλλ’</span> <span class='ocrx_word' id='word_1_392' title='bbox 694 4777 795 4828; x_wconf 80' lang='grc' dir='ltr'>οὐκ</span> <span class='ocrx_word' id='word_1_393' title='bbox 844 4778 923 4840; x_wconf 89' lang='grc' dir='ltr'><strong>εἰς</strong></span> <span class='ocrx_word' id='word_1_394' title='bbox 973 4778 1175 4849; x_wconf 77' lang='grc' dir='ltr'>φθορὰν</span> <span class='ocrx_word' id='word_1_395' title='bbox 1210 4780 1550 4845; x_wconf 84' lang='grc' dir='ltr'>καθίσταται,</span> <span class='ocrx_word' id='word_1_396' title='bbox 1580 4782 1775 4853; x_wconf 82' lang='grc' dir='ltr'>μᾶλλον</span> 
     </span>
    </p>
   </div>
   <div class='ocr_carea' id='block_1_62' title="bbox 212 4865 1775 4943">
    <p class='ocr_par' dir='ltr' id='par_1_62' title="bbox 212 4865 1775 4943">
     <span class='ocr_line' id='line_1_62' title="bbox 212 4865 1775 4943; baseline 0.004 -25"><span class='ocrx_word' id='word_1_397' title='bbox 212 4865 267 4918; x_wconf 78' lang='grc' dir='ltr'>δὲ</span> <span class='ocrx_word' id='word_1_398' title='bbox 300 4867 395 4919; x_wconf 74' lang='grc' dir='ltr'>καὶ</span> <span class='ocrx_word' id='word_1_399' title='bbox 417 4867 639 4937; x_wconf 85' lang='grc' dir='ltr'>πάσχων</span> <span class='ocrx_word' id='word_1_400' title='bbox 664 4867 803 4921; x_wconf 78' lang='grc' dir='ltr'>ἑκὼν</span> <span class='ocrx_word' id='word_1_401' title='bbox 842 4869 930 4922; x_wconf 83' lang='grc' dir='ltr'>διὰ</span> <span class='ocrx_word' id='word_1_402' title='bbox 962 4871 1164 4935; x_wconf 86' lang='grc' dir='ltr'>πάθους</span> <span class='ocrx_word' id='word_1_403' title='bbox 1189 4872 1257 4925; x_wconf 80' lang='grc' dir='ltr'>τὰ</span> <span class='ocrx_word' id='word_1_404' title='bbox 1279 4873 1424 4943; x_wconf 87' lang='grc' dir='ltr'>πάθη</span> <span class='ocrx_word' id='word_1_405' title='bbox 1458 4873 1594 4942; x_wconf 82' lang='grc' dir='ltr'>λύει,</span> <span class='ocrx_word' id='word_1_406' title='bbox 1622 4876 1695 4939; x_wconf 83' lang='grc' dir='ltr'>ὡς</span> <span class='ocrx_word' id='word_1_407' title='bbox 1728 4876 1775 4927; x_wconf 82' lang='grc' dir='ltr'>οἱ</span> 
     </span>
    </p>
   </div>
   <div class='ocr_carea' id='block_1_63' title="bbox 211 4957 1286 5030">
    <p class='ocr_par' dir='ltr' id='par_1_63' title="bbox 211 4957 1286 5030">
     <span class='ocr_line' id='line_1_63' title="bbox 211 4957 1286 5030; baseline 0.008 -23"><span class='ocrx_word' id='word_1_408' title='bbox 211 4958 357 5024; x_wconf 89' lang='grc' dir='ltr'>τρεῖς</span> <span class='ocrx_word' id='word_1_409' title='bbox 380 4957 625 5025; x_wconf 85' lang='grc' dir='ltr'>Πατέρες</span> <span class='ocrx_word' id='word_1_410' title='bbox 654 4960 798 5029; x_wconf 79' lang='grc' dir='ltr'>ἡμᾶς</span> <span class='ocrx_word' id='word_1_411' title='bbox 828 4961 1286 5030; x_wconf 83' lang='grc' dir='ltr'>μυσταγωγοῦσιν.</span> 
     </span>
    </p>
   </div>
   <div class='ocr_carea' id='block_1_64' title="bbox 282 5234 1214 5305">
    <p class='ocr_par' dir='ltr' id='par_1_64' title="bbox 282 5234 1214 5305">
     <span class='ocr_line' id='line_1_64' title="bbox 282 5234 1214 5305; baseline 0.002 -18"><span class='ocrx_word' id='word_1_412' title='bbox 282 5234 498 5297; x_wconf 77' lang='grc' dir='ltr'>Ἄλλος.</span> <span class='ocrx_word' id='word_1_413' title='bbox 555 5234 944 5297; x_wconf 83' lang='grc' dir='ltr'>Επταπλασίως</span> <span class='ocrx_word' id='word_1_414' title='bbox 972 5236 1214 5305; x_wconf 81' lang='grc' dir='ltr'>κάμινον.</span> 
     </span>
    </p>
   </div>
   <div class='ocr_carea' id='block_1_65' title="bbox 282 5322 1775 5399">
    <p class='ocr_par' dir='ltr' id='par_1_65' title="bbox 282 5322 1775 5399">
     <span class='ocr_line' id='line_1_65' title="bbox 282 5322 1775 5399; baseline 0.005 -22"><span class='ocrx_word' id='word_1_415' title='bbox 282 5322 390 5388; x_wconf 84' lang='grc' dir='ltr'>Οὓς</span> <span class='ocrx_word' id='word_1_416' title='bbox 417 5325 448 5378; x_wconf 91' lang='lat'><strong>6</strong></span> <span class='ocrx_word' id='word_1_417' title='bbox 478 5323 608 5387; x_wconf 84' lang='grc' dir='ltr'>Θεὸς</span> <span class='ocrx_word' id='word_1_418' title='bbox 647 5327 1043 5395; x_wconf 84' lang='grc' dir='ltr'>συνήνωσενείς</span> <span class='ocrx_word' id='word_1_419' title='bbox 1069 5328 1323 5399; x_wconf 82' lang='grc' dir='ltr'>ὁμότιμον</span> <span class='ocrx_word' id='word_1_420' title='bbox 1358 5330 1567 5395; x_wconf 75' lang='grc' dir='ltr'>ἕνωσιν,</span> <span class='ocrx_word' id='word_1_421' title='bbox 1605 5334 1775 5399; x_wconf 78' lang='grc' dir='ltr'>ἐγκω-</span> 
     </span>
    </p>
   </div>
   <div class='ocr_carea' id='block_1_66' title="bbox 215 5416 1769 5492">
    <p class='ocr_par' dir='ltr' id='par_1_66' title="bbox 215 5416 1769 5492">
     <span class='ocr_line' id='line_1_66' title="bbox 215 5416 1769 5492; baseline 0.005 -25"><span class='ocrx_word' id='word_1_422' title='bbox 215 5416 447 5488; x_wconf 80' lang='grc' dir='ltr'>μιαστὴς</span> <span class='ocrx_word' id='word_1_423' title='bbox 496 5416 571 5487; x_wconf 85' lang='grc' dir='ltr'><strong>μὴ</strong></span> <span class='ocrx_word' id='word_1_424' title='bbox 598 5416 873 5486; x_wconf 79' lang='grc' dir='ltr'>χωριζέτω</span> <span class='ocrx_word' id='word_1_425' title='bbox 899 5418 1198 5489; x_wconf 76' lang='grc' dir='ltr'>ἄνθρωπος·</span> <span class='ocrx_word' id='word_1_426' title='bbox 1231 5420 1344 5472; x_wconf 85' lang='grc' dir='ltr'>ἀλλ’</span> <span class='ocrx_word' id='word_1_427' title='bbox 1376 5421 1518 5483; x_wconf 73' lang='grc' dir='ltr'>ἴσους</span> <span class='ocrx_word' id='word_1_428' title='bbox 1536 5422 1769 5492; x_wconf 85' lang='grc' dir='ltr'>ἡγούμε-</span> 
     </span>
    </p>
   </div>
   <div class='ocr_carea' id='block_1_67' title="bbox 212 5508 1771 5582">
    <p class='ocr_par' dir='ltr' id='par_1_67' title="bbox 212 5508 1771 5582">
     <span class='ocr_line' id='line_1_67' title="bbox 212 5508 1771 5582; baseline 0.004 -23"><span class='ocrx_word' id='word_1_429' title='bbox 212 5523 300 5570; x_wconf 90' lang='grc' dir='ltr'><strong>νος</strong></span> <span class='ocrx_word' id='word_1_430' title='bbox 326 5509 383 5559; x_wconf 81' lang='grc' dir='ltr'><strong>ἐν</strong></span> <span class='ocrx_word' id='word_1_431' title='bbox 410 5511 521 5571; x_wconf 89' lang='grc' dir='ltr'>τοῖς</span> <span class='ocrx_word' id='word_1_432' title='bbox 550 5509 730 5570; x_wconf 79' lang='grc' dir='ltr'>αὐτοῖς</span> <span class='ocrx_word' id='word_1_433' title='bbox 768 5508 1123 5578; x_wconf 88' lang='grc' dir='ltr'>χαρίσμασιν,</span> <span class='ocrx_word' id='word_1_434' title='bbox 1159 5511 1287 5564; x_wconf 83' lang='grc' dir='ltr'>ῖσων</span> <span class='ocrx_word' id='word_1_435' title='bbox 1321 5513 1411 5565; x_wconf 73' lang='grc' dir='ltr'><strong>καὶ</strong></span> <span class='ocrx_word' id='word_1_436' title='bbox 1434 5512 1538 5564; x_wconf 91' lang='grc' dir='ltr'><strong>τῶν</strong></span> <span class='ocrx_word' id='word_1_437' title='bbox 1594 5513 1771 5582; x_wconf 78' lang='grc' dir='ltr'>ὓμνων</span> 
     </span>
    </p>
   </div>
   <div class='ocr_carea' id='block_1_68' title="bbox 215 5596 1771 5673">
    <p class='ocr_par' dir='ltr' id='par_1_68' title="bbox 215 5596 1771 5673">
     <span class='ocr_line' id='line_1_68' title="bbox 215 5596 1771 5673; baseline 0.005 -25"><span class='ocrx_word' id='word_1_438' title='bbox 215 5596 464 5668; x_wconf 79' lang='grc' dir='ltr'>μελῳδῶν</span> <span class='ocrx_word' id='word_1_439' title='bbox 512 5598 756 5662; x_wconf 78' lang='grc' dir='ltr'>ἀξιούτω·</span> <span class='ocrx_word' id='word_1_440' title='bbox 792 5598 842 5651; x_wconf 81' lang='grc' dir='ltr'>οἱ</span> <span class='ocrx_word' id='word_1_441' title='bbox 878 5599 1081 5663; x_wconf 84' lang='grc' dir='ltr'>παῖδες,</span> <span class='ocrx_word' id='word_1_442' title='bbox 1126 5602 1415 5668; x_wconf 54' lang='grc' dir='ltr'>εὐλογεῖτε</span> <span class='ocrx_word' id='word_1_443' title='bbox 1476 5605 1656 5673; x_wconf 84' lang='grc' dir='ltr'>ἱερεῖς,</span> <span class='ocrx_word' id='word_1_444' title='bbox 1681 5606 1771 5656; x_wconf 83' lang='grc' dir='ltr'><strong>ἀν-</strong></span> 
     </span>
    </p>
   </div>
   <div class='ocr_carea' id='block_1_69' title="bbox 212 5689 1707 5762">
    <p class='ocr_par' dir='ltr' id='par_1_69' title="bbox 212 5689 1707 5762">
     <span class='ocr_line' id='line_1_69' title="bbox 212 5689 1707 5762; baseline 0.004 -18"><span class='ocrx_word' id='word_1_445' title='bbox 212 5691 453 5762; x_wconf 77' lang='grc' dir='ltr'><strong>υμνεῖτε⁵</strong></span> <span class='ocrx_word' id='word_1_446' title='bbox 488 5689 625 5756; x_wconf 84' lang='grc' dir='ltr'><strong>λαοί,</strong></span> <span class='ocrx_word' id='word_1_447' title='bbox 657 5690 993 5762; x_wconf 75' lang='grc' dir='ltr'>ὑπερυψοῦ-τε</span> <span class='ocrx_word' id='word_1_448' title='bbox 1021 5695 1099 5755; x_wconf 81' lang='grc' dir='ltr'><strong>εἰς</strong></span> <span class='ocrx_word' id='word_1_449' title='bbox 1125 5694 1326 5756; x_wconf 84' lang='grc' dir='ltr'>πάντας</span> <span class='ocrx_word' id='word_1_450' title='bbox 1352 5696 1475 5756; x_wconf 80' lang='grc' dir='ltr'>τοὺς</span> <span class='ocrx_word' id='word_1_451' title='bbox 1490 5694 1707 5759; x_wconf 85' lang='grc' dir='ltr'>αἰῶνας.</span> 
     </span>
    </p>
   </div>
   <div class='ocr_carea' id='block_1_70' title="bbox 281 5864 1763 5937">
    <p class='ocr_par' dir='ltr' id='par_1_70' title="bbox 281 5864 1763 5937">
     <span class='ocr_line' id='line_1_70' title="bbox 281 5864 1763 5937; baseline 0.001 -19"><span class='ocrx_word' id='word_1_452' title='bbox 281 5868 344 5918; x_wconf 75' lang='grc' dir='ltr'><strong>Οἱ</strong></span> <span class='ocrx_word' id='word_1_453' title='bbox 365 5864 581 5919; x_wconf 75' lang='grc' dir='ltr'>δυνατοὶ</span> <span class='ocrx_word' id='word_1_454' title='bbox 631 5868 723 5919; x_wconf 75' lang='grc' dir='ltr'><strong>καὶ</strong></span> <span class='ocrx_word' id='word_1_455' title='bbox 767 5869 965 5933; x_wconf 69' lang='grc' dir='ltr'>ἄμαχοι</span> <span class='ocrx_word' id='word_1_456' title='bbox 1012 5870 1109 5935; x_wconf 84' lang='grc' dir='ltr'>τῆς</span> <span class='ocrx_word' id='word_1_457' title='bbox 1151 5870 1410 5937; x_wconf 67' lang='grc' dir='ltr'>Θεότητος</span> <span class='ocrx_word' id='word_1_458' title='bbox 1476 5870 1763 5936; x_wconf 69' lang='grc' dir='ltr'>σύμμαχοι,</span> 
     </span>
    </p>
   </div>
   <div class='ocr_carea' id='block_1_71' title="bbox 1887 2035 3447 2113">
    <p class='ocr_par' dir='ltr' id='par_1_71' title="bbox 1887 2035 3447 2113">
     <span class='ocr_line' id='line_1_71' title="bbox 1887 2035 3447 2113; baseline -0.005 -16"><span class='ocrx_word' id='word_1_459' title='bbox 1887 2044 2157 2098; x_wconf 84' lang='lat' dir='ltr'><strong>caminum</strong></span> <span class='ocrx_word' id='word_1_460' title='bbox 2189 2045 2327 2113; x_wconf 88' lang='lat' dir='ltr'><strong>ignis</strong></span> <span class='ocrx_word' id='word_1_461' title='bbox 2361 2040 2682 2105; x_wconf 87' lang='lat' dir='ltr'><strong>descendit,</strong></span> <span class='ocrx_word' id='word_1_462' title='bbox 2736 2046 2790 2092; x_wconf 90' lang='lat' dir='ltr'><strong>et</strong></span> <span class='ocrx_word' id='word_1_463' title='bbox 2821 2037 3089 2092; x_wconf 83' lang='lat' dir='ltr'><strong>ﬂammam</strong></span> <span class='ocrx_word' id='word_1_464' title='bbox 3116 2036 3342 2090; x_wconf 87' lang='lat' dir='ltr'><strong>mutavit</strong></span> <span class='ocrx_word' id='word_1_465' title='bbox 3392 2035 3447 2089; x_wconf 87' lang='lat' dir='ltr'><strong>in</strong></span> 
     </span>
    </p>
   </div>
   <div class='ocr_carea' id='block_1_72' title="bbox 1885 2126 3448 2199">
    <p class='ocr_par' dir='ltr' id='par_1_72' title="bbox 1885 2126 3448 2199">
     <span class='ocr_line' id='line_1_72' title="bbox 1885 2126 3448 2199; baseline -0.006 -9"><span class='ocrx_word' id='word_1_466' title='bbox 1885 2150 2088 2199; x_wconf 90' lang='lat' dir='ltr'><strong>rorem,</strong></span> <span class='ocrx_word' id='word_1_467' title='bbox 2119 2133 2354 2197; x_wconf 85' lang='lat' dir='ltr'><strong>laudate,</strong></span> <span class='ocrx_word' id='word_1_468' title='bbox 2382 2143 2439 2188; x_wconf 95' lang='lat' dir='ltr'><strong>ut</strong></span> <span class='ocrx_word' id='word_1_469' title='bbox 2482 2131 2766 2186; x_wconf 88' lang='lat' dir='ltr'><strong>Dominum</strong></span> <span class='ocrx_word' id='word_1_470' title='bbox 2786 2170 2802 2197; x_wconf 90' lang='lat'><strong>,</strong></span> <span class='ocrx_word' id='word_1_471' title='bbox 2830 2139 2884 2184; x_wconf 92' lang='lat' dir='ltr'><strong>et</strong></span> <span class='ocrx_word' id='word_1_472' title='bbox 2913 2126 3305 2198; x_wconf 73' lang='lat' dir='ltr'><strong>superexaltate</strong></span> <span class='ocrx_word' id='word_1_473' title='bbox 3327 2140 3448 2181; x_wconf 88' lang='lat' dir='ltr'><strong>eum</strong></span> 
     </span>
    </p>
   </div>
   <div class='ocr_carea' id='block_1_73' title="bbox 1884 2224 2379 2284">
    <p class='ocr_par' dir='ltr' id='par_1_73' title="bbox 1884 2224 2379 2284">
     <span class='ocr_line' id='line_1_73' title="bbox 1884 2224 2379 2284; baseline -0.008 -1"><span class='ocrx_word' id='word_1_474' title='bbox 1884 2230 1937 2284; x_wconf 91' lang='lat' dir='ltr'><strong>in</strong></span> <span class='ocrx_word' id='word_1_475' title='bbox 1959 2226 2140 2283; x_wconf 89' lang='lat' dir='ltr'><strong>omnia</strong></span> <span class='ocrx_word' id='word_1_476' title='bbox 2166 2224 2379 2281; x_wconf 56' lang='lat' dir='ltr'><strong>saecula.</strong></span> 
     </span>
    </p>
   </div>
   <div class='ocr_carea' id='block_1_74' title="bbox 1954 2312 3450 2383">
    <p class='ocr_par' dir='ltr' id='par_1_74' title="bbox 1954 2312 3450 2383">
     <span class='ocr_line' id='line_1_74' title="bbox 1954 2312 3450 2383; baseline -0.005 -9"><span class='ocrx_word' id='word_1_477' title='bbox 1954 2318 2168 2374; x_wconf 89' lang='lat' dir='ltr'><strong>Turrim</strong></span> <span class='ocrx_word' id='word_1_478' title='bbox 2222 2316 2552 2373; x_wconf 80' lang='lat' dir='ltr'><strong>fortitudinis</strong></span> <span class='ocrx_word' id='word_1_479' title='bbox 2591 2329 2860 2378; x_wconf 88' lang='lat' dir='ltr'><strong>securam,</strong></span> <span class='ocrx_word' id='word_1_480' title='bbox 2913 2322 2967 2369; x_wconf 91' lang='lat' dir='ltr'><strong>et</strong></span> <span class='ocrx_word' id='word_1_481' title='bbox 3001 2312 3360 2383; x_wconf 89' lang='lat' dir='ltr'><strong>crepidinem,</strong></span> <span class='ocrx_word' id='word_1_482' title='bbox 3396 2320 3450 2367; x_wconf 89' lang='lat' dir='ltr'><strong>et</strong></span> 
     </span>
    </p>
   </div>
   <div class='ocr_carea' id='block_1_75' title="bbox 1886 2402 3448 2477">
    <p class='ocr_par' dir='ltr' id='par_1_75' title="bbox 1886 2402 3448 2477">
     <span class='ocr_line' id='line_1_75' title="bbox 1886 2402 3448 2477; baseline -0.007 -9"><span class='ocrx_word' id='word_1_483' title='bbox 1886 2410 2187 2468; x_wconf 84' lang='lat' dir='ltr'><strong>custodiam</strong></span> <span class='ocrx_word' id='word_1_484' title='bbox 2219 2419 2275 2465; x_wconf 92' lang='lat' dir='ltr'><strong>et</strong></span> <span class='ocrx_word' id='word_1_485' title='bbox 2304 2408 2674 2464; x_wconf 81' lang='lat' dir='ltr'><strong>defensionem</strong></span> <span class='ocrx_word' id='word_1_486' title='bbox 2700 2406 3037 2477; x_wconf 87' lang='lat' dir='ltr'><strong>possidentes</strong></span> <span class='ocrx_word' id='word_1_487' title='bbox 3065 2412 3139 2468; x_wconf 88' lang='lat' dir='ltr'><strong>te,</strong></span> <span class='ocrx_word' id='word_1_488' title='bbox 3168 2418 3265 2474; x_wconf 87' lang='lat' dir='ltr'><strong>per</strong></span> <span class='ocrx_word' id='word_1_489' title='bbox 3288 2402 3448 2459; x_wconf 82' lang='lat' dir='ltr'><strong>ﬁdem</strong></span> 
     </span>
    </p>
   </div>
   <div class='ocr_carea' id='block_1_76' title="bbox 1887 2499 3450 2568">
    <p class='ocr_par' dir='ltr' id='par_1_76' title="bbox 1887 2499 3450 2568">
     <span class='ocr_line' id='line_1_76' title="bbox 1887 2499 3450 2568; baseline -0.006 -10"><span class='ocrx_word' id='word_1_490' title='bbox 1887 2518 2028 2559; x_wconf 91' lang='lat' dir='ltr'><strong>nunc</strong></span> <span class='ocrx_word' id='word_1_491' title='bbox 2054 2516 2357 2557; x_wconf 84' lang='lat' dir='ltr'><strong>servamur.</strong></span> <span class='ocrx_word' id='word_1_492' title='bbox 2396 2499 2704 2555; x_wconf 89' lang='lat' dir='ltr'><strong>Laudamus</strong></span> <span class='ocrx_word' id='word_1_493' title='bbox 2729 2507 2908 2554; x_wconf 85' lang='lat' dir='ltr'><strong>autem</strong></span> <span class='ocrx_word' id='word_1_494' title='bbox 2943 2504 3157 2568; x_wconf 90' lang='lat' dir='ltr'><strong>partum</strong></span> <span class='ocrx_word' id='word_1_495' title='bbox 3190 2504 3362 2560; x_wconf 83' lang='lat' dir='ltr'><strong>tuum,</strong></span> <span class='ocrx_word' id='word_1_496' title='bbox 3416 2510 3450 2548; x_wconf 88' lang='grc' dir='ltr'><strong>ο</strong></span> 
     </span>
    </p>
   </div>
   <div class='ocr_carea' id='block_1_77' title="bbox 1885 2585 3448 2665">
    <p class='ocr_par' dir='ltr' id='par_1_77' title="bbox 1885 2585 3448 2665">
     <span class='ocr_line' id='line_1_77' title="bbox 1885 2585 3448 2665; baseline -0.008 -14"><span class='ocrx_word' id='word_1_497' title='bbox 1885 2608 2082 2665; x_wconf 79' lang='lat' dir='ltr'><strong>expers</strong></span> <span class='ocrx_word' id='word_1_498' title='bbox 2116 2590 2365 2659; x_wconf 64' lang='lat' dir='ltr'><strong>maculat,</strong></span> <span class='ocrx_word' id='word_1_499' title='bbox 2394 2599 2449 2647; x_wconf 90' lang='lat' dir='ltr'><strong>et</strong></span> <span class='ocrx_word' id='word_1_500' title='bbox 2505 2589 2971 2662; x_wconf 86' lang='lat' dir='ltr'><strong>superexaltamus</strong></span> <span class='ocrx_word' id='word_1_501' title='bbox 3020 2587 3073 2642; x_wconf 93' lang='lat' dir='ltr'><strong>in</strong></span> <span class='ocrx_word' id='word_1_502' title='bbox 3108 2585 3288 2641; x_wconf 83' lang='lat' dir='ltr'><strong>omnia</strong></span> <span class='ocrx_word' id='word_1_503' title='bbox 3344 2600 3448 2640; x_wconf 67' lang='lat' dir='ltr'><strong>saa-</strong></span> 
     </span>
    </p>
   </div>
   <div class='ocr_carea' id='block_1_78' title="bbox 1887 2687 2028 2744">
    <p class='ocr_par' dir='ltr' id='par_1_78' title="bbox 1887 2687 2028 2744">
     <span class='ocr_line' id='line_1_78' title="bbox 1887 2687 2028 2744; baseline 0.014 -2"><span class='ocrx_word' id='word_1_504' title='bbox 1887 2687 2028 2744; x_wconf 88' lang='lat' dir='ltr'><strong>cula.</strong></span> 
     </span>
    </p>
   </div>
   <div class='ocr_carea' id='block_1_79' title="bbox 1954 2770 3453 2840">
    <p class='ocr_par' dir='ltr' id='par_1_79' title="bbox 1954 2770 3453 2840">
     <span class='ocr_line' id='line_1_79' title="bbox 1954 2770 3453 2840; baseline -0.004 -9"><span class='ocrx_word' id='word_1_505' title='bbox 1954 2774 2380 2832; x_wconf 83' lang='lat' dir='ltr'><strong>lmmortalitatis</strong></span> <span class='ocrx_word' id='word_1_506' title='bbox 2424 2773 2623 2830; x_wconf 79' lang='lat' dir='ltr'><strong>fontem</strong></span> <span class='ocrx_word' id='word_1_507' title='bbox 2666 2770 2989 2840; x_wconf 89' lang='lat' dir='ltr'><strong>pellucidum</strong></span> <span class='ocrx_word' id='word_1_508' title='bbox 3022 2771 3275 2825; x_wconf 81' lang='lat' dir='ltr'><strong>novimus</strong></span> <span class='ocrx_word' id='word_1_509' title='bbox 3310 2786 3453 2826; x_wconf 75' lang='lat' dir='ltr'><strong>&#39;esse</strong></span> 
     </span>
    </p>
   </div>
   <div class='ocr_carea' id='block_1_80' title="bbox 1888 2859 3448 2933">
    <p class='ocr_par' dir='ltr' id='par_1_80' title="bbox 1888 2859 3448 2933">
     <span class='ocr_line' id='line_1_80' title="bbox 1888 2859 3448 2933; baseline -0.004 -14"><span class='ocrx_word' id='word_1_510' title='bbox 1888 2874 1962 2933; x_wconf 91' lang='lat' dir='ltr'><strong>te,</strong></span> <span class='ocrx_word' id='word_1_511' title='bbox 1993 2864 2087 2919; x_wconf 88' lang='lat' dir='ltr'><strong>Dei</strong></span> <span class='ocrx_word' id='word_1_512' title='bbox 2113 2864 2389 2929; x_wconf 85' lang='lat' dir='ltr'><strong>Genitrix,</strong></span> <span class='ocrx_word' id='word_1_513' title='bbox 2415 2873 2476 2919; x_wconf 92' lang='lat' dir='ltr'><strong>ut</strong></span> <span class='ocrx_word' id='word_1_514' title='bbox 2498 2878 2618 2933; x_wconf 63' lang='lat' dir='ltr'><strong>quae</strong></span> <span class='ocrx_word' id='word_1_515' title='bbox 2645 2861 2877 2932; x_wconf 79' lang='lat' dir='ltr'><strong>genuisti</strong></span> <span class='ocrx_word' id='word_1_516' title='bbox 2910 2859 3087 2915; x_wconf 85' lang='lat' dir='ltr'><strong>Patris</strong></span> <span class='ocrx_word' id='word_1_517' title='bbox 3129 2860 3448 2915; x_wconf 83' lang='lat' dir='ltr'><strong>immortalis</strong></span> 
     </span>
    </p>
   </div>
   <div class='ocr_carea' id='block_1_81' title="bbox 1885 2950 3447 3025">
    <p class='ocr_par' dir='ltr' id='par_1_81' title="bbox 1885 2950 3447 3025">
     <span class='ocr_line' id='line_1_81' title="bbox 1885 2950 3447 3025; baseline -0.004 -15"><span class='ocrx_word' id='word_1_518' title='bbox 1885 2953 2144 3023; x_wconf 88' lang='lat' dir='ltr'><strong>Verbum,</strong></span> <span class='ocrx_word' id='word_1_519' title='bbox 2181 2955 2325 3025; x_wconf 87' lang='lat' dir='ltr'><strong>quod</strong></span> <span class='ocrx_word' id='word_1_520' title='bbox 2354 2962 2526 3009; x_wconf 88' lang='lat' dir='ltr'><strong>morte</strong></span> <span class='ocrx_word' id='word_1_521' title='bbox 2565 2951 2761 3007; x_wconf 87' lang='lat' dir='ltr'><strong>liberat</strong></span> <span class='ocrx_word' id='word_1_522' title='bbox 2806 2964 2997 3006; x_wconf 87' lang='lat' dir='ltr'><strong>omnes</strong></span> <span class='ocrx_word' id='word_1_523' title='bbox 3029 2950 3123 3021; x_wconf 85' lang='lat' dir='ltr'><strong>qui</strong></span> <span class='ocrx_word' id='word_1_524' title='bbox 3153 2950 3326 3021; x_wconf 89' lang='lat' dir='ltr'><strong>ipsum</strong></span> <span class='ocrx_word' id='word_1_525' title='bbox 3352 2965 3447 3006; x_wconf 86' lang='lat' dir='ltr'><strong>su-</strong></span> 
     </span>
    </p>
   </div>
   <div class='ocr_carea' id='block_1_82' title="bbox 1883 3045 2556 3119">
    <p class='ocr_par' dir='ltr' id='par_1_82' title="bbox 1883 3045 2556 3119">
     <span class='ocr_line' id='line_1_82' title="bbox 1883 3045 2556 3119; baseline -0.004 -14"><span class='ocrx_word' id='word_1_526' title='bbox 1883 3048 2226 3119; x_wconf 84' lang='lat' dir='ltr'><strong>perexaltant</strong></span> <span class='ocrx_word' id='word_1_527' title='bbox 2256 3049 2310 3104; x_wconf 92' lang='lat' dir='ltr'><strong>in</strong></span> <span class='ocrx_word' id='word_1_528' title='bbox 2339 3045 2556 3103; x_wconf 64' lang='lat' dir='ltr'><strong>saecula.</strong></span> 
     </span>
    </p>
   </div>
   <div class='ocr_carea' id='block_1_83' title="bbox 1952 3136 3447 3206">
    <p class='ocr_par' dir='ltr' id='par_1_83' title="bbox 1952 3136 3447 3206">
     <span class='ocr_line' id='line_1_83' title="bbox 1952 3136 3447 3206; baseline -0.003 -11"><span class='ocrx_word' id='word_1_529' title='bbox 1952 3140 2119 3195; x_wconf 84' lang='lat' dir='ltr'><strong>Nobis</strong></span> <span class='ocrx_word' id='word_1_530' title='bbox 2165 3138 2409 3195; x_wconf 82' lang='lat' dir='ltr'><strong>ﬁdelibus</strong></span> <span class='ocrx_word' id='word_1_531' title='bbox 2434 3178 2450 3205; x_wconf 97' lang='lat'><strong>,</strong></span> <span class='ocrx_word' id='word_1_532' title='bbox 2500 3136 2643 3192; x_wconf 89' lang='lat' dir='ltr'><strong>velut</strong></span> <span class='ocrx_word' id='word_1_533' title='bbox 2681 3151 2747 3193; x_wconf 90' lang='lat' dir='ltr'><strong>ex</strong></span> <span class='ocrx_word' id='word_1_534' title='bbox 2797 3146 3053 3206; x_wconf 87' lang='lat' dir='ltr'><strong>perpetuo</strong></span> <span class='ocrx_word' id='word_1_535' title='bbox 3078 3136 3245 3203; x_wconf 80' lang='lat' dir='ltr'><strong>fonte,</strong></span> <span class='ocrx_word' id='word_1_536' title='bbox 3271 3148 3447 3192; x_wconf 84' lang='lat' dir='ltr'><strong>enun-</strong></span> 
     </span>
    </p>
   </div>
   <div class='ocr_carea' id='block_1_84' title="bbox 1886 3228 3442 3298">
    <p class='ocr_par' dir='ltr' id='par_1_84' title="bbox 1886 3228 3442 3298">
     <span class='ocr_line' id='line_1_84' title="bbox 1886 3228 3442 3298; baseline -0.004 -10"><span class='ocrx_word' id='word_1_537' title='bbox 1886 3231 1968 3288; x_wconf 89' lang='lat' dir='ltr'><strong>dis</strong></span> <span class='ocrx_word' id='word_1_538' title='bbox 1997 3231 2219 3287; x_wconf 71' lang='lat' dir='ltr'><strong>medela:</strong></span> <span class='ocrx_word' id='word_1_539' title='bbox 2256 3229 2486 3296; x_wconf 83' lang='lat' dir='ltr'><strong>ﬂumen;</strong></span> <span class='ocrx_word' id='word_1_540' title='bbox 2523 3228 2677 3298; x_wconf 83' lang='lat' dir='ltr'><strong>cujus</strong></span> <span class='ocrx_word' id='word_1_541' title='bbox 2725 3229 2998 3298; x_wconf 88' lang='lat' dir='ltr'><strong>impolluta</strong></span> <span class='ocrx_word' id='word_1_542' title='bbox 3044 3230 3216 3297; x_wconf 87' lang='lat' dir='ltr'><strong>gratia</strong></span> <span class='ocrx_word' id='word_1_543' title='bbox 3253 3229 3442 3292; x_wconf 88' lang='lat' dir='ltr'><strong>abluti,</strong></span> 
     </span>
    </p>
   </div>
   <div class='ocr_carea' id='block_1_85' title="bbox 1885 3317 3444 3387">
    <p class='ocr_par' dir='ltr' id='par_1_85' title="bbox 1885 3317 3444 3387">
     <span class='ocr_line' id='line_1_85' title="bbox 1885 3317 3444 3387; baseline -0.003 -12"><span class='ocrx_word' id='word_1_544' title='bbox 1885 3335 1917 3375; x_wconf 93' lang='grc' dir='ltr'><strong>ο</strong></span> <span class='ocrx_word' id='word_1_545' title='bbox 1949 3320 2391 3384; x_wconf 87' lang='lat' dir='ltr'><strong>incontaminata,</strong></span> <span class='ocrx_word' id='word_1_546' title='bbox 2430 3317 2709 3372; x_wconf 86' lang='lat' dir='ltr'><strong>laudemus</strong></span> <span class='ocrx_word' id='word_1_547' title='bbox 2736 3325 2948 3387; x_wconf 87' lang='lat' dir='ltr'><strong>partum</strong></span> <span class='ocrx_word' id='word_1_548' title='bbox 2976 3326 3145 3381; x_wconf 91' lang='lat' dir='ltr'><strong>tuum,</strong></span> <span class='ocrx_word' id='word_1_549' title='bbox 3180 3327 3233 3371; x_wconf 88' lang='lat' dir='ltr'><strong>et</strong></span> <span class='ocrx_word' id='word_1_550' title='bbox 3256 3330 3444 3387; x_wconf 89' lang='lat' dir='ltr'><strong>super-</strong></span> 
     </span>
    </p>
   </div>
   <div class='ocr_carea' id='block_1_86' title="bbox 1881 3407 2710 3466">
    <p class='ocr_par' dir='ltr' id='par_1_86' title="bbox 1881 3407 2710 3466">
     <span class='ocr_line' id='line_1_86' title="bbox 1881 3407 2710 3466; baseline -0.002 -2"><span class='ocrx_word' id='word_1_551' title='bbox 1881 3410 2181 3466; x_wconf 73' lang='lat' dir='ltr'><strong>oxaltamus</strong></span> <span class='ocrx_word' id='word_1_552' title='bbox 2204 3411 2257 3464; x_wconf 90' lang='lat' dir='ltr'><strong>in</strong></span> <span class='ocrx_word' id='word_1_553' title='bbox 2290 3410 2472 3463; x_wconf 89' lang='lat' dir='ltr'><strong>omnia</strong></span> <span class='ocrx_word' id='word_1_554' title='bbox 2496 3407 2710 3463; x_wconf 63' lang='lat' dir='ltr'><strong>saecula.</strong></span> 
     </span>
    </p>
   </div>
   <div class='ocr_carea' id='block_1_87' title="bbox 1952 3500 2869 3573">
    <p class='ocr_par' dir='ltr' id='par_1_87' title="bbox 1952 3500 2869 3573">
     <span class='ocr_line' id='line_1_87' title="bbox 1952 3500 2869 3573; baseline -0.002 -16"><span class='ocrx_word' id='word_1_555' title='bbox 1952 3502 2075 3558; x_wconf 77' lang='grc'>196.</span> <span class='ocrx_word' id='word_1_556' title='bbox 2110 3500 2283 3568; x_wconf 82' lang='lat' dir='ltr'><strong>Alius,</strong></span> <span class='ocrx_word' id='word_1_557' title='bbox 2313 3501 2472 3567; x_wconf 87' lang='lat' dir='ltr'><strong>sicut,</strong></span> <span class='ocrx_word' id='word_1_558' title='bbox 2519 3502 2869 3573; x_wconf 85' lang='grc' dir='ltr'>Ἰνδάλματος.</span> 
     </span>
    </p>
   </div>
   <div class='ocr_carea' id='block_1_88' title="bbox 1965 3593 3448 3665">
    <p class='ocr_par' dir='ltr' id='par_1_88' title="bbox 1965 3593 3448 3665">
     <span class='ocr_line' id='line_1_88' title="bbox 1965 3593 3448 3665; baseline -0.003 -12"><span class='ocrx_word' id='word_1_559' title='bbox 1965 3602 2046 3653; x_wconf 60' lang='lat' dir='ltr'><strong>Et</strong></span> <span class='ocrx_word' id='word_1_560' title='bbox 2068 3594 2409 3665; x_wconf 87' lang='lat' dir='ltr'><strong>agnoscimus</strong></span> <span class='ocrx_word' id='word_1_561' title='bbox 2462 3593 2566 3664; x_wconf 88' lang='lat' dir='ltr'><strong>pie,</strong></span> <span class='ocrx_word' id='word_1_562' title='bbox 2608 3605 2660 3649; x_wconf 87' lang='lat' dir='ltr'><strong>et</strong></span> <span class='ocrx_word' id='word_1_563' title='bbox 2686 3593 3053 3664; x_wconf 78' lang='lat' dir='ltr'><strong>gloriﬁcamus</strong></span> <span class='ocrx_word' id='word_1_564' title='bbox 3100 3607 3260 3646; x_wconf 87' lang='lat' dir='ltr'><strong>unam</strong></span> <span class='ocrx_word' id='word_1_565' title='bbox 3309 3593 3448 3662; x_wconf 80' lang='lat' dir='ltr'><strong>ejus-</strong></span> 
     </span>
    </p>
   </div>
   <div class='ocr_carea' id='block_1_89' title="bbox 1881 3686 3439 3757">
    <p class='ocr_par' dir='ltr' id='par_1_89' title="bbox 1881 3686 3439 3757">
     <span class='ocr_line' id='line_1_89' title="bbox 1881 3686 3439 3757; baseline -0.001 -14"><span class='ocrx_word' id='word_1_566' title='bbox 1881 3689 2001 3743; x_wconf 92' lang='lat' dir='ltr'><strong>dem</strong></span> <span class='ocrx_word' id='word_1_567' title='bbox 2029 3686 2251 3743; x_wconf 88' lang='lat' dir='ltr'><strong>honoris</strong></span> <span class='ocrx_word' id='word_1_568' title='bbox 2275 3701 2521 3741; x_wconf 82' lang='lat' dir='ltr'><strong>naturam</strong></span> <span class='ocrx_word' id='word_1_569' title='bbox 2552 3727 2566 3752; x_wconf 97' lang='lat'><strong>,</strong></span> <span class='ocrx_word' id='word_1_570' title='bbox 2601 3686 2822 3742; x_wconf 64' lang='lat' dir='ltr'><strong>inﬁnita</strong></span> <span class='ocrx_word' id='word_1_571' title='bbox 2871 3686 3125 3757; x_wconf 86' lang='lat' dir='ltr'><strong>potentiae</strong></span> <span class='ocrx_word' id='word_1_572' title='bbox 3180 3688 3439 3741; x_wconf 88' lang='lat' dir='ltr'><strong>unitatem</strong></span> 
     </span>
    </p>
   </div>
   <div class='ocr_carea' id='block_1_90' title="bbox 1881 3778 3440 3848">
    <p class='ocr_par' dir='ltr' id='par_1_90' title="bbox 1881 3778 3440 3848">
     <span class='ocr_line' id='line_1_90' title="bbox 1881 3778 3440 3848; baseline -0.003 -11"><span class='ocrx_word' id='word_1_573' title='bbox 1881 3790 1935 3837; x_wconf 90' lang='lat' dir='ltr'><strong>et</strong></span> <span class='ocrx_word' id='word_1_574' title='bbox 1953 3778 2311 3846; x_wconf 86' lang='lat' dir='ltr'><strong>Trinitatem;</strong></span> <span class='ocrx_word' id='word_1_575' title='bbox 2344 3793 2463 3848; x_wconf 74' lang='lat' dir='ltr'><strong>qua:</strong></span> <span class='ocrx_word' id='word_1_576' title='bbox 2491 3780 2607 3834; x_wconf 56' lang='lat' dir='ltr'><strong>hac</strong></span> <span class='ocrx_word' id='word_1_577' title='bbox 2642 3780 2822 3835; x_wconf 87' lang='lat' dir='ltr'><strong>omnia</strong></span> <span class='ocrx_word' id='word_1_578' title='bbox 2871 3778 3134 3847; x_wconf 87' lang='lat' dir='ltr'><strong>gubernat</strong></span> <span class='ocrx_word' id='word_1_579' title='bbox 3164 3819 3179 3843; x_wconf 94' lang='lat'><strong>,</strong></span> <span class='ocrx_word' id='word_1_580' title='bbox 3211 3794 3274 3832; x_wconf 87' lang='lat' dir='ltr'><strong>ac</strong></span> <span class='ocrx_word' id='word_1_581' title='bbox 3303 3791 3440 3833; x_wconf 86' lang='lat' dir='ltr'><strong>nutu</strong></span> 
     </span>
    </p>
   </div>
   <div class='ocr_carea' id='block_1_91' title="bbox 1882 3866 3439 3941">
    <p class='ocr_par' dir='ltr' id='par_1_91' title="bbox 1882 3866 3439 3941">
     <span class='ocr_line' id='line_1_91' title="bbox 1882 3866 3439 3941; baseline -0.001 -16"><span class='ocrx_word' id='word_1_582' title='bbox 1882 3878 2093 3941; x_wconf 90' lang='lat' dir='ltr'><strong>torquet</strong></span> <span class='ocrx_word' id='word_1_583' title='bbox 2120 3884 2239 3925; x_wconf 88' lang='lat' dir='ltr'><strong>suo.</strong></span> <span class='ocrx_word' id='word_1_584' title='bbox 2296 3868 2385 3925; x_wconf 91' lang='lat' dir='ltr'><strong>Sic</strong></span> <span class='ocrx_word' id='word_1_585' title='bbox 2418 3870 2562 3924; x_wconf 90' lang='lat' dir='ltr'><strong>enim</strong></span> <span class='ocrx_word' id='word_1_586' title='bbox 2589 3869 2782 3924; x_wconf 88' lang='lat' dir='ltr'><strong>docent</strong></span> <span class='ocrx_word' id='word_1_587' title='bbox 2819 3877 2927 3922; x_wconf 91' lang='lat' dir='ltr'><strong>tres</strong></span> <span class='ocrx_word' id='word_1_588' title='bbox 2964 3866 3040 3921; x_wconf 93' lang='lat' dir='ltr'><strong>illi</strong></span> <span class='ocrx_word' id='word_1_589' title='bbox 3073 3867 3288 3933; x_wconf 81' lang='lat' dir='ltr'><strong>deiferi,</strong></span> <span class='ocrx_word' id='word_1_590' title='bbox 3318 3874 3439 3939; x_wconf 82' lang='lat' dir='ltr'><strong>qui-</strong></span> 
     </span>
    </p>
   </div>
   <div class='ocr_carea' id='block_1_92' title="bbox 1878 3954 2879 4013">
    <p class='ocr_par' dir='ltr' id='par_1_92' title="bbox 1878 3954 2879 4013">
     <span class='ocr_line' id='line_1_92' title="bbox 1878 3954 2879 4013; baseline -0.004 0"><span class='ocrx_word' id='word_1_591' title='bbox 1878 3958 2101 4013; x_wconf 89' lang='lat' dir='ltr'><strong>buscum</strong></span> <span class='ocrx_word' id='word_1_592' title='bbox 2124 3972 2243 4013; x_wconf 89' lang='lat' dir='ltr'><strong>eam</strong></span> <span class='ocrx_word' id='word_1_593' title='bbox 2276 3958 2557 4011; x_wconf 90' lang='lat' dir='ltr'><strong>adoramus</strong></span> <span class='ocrx_word' id='word_1_594' title='bbox 2590 3957 2642 4010; x_wconf 93' lang='lat' dir='ltr'><strong>in</strong></span> <span class='ocrx_word' id='word_1_595' title='bbox 2666 3954 2879 4011; x_wconf 60' lang='lat' dir='ltr'><strong>sarcula.</strong></span> 
     </span>
    </p>
   </div>
   <div class='ocr_carea' id='block_1_93' title="bbox 1959 4048 3438 4120">
    <p class='ocr_par' dir='ltr' id='par_1_93' title="bbox 1959 4048 3438 4120">
     <span class='ocr_line' id='line_1_93' title="bbox 1959 4048 3438 4120; baseline 0.001 -15"><span class='ocrx_word' id='word_1_596' title='bbox 1959 4058 2115 4105; x_wconf 67' lang='lat' dir='ltr'><strong>munt</strong></span> <span class='ocrx_word' id='word_1_597' title='bbox 2148 4048 2380 4103; x_wconf 83' lang='lat' dir='ltr'><strong>maxime</strong></span> <span class='ocrx_word' id='word_1_598' title='bbox 2422 4048 2555 4102; x_wconf 90' lang='lat' dir='ltr'><strong>uniti</strong></span> <span class='ocrx_word' id='word_1_599' title='bbox 2595 4048 2735 4103; x_wconf 90' lang='lat' dir='ltr'><strong>inter</strong></span> <span class='ocrx_word' id='word_1_600' title='bbox 2787 4064 2845 4105; x_wconf 90' lang='lat' dir='ltr'><strong>se</strong></span> <span class='ocrx_word' id='word_1_601' title='bbox 2881 4059 2989 4103; x_wconf 91' lang='lat' dir='ltr'><strong>tres</strong></span> <span class='ocrx_word' id='word_1_602' title='bbox 3020 4050 3096 4104; x_wconf 92' lang='lat' dir='ltr'><strong>illi</strong></span> <span class='ocrx_word' id='word_1_603' title='bbox 3121 4050 3285 4105; x_wconf 89' lang='lat' dir='ltr'><strong>divini</strong></span> <span class='ocrx_word' id='word_1_604' title='bbox 3311 4067 3438 4120; x_wconf 69' lang='lat' dir='ltr'><strong>prm-</strong></span> 
     </span>
    </p>
   </div>
   <div class='ocr_carea' id='block_1_94' title="bbox 1880 4140 3437 4214">
    <p class='ocr_par' dir='ltr' id='par_1_94' title="bbox 1880 4140 3437 4214">
     <span class='ocr_line' id='line_1_94' title="bbox 1880 4140 3437 4214; baseline 0 -17"><span class='ocrx_word' id='word_1_605' title='bbox 1880 4157 2041 4198; x_wconf 87' lang='lat' dir='ltr'><strong>cones</strong></span> <span class='ocrx_word' id='word_1_606' title='bbox 2071 4143 2162 4214; x_wconf 94' lang='lat' dir='ltr'><strong>qui</strong></span> <span class='ocrx_word' id='word_1_607' title='bbox 2193 4142 2480 4197; x_wconf 89' lang='lat' dir='ltr'><strong>univerunt</strong></span> <span class='ocrx_word' id='word_1_608' title='bbox 2512 4140 2851 4207; x_wconf 87' lang='lat' dir='ltr'><strong>Trinitatem,</strong></span> <span class='ocrx_word' id='word_1_609' title='bbox 2876 4152 2930 4195; x_wconf 85' lang='lat' dir='ltr'><strong>et</strong></span> <span class='ocrx_word' id='word_1_610' title='bbox 2952 4144 3004 4196; x_wconf 92' lang='lat' dir='ltr'><strong>in</strong></span> <span class='ocrx_word' id='word_1_611' title='bbox 3035 4144 3287 4199; x_wconf 88' lang='lat' dir='ltr'><strong>omnibus</strong></span> <span class='ocrx_word' id='word_1_612' title='bbox 3325 4160 3437 4199; x_wconf 79' lang='lat' dir='ltr'><strong>ser-</strong></span> 
     </span>
    </p>
   </div>
   <div class='ocr_carea' id='block_1_95' title="bbox 1881 4234 3430 4305">
    <p class='ocr_par' dir='ltr' id='par_1_95' title="bbox 1881 4234 3430 4305">
     <span class='ocr_line' id='line_1_95' title="bbox 1881 4234 3430 4305; baseline 0.004 -18"><span class='ocrx_word' id='word_1_613' title='bbox 1881 4245 2139 4289; x_wconf 80' lang='lat' dir='ltr'><strong>vaverunt</strong></span> <span class='ocrx_word' id='word_1_614' title='bbox 2172 4236 2364 4290; x_wconf 67' lang='lat' dir='ltr'><strong>divinae</strong></span> <span class='ocrx_word' id='word_1_615' title='bbox 2389 4244 2595 4289; x_wconf 74' lang='lat' dir='ltr'><strong>natura:</strong></span> <span class='ocrx_word' id='word_1_616' title='bbox 2626 4234 2997 4300; x_wconf 88' lang='lat' dir='ltr'><strong>individuum;</strong></span> <span class='ocrx_word' id='word_1_617' title='bbox 3048 4237 3114 4291; x_wconf 90' lang='lat' dir='ltr'><strong>ab</strong></span> <span class='ocrx_word' id='word_1_618' title='bbox 3144 4251 3314 4305; x_wconf 90' lang='lat' dir='ltr'><strong>eaque</strong></span> <span class='ocrx_word' id='word_1_619' title='bbox 3349 4239 3430 4293; x_wconf 86' lang='lat' dir='ltr'><strong>id-</strong></span> 
     </span>
    </p>
   </div>
   <div class='ocr_carea' id='block_1_96' title="bbox 1877 4326 3434 4396">
    <p class='ocr_par' dir='ltr' id='par_1_96' title="bbox 1877 4326 3434 4396">
     <span class='ocr_line' id='line_1_96' title="bbox 1877 4326 3434 4396; baseline 0.002 -16"><span class='ocrx_word' id='word_1_620' title='bbox 1877 4327 2025 4380; x_wconf 87' lang='lat' dir='ltr'><strong>circo</strong></span> <span class='ocrx_word' id='word_1_621' title='bbox 2081 4335 2402 4395; x_wconf 90' lang='lat' dir='ltr'><strong>receperunt</strong></span> <span class='ocrx_word' id='word_1_622' title='bbox 2458 4341 2616 4380; x_wconf 89' lang='lat' dir='ltr'><strong>unam</strong></span> <span class='ocrx_word' id='word_1_623' title='bbox 2664 4336 2718 4381; x_wconf 90' lang='lat' dir='ltr'><strong>et</strong></span> <span class='ocrx_word' id='word_1_624' title='bbox 2754 4326 3035 4381; x_wconf 88' lang='lat' dir='ltr'><strong>indivisam</strong></span> <span class='ocrx_word' id='word_1_625' title='bbox 3086 4328 3343 4396; x_wconf 89' lang='lat' dir='ltr'><strong>gloriam,</strong></span> <span class='ocrx_word' id='word_1_626' title='bbox 3382 4331 3434 4383; x_wconf 91' lang='lat' dir='ltr'><strong>in</strong></span> 
     </span>
    </p>
   </div>
   <div class='ocr_carea' id='block_1_97' title="bbox 1878 4419 3436 4488">
    <p class='ocr_par' dir='ltr' id='par_1_97' title="bbox 1878 4419 3436 4488">
     <span class='ocr_line' id='line_1_97' title="bbox 1878 4419 3436 4488; baseline 0.003 -16"><span class='ocrx_word' id='word_1_627' title='bbox 1878 4435 1981 4486; x_wconf 88' lang='lat' dir='ltr'><strong>qua</strong></span> <span class='ocrx_word' id='word_1_628' title='bbox 2017 4420 2081 4473; x_wconf 89' lang='lat' dir='ltr'><strong>ad</strong></span> <span class='ocrx_word' id='word_1_629' title='bbox 2120 4434 2281 4473; x_wconf 89' lang='lat' dir='ltr'><strong>unam</strong></span> <span class='ocrx_word' id='word_1_630' title='bbox 2308 4419 2522 4472; x_wconf 87' lang='lat' dir='ltr'><strong>laudem</strong></span> <span class='ocrx_word' id='word_1_631' title='bbox 2560 4426 2921 4473; x_wconf 88' lang='lat' dir='ltr'><strong>convocantur</strong></span> <span class='ocrx_word' id='word_1_632' title='bbox 2971 4419 3436 4488; x_wconf 80' lang='lat' dir='ltr'><strong>superexaltantes</strong></span> 
     </span>
    </p>
   </div>
   <div class='ocr_carea' id='block_1_98' title="bbox 1881 4505 3433 4565">
    <p class='ocr_par' dir='ltr' id='par_1_98' title="bbox 1881 4505 3433 4565">
     <span class='ocr_line' id='line_1_98' title="bbox 1881 4505 3433 4565; baseline 0.004 -7"><span class='ocrx_word' id='word_1_633' title='bbox 1881 4505 2195 4559; x_wconf 83' lang='lat' dir='ltr'><strong>Trinitatem</strong></span> <span class='ocrx_word' id='word_1_634' title='bbox 2234 4508 2284 4561; x_wconf 91' lang='lat' dir='ltr'><strong>in</strong></span> <span class='ocrx_word' id='word_1_635' title='bbox 2313 4507 2527 4561; x_wconf 68' lang='lat' dir='ltr'><strong>smeula.</strong></span> <span class='ocrx_word' id='word_1_636' title='bbox 3191 4509 3433 4565; x_wconf 80' lang='lat' dir='ltr'><strong>Mariale.</strong></span> 
     </span>
    </p>
   </div>
   <div class='ocr_carea' id='block_1_99' title="bbox 1965 4599 3437 4671">
    <p class='ocr_par' dir='ltr' id='par_1_99' title="bbox 1965 4599 3437 4671">
     <span class='ocr_line' id='line_1_99' title="bbox 1965 4599 3437 4671; baseline 0.006 -21"><span class='ocrx_word' id='word_1_637' title='bbox 1965 4599 2146 4654; x_wconf 63' lang='lat' dir='ltr'><strong>acilius</strong></span> <span class='ocrx_word' id='word_1_638' title='bbox 2179 4600 2269 4653; x_wconf 84' lang='lat' dir='ltr'><strong>Dei</strong></span> <span class='ocrx_word' id='word_1_639' title='bbox 2298 4614 2423 4666; x_wconf 80' lang='lat' dir='ltr'><strong>erga</strong></span> <span class='ocrx_word' id='word_1_640' title='bbox 2457 4614 2552 4651; x_wconf 92' lang='lat' dir='ltr'><strong>nos</strong></span> <span class='ocrx_word' id='word_1_641' title='bbox 2586 4599 2879 4664; x_wconf 82' lang='lat' dir='ltr'><strong>beneﬁcus,</strong></span> <span class='ocrx_word' id='word_1_642' title='bbox 2922 4613 3170 4671; x_wconf 89' lang='lat' dir='ltr'><strong>operatus</strong></span> <span class='ocrx_word' id='word_1_643' title='bbox 3215 4613 3297 4659; x_wconf 82' lang='lat' dir='ltr'><strong>est</strong></span> <span class='ocrx_word' id='word_1_644' title='bbox 3352 4621 3437 4659; x_wconf 90' lang='lat' dir='ltr'><strong>so-</strong></span> 
     </span>
    </p>
   </div>
   <div class='ocr_carea' id='block_1_100' title="bbox 1882 4690 3434 4763">
    <p class='ocr_par' dir='ltr' id='par_1_100' title="bbox 1882 4690 3434 4763">
     <span class='ocr_line' id='line_1_100' title="bbox 1882 4690 3434 4763; baseline 0.005 -21"><span class='ocrx_word' id='word_1_645' title='bbox 1882 4690 2009 4756; x_wconf 88' lang='lat' dir='ltr'><strong>lum,</strong></span> <span class='ocrx_word' id='word_1_646' title='bbox 2045 4706 2149 4743; x_wconf 88' lang='lat' dir='ltr'><strong>non</strong></span> <span class='ocrx_word' id='word_1_647' title='bbox 2195 4699 2375 4742; x_wconf 88' lang='lat' dir='ltr'><strong>autem</strong></span> <span class='ocrx_word' id='word_1_648' title='bbox 2424 4704 2618 4757; x_wconf 79' lang='lat' dir='ltr'><strong>passus</strong></span> <span class='ocrx_word' id='word_1_649' title='bbox 2671 4693 2985 4760; x_wconf 87' lang='lat' dir='ltr'><strong>quidquam,</strong></span> <span class='ocrx_word' id='word_1_650' title='bbox 3018 4708 3050 4747; x_wconf 95' lang='lat' dir='ltr'><strong>o</strong></span> <span class='ocrx_word' id='word_1_651' title='bbox 3075 4694 3234 4763; x_wconf 84' lang='lat' dir='ltr'><strong>Virgo</strong></span> <span class='ocrx_word' id='word_1_652' title='bbox 3259 4733 3273 4759; x_wconf 96' lang='lat'><strong>,</strong></span> <span class='ocrx_word' id='word_1_653' title='bbox 3310 4695 3434 4749; x_wconf 87' lang='lat' dir='ltr'><strong>dum</strong></span> 
     </span>
    </p>
   </div>
   <div class='ocr_carea' id='block_1_101' title="bbox 1878 4782 3434 4855">
    <p class='ocr_par' dir='ltr' id='par_1_101' title="bbox 1878 4782 3434 4855">
     <span class='ocr_line' id='line_1_101' title="bbox 1878 4782 3434 4855; baseline 0.003 -20"><span class='ocrx_word' id='word_1_654' title='bbox 1878 4782 2168 4849; x_wconf 86' lang='lat' dir='ltr'><strong>assumpsit</strong></span> <span class='ocrx_word' id='word_1_655' title='bbox 2217 4782 2359 4851; x_wconf 90' lang='lat' dir='ltr'><strong>quod</strong></span> <span class='ocrx_word' id='word_1_656' title='bbox 2417 4794 2662 4837; x_wconf 89' lang='lat' dir='ltr'><strong>nostrum</strong></span> <span class='ocrx_word' id='word_1_657' title='bbox 2709 4791 2763 4836; x_wconf 89' lang='lat' dir='ltr'><strong>et</strong></span> <span class='ocrx_word' id='word_1_658' title='bbox 2818 4784 3053 4837; x_wconf 85' lang='lat' dir='ltr'><strong>reddidit</strong></span> <span class='ocrx_word' id='word_1_659' title='bbox 3108 4786 3251 4855; x_wconf 90' lang='lat' dir='ltr'><strong>quod</strong></span> <span class='ocrx_word' id='word_1_660' title='bbox 3313 4799 3434 4841; x_wconf 90' lang='lat' dir='ltr'><strong>erat</strong></span> 
     </span>
    </p>
   </div>
   <div class='ocr_carea' id='block_1_102' title="bbox 1878 4872 3425 4946">
    <p class='ocr_par' dir='ltr' id='par_1_102' title="bbox 1878 4872 3425 4946">
     <span class='ocr_line' id='line_1_102' title="bbox 1878 4872 3425 4946; baseline 0.003 -18"><span class='ocrx_word' id='word_1_661' title='bbox 1878 4888 2053 4928; x_wconf 89' lang='lat' dir='ltr'><strong>suum.</strong></span> <span class='ocrx_word' id='word_1_662' title='bbox 2085 4872 2237 4928; x_wconf 87' lang='lat' dir='ltr'><strong>Facit</strong></span> <span class='ocrx_word' id='word_1_663' title='bbox 2263 4874 2427 4940; x_wconf 88' lang='lat' dir='ltr'><strong>enim,</strong></span> <span class='ocrx_word' id='word_1_664' title='bbox 2463 4876 2557 4929; x_wconf 88' lang='lat' dir='ltr'><strong>sed</strong></span> <span class='ocrx_word' id='word_1_665' title='bbox 2588 4890 2694 4929; x_wconf 86' lang='lat' dir='ltr'><strong>non</strong></span> <span class='ocrx_word' id='word_1_666' title='bbox 2729 4875 2959 4930; x_wconf 86' lang='lat' dir='ltr'><strong>incurrit</strong></span> <span class='ocrx_word' id='word_1_667' title='bbox 2984 4879 3382 4946; x_wconf 89' lang='lat' dir='ltr'><strong>corruptionem</strong></span> <span class='ocrx_word' id='word_1_668' title='bbox 3413 4900 3425 4933; x_wconf 92' lang='lat'><strong>:</strong></span> 
     </span>
    </p>
   </div>
   <div class='ocr_carea' id='block_1_103' title="bbox 1877 4965 3432 5039">
    <p class='ocr_par' dir='ltr' id='par_1_103' title="bbox 1877 4965 3432 5039">
     <span class='ocr_line' id='line_1_103' title="bbox 1877 4965 3432 5039; baseline 0.006 -23"><span class='ocrx_word' id='word_1_669' title='bbox 1877 4966 2003 5034; x_wconf 90' lang='lat' dir='ltr'><strong>quin</strong></span> <span class='ocrx_word' id='word_1_670' title='bbox 2027 4967 2204 5035; x_wconf 87' lang='lat' dir='ltr'><strong>potius</strong></span> <span class='ocrx_word' id='word_1_671' title='bbox 2226 4968 2528 5036; x_wconf 91' lang='lat' dir='ltr'><strong>passionem</strong></span> <span class='ocrx_word' id='word_1_672' title='bbox 2559 4965 2726 5021; x_wconf 87' lang='lat' dir='ltr'><strong>libere</strong></span> <span class='ocrx_word' id='word_1_673' title='bbox 2747 4970 3035 5032; x_wconf 84' lang='lat' dir='ltr'><strong>sustinens,</strong></span> <span class='ocrx_word' id='word_1_674' title='bbox 3056 4969 3155 5023; x_wconf 88' lang='lat' dir='ltr'><strong>hac</strong></span> <span class='ocrx_word' id='word_1_675' title='bbox 3182 4970 3293 5039; x_wconf 90' lang='lat' dir='ltr'><strong>ipsa</strong></span> <span class='ocrx_word' id='word_1_676' title='bbox 3317 4986 3432 5039; x_wconf 85' lang='lat' dir='ltr'><strong>pas-</strong></span> 
     </span>
    </p>
   </div>
   <div class='ocr_carea' id='block_1_104' title="bbox 1876 5057 3430 5127">
    <p class='ocr_par' dir='ltr' id='par_1_104' title="bbox 1876 5057 3430 5127">
     <span class='ocr_line' id='line_1_104' title="bbox 1876 5057 3430 5127; baseline 0.006 -19"><span class='ocrx_word' id='word_1_677' title='bbox 1876 5058 2056 5112; x_wconf 87' lang='lat' dir='ltr'><strong>siones</strong></span> <span class='ocrx_word' id='word_1_678' title='bbox 2084 5067 2296 5112; x_wconf 89' lang='lat' dir='ltr'><strong>nostras</strong></span> <span class='ocrx_word' id='word_1_679' title='bbox 2319 5057 2583 5125; x_wconf 86' lang='lat' dir='ltr'><strong>dissolvit,</strong></span> <span class='ocrx_word' id='word_1_680' title='bbox 2610 5061 3057 5127; x_wconf 87' lang='lat' dir='ltr'><strong>quemadmodum</strong></span> <span class='ocrx_word' id='word_1_681' title='bbox 3082 5070 3193 5117; x_wconf 90' lang='lat' dir='ltr'><strong>tres</strong></span> <span class='ocrx_word' id='word_1_682' title='bbox 3229 5064 3301 5118; x_wconf 91' lang='lat' dir='ltr'><strong>illi</strong></span> <span class='ocrx_word' id='word_1_683' title='bbox 3332 5064 3430 5118; x_wconf 82' lang='lat' dir='ltr'><strong>Pa-</strong></span> 
     </span>
    </p>
   </div>
   <div class='ocr_carea' id='block_1_105' title="bbox 1877 5148 2549 5205">
    <p class='ocr_par' dir='ltr' id='par_1_105' title="bbox 1877 5148 2549 5205">
     <span class='ocr_line' id='line_1_105' title="bbox 1877 5148 2549 5205; baseline 0.009 -6"><span class='ocrx_word' id='word_1_684' title='bbox 1877 5156 1984 5201; x_wconf 90' lang='lat' dir='ltr'><strong>tres</strong></span> <span class='ocrx_word' id='word_1_685' title='bbox 2009 5164 2105 5202; x_wconf 86' lang='lat' dir='ltr'><strong>nos</strong></span> <span class='ocrx_word' id='word_1_686' title='bbox 2135 5156 2319 5203; x_wconf 89' lang='lat' dir='ltr'><strong>sancte</strong></span> <span class='ocrx_word' id='word_1_687' title='bbox 2338 5148 2549 5205; x_wconf 90' lang='lat' dir='ltr'><strong>docent.</strong></span> 
     </span>
    </p>
   </div>
   <div class='ocr_carea' id='block_1_106' title="bbox 1946 5240 3046 5311">
    <p class='ocr_par' dir='ltr' id='par_1_106' title="bbox 1946 5240 3046 5311">
     <span class='ocr_line' id='line_1_106' title="bbox 1946 5240 3046 5311; baseline 0.005 -19"><span class='ocrx_word' id='word_1_688' title='bbox 1946 5240 2120 5305; x_wconf 82' lang='lat' dir='ltr'><strong>Alius,</strong></span> <span class='ocrx_word' id='word_1_689' title='bbox 2150 5241 2307 5308; x_wconf 88' lang='lat' dir='ltr'><strong>sicut,</strong></span> <span class='ocrx_word' id='word_1_690' title='bbox 2351 5240 2768 5303; x_wconf 84' lang='grc' dir='ltr'>Ἐπταπλασίως</span> <span class='ocrx_word' id='word_1_691' title='bbox 2794 5240 3046 5311; x_wconf 83' lang='grc' dir='ltr'>κάμινον.</span> 
     </span>
    </p>
   </div>
   <div class='ocr_carea' id='block_1_107' title="bbox 1950 5331 3427 5402">
    <p class='ocr_par' dir='ltr' id='par_1_107' title="bbox 1950 5331 3427 5402">
     <span class='ocr_line' id='line_1_107' title="bbox 1950 5331 3427 5402; baseline 0.005 -17"><span class='ocrx_word' id='word_1_692' title='bbox 1950 5332 2073 5386; x_wconf 75' lang='grc'><strong>197.</strong></span> <span class='ocrx_word' id='word_1_693' title='bbox 2135 5331 2285 5398; x_wconf 85' lang='lat' dir='ltr'><strong>Quod</strong></span> <span class='ocrx_word' id='word_1_694' title='bbox 2336 5332 2477 5387; x_wconf 91' lang='lat' dir='ltr'><strong>Deus</strong></span> <span class='ocrx_word' id='word_1_695' title='bbox 2514 5332 2794 5398; x_wconf 85' lang='lat' dir='ltr'><strong>conjunxit</strong></span> <span class='ocrx_word' id='word_1_696' title='bbox 2830 5336 3110 5402; x_wconf 66' lang='lat' dir='ltr'><strong>aequaliter</strong></span> <span class='ocrx_word' id='word_1_697' title='bbox 3154 5351 3427 5393; x_wconf 82' lang='lat' dir='ltr'><strong>nonoran-</strong></span> 
     </span>
    </p>
   </div>
   <div class='ocr_carea' id='block_1_108' title="bbox 1877 5422 3429 5490">
    <p class='ocr_par' dir='ltr' id='par_1_108' title="bbox 1877 5422 3429 5490">
     <span class='ocr_line' id='line_1_108' title="bbox 1877 5422 3429 5490; baseline 0.003 -11"><span class='ocrx_word' id='word_1_698' title='bbox 1877 5426 1992 5488; x_wconf 89' lang='lat' dir='ltr'><strong>dos,</strong></span> <span class='ocrx_word' id='word_1_699' title='bbox 2024 5423 2187 5476; x_wconf 84' lang='lat' dir='ltr'><strong>homo</strong></span> <span class='ocrx_word' id='word_1_700' title='bbox 2231 5422 2476 5475; x_wconf 89' lang='lat' dir='ltr'><strong>laudator</strong></span> <span class='ocrx_word' id='word_1_701' title='bbox 2538 5436 2642 5475; x_wconf 92' lang='lat' dir='ltr'><strong>non</strong></span> <span class='ocrx_word' id='word_1_702' title='bbox 2677 5432 2923 5490; x_wconf 86' lang='lat' dir='ltr'><strong>separet;</strong></span> <span class='ocrx_word' id='word_1_703' title='bbox 2978 5425 3070 5477; x_wconf 88' lang='lat' dir='ltr'><strong>sed</strong></span> <span class='ocrx_word' id='word_1_704' title='bbox 3117 5425 3270 5480; x_wconf 91' lang='lat' dir='ltr'><strong>donis</strong></span> <span class='ocrx_word' id='word_1_705' title='bbox 3321 5446 3429 5483; x_wconf 75' lang='lat' dir='ltr'><strong>eue-</strong></span> 
     </span>
    </p>
   </div>
   <div class='ocr_carea' id='block_1_109' title="bbox 1877 5515 3429 5591">
    <p class='ocr_par' dir='ltr' id='par_1_109' title="bbox 1877 5515 3429 5591">
     <span class='ocr_line' id='line_1_109' title="bbox 1877 5515 3429 5591; baseline 0.005 -22"><span class='ocrx_word' id='word_1_706' title='bbox 1877 5515 2102 5569; x_wconf 82' lang='lat' dir='ltr'><strong>lestibus</strong></span> <span class='ocrx_word' id='word_1_707' title='bbox 2162 5528 2319 5581; x_wconf 87' lang='lat' dir='ltr'><strong>pares</strong></span> <span class='ocrx_word' id='word_1_708' title='bbox 2374 5528 2471 5568; x_wconf 91' lang='lat' dir='ltr'><strong>eos</strong></span> <span class='ocrx_word' id='word_1_709' title='bbox 2532 5515 2892 5579; x_wconf 84' lang='lat' dir='ltr'><strong>existimans,</strong></span> <span class='ocrx_word' id='word_1_710' title='bbox 2949 5518 3164 5585; x_wconf 85' lang='lat' dir='ltr'><strong>paribus</strong></span> <span class='ocrx_word' id='word_1_711' title='bbox 3218 5536 3429 5591; x_wconf 85' lang='lat' dir='ltr'><strong>quoque</strong></span> 
     </span>
    </p>
   </div>
   <div class='ocr_carea' id='block_1_110' title="bbox 1874 5602 3425 5676">
    <p class='ocr_par' dir='ltr' id='par_1_110' title="bbox 1874 5602 3425 5676">
     <span class='ocr_line' id='line_1_110' title="bbox 1874 5602 3425 5676; baseline 0.004 -16"><span class='ocrx_word' id='word_1_712' title='bbox 1874 5607 2127 5676; x_wconf 87' lang='lat' dir='ltr'><strong>dignetur</strong></span> <span class='ocrx_word' id='word_1_713' title='bbox 2184 5604 2486 5674; x_wconf 65' lang='lat' dir='ltr'><strong>prmcnniis.</strong></span> <span class='ocrx_word' id='word_1_714' title='bbox 2546 5602 2729 5671; x_wconf 80' lang='lat' dir='ltr'><strong>Pueri,</strong></span> <span class='ocrx_word' id='word_1_715' title='bbox 2773 5606 3109 5672; x_wconf 84' lang='lat' dir='ltr'><strong>henedicite;</strong></span> <span class='ocrx_word' id='word_1_716' title='bbox 3171 5616 3425 5666; x_wconf 85' lang='lat' dir='ltr'><strong>sacerdo-</strong></span> 
     </span>
    </p>
   </div>
   <div class='ocr_carea' id='block_1_111' title="bbox 1875 5695 3429 5764">
    <p class='ocr_par' dir='ltr' id='par_1_111' title="bbox 1875 5695 3429 5764">
     <span class='ocr_line' id='line_1_111' title="bbox 1875 5695 3429 5764; baseline 0.004 -12"><span class='ocrx_word' id='word_1_717' title='bbox 1875 5707 1975 5763; x_wconf 86' lang='lat' dir='ltr'><strong>tes,</strong></span> <span class='ocrx_word' id='word_1_718' title='bbox 2008 5696 2310 5759; x_wconf 88' lang='lat' dir='ltr'><strong>celebrate;</strong></span> <span class='ocrx_word' id='word_1_719' title='bbox 2342 5695 2541 5764; x_wconf 82' lang='lat' dir='ltr'><strong>populi,</strong></span> <span class='ocrx_word' id='word_1_720' title='bbox 2583 5698 3018 5764; x_wconf 67' lang='lat' dir='ltr'><strong>superexaltate,</strong></span> <span class='ocrx_word' id='word_1_721' title='bbox 3040 5701 3093 5753; x_wconf 90' lang='lat' dir='ltr'><strong>in</strong></span> <span class='ocrx_word' id='word_1_722' title='bbox 3119 5704 3297 5756; x_wconf 80' lang='lat' dir='ltr'><strong>omnia</strong></span> <span class='ocrx_word' id='word_1_723' title='bbox 3331 5721 3429 5758; x_wconf 58' lang='lat' dir='ltr'><strong>sm-</strong></span> 
     </span>
    </p>
   </div>
   <div class='ocr_carea' id='block_1_112' title="bbox 1873 5788 2009 5839">
    <p class='ocr_par' dir='ltr' id='par_1_112' title="bbox 1873 5788 2009 5839">
     <span class='ocr_line' id='line_1_112' title="bbox 1873 5788 2009 5839; baseline -0.007 0"><span class='ocrx_word' id='word_1_724' title='bbox 1873 5788 2009 5839; x_wconf 85' lang='lat' dir='ltr'><strong>cuia.</strong></span> 
     </span>
    </p>
   </div>
   <div class='ocr_carea' id='block_1_113' title="bbox 1943 5875 3423 5947">
    <p class='ocr_par' dir='ltr' id='par_1_113' title="bbox 1943 5875 3423 5947">
     <span class='ocr_line' id='line_1_113' title="bbox 1943 5875 3423 5947; baseline 0.009 -22"><span class='ocrx_word' id='word_1_725' title='bbox 1943 5875 2189 5929; x_wconf 75' lang='lat' dir='ltr'><strong>Potentes</strong></span> <span class='ocrx_word' id='word_1_726' title='bbox 2243 5886 2294 5929; x_wconf 88' lang='lat' dir='ltr'><strong>et</strong></span> <span class='ocrx_word' id='word_1_727' title='bbox 2346 5876 2523 5928; x_wconf 74' lang='lat' dir='ltr'><strong>invicti</strong></span> <span class='ocrx_word' id='word_1_728' title='bbox 2593 5877 2896 5933; x_wconf 77' lang='lat' dir='ltr'><strong>Divinitatis</strong></span> <span class='ocrx_word' id='word_1_729' title='bbox 2958 5881 3310 5947; x_wconf 71' lang='lat' dir='ltr'><strong>defensores,</strong></span> <span class='ocrx_word' id='word_1_730' title='bbox 3367 5900 3423 5938; x_wconf 70' lang='lat' dir='ltr'><strong>et</strong></span> 
     </span>
    </p>
   </div>
  </div>
