4230 6496
2121 451 2647 513 PROLEGOHENA.

777 570 1024 624 veritatis
1080 568 1278 623 sinceri
1312 568 1551 638 patroni,
1590 567 1855 639 profunda
1904 567 2137 639 Spiritus
2186 579 2334 624 recte
2364 576 2447 630 A:

2333 593 2334 612 ξ
2364 576 2408 630 Α
2438 564 2654 635 καὶτῆς
2688 561 2945 631 ἀληθείας
2992 560 3241 631 ἀψευδεῖς
3275 562 3581 633 συνήγοροι,
3610 560 3678 614 τὰ
3724 560 3862 632 βάθη
3914 560 4003 616 τοῦ

770 660 1016 723 scrutati,
1052 660 1355 714 sententias
1385 659 1497 715 Deo
1551 670 1945 716 consentaneas
1987 659 2253 727 astruitis,
2284 669 2340 714 et

2336 699 2340 713 ,
2442 650 2755 721 Πνεύματος
2787 650 2968 715 καλῶς
3022 652 3497 722 ἁνερευνήσαντες,
3539 652 3640 714 τὰς
3685 650 4006 721 θεοπρεπεῖς

771 753 898 807 hinc
949 751 1157 807 docetis
1202 751 1478 822 psallere:
1544 751 1770 823 Populi,
1827 754 2225 820 superexaltate
2284 754 2336 807 in

2442 740 2570 811 περὶ
2600 738 2731 793 Θεοῦ
2766 739 3060 811 ὑπολήψεις
3114 739 3321 793 ἐκεῖθεν
3372 740 3680 803 συνιστῶσι,
3730 742 3827 794 καὶ
3863 742 4007 796 διδά-

766 843 949 896 οιιιηὶι
985 842 1206 898 mula,
2442 848 2629 885 σκουσι
2656 831 2893 901 ψάλλειν·
2938 832 3091 899 Λαοὶ,
3140 830 3477 901 ὑπερυψοῦτε
3510 834 3587 896 είς
3637 832 3846 895 πάντας
3882 835 4007 897 τοὺς

2438 939 2662 985 αιωνας.

770 467 989 508 CCCLle

841 1016 958 1072 Duo
998 1016 1231 1071 maxima
1276 1016 1584 1081 luminaria,
1621 1016 1851 1087 positum
1897 1018 2000 1072 sub
2032 1016 2146 1073 sole
2186 1032 2338 1072 mun-

767 1106 898 1161 dum
927 1108 994 1163 de
1029 1110 1169 1164 calo
1199 1108 1503 1165 illuminant
1526 1108 1854 1163 alternatim.
1877 1109 1952 1163 De
1974 1118 2119 1163 terra
2157 1118 2334 1163 autem

770 1208 1061 1255 coruscant
1088 1200 1192 1255 tria
1220 1214 1380 1271 supra
1410 1200 1629 1254 modum
1670 1200 1937 1256 immensa
1970 1200 2196 1265 lumina,
2220 1202 2335 1254 eol-

770 1287 1005 1345 lucentia
1035 1300 1091 1344 et
1142 1291 1305 1345 simul
1336 1289 1657 1360 psallentis:
1689 1288 2103 1360 Superexaltate
2124 1330 2140 1354 ,
2167 1305 2201 1344 ο
2242 1307 2336 1354 po-

771 1380 903 1449 puli,
938 1381 1208 1437 Christum
1243 1384 1296 1437 in
1322 1382 1537 1438 secula.
2091 1382 2332 1439 Mariale.

2526 1010 2616 1075 Ἐξ
2660 1009 2885 1080 οὐρανοῦ
2938 1010 3037 1082 μὲν
3073 1010 3319 1083 μέγιστοι
3351 1010 3445 1065 δύο
3472 1008 3653 1081 λύχνοι
3678 1011 4007 1082 φωτίζουσιν

2436 1103 2501 1155 ὲκ
2524 1101 2778 1173 διαδοχῆς
2810 1103 3050 1175 ἀλλήλων
3091 1102 3191 1173 τὴν
3230 1103 3475 1174 ὑφήλιονσ
3518 1104 3583 1156 ὲκ
3618 1104 3716 1173 γῆς
3746 1104 3803 1156 δὲ
3844 1105 4007 1173 φανο-

2435 1211 2592 1266 τερον
2640 1196 2741 1267 τὴν
2783 1195 3075 1266 σύμπασαν
3101 1194 3399 1265 αὑγάζουσι
3452 1197 3602 1267 τρεῖς
3644 1195 3783 1248 κατὰ
3810 1196 4005 1248 ταυτὸν

2437 1287 2833 1358 ὑπερμεγέθεις
2866 1287 3172 1360 φωστῆρες,
3205 1288 3603 1358 συλλαμποντες
3626 1286 4005 1357 ἀλλήλοις,καὶ

2439 1380 2838 1449 συμψάλλοντες
2895 1381 3032 1452 ἅμα·
3065 1381 3218 1447 Λαοὶ,
3255 1379 3592 1452 ὑπερυψοῦτε
3648 1380 3885 1451 Χριστὸν
3925 1381 4005 1444 είς

2435 1474 2559 1536 τοὺς
2580 1474 2801 1537 αἰῶνας.
3698 1469 4000 1526 Θεοτόκιον.

885 1571 1070 1631 ropter
1118 1574 1214 1616 nos
1264 1561 1563 1617 incarnatio
1603 1571 1731 1627 est,
1766 1568 1822 1615 et
1858 1575 2035 1629 passio
2081 1563 2332 1630 pretiosa.
2519 1562 2555 1614 ’Ἰ

2330 1605 2332 1614 ι
2519 1562 2687 1633 ’Υπὲρ
2730 1562 2886 1634 ἡμῶν
2915 1563 2949 1633 ἠ
2993 1562 3265 1632 σαρκωσις
3305 1560 3399 1616 καὶ
3444 1561 3515 1614 τὰ
3553 1560 3699 1631 πάθη
3728 1561 3796 1614 τὰ
3823 1562 4000 1631 τίμια·

768 1649 997 1722 Propter
1026 1667 1126 1707 nos
1167 1668 1288 1707 cum
1340 1654 1569 1708 mortuis
1598 1652 1699 1707 fuit
1728 1653 1872 1707 Deus
1903 1692 1918 1718 ,
1951 1664 2177 1707 mortem
2210 1655 2319 1723 qui-
2434 1680 2438 1699 ‹

2434 1654 2503 1707 δι’
2517 1656 2665 1724 ἡμᾶς
2689 1654 2819 1718 Θεὸς
2838 1653 2974 1725 μετὰ
2990 1652 3197 1724 νεκρῶν
3212 1653 3443 1720 ἐγένετο,
3468 1653 3696 1710 θανάτου
3726 1652 3826 1724 μὲν
3847 1653 4007 1721 ἄγευ-

771 1746 892 1795 ιΙειιι
923 1750 1141 1810 gustare
1167 1744 1403 1807 nescius,
1438 1743 1579 1797 sicut
1601 1758 1699 1798 nec
1730 1742 1969 1797 dolorem
2022 1742 2210 1806 alium,
2239 1743 2334 1798 sed
2438 1772 2441 1792 ι

2438 1763 2582 1809 στος,
2604 1742 2692 1799 οἷα
2720 1737 2905 1800 παθῶν
2922 1744 3227 1815 ἐλεύθερος,
3256 1746 3322 1815 τῇ
3352 1744 3409 1796 δὲ
3432 1746 3568 1815 πρὸς
3583 1744 3680 1817 τὴν
3706 1746 3888 1817 σάρκα
3907 1746 4005 1815 τὴν

772 1837 1063 1901 percarnis
1097 1836 1339 1892 mortalis
1371 1837 1807 1892 communionem
1852 1835 2024 1891 factus
2064 1838 2334 1905 particeps
2438 1843 2442 1879 ε

2438 1836 2637 1908 θνητὴν
2671 1837 2925 1907 κοινωνίᾳ
2979 1835 3269 1907 λεγόμενος
3315 1836 3409 1887 καὶ
3462 1836 3665 1899 πάθους
3716 1839 4006 1907 μετασχεῖν

768 1940 823 1979 et
850 1928 1052 1985 doloris
1072 1937 1127 1981 et
1160 1929 1367 1984 mortis.
1394 1929 1575 1996 Quare
1622 1944 1746 1983 eum
1789 1928 2257 1998 superexaltamus
2282 1930 2333 1982 in
2367 1960 2410 2014 Β

2367 1960 2410 2014 Β
2440 1930 2531 1982 καὶ
2558 1929 2807 1983 θανάτου·
2846 1929 2963 2000 μεθ’
2992 1926 3059 2001 ἧς
3093 1926 3478 2000 ὑπερυψοῦμεν
3509 1929 3589 1991 είς
3616 1929 3822 1993 πάντας
3880 1932 4006 1994 τοὺς

768 2018 946 2073 omnia
969 2018 1183 2074 uacula.
2029 2018 2332 2073 Catabasia.

2439 2022 2657 2084 αίῶνας.
3657 2019 4002 2077 Καταϐασία.

842 2200 897 2257 In
951 2202 1128 2273 ignem
1172 2191 1560 2259 intol'erabilem
1601 2202 1829 2271 conjecti
1875 2203 1945 2273 pii
1999 2217 2126 2275 erga
2171 2204 2335 2259 Deum

2520 2199 2790 2270 ’Δστέκτῳ
2830 2199 2964 2270 πυρὶ
3007 2201 3289 2265 ἑνωθέντες
3314 2204 3362 2255 οί
3399 2199 3708 2264 θεοσεϐείας
3734 2200 4006 2271 προεστῶ-

765 2290 1010 2360 juvenes,
1060 2309 1089 2347 a
1115 2292 1325 2348 ﬂamma
1366 2310 1494 2350 vero
1526 2309 1630 2349 non
1673 2295 1806 2358 laesi.
1842 2295 2081 2349 divinum
2113 2310 2332 2350 carmen
2434 2320 2435 2325 π

2434 2309 2526 2355 τες
2554 2290 2779 2355 νεανίαι,
2806 2294 2871 2363 τῇ
2898 2291 3055 2361 φλογὶ
3085 2291 3140 2344 δὲ
3188 2294 3262 2363 μὴ
3288 2293 3642 2364 λωϐηθέντες,
3670 2293 3813 2346 θεῖον
3842 2292 4006 2362 ὕμνον

767 2384 1086 2440 canebant:
1133 2385 1459 2452 Benedicite,
1484 2388 1671 2443 omnia
1728 2402 1891 2456 opera
1957 2388 2192 2453 Domini,
2222 2388 2330 2442 Do-
2436 2412 2437 2431 ι

2436 2383 2689 2454 ἔμελπον·
2745 2383 3053 2453 Εὑλογεῖτε,
3116 2385 3289 2439 πάντα
3336 2385 3403 2437 τὰ
3450 2385 3586 2457 ἔργα
3632 2386 3861 2455 Κυρίου.
3920 2384 4009 2438 τὸν

770 2477 937 2531 mino.
2432 2473 2655 2527 Κύριον.

1313 2609 1449 2665 ODE
1477 2610 1527 2665 9.
1561 2610 1797 2667 Hirmus.
2928 2613 2983 2682 ᾳ

2928 2613 3060 2682 qua
3096 2615 3162 2666 θ’.
3218 2613 3276 2667 '0
3302 2612 3507 2685 εἱρμός.

841 2701 961 2757 198.
1011 2702 1087 2759 Ex
1131 2700 1242 2757 Deo
1273 2702 1440 2757 Deum
1486 2702 1741 2766 Verbum,
1796 2704 1938 2771 quod
1975 2704 2335 2773 inexplicabili
2502 2702 2511 2720 '

2502 2700 2606 2755 Τδν
2655 2702 2718 2755 ὲκ
2751 2702 2885 2755 Θεοῦ
2911 2703 3041 2756 Θεὸν
3066 2706 3254 2772 Λόγον,
3292 2706 3383 2759 τὸν
3405 2708 3629 2777 ἀρρήτῳ
3660 2704 3821 2777 σοφίᾳ
3836 2706 4005 2776 ήκότα

768 2796 1032 2864 sapientia
1064 2796 1210 2849 venit
1228 2794 1293 2848 ad
1326 2796 1691 2848 innovandum
1714 2794 1998 2861 Adamum,
2032 2812 2129 2869 per
2152 2799 2332 2853 cibum
2434 2812 2438 2847 :

2434 2792 2827 2865 καινουργῆσαι
2856 2793 2947 2844 τὸν
2982 2792 3169 2863 Ἀδὰμ,
3204 2792 3402 2863 βρώσει
3436 2794 3640 2864 φθορᾶς
3678 2794 4003 2847 πεπτωκότα

770 2886 1131 2954 corruptionis
1160 2886 1400 2956 graviter
1449 2888 1654 2960 lapsum
1682 2926 1695 2949 ,
1741 2890 1993 2958 quodque
2026 2904 2091 2943 ex
2148 2901 2332 2945 saneta
2433 2888 2440 2936 ί

2433 2886 2639 2953 δεινῶς,
2687 2887 2745 2951 ἐξ
2798 2887 2957 2955 ἁγίας
2990 2884 3265 2957 Παρθένου
3316 2886 3607 2957 ἀφράστως
3654 2887 4004 2958 σαρκωθέντα

774 2978 993 3049 Virgine
1040 2976 1386 3033 ineﬂabiliter
1439 2979 1779 3033 incarnatnm
1832 2991 1914 3036 est
1946 2991 2168 3053 prOpter
2209 2997 2331 3046 nos,

766 3069 1007 3124 unanimi
1035 3080 1193 3125 cantu
1218 3070 1627 3140 magniﬁcamus
1655 3070 1859 3128 ﬁdeles.

841 3179 898 3236 In
929 3191 1000 3247 te,
1047 3180 1209 3253 Virgo
1248 3182 1582 3244 beatissima,
1623 3198 1772 3251 spem
1823 3200 1998 3237 meam
2033 3198 2246 3237 omnem
2272 3182 2334 3235 li-

769 3274 962 3328 benter
993 3273 1231 3338 colloco;
1258 3287 1411 3327 serva
1449 3288 1557 3338 me,
1578 3272 1748 3328 Mater
1768 3287 1907 3327 verae
1934 3272 2085 3329 vim:
2114 3280 2168 3327 et
2190 3281 2333 3340 pete,
2363 3305 2407 3365 ρ

774 3382 809 3419 ο
836 3375 1007 3433 casta,
1036 3368 1259 3438 perenni
1285 3367 1479 3436 gaudio
1505 3367 1713 3437 impleri
1750 3382 1848 3423 eos
1878 3367 1967 3438 qui
2001 3382 2123 3422 cum
2146 3366 2253 3422 ﬁde
2281 3372 2336 3421 et

772 3458 1039 3513 desiderio
1067 3469 1116 3513 te
1152 3459 1381 3513 canticis
1412 3458 1782 3529 magniﬁcam.

841 3638 1025 3708 Virgo-
1058 3640 1417 3697 illustrissima
1446 3682 1462 3706 ,
1496 3640 1659 3708 janua
1714 3641 1877 3696 divini
1926 3639 2160 3701 luminis.
2218 3640 2337 3694 illu-

771 3734 919 3799 mina
952 3735 1143 3787 anima:
1182 3750 1316 3791 mea:
1351 3735 1634 3806 caliginem
1694 3732 2031 3805 spiritalibus
2069 3722 2204 3785 luci’s
2233 3741 2336 3787 tua:

772 3824 959 3880 radiis.
997 3826 1063 3881 Et
1103 3837 1244 3896 pete,
1273 3842 1309 3883 ο
1345 3838 1512 3891 casta,
1545 3826 1766 3895 perenni
1800 3824 1921 3896 igne
1966 3821 2185 3878 liberari
2220 3836 2335 3887 eos,

771 3917 862 3987 qui
893 3932 1013 3972 cum
1050 3917 1152 3973 [Ide
1176 3929 1229 3973 et
1261 3920 1528 3975 desiderio
1557 3929 1608 3974 te
1636 3918 1864 3973 canticis
1896 3915 2258 3989 magniﬁcam.

2094 4009 2337 4067 Mariale.

844 4098 1013 4164 Quem
1040 4097 1202 4154 Pater
1245 4095 1437 4151 Filium
1479 4112 1545 4152 ex
1584 4108 1738 4153 utero
1768 4109 1893 4155 ante
1915 4099 2108 4155 saecula
2134 4102 2339 4171 genuit,

774 4192 823 4247 is
862 4192 914 4246 in
944 4200 1035 4245 tuo
1057 4190 1309 4245 habitans
1360 4199 1513 4244 utero
1539 4189 1718 4245 factus
1748 4200 1829 4245 est
1853 4192 2120 4260 perfectus
2144 4194 2337 4259 homo;

772 4294 827 4339 et
862 4294 914 4341 te
936 4323 954 4351 ,
992 4284 1219 4353 Deipara
1247 4322 1264 4349 ,
1295 4281 1504 4339 fontem
1552 4285 1847 4355 gratiarum
1882 4286 2119 4339 ostendit
2164 4286 2339 4352 nobis,

774 4377 866 4443 qui
925 4377 1153 4433 fideliter
1207 4376 1496 4432 adoramus
1559 4375 1903 4431 ineﬂabilem
1959 4386 2103 4431 tuam
2153 4391 2343 4448 proge-

772 4484 937 4524 mem.

845 4579 969 4634 {99.
995 4578 1166 4644 Alius,
1192 4579 1354 4642 sicut,
1396 4579 1657 4651 Ἀνάρχου
1691 4582 2031 4653 γεννήτορος.

2432 2982 2497 3035 δι’
2530 2980 2773 3051 ἡμᾶς,οί
2824 2982 3004 3033 πιστοὶ
3051 2978 3366 3050 ὁμοφρόνως
3418 2979 3477 3031 ὲν
3528 2977 3718 3049 ὕμνοις
3767 2978 4002 3049 μεγαλύ-

2434 3088 2615 3142 νομεν.

2506 3184 2913 3253 Θεομακάριστε

2440 3274 2734 3347 προθύμως
2780 3276 3073 3347 ἀνατίθημι
3118 3280 3176 3331 ὲν
3224 3280 3323 3331 σοί’
3358 3278 3529 3332 σῶσόν
3571 3294 3657 3349 με,
3687 3278 3876 3348 Μῆτερ
3909 3277 4004 3348 τῆς

2438 3364 2605 3429 ὅντως
2644 3364 2805 3435 ζωῆς-
2844 3366 2935 3418 καὶ
2959 3366 3171 3437 τρυφῆς
3199 3367 3421 3420 ἀεννάου
3452 3368 3755 3438 πλησθῆναι
3785 3367 4002 3421 καθικέ-

2438 3472 2583 3518 τευε,
2619 3456 2781 3526 ἁγνὴ,
2823 3456 2949 3521 τοὺς
2970 3458 3027 3509 ὲν
3054 3457 3234 3510 πίστει
3276 3457 3369 3510 καὶ
3402 3457 3549 3528 πόθῳ
3589 3474 3646 3510 σε
3677 3457 3867 3528 ὕμνοις
3906 3476 4001 3529 με·

2438 3546 2787 3617 γαλύνοντας.

2520 3642 2871 3711 Ἐπιφανεῖσα
2922 3641 3185 3714 Παρθένε,
3242 3642 3343 3713 τῆς
3386 3641 3563 3713 ψυχῆς
3599 3659 3698 3713 μου
3721 3641 3812 3694 τὸν
3846 3640 4005 3710 ζόφον

2437 3735 2614 3804 φωτός
2647 3754 2741 3791 σου
2773 3741 2894 3801 ταῖς
2922 3738 3105 3801 ἀΰλοις
3135 3739 3438 3809 ἀστραπαῖς
3463 3738 3719 3807 αὖγασον,
3742 3738 3887 3808 πύλη
3912 3736 4003 3791 τοῦ

2440 3826 2583 3881 θείου
2618 3830 2813 3901 φωτός.
2848 3832 2961 3884 Καὶ
3000 3832 3173 3903 πυρὸς
3200 3832 3415 3886 αἰωνίου
3445 3832 3706 3905 ρυσθῆναι
3735 3830 4004 3898 καταξίω-

2442 3935 2554 3980 σον.
2599 3923 2759 3997 ἁγνὴ,
2802 3924 2927 3987 τοὺς
2952 3926 3009 3976 ὲν
3056 3923 3233 3978 πίστει
3254 3926 3345 3978 καὶ
3366 3924 3513 3996 πόθῳ
3535 3941 3592 3977 σε
3629 3924 3817 3995 ὕμνοις
3842 3940 4008 3995 μεγα-

2441 4010 2714 4076 λύνοντας.
3702 4015 4004 4069 Θεοτόκιον.

2525 4103 2611 4155 Ἑν
2665 4106 2731 4173 τῇ
2786 4107 2981 4174 γαστρί
3020 4124 3111 4159 σου
3160 4105 3466 4178 σκηνώσας,
3511 4108 3574 4159 ὲκ
3619 4106 3857 4177 γαστρὸς
3906 4105 4011 4176 πρὸ

2441 4193 2654 4248 αἰώνων
2687 4195 2877 4267 Πατὴρ
2904 4197 3069 4265 ὅνπερ
3095 4197 3380 4267 ἐγέννησεν
3394 4196 3525 4261 υἱὸν,
3558 4197 3762 4259 τέλειος
3789 4198 4010 4264 γέγονεν

2441 4288 2725 4361 ἄνθρωπος
2773 4290 2867 4344 καὶ
2922 4289 3103 4360 πηγὴν
3168 4287 3517 4360 χαρισμάτων
3562 4305 3642 4355 σε,
3708 4288 4005 4359 Θεομῆτορ,

2443 4382 2640 4448 ἔδειξεν
2672 4386 2821 4455 ἡμῖν,
2856 4386 2967 4447 τοῖς
2992 4381 3198 4447 πιστῶς
3234 4380 3594 4453 προσκυνοῦσι
3613 4380 3709 4453 τὴν
3732 4379 4010 4451 ἄφραστόν

2446 4493 2536 4529 σου
2562 4476 2831 4547 γέννησιν.

2992 3186 3163 3259 Κόρη,
3244 3185 3340 3257 τὴν
3411 3184 3600 3239 ἐλπίδα
3658 3201 3762 3255 μου
3828 3185 4004 3237 πᾶσαν

2522 4590 2733 4654 Ἀλλος.
2783 4590 3045 4662 ’Δνάρχου
3076 4593 3411 4663 γεννήτορος.

842 4673 1142 4743 Magniﬁca,
1182 4672 1363 4726 anima
1416 4688 1573 4739 mea,
1638 4674 1737 4728 tria
1788 4652 1977 4743 magna
2017 4676 2159 4731 inter
2210 4652 2417 4730 anti-D
2511 4686 2512 4689 ‘

2337 4652 2417 4715 ιι)
2511 4652 2847 4751 Μεγάλυνον,
3052 4652 3175 4755 μου,
3378 4652 3442 4736 -ὲν
3493 4683 3773 4756 ίεράρχαις
3797 4686 4007 4757 φωστῆ-

771 4767 926 4822 stitcs
958 4766 1261 4821 luminaria.

858 4873 1067 4927 >grum
1125 4868 1365 4913 vestrum
1399 4869 1452 4913 et
1473 4860 1613 4915 ovile
1648 4862 1929 4930 respicite;
1982 4871 2201 4931 propter
2221 4876 2342 4930 quae

774 4951 1042 5005 maximos
1074 4948 1289 5006 labores
1334 4953 1698 5008 sustinuistis.
1738 4953 1792 5007 ln
1836 4970 1999 5009 unum
2059 4963 2337 5018 coeuntes,

772 5054 870 5093 vos
910 5048 1019 5093 tres
1046 5039 1425 5112 coniungimus
1456 5054 1509 5096 et
1537 5044 1921 5099 suavissimam
1952 5055 2187 5099 vestram
2213 5058 2338 5096 con-

772 5130 1104 5200 iunctionem
1138 5148 1235 5203 pro
1264 5136 1547 5190 communi
1568 5138 1828 5191 habemus
1868 5135 2192 5192 laudationis
2215 5152 2330 5194 ma-

774 5226 906 5276 teris

847 5335 1146 5405 Magniﬁca,
1204 5342 1383 5396 anima
1435 5358 1574 5403 mea.
1626 5342 1728 5396 tria
1774 5342 2094 5398 candelabra
2152 5340 2337 5395 Eccle-

776 5428 870 5481 sia:
891 5427 1111 5484 Christi.

858 5541 1075 5596 Christi
1107 5544 1276 5613 gratia
1336 5546 1580 5603 hostibus
1650 5549 1764 5605 suis
1839 5549 2023 5616 objicit
2106 5548 2338 5604 machae-

775 5645 891 5685 ram
950 5649 1053 5687 non
1103 5636 1185 5690 bis
1220 5678 1235 5703 ,
1276 5638 1369 5694 sed
1426 5649 1508 5694 ter
1566 5651 1825 5708 acutam,
1878 5656 2043 5694 unum
2105 5642 2156 5694 in
2217 5652 2331 5693 caa-

773 5721 828 5777 lo
886 5724 1205 5781 iabricatum
1258 5745 1441 5786 ensem
1472 5774 1487 5798 ,
1543 5735 1739 5803 triplici
1813 5732 2104 5804 lulgentem
2158 5732 2338 5801 cuspi-

773 5814 885 5882 de;
944 5834 1040 5889 pro
1087 5820 1297 5879 Deitate
1352 5840 1457 5880 una
1514 5836 1566 5883 et
1612 5829 1748 5883 trina
1808 5840 2022 5896 semper
2076 5823 2338 5882 dimicau-

776 5916 905 5965 tem.

2444 4792 2540 4847 ρας
2573 4778 2720 4846 τρεῖς
2754 4774 3040 4845 μεγάλους.

2525 4868 2671 4921 -δοὺ
2705 4868 2765 4921 τὸ
2804 4869 3066 4941 ὑμέτερον
3095 4869 3363 4942 γεώργιον
3421 4870 3513 4922 καὶ
3568 4868 3840 4940 ποίμνιον,
3872 4870 4008 4942 ὑπὲρ

2439 4954 2500 5015 οὖ
2530 4962 2656 5023 τοὺς
2682 4962 2969 5031 μεγίστους
2995 4963 3185 5025 πόνους
3217 4962 3503 5032 ὑπέστητε·
3541 4962 3620 5025 είς
3652 4962 3709 5015 ἓν
3727 4963 4007 5017 συνελθόν-

2438 5070 2529 5115 τες
2555 5052 2687 5123 όμοῧ
2723 5070 2803 5117 τε,
2836 5055 2959 5115 τοὺς
2993 5056 3140 5125 τρεῖς
3161 5054 3299 5123 ὑμᾶς
3332 5052 3851 5124 συμπαραλαϐόντες
3894 5069 4006 5105 κοι-

2439 5143 2533 5213 νὴν
2562 5143 2755 5214 ἔχομεν
2776 5144 2979 5197 αῐνεσιν
3006 5144 3102 5214 τὴν
3130 5143 3281 5215 ὑμῶν
3308 5144 3525 5215 ἡδίστην
3546 5144 3757 5197 ἕνωσιν.

2509 5344 2844 5413 Μεγάλυνον,
2918 5343 3061 5414 ψυχὴ
3132 5361 3253 5414 μου,
3302 5344 3429 5406 τοὺς
3492 5340 4009 5415 τρισσολάμπτηρας

2437 5436 2668 5507 Χριστοῦ
2692 5437 2789 5508 τῆς
2833 5436 3173 5506 Ἐκχλησίας.

2525 5552 2611 5607 οὐ
2644 5552 2893 5622 δίστομον
2954 5550 3227 5619 μάχαιραν
3256 5550 3287 5618 ἡ
3322 5548 3499 5619 χάρις,
3548 5547 3682 5602 ἀλλὰ
3719 5548 4005 5619 τρίστομον

2440 5640 2580 5696 κατὰ
2605 5640 2714 5694 τῶν
2749 5638 3016 5709 πολεμίων
3044 5637 3213 5705 αὐτῆς
3260 5634 3668 5706 προσϐάλλεται·
3707 5634 4003 5707 ἓνοὺρανο·

2439 5735 2733 5805 χάλκευτον
2790 5731 2939 5801 ξίφος
2985 5731 3161 5801 τρισὶν
3206 5730 3409 5801 ἀκμαῖς
3441 5727 3875 5799 κατεστωμένον,
3920 5722 4002 5780 ἀεὶ

2441 5824 2852 5899 προμαχόμενον
2880 5820 3217 5892 τριλαμποῦς
3256 5822 3381 5891 μιᾶς
3404 5819 3683 5891 Θεὸτητος.
