4230 6488
1377 438 1768 493 ΑεωιυτιιιΑ
1811 434 2150 494 TRIPLICIS
2193 436 2407 491 γεὸτι.

3326 448 3486 490 εεεις
3499 450 3528 485 ν

369 563 703 631 Μεγέιλυνον,
762 561 905 629 ψυχή
955 576 1080 628 μου.
1116 561 1239 622 τοὺς
1288 561 1699 631 κεκοσμηκότας
1726 562 1859 632 Χρι-
1887 564 1928 620 Α
2031 559 2039 613 l

1887 564 1928 620 Α
2031 559 2331 625 Magniﬁca.
2391 558 2570 611 anima
2622 571 2762 621 mea,
2819 570 2914 611 eos
2945 556 3038 625 qui
3090 554 3290 611 Christi
3312 570 3534 611 exorna-

296 653 421 708 στοῦ
450 654 546 724 τὴν
584 651 924 723 Ἐκκλησίαν.

378 744 551 815 -ςμῶν
599 746 660 797 τὸ
712 744 1012 814 πολίτευμα
1038 744 1097 797 ἐν
1135 743 1383 814 οὐρανοῖς
1420 738 1745 814 ἦνλνδοξοι,
1773 744 1863 797 καὶ

278 837 390 906 τὴν
421 836 599 904 σάρκα
630 834 939 906 φορούντων
962 837 1041 899 είς
1065 835 1143 888 ἔτι
1164 835 1409 889 ἄσπιλον*
1439 834 1532 900 οὓς
1561 837 1862 909 εἰλικρινῶς

294 928 389 981 νῦν
421 928 715 991 οἰκοῦντες,
739 929 861 992 τοὺς
900 928 991 980 ἐπὶ
1029 927 1129 996 γῆς
1164 927 1311 996 ἡμᾶς
1359 928 1753 999 στρεφομένους
1794 928 1862 982 τὰ

294 1022 403 1072 ἄνω
448 1019 779 1091 πρεσϐεύετε
828 1020 923 1073 καὶ
971 1022 1183 1090 φρονεῖν
1220 1019 1315 1072 καὶ
1360 1022 1856 1093 πραγματεύεσθαι.

293 1108 591 1166 Ηεοτόκιον.

363 1201 692 1268 Μεγάλυνον,
722 1200 863 1270 ψυχή
915 1216 1037 1269 μου,
1070 1200 1165 1270 τὴν
1192 1203 1539 1274 τιμιωτέραν.

380 1295 580 1346 ιετενοῖ
609 1310 675 1363 με
704 1292 763 1344 τὸ
804 1291 1002 1356 πλάτος
1028 1308 1142 1355 σου,
1176 1294 1283 1345 τῶν
1319 1292 1615 1363 μεγαλείων
1638 1292 1859 1347 Δέσποι-

296 1402 383 1447 να,
414 1384 743 1451 καταπνίγον
774 1382 863 1436 τὸν
883 1383 1037 1452 λόγον
1066 1385 1170 1437 ὑπὸ
1217 1384 1568 1453 πυκνότητος,
1616 1386 1708 1438 καί
1768 1402 1857 1455 μοι

296 1478 609 1547 παραδόξως
636 1475 921 1545 συμϐαίνει
962 1477 1023 1529 τὸ
1053 1478 1277 1545 ἀπορεῖν
1320 1478 1385 1529 ὲκ
1435 1478 1534 1547 τῆς
1579 1477 1854 1549 εὐπορίας·

294 1566 375 1619 διὸ
402 1566 493 1619 τὸν
520 1563 768 1618 τοσοῦτόν
798 1582 854 1618 σε
882 1564 1253 1635 μεγαλύναντα
1278 1564 1592 1637 δοξάζομεν.

370 1737 582 1802 Ἄλλος.
628 1737 846 1808 Ege—,1)
881 1739 975 1792 ἐπὶ
1006 1739 1178 1811 τούτῳ
1206 1742 1234 1792 ὁ
1262 1740 1507 1810 οὐρανός.

1970 665 2093 706 vero
2119 650 2438 705 Ecclesiam.

2051 758 2142 795 -n
2192 740 2369 804 cmlis,
2423 754 2458 793 o
2507 736 2751 808 gloriosi,
2797 743 2915 789 erat
2944 741 3121 787 vestra
3172 730 3535 794 conversatio,

1963 845 2087 885 cum
2116 829 2291 885 adhuc
2322 844 2541 884 carnem
2573 826 2865 896 gestaretis
2902 822 3415 885 incontaminatam;
3443 820 3534 875 ubi

1965 937 2111 977 nunc
2144 936 2269 976 vere
2297 921 2574 975 habitatis.
2608 918 2750 989 Ergo
2796 927 2951 971 orate
2979 955 2994 980 ,
3028 923 3086 967 ut
3120 928 3218 968 nos
3246 922 3532 966 versantes

1962 1015 2019 1069 in
2069 1014 2250 1077 terris,
2285 1012 2556 1083 possimus
2595 1026 2716 1081 quae
2752 1022 2972 1065 sursum
3008 1015 3136 1061 sunt
3161 1018 3382 1075 sapere,
3410 1017 3532 1071 qua:

1961 1120 2175 1160 sursum
2205 1115 2333 1159 sunt
2361 1118 2630 1173 quaerere.
3280 1093 3525 1150 Mariale.

2032 1193 2335 1264 Hagniﬁca,
2387 1194 2565 1246 anima
2602 1206 2745 1255 mea,
2768 1186 3149 1244 venerandam.

2042 1288 2291 1356 mtringit
2358 1298 2445 1339 me
2507 1296 2595 1339 tua
2660 1280 2933 1345 latitudo,
2997 1273 3529 1347 magniﬁcentissima

1958 1376 2185 1430 Domina
2212 1415 2229 1442 ,
2279 1372 2753 1443 magnitudineque
2803 1366 3035 1423 suﬂ'ocat
3067 1364 3366 1420 orationem
3403 1401 3421 1427 ,
3472 1372 3530 1417 et

1958 1467 2090 1521 milii
2147 1466 2398 1519 mirabile
2465 1464 2665 1520 accidit
2722 1462 2958 1530 inopiam
3012 1458 3159 1512 nasci
3218 1471 3283 1511 ex
3338 1455 3519 1524 copia.

1958 1557 2081 1610 Ideo
2113 1569 2236 1609 eum
2294 1554 2386 1621 qui
2424 1562 2479 1609 te
2527 1564 2808 1623 tantopere
2839 1549 3151 1620 magniﬁcat
3182 1587 3199 1614 ,
3265 1546 3525 1602 'loritlca-

1957 1661 2213 1801 mugiius,
2248 1734 2433 1801 sicut,
2471 1732 2696 1802 Ἐξέστη
2745 1730 2837 1784 ἐπὶ
2884 1726 3055 1800 τούτῳ
3102 1727 3132 1780 ό
3166 1726 3409 1797 οὐρανός.

353 1911 685 1981 Μεγάλυνον,
722 1914 866 1983 ψυχή
917 1931 1039 1983 μου,
1087 1915 1209 1976 τοὺς
1245 1913 1340 1983 τῆς
1376 1930 1643 1982 παναγ.ας
1686 1914 1853 1985 Τριά-
1882 1907 1929 1967 Β

1882 1907 1929 1967 Β
2027 1912 2328 1984 Magniﬁca,
2382 1912 2560 1967 anima
2619 1923 2782 1973 mea,
2840 1910 3199 1966 sanctissimae
3247 1907 3526 1963 Trinitatis

289 2005 375 2069 δος
402 2008 551 2076 τρεῖς
576 2006 858 2076 ποιμένας.

365 2099 609 2170 Ἐπήρθη
654 2100 750 2170 τῆς
793 2099 1020 2168 Τριάδος
1064 2099 1096 2167 ἡ
1125 2099 1315 2169 ἁρετὴ,
1346 2100 1441 2153 καὶ
1468 2101 1535 2154 τὰ
1565 2101 1738 2154 πάντα
1760 2104 1857 2173 τῆς

288 2188 446 2260 δόξης
471 2190 804 2259 ἐπλήρωσεν,
828 2188 994 2259 ἄλλην
1018 2188 1064 2240 δ’
1111 2190 1139 2241 ύ
1149 2193 1240 2260 μίν
1277 2190 1469 2263 αἴγλην
1495 2192 1854 2263 ἀναλάμψασα

287 2280 565 2351 τριλαμπῆ
595 2280 669 2342 ὼς
720 2279 916 2351 ἑαυτῆς
969 2279 1337 2353 ἀπαύγασμα,⁸
1357 2285 1481 2344 τοὺς
1506 2285 1855 2356 ἐπουρανίους

290 2371 700 2441 μυσταγωγοὺς,
727 2370 792 2423 δι’
823 2365 896 2425 ὧν
944 2373 1036 2426 ἐπὶ
1065 2372 1162 2445 τὴν
1189 2373 1339 2428 θείαν
1382 2375 1595 2447 ἐκείνης
1624 2376 1854 2449 θεωρίαν

287 2464 335 2515 οι
360 2460 709 2526 εὐσεϐοῦντες
738 2462 1097 2535 ὁδηγούμεθα.

351 2636 685 2705 Μεγάλονον,
724 2638 867 2712 ψυχή
896 2659 1020 2711 μου,
1049 2644 1177 2706 τοὺς
1220 2644 1285 2698 ἐκ
1326 2646 1604 2718 τριπλίου
1639 2646 1852 2719 φωστῆ-

287 2745 384 2799 ρας
424 2733 572 2800 τρεῖς
604 2732 888 2801 μεγάλους.

350 2820 465 2874 Οὐκ
511 2822 623 2875 ἔστι
678 2824 979 2895 δευτερεῖον
1021 2829 1077 2881 ὲν
1124 2833 1237 2894 τοῖς
1284 2834 1449 2903 τρισίο
1484 2837 1553 2890 τὰ
1586 2840 1849 2909 πρεσϐεῖα

281 2908 389 2983 γὰρ
414 2911 643 2976 ἕκαστος
676 2916 920 2987 φέρεται,
952 2918 1162 2992 πρῶτος
1191 2922 1290 2974 οὐκ
1307 2921 1380 2975 ὢν
1396 2925 1489 2977 καὶ
1515 2908 1640 2991 τοὺς
1667 2929 1848 3000 ὁμοτίο

284 3018 413 3096 μους
447 3005 768 3076 ὑπερνικῶν.
816 3008 1197 3072 Ἐξοικειοῦται
1249 3012 1446 3081 μᾶλλον
1476 3016 1532 3071 δὲ
1556 3019 1653 3091 τὴν
1685 3022 1846 3096 ἀλλή-

278 3092 385 3149 λων
406 3096 563 3165 νίκην
589 3099 919 3168 περιχαρῶς·
950 3100 1010 3151 οὐ
1041 3098 1190 3171 χώρα
1213 3102 1320 3173 γὰρ
1353 3106 1583 3162 ἐνταῦθα
1611 3111 1690 3182 τῷ
1718 3092 1847 3183 φθό-

278 3202 351 3259 νῳ
382 3189 714 3258 παρρησίας,
740 3190 1117 3263 λυμαινομένῳ
1142 3194 1241 3265 τὴν
1268 3198 1534 3268 ὁμόνοιαν.
1688 3206 1844 3271 Δόξα.

346 3365 685 3435 Μεγάλυνον,
719 3367 865 3442 ψυχή
920 3388 1044 3443 μου,
1117 3376 1217 3447 τῆς
1272 3382 1697 3448 τρισυποστάτου
1751 3386 1844 3439 καὶ

271 3456 582 3529 ἀδιαιρέτου
615 3459 878 3533 Θεότητος
903 3464 965 3517 τὸ
988 3467 1205 3536 κράτος.

335 3549 636 3623 Πατέραςή
683 3552 933 3608 εὐσέϐεια
958 3556 1083 3618 τοὺς
1105 3556 1274 3627 αὐτῆς
1290 3566 1663 3631 πρωτοτόκους
1699 3569 1845 3632 υἱοὺς

272 3642 615 3706 ἀναδείξασα,
648 3644 814 3697 τέκνα
842 3645 1017 3713 φωτὸς
1043 3649 1241 3719 γνήσια
1278 3652 1369 3704 καὶ
1402 3652 1608 3725 ἄμωμα
1633 3658 1699 3711 δι’
1747 3660 1844 3712 αύ-

269 3738 377 3791 τῶν
410 3736 759 3808 τελειούμενα
816 3739 1112 3810 Πνεύματι,
1153 3742 1232 3813 τῷ
1270 3744 1413 3816 ζωὴν
1445 3748 1734 3821 λαλήσαντι
1786 3755 1844 3807 ἐν

268 3827 474 3889 αὐτοῖς,
512 3827 604 3879 καὶ
633 3826 824 3891 σώζειν
852 3829 1146 3897 ὲξαιτεῖται
1176 3836 1255 3897 εἰς
1282 3835 1433 3899 τέλος
1463 3839 1562 3909 τὴν
1598 3842 1839 3914 εἰρήνην,

266 3919 333 3988 ην
361 3914 459 3970 ἀπ’
492 3918 671 3973 αὐτῶν
703 3922 1160 3997 ἐκληρονόμησεν.

412 4010 523 4063 Καὶ
547 4012 660 4067 νῦν.
1416 4017 1700 4077 ὶεοτόκιον.

338 4101 673 4169 Μεγάλυνον,
700 4106 843 4175 ψυχή
879 4124 999 4175 μου,
1037 4110 1134 4178 τὴν
1166 4112 1515 4183 τιμιωτέραν.

338 4194 466 4247 Υίὸν
512 4194 647 4248 Θεοῦ
694 4195 787 4247 τοῦ
836 4197 1040 4262 ζῶντος
1078 4201 1109 4269 ἡ
1154 4201 1261 4254 τῶν
1296 4204 1473 4273 σοφῶν
1511 4206 1841 4263 διδασκάλων

265 4288 507 4360 ἀκρότης
548 4286 778 4359 ἐκήρυξε
800 4288 893 4341 τὸν
929 4290 1019 4343 σὺν
1052 4291 1185 4354 υἱὸν,
1219 4293 1278 4357 ἐξ
1305 4295 1694 4367 ἀποκαλύψεως
1736 4316 1842 4353 πα-

266 4381 479 4452 τρικῆς,
509 4380 608 4433 οὐκ
633 4381 696 4435 ὲκ
725 4382 925 4452 σαρκὸς
952 4383 1045 4436 καὶ
1072 4384 1301 4455 αἵματος
1350 4386 1506 4439 τοῦτο
1555 4390 1837 4459 μυηθεῖσα,

264 4471 456 4542 Μῆτερ
472 4470 739 4525 Beat-ulmi
762 4490 821 4524 σε
862 4474 955 4526 καὶ
988 4476 1258 4546 Παρθένον
1300 4477 1565 4545 δοξάσασα
1612 4482 1837 4553 Μητέρα

265 4560 359 4609 καὶ
392 4558 651 4612 Θεοτόκον
679 4564 1033 4631 ἐμεγάλυνεν.

333 4648 583 4712 Θεοτόκε,
628 4652 660 4721 ή
700 4651 855 4715 ἐλπὶς
893 4656 1109 4708 πάντων
1130 4658 1237 4710 τῶν
1258 4662 1618 4730 Χριστιανῶν,
1642 4665 1832 4728 σκέπε,

265 4741 497 4813 φύλαττε
530 4742 654 4805 τοὺς
686 4742 1001 4808 ἐλπίζοντας
1035 4749 1112 4809 εἰς
1147 4749 1225 4803 σέ.

344 4834 433 4887 Ἑν
482 4834 653 4905 νόμῳ,
695 4836 823 4907 σκιᾷ
870 4835 963 4888 καὶ
1017 4836 1305 4907 γράμματι
1334 4842 1501 4899 τύπον
1526 4846 1837 4918 κατείδομεν

263 4928 313 4981 οἱ
343 4928 548 4983 πιστοί.
598 4930 713 4983 Πᾶν
744 4931 907 5001 ἄρσεν
937 4930 995 4983 τὸ
1023 4929 1119 5002 τὴν
1156 4933 1368 5003 μήτραν
1390 4937 1657 5008 διανοῖγον
1683 4941 1838 5009 ἅγιον

263 5018 404 5091 Θεῷ.
437 5018 529 5071 Διὸ
571 5021 911 5090 πρωτότοκον
947 5022 1137 5091 Λόγον.
1184 5023 1396 5094 Πατρὸς
1420 5030 1656 5102 ἀνάρχου
1687 5033 1835 5100 Υίδν,

268 5108 614 5181 πρωτοτοκού
623 5129 783 5181 μενον
824 5114 1017 5185 μητέρι
1040 5115 1415 5187 ἀπειράνδρως
1445 5122 1831 5194 μεγαλύνομεν.

348 5286 870 5360 Ἐξαποστειλαριον.
929 5301 972 5345 υ
994 5308 1052 5344 ου
1060 5294 1218 5364 ρανδν
1244 5297 1355 5358 τοῖς
1381 5294 1616 5367 ἄστροις.

329 5456 410 5511 Τὰ
424 5456 519 5511 τοῦ
542 5461 719 5528 φωτὸς
746 5462 942 5532 δοχεϊα,
984 5462 1082 5527 τὰς
1130 5467 1489 5533 φεγγοσόλους
1529 5469 1829 5539 ἀστραπὰς.

264 5548 545 5605 Βασίλειον
573 5550 667 5606 νῦν
695 5554 786 5606 τὸν
814 5554 1019 5623 Μέγαν,
1048 5556 1341 5628 Γρηγόριον
1374 5559 1650 5630 Θεολόγον,
1684 5564 1729 5616 Χ
1738 5580 1831 5635 ρυ-

264 5642 526 5716 σόστομον
577 5641 823 5716 Ἰωάννην
849 5647 1320 5719 ἀνευφημήσωμεν
1348 5651 1567 5716 πάντες.

829 5824 1050 5894 Ἕτερον
1079 5826 1280 5894 ὅμοιον.

345 5909 413 5966 Ἦ
448 5912 621 5969 ἑνιαία
651 5914 870 5984 Θεὸτης,
886 5917 1091 5986 Πατὴρ,
1108 5918 1354 5987 Υἱὸς,καὶ
1368 5916 1427 5971 τὸ
1441 5917 1659 5989 Πνεῦμα
1676 5916 1826 5987 άγιον

1490 4571 1829 4626 Καταόασία.
1865 4608 1911 4665 D
1940 4568 2035 4625 vit.

1958 2019 2066 2061 tres
2090 2015 2351 2075 pastores.

2025 2095 2149 2151 200.
2210 2095 2467 2149 Sublimis
2519 2104 2603 2149 est
2640 2091 2923 2147 Trinitatis
2977 2094 3191 2156 virtus,
3243 2102 3297 2146 et
3355 2091 3523 2162 gloria

1955 2205 2052 2242 sua
2078 2186 2366 2257 complevit
2401 2187 2603 2239 omnia.
2639 2185 2747 2241 Sed
2802 2187 2855 2240 in
2900 2184 3057 2240 vobis
3100 2184 3257 2253 longe
3307 2184 3413 2240 alio
3470 2193 3526 2237 et

1958 2277 2225 2347 tripartito
2271 2277 2481 2345 fulgore
2510 2277 2755 2340 emicat,
2803 2287 3065 2346 tanquam
3117 2274 3171 2328 in
3222 2272 3524 2342 majoribus

1958 2372 2120 2425 radiis
2177 2378 2231 2423 et
2286 2369 2598 2424 coelestibus
2655 2381 2939 2422 sacrorum
2994 2368 3367 2437 principibus,
3425 2382 3523 2437 per

1952 2477 2088 2529 quos
2116 2462 2183 2516 ad
2237 2461 2472 2516 divinam
2522 2460 2667 2516 illius
2714 2458 3225 2529 contemplationem
3248 2459 3321 2528 pii
3353 2460 3525 2514 dedu-

1948 2556 2142 2608 cianur.

2022 2642 2324 2714 Magniﬁca,
2372 2642 2549 2697 anima
2596 2656 2738 2707 mea,
2772 2654 2839 2697 ex
2866 2642 3061 2713 triplici
3092 2641 3205 2698 sole
3251 2642 3352 2697 tria
3406 2657 3523 2698 ma-

1951 2754 2053 2809 gna
2080 2737 2384 2793 luminaria.

2020 2828 2208 2883 Nullus
2254 2844 2320 2884 ex
2374 2828 2459 2882 his
2506 2828 2679 2884 tribus
2710 2836 2856 2883 tenet
2881 2827 3292 2891 secundas,-sed
3320 2829 3523 2898 primas

1951 2929 2135 2974 tenent
2172 2933 2397 2983 omnes;
2425 2934 2547 2972 cum
2602 2920 2809 2988 primus
2863 2934 2968 2975 non
3012 2921 3083 2973 sit
3116 2920 3203 2989 qui
3237 2934 3393 2989 pares
3428 2918 3499 2974 ho

1950 3026 2080 3069 nare
2102 3019 2408 3081 exsuperet.
2433 3010 2573 3077 Quin
2606 3010 2785 3080 potius
2822 3008 2959 3063 alter
2988 3011 3210 3065 alterius
3238 3012 3516 3067 victoriam

1948 3120 2069 3158 cun
2097 3104 2291 3173 gaudio
2316 3102 2449 3157 facit
2473 3117 2625 3157 suam
2657 3121 2670 3157 :
2703 3117 2877 3171 neque
2902 3104 3045 3157 enim
3073 3104 3144 3158 ibi
3178 3104 3325 3158 locus
3357 3105 3519 3159 relin-

1949 3195 2133 3249 ouitur
2183 3194 2371 3248 audaci
2407 3194 2645 3259 invidiae,
2676 3194 3021 3250 labefactanti
3067 3199 3431 3252 concordiam.

3311 3286 3512 3347 Gloria.

2015 3373 2320 3445 Magniﬁca,
2370 3374 2549 3431 anima
2602 3389 2756 3442 mea,
2806 3376 2964 3433 unius
3020 3379 3308 3435 individua:
3340 3380 3516 3436 Deita-

1947 3466 2016 3522 tis
2046 3467 2099 3521 in
2130 3468 2303 3523 tribus
2327 3468 2575 3538 personis
2600 3469 2910 3536 potentiam.

2014 3559 2311 3630 Postquam
2364 3560 2535 3630 pietas
2589 3569 2770 3628 patres
2791 3564 3182 3633 primogenitos
3235 3582 3364 3621 suos
3414 3569 3511 3621 de-

1945 3654 2137 3719 clarat,
2163 3669 2348 3707 eorum
2385 3669 2485 3724 ope
2519 3654 2660 3711 ﬁlios
2691 3655 2826 3710 lucis
2856 3667 3099 3727 generat,
3154 3672 3313 3713 veros
3340 3660 3511 3715 incul-

1944 3754 2203 3813 patosque
2225 3758 2287 3798 ac
2315 3744 2585 3813 perfectos
2615 3746 2846 3817 Spiritu,
2874 3751 2963 3818 qui
3000 3752 3167 3806 vitam
3195 3753 3246 3806 in
3272 3753 3405 3822 ipsis
3429 3755 3509 3807 lo-

1943 3835 2150 3906 quitur,
2168 3844 2225 3891 οι
2250 3837 2384 3907 petit
2407 3836 2458 3890 in
2483 3837 2644 3893 ﬁnem
2680 3853 2850 3908 usque
2881 3844 3085 3895 servari
3116 3858 3324 3913 pacem,
3350 3861 3509 3915 quam

1942 3931 2010 3983 ab
2036 3929 2169 3999 ipsis
2191 3938 2479 3983 consecuta
2509 3938 2615 3984 est.

2091 4019 2158 4073 Et
2190 4034 2353 4073 nunc.

2014 4107 2315 4176 Magniﬁca,
2340 4107 2517 4161 anima
2540 4125 2681 4176 mea,
2709 4125 3092 4168 veneranoam.

2011 4200 2203 4254 Filium
2240 4198 2333 4253 Dei
2366 4201 2492 4265 vivi,
2538 4217 2570 4256 o
2596 4202 2787 4267 Mater,
2806 4220 2925 4259 esse
2958 4206 3123 4261 ﬁlium
3171 4217 3318 4264 tuum
3373 4225 3509 4280 pra--

1938 4290 2137 4345 dicavit
2163 4292 2489 4361 sapientium
2534 4293 2816 4349 doctorum
2850 4311 3009 4365 apex,
3044 4298 3147 4353 hoc
3173 4315 3200 4353 τι
3231 4302 3505 4357 revelante

1940 4382 2103 4438 Patro
2131 4383 2372 4448 edoctus,
2405 4399 2510 4438 non
2529 4399 2559 4437 a
2586 4400 2750 4440 carne
2776 4396 2829 4439 et
2879 4390 3164 4457 sanguine.
3195 4390 3373 4458 Quare
3432 4406 3503 4459 te,

1949 4473 2221 4546 Virginem
2260 4473 2484 4529 Matrem
2517 4485 2570 4529 et
2595 4476 2901 4545 Deiparam,
2930 4478 3163 4548 gloriose
3194 4486 3509 4555 magniﬁca-

3126 4024 3358 4083 Mariale.

3191 4574 3501 4630 Catabasia.

2010 4662 2105 4716 Dei
2146 4658 2414 4723 Genitrix,
2446 4673 2566 4727 spes
2610 4659 3037 4717 Christianorum
3067 4669 3329 4731 omnium,
3379 4682 3505 4735 pro-

1938 4761 2090 4820 tege.
2126 4747 2372 4811 defende,
2402 4749 2613 4803 custodi
2636 4762 2915 4819 sperantes
2944 4755 2995 4806 in
3032 4762 3103 4806 te.

2034 4843 2089 4897 In
2123 4841 2258 4910 lege,
2305 4843 2493 4895 umbra
2542 4851 2600 4896 et
2648 4842 2825 4897 littera
2864 4852 3047 4914 typum
3078 4846 3259 4901 ﬁdeles
3285 4849 3503 4918 conspio

1938 4938 2112 4991 cimus
2142 4951 2156 4986 :
2190 4932 2362 4988 Omne
2387 4933 2748 4988 masculinum
2780 4935 3098 5003 adaperiens
3125 4939 3339 4992 vulvam
3371 4956 3501 4994 san-

1936 5037 2080 5083 ctum
2124 5025 2232 5079 Deo
2256 5036 2358 5079 est.
2393 5025 2600 5077 Idcirco
2642 5027 3062 5096 primogenitum
3098 5028 3350 5097 Verbum,
3404 5033 3503 5086 Pa-

1936 5118 2032 5171 tris
2058 5118 2241 5169 aeterni
2276 5115 2492 5179 Filium,
2520 5114 2934 5184 primogenitum
2962 5134 2990 5169 a
3024 5130 3197 5175 matre
3221 5122 3336 5177 sine
3360 5126 3499 5190 viro,

1934 5208 2357 5272 magniﬁcamus.

2002 5317 2476 5389 Exapostilarium,
2508 5318 2669 5387 sicut,
2717 5318 2775 5374 Ὀ
2804 5321 3031 5392 ουρανὸν
3050 5324 3161 5385 τοῖς
3183 5324 3422 5394 ἄστροις.

2000 5429 2127 5483 201.
2197 5428 2438 5483 Luminis
2476 5432 3092 5500 receptacula,.‘ulgura
3152 5432 3323 5488 lucem
3381 5437 3497 5489 evi-

1931 5520 2189 5585 brantia,
2246 5520 2502 5576 Basilium
2562 5521 2835 5590 Magnum,
2883 5524 3207 5594 Gregorium
3268 5527 3499 5583 Theolo-

1932 5622 2054 5677 gnm
2087 5647 2102 5672 ,
2137 5607 2590 5680 Chrysostomum
2640 5608 2904 5667 Joannem
2937 5652 2953 5679 ,
2990 5628 3180 5671 omnes
3227 5616 3501 5675 collaude-

1932 5714 2071 5755 mus.

2514 5813 2669 5869 Aliud
2700 5814 2895 5871 simile.

2006 5920 2123 5981 Una
2183 5924 2365 5983 Deitas
2400 5965 2414 5994 ,
2468 5924 2645 5997 Pater,
2702 5927 2837 5997 Fili,
2880 5938 2935 5986 et
2989 5928 3224 5998 Spiritus
3257 5938 3486 5999 sancte,
