4230 6490
1342 462 1740 517 ACOLETlllA
1780 460 2114 517 TRII’LICIS
2155 459 2371 518 FESTI.

3232 478 3476 525 cccuvn

335 572 512 634 Ποίοις
583 573 875 644 ἐγκωμίων
945 576 1182 646 ῥήμασιν
1266 577 1640 646 ἐπαινέσωμεν
1696 576 1821 637 τούς
1849 584 1893 639 Α
1990 578 2005 639 1

1808 584 1893 639 ςΑ
1990 574 2197 643 Quibus
2244 574 2635 645 praeconiorum
2682 577 2861 633 verbis
2902 576 3239 635 laudabimus
3298 598 3478 638 sacro-

258 664 536 734 ίεράρχας,
560 665 686 728 τοὺς
718 666 1093 729 ίσαποστόλους
1111 670 1167 720 ὲν
1182 666 1379 737 χάριτι,
1408 669 1503 720 καὶ
1529 667 1819 738 ὁμοτίμους

259 754 577 825 χαρίσμασι,
608 757 732 819 τοὺς
770 756 868 825 τῆς
891 759 1144 819 ἀσεϐείας
1187 758 1515 822 καταλυτάς,
1574 759 1821 828 σωτῆρας

259 845 351 898 καὶ
390 846 619 917 ὁδηγοὺς
646 847 785 917 λόγῳ
816 851 909 901 καὶ
940 850 1243 919 πράγματι,
1292 850 1574 919 ποιμένας,
1609 866 1823 921 χριστο-

264 938 533 1008 μιμήτους
578 938 663 991 διὰ
728 940 983 1004 πίστεως,
1035 941 1160 1003 τοὺς
1211 942 1483 1009 ὲπιγείους
1539 942 1819 1010 ἀγγέλους,

262 1027 482 1098 βροτοὺς
511 1030 813 1100 οὐρανίους,
848 1031 940 1094 οὓς
982 1030 1235 1101 ἐτίμησεν
1266 1034 1295 1085 ὁ
1325 1035 1573 1105 Χριστὸς,
1616 1034 1714 1104 τῆς
1739 1034 1823 1088 δός

262 1118 355 1187 ξης
384 1122 410 1170 6
430 1119 650 1189 Κύριος,
677 1121 705 1171 6
737 1120 874 1191 ἔχων
899 1121 959 1172 τὸ
984 1120 1123 1189 μέγα
1144 1120 1319 1187 ἔλεος;

330 1211 511 1274 Ποίοις
576 1212 863 1282 εὐφημιῶν
937 1212 1213 1282 στέμμασι
1264 1213 1692 1283 καταστέψωμεν
1731 1214 1823 1267 τὸν

260 1301 605 1370 χρυσολόγον,
650 1305 761 1375 ἁμα
789 1304 1050 1374 Βασιλείῳ
1078 1305 1395 1375 Γρηγόριον,
1439 1305 1509 1358 τὰ
1543 1306 1715 1359 σεπτά
1740 1307 1825 1360 δο-

261 1394 381 1459 χεῖα
439 1394 533 1447 τοῦ
572 1396 899 1466 Πνεύματος,
936 1399 1063 1460 τοὺς
1120 1400 1379 1470 στερροὺς
1434 1396 1534 1468 τῆς
1590 1401 1823 1464 πίστεως

260 1486 597 1556 προμάχους,
652 1490 777 1551 τοὺς
834 1489 1056 1553 στύλους
1099 1491 1203 1561 τῆς
1240 1491 1583 1563 Ἐκκλησίας,
1619 1490 1824 1544 πιστῶν

263 1578 541 1649 στήριγμα
570 1580 839 1645 ἁπάντων,
864 1582 1283 1654 ἁμαρτανόντων
1325 1582 1688 1653 παραμύθιον,
1721 1600 1826 1654 πη-

260 1665 367 1734 γὰς
396 1666 692 1735 βλυξούσας
716 1673 774 1721 τὸ
796 1672 967 1740 νᾶμα,
1014 1671 1072 1737 ἐξ
1104 1667 1163 1726 οῦ
1186 1672 1477 1743 ἀρυόμενοι
1520 1673 1823 1744 ἠδυνάμεθα

258 1760 379 1821 ταῖς
416 1757 632 1828 ψυχαῖς,
676 1761 953 1826 αἰτοῦντες
979 1763 1323 1834 συγχώρησιν
1352 1762 1678 1832 σφαλμάτων
1728 1764 1823 1814 καὶ

262 1850 404 1920 μέγα
424 1850 601 1919 ἐλεος;
1662 1854 1819 1918 Δόξα.

1926 687 2044 725 rum
2070 670 2365 741 principes,
2399 669 2570 739 gratia
2594 680 2650 723 et
2679 671 2883 725 honore
2920 672 3150 740 mquales
3182 674 3438 741 apostolis
3464 718 3480 741 ,

1924 778 2205 818 eversores
2236 763 2548 831 impietatis,
2574 772 2877 817 servatores
2906 772 2959 817 et
2987 763 3085 817 via:
3124 765 3288 819 duces
3316 766 3481 820 verbo

1924 870 1987 909 ac
2020 854 2164 909 facto
2188 896 2203 921 ,
2238 864 2516 925 pastores,
2550 854 2745 908 Christi
2801 870 2895 920 per
2953 854 3108 909 [idem
3160 856 3478 919 imitatores,

1925 955 2209 999 terrestres
2249 944 2492 1011 angelos,
2523 945 2768 998 homines
2797 944 3065 1011 cmlestes,
3095 960 3229 1014 quos
3252 945 3454 999 honora

1922 1038 1999 1092 vit
2026 1037 2291 1099 Christus,
2324 1037 2506 1107 gloria
2542 1036 2821 1101 Dominus,
2860 1038 3063 1091 habens
3094 1051 3345 1108 magnam
3377 1039 3482 1090 mi-

1921 1129 2270 1184 sericordiam
2296 1129 2318 1181 ?

1992 1220 2199 1288 Quibus
2265 1219 2633 1273 laudationum
2680 1221 2896 1274 coronis
2950 1221 3268 1288 cingemus,
3320 1217 3480 1273 verba

1923 1328 2087 1367 aurea
2121 1312 2528 1381 proloquentem
2560 1353 2574 1376 ,
2605 1320 2660 1364 et
2702 1327 2824 1365 cum
2868 1310 3069 1365 Basilio
3115 1310 3433 1378 Gregorium
3465 1351 3479 1371 ,

1923 1413 2150 1472 augusta
2178 1401 2514 1473 receptacula
2552 1401 2788 1469 Spiritus
2813 1440 2829 1466 ,
2868 1402 3091 1455 stabiles
3135 1401 3253 1454 ﬁdei
3285 1414 3483 1469 prepn-

1921 1504 2196 1563 gnatores,
2234 1493 2513 1548 columnas
2534 1491 2810 1557 Ecclesiae,
2841 1492 3078 1546 lidelium
3106 1491 3345 1545 omnium
3375 1490 3481 1544 ful-

1922 1589 2237 1653 cimentum,
2264 1588 2606 1656 peccantium
2643 1586 3123 1652 solatium,fondes
3149 1586 3483 1640 en‘undentes

1923 1676 2139 1732 laticem
2173 1718 2188 1743 ,
2225 1694 2384 1747 quem
2420 1679 2509 1747 qui
2570 1678 2850 1733 haurimus
2874 1717 2890 1743 ,
2929 1675 3193 1731 alﬁcimur
3250 1677 3438 1731 laetitia
3466 1719 3483 1743 ,

1920 1779 2169 1839 petentes
2211 1780 2516 1826 erratorum
2544 1773 2756 1825 veniam
2792 1782 2845 1826 et
2894 1785 3145 1840 magnam
3178 1770 3485 1824 misericor-

1922 1862 2098 1917 diam?
3273 1860 3482 1916 Gloria.

322 1937 495 2013 Ἦχος
542 1947 570 1998 6
622 1946 813 2011 αὐτὸς,
874 1949 1009 2019 πρὸς
1055 1948 1136 2011 τὸ,
1199 1947 1445 2020 Σήμερον
1491 1950 1519 2001 6
1562 1949 1816 2020 Χριστός.
1849 1931 1895 1988 Β

1491 1950 1519 2001 ὁ
1562 1949 1816 2020 Χριστός.
1849 1931 1895 1988 Β
1992 1954 2176 2009 Tonus
2202 1953 2345 2008 idem
2376 1953 2514 2009 sicut
2538 1954 2784 2024 Σήμερον
2820 1953 2850 2004 ὁ
2878 1952 3129 2022 Χριστός.

327 2058 572 2131 Σήμερον
624 2062 678 2113 al
737 2061 903 2130 ψυχαὶ
944 2061 1049 2113 τῶν
1112 2061 1359 2132 γηγενῶν
1416 2061 1697 2131 ὑψοῦνται,
1758 2065 1821 2115 ἐκ

258 2154 461 2223 γηΐνων
501 2157 736 2225 σήμερον
773 2153 1011 2224 οὐράνιοι
1050 2154 1290 2221 γίνονται
1318 2155 1425 2209 τῶν
1448 2156 1615 2224 ἁγίων
1644 2158 1701 2209 ὲν
1754 2159 1820 2226 τῇ

262 2246 469 2317 μνήμῃ·
499 2248 553 2297 αἱ
595 2246 701 2315 γὰρ
736 2244 902 2298 πύλαι
948 2246 1055 2299 τῶν
1085 2246 1327 2317 οὐρανῶν
1362 2248 1697 2320 ἐπαίρονται,
1730 2249 1824 2302 καὶ

257 2338 392 2407 ήμῖν
416 2337 484 2389 τὰ
515 2336 608 2389 τοῦ
635 2338 904 2391 Δεσπότου
932 2338 1303 2409 γνωρίζονται·
1347 2342 1395 2393 οἱ
1412 2340 1558 2408 λόγοι
1578 2342 1702 2403 τοὺς
1734 2340 1822 2392 λό-

258 2444 389 2494 γους
414 2428 759 2500 κηρύττουσι,
792 2432 884 2484 καὶ
938 2434 992 2485 αἱ
1034 2432 1273 2500 γλῶσσαι
1302 2432 1371 2486 τά
1411 2433 1663 2504 θαύματα
1692 2432 1821 2504 μέλ-

258 2536 474 2573 πουσιν.
508 2520 697 2592 Ἡμεῖς
714 2523 768 2576 δὲ
795 2524 929 2595 πρὸς
957 2524 1045 2577 τὸν
1068 2525 1295 2596 Σωτῆρα
1317 2524 1542 2595 βοῶμεν·
1570 2522 1707 2589 Δόξα
1741 2543 1822 2578 σοι

258 2611 479 2683 Χριστῷ
500 2613 579 2684 τῷ
600 2614 738 2686 Θεῷ·
768 2618 881 2678 τοῖς
912 2615 1020 2687 γὰρ
1050 2619 1256 2680 πιστοῖς
1290 2618 1479 2689 εἰρήνη
1515 2616 1600 2669 διὰ
1621 2617 1823 2670 τούτων

258 2702 523 2770 ἐγεγόνει.

397 2822 509 2876 Καὶ
527 2821 642 2876 νῦν.
1175 2817 1451 2870 Θεοτόκιον
1477 2819 1675 2888 ὅμοιον.

328 2915 574 2986 Σήμερον
616 2916 644 2967 6
691 2911 921 2983 Χριστὸς
967 2910 1023 2961 ὲν
1058 2908 1135 2978 τῷ
1180 2910 1293 2978 ναῷ
1326 2909 1692 2980 προσφέρεται
1746 2910 1822 2975 ὡς

261 3006 475 3077 βρέφος·
511 3008 745 3077 σήμερον
791 3004 893 3056 ὐπὸ
923 3002 1083 3071 νόμον
1108 3001 1313 3069 γίνεται
1338 3002 1366 3053 6
1394 3002 1619 3055 Μωῦσεῖ
1645 3002 1821 3066 διδοὺς

258 3098 347 3151 τὸν
377 3098 558 3167 νόμον·
578 3095 683 3147 τῶν
712 3093 956 3161 ἀγγέλων
985 3093 1040 3144 αί
1074 3094 1322 3164 στρατιαὶ
1348 3094 1735 3164 τεθάμϐηνται,
1765 3095 1821 3147 ὲν

259 3189 525 3256 ἀγκάλαις
548 3188 799 3256 γηραιαίς
824 3186 1182 3255 κατεχόμενον
1205 3186 1294 3239 τὸν
1324 3186 1611 3255 συνέχοντα
1646 3185 1821 3237 πάντα

1990 2065 2114 2122 206.
2154 2065 2321 2120 Hodie
2376 2065 2568 2119 animae
2622 2064 3008 2134 terrigenarum
3057 2063 3384 2132 exaltantur,
3419 2081 3484 2120 ex

1924 2158 2270 2215 terrestribus
2296 2157 2453 2211 hodie
2480 2156 2729 2212 caelestes
2763 2156 2914 2218 ﬁunt,
2953 2166 3261 2211 sanctorum
3290 2157 3342 2209 in
3369 2172 3483 2210 mc-

1930 2249 2123 2302 moria.
2146 2247 2282 2303 Nam
2312 2234 2478 2315 portae
2493 2247 2755 2300 caelorum
2794 2245 3130 2307 attolluntur,
3152 2255 3207 2300 et
3235 2260 3352 2315 qua:
3382 2246 3487 2299 Do-

1924 2341 2056 2394 mini
2089 2347 2234 2403 sunt,
2272 2354 2335 2393 ea
2366 2337 2520 2391 nobis
2558 2337 2933 2400 innotescunt;
2971 2351 3248 2390 sermones
3282 2352 3489 2393 sermo-

1926 2432 2083 2487 nibus
2118 2431 2504 2501 praedicantur,
2555 2438 2610 2484 et
2664 2429 2923 2483 miracula
2974 2429 3329 2484 decantantur
3378 2428 3487 2481 lin-

1923 2523 2060 2592 guis.
2097 2521 2204 2576 Nos
2254 2536 2381 2576 vero
2434 2522 2499 2575 ad
2530 2520 2873 2575 Servatorem
2926 2520 3226 2574 clamamus
3256 2540 3267 2575 :
3296 2517 3483 2574 Gloria

1924 2615 2046 2677 tibi,
2077 2614 2293 2667 Christo
2322 2612 2432 2668 Deo
2460 2627 2476 2667 :
2506 2628 2610 2683 pax
2637 2613 2781 2667 enim
2814 2612 3059 2667 ﬁdelibus
3089 2624 3184 2681 per
3219 2627 3312 2666 eos
3335 2622 3488 2680 parta

1921 2714 2023 2758 est.

2061 2813 2128 2868 Et
2154 2831 2309 2871 nunc.
2912 2814 3130 2868 Mariale
3152 2815 3345 2871 simile.

1992 2904 2163 2959 Hodie
2205 2906 2453 2961 Christus
2512 2905 2568 2960 in
2622 2904 2819 2975 templo
2876 2914 3119 2973 portatur
3166 2913 3223 2957 nt
3277 2903 3488 2968 infans;

1924 2996 2085 3050 hodie
2120 2995 2181 3048 ﬁt
2211 2995 2309 3050 sub
2344 2995 2461 3065 lege
2486 2996 2576 3065 qui
2610 2995 2777 3065 Moysi
2834 2994 3005 3065 legem
3052 2994 3216 3048 dedit.
3254 2994 3486 3059 Angelo-

1925 3101 2044 3139 rum
2079 3087 2351 3141 exercitus
2372 3089 2788 3155 obstupuerunt,
2811 3087 3024 3155 quando
3063 3086 3209 3139 illum
3240 3086 3328 3154 qui
3362 3101 3490 3140 con-

1928 3177 2060 3232 tinet
2111 3178 2331 3242 omnia,
2364 3180 2617 3233 viderunt
2672 3180 2814 3234 inter
2864 3179 3053 3232 senilia
3098 3178 3335 3233 brachia.
3393 3177 3482 3233 Si-

257 3280 545 3349 θεώμεναι.
593 3276 834 3348 Συμεὼν,
877 3276 1162 3339 εὐλαϐείας
1218 3276 1475 3346 πλησθεὶς
1505 3277 1600 3328 καὶ
1626 3277 1818 3347 χαρᾶς,
1850 3289 1891 3347 C

1815 3318 1818 3334 ,
1850 3289 1891 3347 C
1929 3285 2084 3325 meon
2116 3311 2131 3335 ,
2163 3272 2363 3339 pietate
2398 3272 2585 3342 plenus
2632 3281 2686 3325 et
2734 3271 2952 3341 gaudio,
2984 3270 3255 3324 clamabat
3285 3288 3297 3323 :
3331 3268 3485 3323 Nunc

255 3369 404 3423 ἐϐόα·
462 3368 577 3423 Νῦν
635 3367 885 3431 ἀπολύεις
928 3385 1018 3438 με,
1071 3367 1272 3435 Σῶτερ,
1320 3367 1384 3419 ὲκ
1422 3366 1519 3435 τῆς
1556 3367 1819 3436 ὲπικήρου

254 3462 400 3533 ζωῆς
433 3462 570 3534 πρὸς
606 3463 703 3534 τὴν
735 3463 926 3532 ἀγήρω
958 3460 1129 3529 λῆξιν·
1156 3455 1290 3511 εἶδον
1324 3458 1430 3527 γάρ
1476 3474 1555 3521 σε,
1586 3460 1679 3511 καὶ
1727 3460 1819 3511 εὐ-

254 3553 519 3627 φράνθην.

318 3645 608 3712 Δοξολογία
662 3644 869 3715 μεγάλη
928 3645 1021 3697 καὶ
1060 3641 1340 3705 ἀπόλυσις.
1376 3642 1585 3698 Δίδοται
1628 3642 1687 3696 δὲ
1728 3644 1821 3697 καὶ

252 3739 407 3807 ἀγιον
427 3737 605 3790 ἔλαιον
621 3739 732 3799 τοῖς
744 3737 1008 3805 ἀδελφοῖς.

1926 3363 2154 3416 dimittis
2184 3377 2289 3428 me,
2325 3362 2605 3430 Servator,
2632 3379 2701 3418 ex
2739 3364 2837 3418 hac
2866 3362 3043 3432 fragili
3073 3362 3202 3423 vita,
3227 3362 3292 3415 ad
3328 3364 3485 3431 quie-

1929 3466 2036 3510 tem
2094 3455 2183 3509 ubi
2215 3456 2357 3509 nulla
2400 3459 2633 3511 sentitur
2681 3466 2971 3521 senectus;
3007 3456 3113 3509 vidi
3156 3456 3299 3509 enim
3328 3466 3400 3519 te,
3433 3467 3487 3507 et

1922 3545 2205 3603 exsultavi.

1997 3638 2123 3693 207.
2178 3637 2435 3708 Sequitur
2484 3634 2807 3707 gloriﬁcntio
2872 3634 3044 3704 major
3112 3644 3167 3690 et
3216 3635 3478 3690 dimissio.

1931 3732 2099 3789 Datur
2134 3740 2311 3786 autem
2345 3741 2401 3785 et
2425 3738 2666 3783 sanctum
2696 3728 2869 3782 oleum
2899 3726 3157 3781 fratribus

321 3880 505 3962 Costa.
536 3880 782 3962 Diximus
812 3881 1209 3962 quidemhnm.
1242 3881 1330 3937 51.
1382 3879 1702 3962 Δοξρλογίαν
1752 3877 1991 3962 μεγάλην

1806 3877 2026 3962 ιγάλην,
2063 3876 2179 3930 sive
2221 3874 2480 3962 majprern
2528 3870 2966 3962 glpriﬁcationen}
2992 3910 3006 3933 ,
3032 3885 3170 3962 'esse
3219 3869 3476 3951 hymnum

252 3954 596 4022 angelicum;
632 3951 723 4004 sed
753 3940 873 4022 quia
914 3951 985 4003 illi
1038 3953 1270 4022 hymno,
1294 3940 1631 4022 proutvhic'a
1663 3940 1865 4022 Graacis
1911 3940 2199 4022 recitatur,
2246 3940 2519 4022 adduntur
2551 3940 2727 4022 aliqua
2776 3957 2896 4009 quae
2944 3941 2994 3995 in
3030 3940 3222 3995 Latino
3259 3941 3478 4022 minime

253 4011 625 4092 reperiuntur,
654 4011 1856 4092 non'ingratnm'lectori'luturumrexistimo,
1880 4016 1925 4072 si
1942 4016 2099 4092 illum
2134 4023 2299 4092 totum
2333 4015 2433 4069 sub
2462 4020 2733 4082 aspectum
2769 4026 2891 4065 cum
2930 4027 3027 4067 sua
3068 4011 3359 4081 appendice
3384 4026 3476 4078 po-

252 4086 436 4147 suero.
471 4086 615 4145 Talis
651 4100 829 4144 autem
853 4086 1017 4145 nobis
1044 4091 1098 4144 in
1134 4090 1465 4160 Hirmologio
1492 4091 1799 4151 exhibetur,
1830 4088 2007 4157 qualis
2039 4086 2305 4157 sequitur.

323 4225 461 4290 Δόξα
516 4227 573 4278 ὲν
606 4224 851 4296 ὑψίστοις
883 4224 1020 4297 Θεῷ,
1076 4227 1170 4279 καὶ
1242 4227 1334 4278 ἐπὶ
1359 4225 1462 4295 γῆς
1498 4227 1712 4296 εἰρήνη,
1762 4225 1819 4276 ὲν
1850 4226 1894 4281 D
1992 4244 1993 4255 π

1812 4242 1819 4266 ν
1850 4226 1894 4281 D
1992 4220 2173 4277 Gloria
2230 4220 2282 4274 in
2347 4218 2575 4273 excelsis
2609 4215 2740 4280 Deo,
2800 4225 2855 4271 et
2886 4215 2939 4269 in
2977 4224 3115 4269 terra
3144 4226 3268 4281 pax,
3296 4212 3348 4264 in
3385 4212 3482 4265 ho-

253 4319 564 4389 ἀνθρώποις
617 4318 849 4371 εὐδοκία.
904 4318 1205 4387 ’Υμνοῦμέν
1242 4335 1320 4382 σε,
1371 4317 1694 4386 εὐλογοῦμεν
1738 4334 1819 4381 σε,

253 4407 663 4478 προσκυνοῦμέν
725 4425 801 4472 σε,
835 4407 1216 4477 δοξολογοῦμεν
1262 4426 1342 4471 σε,
1398 4407 1821 4480 εὐχαριστοῦμέν

255 4514 358 4561 σοι,
382 4495 479 4547 διὰ
503 4497 601 4564 τὴν
638 4498 876 4568 μεγάλην
905 4514 996 4549 σου
1019 4496 1193 4561 δόξαν.
1232 4497 1403 4568 Κύριε
1427 4497 1644 4568 βασιλεῦ
1660 4500 1821 4551 ἐπου-

256 4589 427 4663 ράνιε,
462 4587 564 4638 Θεὲ
595 4588 772 4659 Πάτερ
803 4590 1196 4659 παντόκρατορ³
1218 4589 1389 4662 Κύριε
1423 4590 1517 4642 Υἱὲ
1537 4592 1821 4661 μονογενὲς

264 4677 438 4751 Ἰησοῦ
463 4676 684 4749 Χριστὲ,
725 4679 818 4729 καὶ
864 4679 1017 4745 ἅγιον
1046 4678 1289 4746 Πνεῦμα·
1334 4678 1502 4747 Κύριε
1532 4682 1559 4731 6
1593 4679 1742 4744 Θεὸς,
1791 4680 1820 4733 6

264 4771 461 4839 Ἀμνὸς
493 4769 583 4822 τοῦ
628 4768 782 4830 Θεοῦ,
810 4772 837 4821 6
870 4770 995 4833 Υἱὸς
1034 4769 1127 4823 τοῦ
1161 4768 1391 4837 Πατρός,
1446 4773 1473 4823 6
1506 4770 1674 4841 αἴρων
1722 4771 1818 4841 τὴν

254 4863 528 4933 ἁμαρτίαν
556 4862 649 4915 τοῦ
692 4861 914 4929 κόσμου,
952 4860 1348 4931 πρόσδεξαιτὴν
1377 4861 1561 4931 δέησιν
1791 4864 1821 4914 6

252 4953 557 5021 καθήμενος
580 4956 641 5005 ἐκ
668 4952 855 5017 δεξιῶν
874 4950 966 5003 τοῦ
1008 4954 1240 5024 Πατρὸς,
1280 4952 1497 5024 ἐλέησον
1522 4958 1686 5026 ἡμᾶς·
1736 4957 1818 5008 ὅτι

254 5046 317 5098 σύ
340 5040 392 5096 εἶ
413 5042 571 5112 μόνος
596 5044 767 5111 ἅγιος,
795 5043 856 5094 σύ
880 5036 929 5093 εἷ
963 5043 1118 5110 μόνος
1136 5046 1337 5116 Κύριος
1358 5044 1571 5115 ’Ἰησοῦς
1586 5046 1818 5117 Χριστὸς

251 5139 329 5198 εἰς
362 5136 516 5202 δόξαν
540 5134 673 5186 Θεοῦ
699 5136 926 5205 Πατρός.
961 5135 1150 5205 Ἀμήν.
1184 5137 1319 5189 Καθ’
1347 5135 1581 5204 ἑκάστην
1607 5136 1817 5209 ἡμέραν

250 5230 528 5299 εὐλογήσω
564 5245 641 5289 σε,
672 5228 765 5280 καὶ
790 5230 988 5281 αίνέσω
1018 5226 1076 5278 τὸ
1106 5226 1275 5298 ὄνομά
1314 5245 1406 5281 σου
1429 5228 1508 5289 είς
1535 5225 1624 5278 τὸν
1647 5228 1832 5281 αἰῶνα·

251 5320 343 5372 καί
364 5322 442 5382 εἰς
466 5322 555 5373 τὸν
590 5320 755 5373 αἰῶνα
771 5320 861 5372 τοῦ
886 5320 1097 5382 αἰῶνος.
1121 5321 1467 5385 Καταξίωσον
1488 5360 1500 5384 ,
1542 5319 1733 5389 Κύριε,
1760 5324 1816 5374 ὲν

253 5413 314 5481 τῇ
359 5412 542 5483 ἡμέρᾳ
588 5411 758 5483 ταύτῃ
806 5411 1217 5483 ἀναμαρτήτους
1270 5412 1622 5482 φυλαχθῆναιρ
1647 5412 1813 5481 ἡμᾶς.

252 5504 555 5575 Εὐλογητὸς
585 5502 650 5567 εἰ,
696 5503 889 5573 Κύριε,
921 5508 949 5557 ὁ
976 5505 1105 5568 Θεὸς
1127 5504 1377 5573 πατέρων
1406 5504 1581 5575 ἡμῶν,
1607 5503 1699 5555 καὶ
1728 5507 1816 5557 αί-

252 5594 402 5650 νετδν
433 5597 525 5648 καὶ
548 5594 925 5666 δεδοξασμένον
946 5596 1006 5649 τὸ
1029 5595 1199 5666 ὄνομά
1223 5611 1314 5648 σου
1346 5597 1424 5658 εἰς
1452 5596 1575 5656 τοὺς
1590 5592 1811 5657 αἰῶνας.

265 5690 456 5759 Ἀμήν.
476 5689 515 5739 Γ
520 5687 710 5751 ἐνοιτο,
746 5688 937 5759 Κύριε,
962 5688 1023 5740 τὸ
1071 5688 1218 5751 ἔλεός
1252 5704 1344 5741 σου
1370 5689 1455 5755 ἐφ’
1486 5688 1651 5759 ἡμᾶς,
1684 5686 1815 5738 καθ-

251 5780 392 5849 άπερ
410 5778 716 5849 ἠλπίσαμεν
738 5780 828 5831 ἐπὶ
847 5778 945 5831 σοί.
972 5778 1272 5851 Εὐλογητὸς
1289 5772 1358 5843 εἴ,
1385 5777 1578 5851 Κύριε,
1604 5772 1811 5838 δίδαξόν

254 5889 317 5943 με
345 5872 410 5925 τὰ
445 5870 784 5943 δικαιώματά
805 5890 911 5925 σου.
1489 5867 1580 5920 Ἕκ
1604 5866 1805 5936 τρίτου.

1931 4314 2167 4367 minibus
2194 4312 2331 4366 bona
2366 4310 2630 4364 voluntas.
2669 4305 2973 4358 Laudamus
3006 4313 3077 4366 te,
3110 4301 3478 4355 benedicimus

1930 4412 2003 4468 te,
2035 4403 2325 4455 adoramus
2352 4406 2403 4451 te
2424 4436 2439 4461 ,
2476 4396 2839 4466 gloriﬁcamus
2890 4403 2938 4447 te
2962 4433 2977 4459 ,
3011 4394 3211 4463 gratias
3267 4391 3478 4462 agimus

1929 4495 2024 4549 tibi
2056 4501 2272 4562 propter
2314 4504 2563 4558 magnam
2597 4489 2821 4558 gloriam
2876 4496 3020 4540 tuam
3048 4503 3061 4550 ;
3094 4484 3319 4538 Domine
3372 4480 3487 4535 Rex

1926 4584 2185 4647 caelestis,
2225 4582 2364 4635 Deus
2390 4592 2545 4651 pater
2576 4579 2950 4645 omnipotens;
2986 4575 3207 4629 Domine
3232 4572 3333 4626 Fili
3368 4572 3487 4625 uui-

1926 4676 2105 4745 genite
2157 4673 2284 4727 Jesu
2335 4673 2589 4733 Christe,
2628 4681 2682 4725 et
2717 4679 2905 4725 sancte
2951 4667 3208 4737 Spiritus.
3263 4664 3487 4718 Domine

1925 4769 2090 4831 Deus,
2119 4767 2303 4837 Agnus
2338 4766 2449 4826 Dei,
2482 4764 2647 4817 Filius
2676 4761 2876 4824 Patris,
2904 4760 2996 4829 qui
3030 4758 3172 4811 tollis
3199 4767 3478 4827 peccatum

1924 4860 2134 4923 mundi,
2176 4859 2388 4927 suscipe
2420 4856 2854 4920 deprecationem
2893 4860 3135 4906 nostram
3164 4867 3178 4903 :
3212 4849 3299 4917 qui
3333 4848 3487 4902 sedes

1923 4952 1990 5005 ad
2042 4951 2320 5007 dexteram
2362 4948 2541 5003 Patris
2568 4988 2583 5012 ,
2619 4948 2876 5001 miserere
2914 4945 3108 4999 nobis:
3143 4941 3394 5009 quoniam
3431 4952 3486 4993 tu

1926 5041 2072 5097 solus
2106 5050 2325 5097 sanctus
2349 5080 2363 5105 ,
2395 5048 2451 5092 tu
2484 5039 2632 5094 solus
2660 5036 2918 5091 Dominus
2948 5033 3105 5087 Jesus
3154 5032 3403 5086 Christus
3431 5031 3483 5083 iu

1923 5136 2090 5206 gloria
2124 5136 2216 5191 Dei
2248 5134 2443 5188 Patris.
2475 5134 2667 5187 Amen.
2699 5131 2853 5186 Omni
2900 5127 2987 5181 die
3029 5126 3342 5181 benedicam
3388 5132 3440 5177 te
3467 5162 3482 5186 ,

1922 5215 2231 5281 et'laudabo
2260 5241 2458 5281 nomen
2499 5234 2646 5277 tuum
2676 5222 2729 5274 in
2773 5216 3029 5271 sarculum
3062 5226 3116 5269 et
3144 5214 3195 5267 in
3225 5211 3475 5265 saaculum

1923 5318 2125 5373 steculi.
2160 5316 2407 5385 Dignare,
2458 5311 2680 5366 Domine
2706 5349 2721 5374 ,
2749 5308 2834 5363 die
2867 5311 2969 5362 isto
3000 5306 3116 5360 sine
3140 5311 3359 5371 peccato
3390 5317 3484 5354 nos

1923 5409 2218 5466 custodire.
2271 5408 2594 5481 Benedictus
2634 5421 2691 5460 es
2721 5445 2735 5471 ,
2772 5403 2999 5460 Domine
3057 5399 3199 5452 Deus
3264 5407 3479 5467 patrum

1923 5512 2254 5565 nostrorum,
2285 5510 2339 5554 et
2369 5499 2637 5553 laudabile
2677 5508 2729 5552 et
2763 5495 3056 5567 gloriosum
3101 5504 3297 5544 nomen
3330 5497 3480 5539 tuum

1920 5591 1973 5644 in
2014 5594 2232 5647 saecula.
2258 5593 2451 5646 Amen.
2485 5584 2628 5653 Fiat,
2665 5590 2913 5651 Domine,
2962 5579 3336 5641 misericordia
3392 5589 3481 5634 tua

1920 5698 2081 5754 super
2118 5701 2235 5752 nos,
2277 5684 2728 5755 quemadmodum
2758 5679 3099 5749 speravimus
3127 5676 3179 5731 in
3206 5683 3275 5727 te.
3302 5671 3477 5725 Bene-

1920 5775 2091 5834 dictus
2114 5793 2195 5845 es,
2228 5778 2470 5843 Domine,
2499 5779 2629 5837 doce
2677 5790 2761 5833 me
2809 5771 3220 5846 jnstillcationes
3260 5775 3397 5819 tuas.

3212 5856 3472 5914 Tertium.
