4230 6496
750 452 1013 493 CCCLXVIII
2095 441 2624 499 PROLEGUMENA.

823 558 947 613 208.
998 558 1240 625 Domine,
1288 560 1550 631 refugium
1600 561 1771 617 factus
1818 578 1878 618 es
1921 565 2077 621 nobis
2121 566 2177 620 in
2220 579 2311 636 ge-
2339 573 2387 629 Α
2487 567 2493 619 1

2339 573 2387 629 Α
2487 564 2678 637 Κύριε,
2729 564 3015 636 καταφυγὴ
3072 564 3332 637 ἐγενήθης
3385 567 3514 636 ἡμῖν
3569 567 3628 619 ὲν
3686 566 3851 636 γενεᾷ
3894 564 3986 619 καὶ

749 652 1033 704 neratione
1065 658 1119 705 et
1147 654 1514 719 generatione.
1543 653 1651 723 Ego
1706 655 1837 720 dixi,
1869 655 2113 721 Domine,
2143 659 2311 712 mise—

2427 656 2601 723 γενεᾷ.
2664 652 2803 723 Ἐγὼ
2853 650 3003 707 εἶπα·
3043 654 3235 725 Κύριε,
3301 653 3520 725 ἐλέησόν
3565 672 3656 726 με,
3704 656 3853 709 ἰασαι
3893 655 3986 727 τὴν

754 754 873 793 rere
911 740 1055 808 mei,
1105 755 1236 796 sana
1287 744 1524 797 animam
1566 759 1761 808 meam,
1792 748 1917 813 quia
1950 749 2165 817 peccavi
2194 750 2312 805 tibi.
2415 764 2424 794 ι

2415 747 2594 817 ψυχήν
2616 764 2739 816 μου,
2769 747 3112 817 ᾱιῆμαρτόν
3143 763 3244 799 σοι.
3277 746 3468 819 Κύριε,
3502 747 3637 818 πρὸς
3663 747 3722 800 σὲ
3752 748 3989 818 κατέφυ-

748 829 995 899 Domine,
1022 834 1091 889 ad
1133 844 1185 889 te
1215 837 1431 905 confugi
1458 877 1474 902 ,
1502 837 1634 893 doce
1662 854 1748 891 me
1774 839 1958 893 facere
1988 838 2315 896 voluntatem

2419 854 2535 907 γον,
2573 837 2776 902 δίδαξόν
2808 856 2873 908 με
2897 838 2956 890 τὸ
2982 840 3156 890 ποιεῖν
3183 837 3241 889 τὸ
3272 837 3485 908 θέλημά
3506 855 3619 891 σουσ
3658 840 3739 891 ὅτι
3767 839 3833 891 σὺ
3874 835 3923 891 εἷ
3960 842 3988 894 ό

750 933 919 992 tuam,
949 927 1076 997 quia
1118 935 1174 981 tu
1217 943 1275 982 es
1302 929 1437 983 Deus
1462 945 1640 996 meus;
1670 931 1795 1000 quia
1828 932 1968 999 apud
2004 941 2055 986 te
2088 942 2169 987 est
2198 932 2317 989 fons
2415 939 2420 972 ⁴

2315 971 2317 980 ,
2415 929 2552 993 Θεός
2596 946 2720 999 μου,
2751 929 2831 982 ὃτι
2855 929 3003 1000 παρὰ
3036 928 3117 980 σοὶ
3154 928 3305 1000 πηγὴ
3338 929 3580 998 ζωῆς,ὲν
3604 928 3681 1001 τῷ
3710 930 3848 1000 φωτί
3896 947 3985 983 σου

750 1015 879 1070 vitae
910 1056 928 1081 ,
967 1019 1019 1070 iu
1084 1016 1285 1071 lumine
1332 1028 1423 1073 tuo
1470 1020 1775 1075 videbimus
1830 1020 2031 1077 lumen.
2077 1021 2318 1078 Extende
2419 1049 2420 1060 ι

2317 1051 2318 1056 η
2419 1019 2665 1092 ὀψόμεθα
2718 1019 2852 1089 φῶς.
2885 1020 3217 1090 Παράτεινον
3266 1016 3330 1072 τὸ
3374 1019 3522 1083 me;
3566 1036 3659 1074 σου
3692 1023 3804 1084 τοῖς
3828 1021 3987 1090 γινώ-

752 1104 1182 1162 misericordiam
1235 1111 1687 1182 cognoscentibus
1738 1120 1811 1165 te.
1859 1111 2091 1167 Sauctus
2144 1114 2312 1180 Deus,

2422 1108 2611 1163 σκουσί
2647 1126 2727 1161 σε.
2761 1109 2947 1175 Ἄγιος
2979 1110 3008 1161 ό
3036 1107 3188 1172 Θεὸς,
3219 1106 3371 1178 ἁγιος
3414 1109 3647 1181 ἰσχυρὸς,
3677 1109 3830 1179 ἁγιος
3857 1110 3986 1164 ἀθά-

751 1211 972 1255 sanctus
1029 1201 1185 1257 fortis
1212 1242 1227 1268 ,
1252 1213 1473 1259 sanctus
1528 1203 1845 1259 immortalis
1868 1243 1883 1269 ,
1924 1204 2184 1260 miserere
2216 1221 2313 1259 no.
2420 1222 2421 1229 η

2420 1219 2599 1265 νατος,
2629 1199 2848 1271 ἐλέησον
2881 1200 3045 1271 ἡμᾶς.
3812 1202 3983 1269 Ἐκγκ

748 1288 854 1344 bis.
2046 1294 2313 1349 Tertium.

898 1382 1077 1438 Gloria
1920 1388 1987 1442 Et
2006 1402 2169 1443 nunc.
2556 1396 2568 1431 Α

2556 1378 2715 1442 Δόξα.
3578 1375 3691 1431 Καὶ
3727 1374 3844 1431 νῦν.

821 1468 1053 1523 Sanctus
1088 1470 1403 1524 immortalis
1432 1472 1686 1531 miserere
1727 1476 1900 1532 nobis.
2484 1472 2491 1489 ”

1769 1476 1900 1532 nbis,
2484 1471 2671 1538 ’Δγιος
2702 1469 2988 1534 ἀθάνατος,
3030 1470 3249 1543 ἐλέησον
3272 1470 3439 1542 ἡμᾶς’

817 1560 1022 1615 Deinde
1050 1560 1263 1615 clariori
1304 1577 1431 1617 voce
2484 1564 2487 1613 ἶ

2484 1558 2617 1615 Εἶτα
2653 1562 2995 1633 γεγωνοτέρᾳ
3024 1566 3194 1635 φωνῇ.

817 1651 1049 1706 Sanctus
1109 1654 1270 1717 Deus,
1328 1666 1545 1712 sanctus
1594 1658 1769 1729 fortis,
1825 1668 2045 1715 sanctus
2095 1659 2316 1713 immor-

2310 1684 2316 1697 ι
2489 1654 2679 1722 Ἀγιος
2728 1657 2757 1708 ὁ
2809 1656 2964 1721 Θεὸς,
3005 1653 3159 1723 ἁγιος
3207 1653 3445 1727 ἰσχυρὸς,
3496 1650 3651 1725 ἅγιος
3698 1651 3980 1716 ἀθάνατος,

746 1742 891 1807 talis,
924 1745 1182 1799 miserere
1207 1745 1380 1801 nobis.

1166 1761 1182 1798 ι
1207 1745 1380 1801 nobis.
2421 1747 2641 1818 ἐλέησον
2673 1748 2836 1817 ἡμᾶς.

816 1874 996 1919 bona.
1050 1863 1180 1916 Illud
1227 1874 1401 1916 autem
1446 1859 1891 1932 quodadditur:
1930 1883 1947 1915 ι
1988 1863 2157 1919 Datur
2216 1873 2465 1920 sanctum
2518 1863 2696 1917 oleum
2744 1860 3049 1916 fratribus:
3094 1878 3113 1912 I
3146 1859 3315 1932 fusius
3375 1857 3685 1932 explicatur
3746 1858 3801 1913 in
3843 1857 3986 1932 ejus-

747 1935 873 2058 iisin
915 1935 1100 2015 'l‘ypici
1158 1936 1333 2002 capite
1374 1928 1552 1990 12ἀά
1582 1934 1654 1990 26
1693 1936 2049 2003 Septembris,
2075 1950 2197 1991 cum
2250 1934 2423 1989 (ἓτκοὶ
2475 1934 2661 1988 colunt
2712 1933 3114 1986 translationem
3174 1930 3236 1987 S.
3264 1928 3493 1999 apostoli
3545 1939 3601 1983 et
3644 1928 3985 1997 evangelista:

815 2020 993 2058 sums.

815 2094 939 2150 209.
986 2094 1249 2150 Sacerdos
1285 2099 1536 2167 lampade
1583 2098 1905 2167 praelucente
1948 2099 2080 2165 abit,
2127 2098 2311 2152 inceu—
2347 2108 2388 2161 Β

2347 2108 2388 2161 Β
2494 2096 2553 2148 Ὀ
2610 2096 2807 2167 ἱερεὺς.
2887 2109 3368 2166 προπορευομενης
3434 2090 3599 2145 αὑτοῦ
3682 2088 3983 2159 λαμπάδος,

744 2195 933 2255 satque
963 2188 1244 2257 imaginem
1283 2190 1478 2241 sancti.
1523 2188 1721 2243 Deinde
1760 2204 1824 2244 ex
1858 2190 2097 2256 ejusdem
2142 2188 2315 2242 sancti

2416 2188 2715 2259 ἀπέρχεται
2750 2184 2844 2239 καί
2867 2185 3035 2255 θυμιᾷ
3071 2183 3169 2254 τὴν
3196 2184 3379 2238 εἰκόνα
3410 2182 3504 2236 τοῦ
3547 2179 3727 2249 ἁγίου.
3754 2173 3868 2233 Εἶθ’
3897 2175 3988 2230 οὖ-

746 2278 995 2346 lampade
1035 2280 1125 2328 dnt
1154 2278 1329 2330 oleum
1375 2289 1682 2333 sanctorum
1732 2280 2010 2334 fratribus.
2040 2280 2096 2334 Si
2134 2289 2315 2332 autem

2312 2304 2315 2330 ι
2417 2296 2523 2342 τως
2568 2279 2872 2331 ἐπιδίδωσιν
2919 2276 3071 2345 ἁγιον
3117 2276 3297 2331 ἔλαιον
3344 2278 3408 2329 ὲκ
3444 2276 3545 2346 τῆς
3586 2272 3858 2342 κανδήλας
3891 2267 3982 2322 τοῦ

745 2382 943 2436 pmses
972 2368 1271 2422 sacerdotio
1304 2370 1540 2424 initiatus
1583 2372 1673 2432 sit,
1718 2371 1832 2438 ipse
1877 2369 2072 2423 fratres
2106 2371 2316 2436 inungit

2416 2370 2573 2438 ἁγίου
2606 2374 2722 2433 τοῖς
2761 2370 3031 2438 ἀδελφοῖς.
3050 2367 3113 2420 Εἰ
3141 2365 3493 2437 δὲπροεστὼς
3524 2363 3749 2433 ἠξίωται
3784 2361 3882 2431 τῆς
3918 2361 3987 2412 ἱε-

746 2470 1061 2514 cousecrato
1098 2460 1184 2513 illo
1212 2460 1351 2533 oleo,
1394 2462 1662 2530 intingens
1710 2463 1845 2517 duos
1874 2462 2089 2531 digitos,
2128 2471 2313 2516 etnon

2424 2462 2689 2533 ρωσύνης,
2733 2463 2893 2525 αὐτὸς
2950 2451 3223 2531 ἐπιχρίσει
3257 2459 3384 2521 τοὺς
3436 2454 3695 2524 ἀδελφοὺς
3733 2452 3842 2508 ἀπὸ
3892 2451 3986 2521 τῆς

746 2566 911 2604 unum
948 2552 1226 2605 duntaxat.

2422 2553 2669 2623 τοιαύτης
2695 2553 2966 2623 εὐλογίας,
3006 2551 3300 2623 ὲμδάπτων
3329 2550 3453 2613 τοὺς
3478 2546 3667 2602 ἑαυτοῦ
3694 2545 3986 2607 δακτύλους

2422 2642 2546 2703 τοὺς
2572 2642 2684 2706 δύο,
2718 2644 2809 2695 καὶ
2831 2642 2950 2711 οὑχί
2970 2642 3060 2693 τὸν
3080 2640 3197 2696 ἕνα.

820 2746 895 2799 Ac
923 2760 990 2800 ne
1025 2746 1147 2815 quis
1176 2756 1323 2816 putet
1348 2749 1451 2805 hoc
1482 2760 1691 2805 tantum
1722 2752 1837 2808 fieri
1869 2755 2026 2811 istius
2047 2756 2442 2813 Translationis
2474 2756 2634 2820 fesIo,
2656 2772 2778 2810 mox
2805 2757 3149 2827 subiungitur
3181 2774 3195 2809 ε

815 2835 896 2891 Ex
926 2838 1023 2891 hac
1061 2840 1223 2909 igitur
1248 2852 1372 2895 nota
1429 2840 1687 2913 intellige,
1728 2846 1852 2913 quid
1908 2847 2021 2901 fieri
2070 2857 2319 2916 oporteat

2318 2890 2319 2895 η
2499 2846 2594 2899 Ἐκ
2646 2846 2843 2901 τούτου
2899 2840 2992 2898 οὖν
3040 2846 3266 2916 σημείου
3320 2847 3621 2917 σημείωσαι
3660 2843 3753 2896 καὶ
3783 2843 3840 2894 ὲν
3869 2842 3988 2904 ἁαῖς

745 2927 910 2980 etiam
941 2928 1062 2983 aliis
1112 2940 1421 2984 sanctorum
1473 2930 1666 2998 festis,
1706 2934 1901 3002 quibus
1945 2937 2101 2989 datur
2135 2940 2313 2992 oleum

2417 2941 2603 3005 ἄλλαις
2657 2942 2867 3012 ἑορταῖς
2896 2938 3004 2993 τῶν
3038 2938 3230 3007 ἁγίων,
3265 2938 3324 2990 ὲν
3367 2932 3455 3000 αἷς
3507 2937 3706 2989 δίδοται
3735 2934 3796 2986 τὸ
3838 2934 3986 3001 ἆγιον

747 3028 1016 3073 sanctum.
1056 3020 1148 3073 Sic
1178 3032 1360 3077 autem
1400 3023 1736 3081 celebramus
1780 3027 1916 3082 festa
1952 3030 2157 3096 omnia,
2180 3046 2316 3100 quo-

2423 3033 2619 3087 ελαιον·
2670 3034 2764 3086 καὶ
2811 3032 2984 3097 οὕτως
3033 3029 3364 3104 ἑορτάζομεν
3411 3030 3590 3093 πάσας
3646 3026 3837 3098 ἑορτὰς
3881 3024 3987 3077 τῶν

748 3126 869 3165 rum
910 3112 1187 3185 pervigilia
1215 3123 1467 3185 aguntur.

2419 3126 2608 3188 ἁγίων,
2641 3126 2698 3177 ἐν
2737 3119 2823 3187 αἷς
2854 3124 3094 3193 γίνονται
3133 3122 3449 3198 ἁγρυπνίαι.

819 3228 1140 3287 Philotlieus
1179 3234 1451 3289 unctionis
1474 3235 1617 3290 illius
1644 3234 1808 3289 ritum
1840 3234 1913 3288 ita
1950 3237 2210 3291 describit
2232 3238 2284 3291 in
2310 3241 2501 3296 ordine
2533 3243 2673 3296 sacri
2718 3242 3032 3305 ministerii,
3058 3243 3170 3312 jam
3204 3258 3349 3311 sepe
3382 3241 3628 3310 allegato.

815 3326 941 3379 210.
994 3328 1146 3392 Quod
1192 3328 1237 3381 si
1279 3328 1482 3383 ChriSti
1530 3329 1743 3383 Domini
1782 3329 1974 3385 festum
2014 3331 2099 3386 vel
2137 3336 2314 3404 magni
2345 3342 2387 3399 (ξ

2345 3342 2387 3399 C
2491 3338 2553 3392 Εἰ
2603 3336 2701 3408 μέν
2751 3338 2866 3389 ἐστι
2895 3336 3197 3407 Δεσποτικὴ
3254 3338 3435 3408 ἑορτὴ,
3478 3336 3511 3407 ἦ
3551 3334 3790 3406 μεγάλου
3834 3330 3987 3401 ἁγίου

748 3413 970 3484 alicujus
1011 3417 1181 3471 sancti
1236 3419 1493 3473 memoria
1528 3419 1728 3487 agitur,
1764 3420 1923 3473 datur
1972 3430 2027 3475 et
2057 3433 2304 3477 sanctum

2421 3428 2633 3500 μνήμη,
2687 3426 2889 3481 δίδοται
2936 3424 3115 3480 καὶτὸ
3148 3426 3299 3495 ἁγιον
3342 3427 3516 3479 ἔλαιον
3542 3426 3733 3489 οὕτως·
3765 3424 3987 3478 Πάντων

747 3507 921 3561 oleum
956 3509 1054 3563 hoc
1105 3522 1281 3578 pacto.
1315 3510 1578 3567 Omnibus
1638 3512 1705 3566 ad
1758 3512 1931 3566 sancti
1983 3512 2315 3584 imaginem,

2421 3519 2801 3591 συναγομένων
2834 3518 3064 3592 πλησίον
3110 3517 3209 3589 τῆς
3232 3516 3438 3577 εἰκόνος
3469 3515 3563 3568 τοῦ
3604 3518 3990 3586 προσκυνήμι-

754 3612 877 3666 qua:
921 3600 1235 3653 honoranda
1274 3604 1614 3669 proponitur,
1653 3602 2053 3661 confluentibus
2099 3618 2154 3661 et
2183 3622 2315 3661 can-
2418 3633 2424 3648 ι

2418 3630 2528 3678 τος,
2556 3614 2650 3667 καὶ
2676 3613 3007 3683 ψαλλόντων,
3031 3614 3060 3667 ό
3090 3612 3185 3683 μὲν
3199 3610 3444 3673 διάκονος
3476 3608 3641 3679 Θυμιᾷ
3662 3608 3866 3679 κύκλῳ,
3886 3608 3988 3661 ἁπδ

754 3687 1293 3752 tantibus,diacenus
1324 3690 1446 3745 tlIus
1473 3691 1648 3745 adolet
1678 3693 1730 3745 in
1755 3692 2009 3757 circuitu,
2035 3708 2065 3746 a
2089 3695 2317 3765 prieside
2418 3726 2424 3741 ι

2418 3705 2511 3759 τοῦ
2559 3706 2899 3778 προεστῶτος
2950 3706 3275 3779 ἀρξάμενος,
3330 3702 3544 3775 πρῶτον
3582 3700 3854 3771 Θυμιάσας
3893 3699 3989 3769 τὴν

751 3778 1050 3847 incipiens,
1079 3794 1143 3833 eo
1175 3781 1377 3835 honore
1420 3782 1571 3851 prius
1622 3784 1796 3838 sancti
1850 3785 2069 3855 imagini
2112 3786 2316 3840 babito.
2420 3840 2421 3845 η

2420 3800 2601 3854 εἰκόνα
2638 3800 2732 3854 τοῦ
2770 3802 2942 3869 ἁγίου·
2962 3804 2989 3855 ό
3009 3802 3065 3853 δὲ
3092 3803 3287 3873 ἱερεὺς,
3310 3800 3595 3871 ἱστάμενος
3625 3797 3867 3865 πλαγίως
3894 3795 3990 3863 τῆς

754 3874 1022 3928 Sacerdos
1072 3886 1294 3942 autem,
1344 3888 1493 3931 stans
1544 3879 1609 3932 ad
1659 3878 1798 3933 latus
1850 3878 2141 3948 imaginis,
2174 3889 2322 3933 tenet
2422 3919 2424 3940 ε

2316 3895 2322 3933 ι
2422 3892 2647 3954 εἰκόνος,
2684 3892 2929 3963 κατέχων
2955 3894 3242 3963 ἁλειπτρον
3258 3892 3401 3962 χρίει
3422 3892 3545 3955 τοὺς
3578 3888 3900 3962 προσιόντας
3933 3888 3986 3938 ἐν

754 3964 1040 4018 vasculum
1073 4005 1088 4030 ,
1144 3974 1201 4020 et
1252 3970 1573 4021 accedentes
1614 3968 1823 4037 inungit
1874 3970 1928 4022 in
1982 3968 2200 4033 fronte,
2256 3985 2321 4023 ac

2315 3988 2321 4022 ι
2424 3981 2501 4053 τῷ
2533 3982 2786 4054 μετώπῳ,
2816 3985 2910 4038 καὶ
2934 3983 3166 4054 εὐλογεῐ.
3192 3984 3362 4037 Ὀταν
3395 3983 3451 4037 δὲ
3483 3980 3745 4054 χρισθῶσι
3771 3980 3985 4043 πάντες,

755 4056 1049 4111 benedicit.
1088 4054 1219 4112 Cum
1265 4068 1445 4112 autem
1498 4073 1695 4114 omnes
1728 4058 1935 4115 iuuncti
1965 4067 2109 4126 sunt,
2142 4058 2320 4115 excla-
2421 4074 2673 4142 ἐκφωνεῖο

754 4158 905 4203 mat:

834 4242 1035 4297 Exaudi
1091 4258 1211 4307 nos,
1248 4245 1413 4308 Deus,
1444 4252 1692 4298 servator
1709 4252 1914 4309 noster,
1939 4261 2061 4314 spes
2082 4246 2319 4301 omnium
2500 4251 2504 4261 ‘

2500 4248 2834 4303 Ἐπάκουσον
2870 4246 3046 4318 ἡμῶν,
3086 4250 3114 4301 ό
3158 4246 3309 4308 Θεὸς,
3329 4245 3561 4313 ὁΣωτὴρ
3586 4241 3761 4312 ἡμῶν,
3791 4241 3989 4311 ἡέλπὶς

755 4337 945 4393 ﬁnium
980 4351 1159 4405 teme,
1194 4347 1249 4392 et
1284 4354 1470 4393 eorum
1500 4340 1593 4409 qui
1627 4348 1757 4395 sunt
1797 4338 1850 4393 in
1884 4340 2019 4392 mari
2048 4340 2236 4409 longe;
2267 4351 2322 4398 et
2423 4367 2425 4377 λ

2320 4385 2322 4393 ,
2423 4342 2642 4397 πάντων
2690 4342 2798 4394 τῶν
2824 4339 3076 4412 περάτων
3099 4339 3197 4409 τῆς
3229 4338 3351 4407 γῆς,
3398 4334 3492 4388 καὶ
3522 4333 3627 4387 τῶν
3660 4335 3716 4385 ὲν
3748 4331 3990 4403 θαλάσσῃ

755 4430 1045 4501 propitius,
1075 4432 1343 4502 propitius
1377 4442 1494 4486 csto
1518 4434 1756 4503 peccatis
1788 4430 2013 4499 nostris,
2048 4434 2321 4503 nostrique

2311 4450 2321 4488 ι
2425 4436 2661 4508 μακράν·
2697 4435 2791 4489 καὶ
2822 4432 2977 4497 ἵλεως
3009 4430 3165 4502 γενοῦ
3202 4430 3292 4483 ἐπὶ
3324 4429 3443 4490 ταῖς
3476 4425 3767 4497 ἁμαρτίαις
3807 4424 3981 4498 ἡμῶν,

758 4523 1036 4578 miserere.
2427 4567 2428 4573 η

2427 4527 2648 4597 ἐλέησον
2677 4528 2840 4598 ἡμᾶς.

832 4620 1002 4685 Atque
1036 4616 1229 4666 iterum
1265 4612 1562 4665 exclamat:
2494 4621 2502 4671 ι

1205 4627 1229 4663 n
1265 4612 1527 4665 exclamat
1548 4630 1562 4665 :
2494 4620 2603 4671 Καὶ
2626 4621 2875 4687 ὲκφωνεῖ⁶

834 4705 1146 4758 Miseriuors
1207 4711 1368 4771 atque
1449 4702 1723 4756 hominum
1794 4720 1980 4759 amans
2026 4707 2168 4763 Deus
2214 4720 2274 4760 es
2304 4745 2321 4771 ,
2354 4689 2403 4747 υ

2316 4747 2321 4767 ν
2354 4689 2403 4747 1)
2509 4710 2784 4779 Ἑλεήμων
2825 4708 2932 4781 γὰρ
2976 4706 3071 4761 καὶ
3136 4695 3509 4778 ῴιλὰνθρωπος
3548 4702 3678 4765 Θεὸς
3704 4702 3986 4773 ὑπάρχεις,

756 4809 811 4853 ει
865 4798 959 4850 tibi
995 4796 1268 4852 reddimus
1303 4792 1530 4864 gloriam
1564 4832 1581 4858 ,
1614 4794 1788 4861 Patri,
1817 4807 1871 4851 et
1904 4797 2060 4867 Filio,
2084 4809 2139 4855 et
2198 4799 2323 4869 Spi-

2316 4826 2323 4839 ι
2429 4801 2522 4853 καὶ
2556 4802 2637 4854 σοὶ
2666 4802 2763 4870 τὴν
2806 4800 2962 4866 δόξαν
2995 4796 3406 4869 ἁναπέμπομεν,
3438 4797 3515 4868 τῷ
3544 4795 3737 4865 Πατρί,
3772 4796 3866 4849 καὶ
3913 4795 3986 4864 τῷ

758 4889 883 4943 ritui
915 4898 1125 4952 sancto,
1157 4903 1298 4941 nunc
1328 4896 1382 4943 et
1413 4900 1627 4956 semper
1668 4898 1724 4942 et
1757 4889 1807 4941 iu
1843 4890 2039 4946 saecula
2091 4891 2321 4948 saeculo-

2315 4920 2321 4931 -
2428 4890 2569 4961 Υίῷ,
2608 4892 2800 4963 καὶτῷ
2834 4892 2972 4960 ἁγίῳ
3001 4888 3296 4962 Πνεύματι,
3329 4888 3425 4945 νῦν
3477 4888 3573 4941 καὶ
3612 4887 3719 4955 ἀεὶ,
3762 4888 3856 4941 καὶ
3910 4889 3985 4947 εἰς

761 4995 900 5036 rum.
2428 4982 2553 5044 τοὺς
2579 4981 2777 5047 αἰῶνας
2804 4984 2913 5035 τῶν
2946 4978 3173 5036 αἰώνων.

830 5074 952 5127 211.
994 5076 1127 5128 Dato
1150 5075 1261 5143 jam
1298 5083 1483 5128 sancto
1522 5073 1660 5139 oleo,
1716 5072 1774 5127 fit
1836 5074 2070 5143 perfecta
2131 5075 2319 5131 dimis-
2498 5077 2500 5125 ξ

2318 5107 2319 5113 η
2498 5075 2649 5128 Μετὰ
2697 5076 2759 5128 τὸ
2803 5074 2983 5127 δοῦναι
3031 5073 3090 5127 τὸ
3130 5074 3284 5144 ἁγιον
3310 5072 3504 5138 ἔλαιον,
3547 5072 3757 5143 γίνεται
3813 5067 3988 5123 τελεία

761 5164 863 5221 sio.

2434 5166 2710 5230 ἀπόλυσις.

838 5284 1021 5355 Con.
1053 5281 1178 5336 llaec
1202 5292 1328 5355 sunt
1354 5282 1513 5355 verba
1553 5282 1735 5355 Typici
1774 5283 1851 5355 ad
1870 5284 1939 5355 26
1967 5282 2300 5350 Septembris
2325 5300 2440 5351 cap.
2480 5282 2568 5345 12,
2601 5298 2759 5353 supra
2791 5281 3041 5351 allegato.
3059 5284 3235 5349 Quare
3262 5291 3438 5336 autem
3471 5284 3557 5337 hic
3574 5280 3785 5355 dicatur
3812 5280 3987 5333 τελεια

765 5354 1025 5417 ἀπόλυσις
1063 5370 1080 5403 ι
1124 5352 1361 5421 perfecta
1390 5349 1654 5416 dimissio,
1700 5372 1719 5405 ι
1752 5354 1930 5419 colligi
1959 5349 2135 5422 potest
2176 5368 2239 5407 ex
2272 5349 2680 5407 dissertatione
2697 5363 2879 5405 nostra
2902 5349 3272 5413 onomastica,
3304 5355 3390 5406 ubi
3429 5366 3578 5405 num.
3601 5349 3847 5422 36_illius
3880 5367 3985 5422 quo;

766 5420 1285 5493 menelaturmratio
1345 5438 1461 5493 non
1499 5425 1728 5477 obscure
1774 5420 1997 5477 cuilibet
2040 5424 2356 5493 iuuptescei.
2393 5424 2556 5493 Igitur
2586 5423 2767 5475 τελεία
2798 5424 3057 5487 ἀπόλυσις
3089 5425 3172 5477 hic
3200 5437 3306 5475 non
3347 5423 3521 5477 solum
3546 5429 3630 5493 est
3665 5420 3788 5475 finis
3829 5420 3985 5474 oflicii

768 5492 1155 5564 ecclesiastici,
1180 5508 1362 5546 verum
1389 5492 1558 5564 etiam
1593 5493 1838 5549 dimissiu
1872 5492 2073 5564 populi.
2111 5492 2171 5564 Et
2200 5489 2749 5561 quoniaur’sacerdos
2780 5496 2969 5547 solitus
2996 5493 3425 5564 estidimittendo
3453 5490 3652 5559 populo
3674 5492 3823 5564 bene
3859 5504 3984 5560 pre-

768 5566 905 5623 cari.
936 5564 1046 5631 ipsa
1091 5562 1177 5633 illa
1208 5562 1433 5614 formula
1470 5565 1722 5630 precandi
1765 5562 2024 5617 uon‘ruro
2052 5563 2313 5627 ἀπόλυσις
2338 5572 2553 5633 quoque
2585 5565 3042 5631 unucupatunbe
3079 5562 3303 5616 formula
3342 5564 3430 5616 illa
3459 5577 3626 5631 pauca
3654 5562 3999 5621 disseremus,

769 5632 1019 5697 inferius,
1052 5632 1137 5685 hic
1172 5648 1297 5683 vero
1327 5633 1391 5685 de
1420 5634 1506 5694 iis,
1538 5648 1655 5699 qua:
1687 5633 1828 5686 illam
1858 5634 2032 5687 solent
2065 5635 2307 5701 proxime
2342 5632 2661 5701 praecedere.

840 5702 967 5757 212.
999 5701 1253 5757 Absoluta
1279 5704 1560 5775 superiore
1582 5704 2005 5767 exclamatione,
2042 5703 2225 5758 atatim
2258 5706 2339 5772 (ut
2369 5712 2454 5758 est
2483 5705 2622 5770 apud
2643 5701 3003 5773 Pbilotbeum)
3030 5706 3105 5759 ait
3138 5704 3421 5759 sacerdos:

840 5794 953 5851 Pax
998 5796 1264 5850 omnibus.
1343 5795 1608 5853 Diacouus
1660 5812 1786 5853 vero
1834 5818 1848 5853 :
1904 5799 2091 5869 Capita
2138 5809 2322 5855 nostra

2318 5824 2322 5853 ι
2525 5803 2566 5851 Ο
2633 5799 2829 5869 ἱερεύς·
2909 5801 3113 5871 Εἰρήνη
3182 5803 3333 5852 πᾶσι.
3416 5798 3473 5851 'O
3555 5791 3829 5863 διάκονος·
3882 5795 3988 5859 Τὰς

774 5886 1003 5944 Domino
1074 5887 1412 5944 inclinemus.
1490 5890 1555 5946 Et
1603 5891 1853 5949 sacerdos
1920 5902 2130 5950 secreto
2208 5893 2327 5947 sub-
2429 5907 2444 5943 :

2320 5918 2327 5933 ι
2429 5890 2670 5958 κεφαλὰς
2700 5893 2853 5961 ἡμῶν
2887 5892 2965 5961 τῷ
2992 5892 3177 5961 Κυρίῳ
3217 5892 3502 5961 κλίνωμεν.
3563 5893 3673 5944 Καὶ
3719 5894 3775 5944 ὁ.
3816 5889 3990 5959 ἱερεὺς
