4230 6492
1319 448 1717 499 AGULL'I'HIA
1760 448 1787 496 Ἰ
1808 448 2094 499 ιιιιιιιευιδ
2132 449 2327 503 FESTI

3249 468 3470 509 εεειιικ

244 554 389 622 λέγει
435 555 532 627 τὴν
583 555 747 627 εὐχὴν
804 570 1096 623 μυστικωςσ
1148 554 1314 627 λύριε
1358 556 1499 624 ἅγιε,
1534 558 1562 609 ὁ
1597 557 1652 607 ὲν
1679 557 1812 628 hair.-
1843 561 1914 622 Α,

1804 557 2087 627 -Ajungit
2139 558 2439 615 orationem
2503 580 2515 615 :
2561 558 2786 617 Domine
2822 568 3044 623 sancte.
3102 560 3189 629 qui
3248 579 3299 617 ιιι
3352 565 3474 617 alti!i

246 648 355 710 λοῖς
378 650 666 713 κατοικῶν,
697 646 791 701 καὶ
811 646 876 699 τὰ
899 648 1128 701 ταπεινὰ
1154 648 1385 719 ἐφορῶν,
1418 650 1510 701 καὶ
1536 648 1611 718 τῷ
1643 666 1807 705 παντ-

247 741 425 810 ελᾷόρῳ
469 760 559 795 σου
596 741 798 811 ὄμματι
841 740 1143 793 ἐπιϐλέπων
1165 740 1253 791 ἐπὶ
1285 740 1461 793 πᾶσαν
1492 741 1589 810 τὴν
1616 740 1805 792 κτίσιν·

249 831 330 883 σοὶ
354 832 642 903 ἐκλίναμεν
675 830 764 881 τὸν
798 830 993 901 αὐχένα
1023 832 1121 899 τῆς
1163 830 1339 900 ψυχῆς
1384 832 1475 884 καὶ
1502 830 1595 884 τοῦ
1626 830 1808 901 σώμα-

246 940 357 989 τος,
410 926 504 979 καὶ
541 920 774 989 δεόμεθὰ
807 939 920 983 σου,
975 920 1213 974 ἔκτεινον
1260 922 1356 994 τὴν
1402 922 1560 993 χεῖρὰ
1597 940 1689 975 σου
1713 924 1811 994 τὴν

247 1016 475 1087 ἀόρατον
512 1012 568 1077 ἐξ
592 1012 743 1079 ἁγίου
774 1012 1218 1084 κατοικητηρίου,
1243 1016 1335 1068 καὶ
1366 1015 1655 1083 εὐλόγησον
1686 1014 1811 1068 πὰν-

246 1126 345 1172 τας
374 1106 539 1177 ἡμᾶς’
564 1104 657 1157 καὶ
676 1105 729 1158 εί
752 1124 804 1160 τι
834 1105 1154 1176 ἡμάρτομεν
1178 1107 1438 1168 ἑκουσίως
1464 1106 1496 1175 ἢ
1524 1106 1809 1174 ἀκουσίως,

244 1201 317 1264 ὡς
342 1198 542 1267 ἀγαθὸς
585 1200 677 1253 καὶ
729 1198 1102 1269 φιλάνθρωπος
1136 1200 1265 1263 Θεὸς
1302 1198 1672 1271 συγχώρησον,
1706 1198 1807 1253 δω-

251 1292 507 1361 ρούμενος
533 1292 660 1361 ἡμῖν
686 1292 775 1345 καὶ
788 1289 855 1343 τά
883 1291 1151 1361 ὲγκόσμια
1174 1292 1265 1344 καὶ
1292 1292 1636 1363 ὑπερκόσμια
1670 1292 1809 1359 ἁγα-

246 1384 314 1437 Θὰ
390 1398 503 1435 σου.
570 1383 873 1453 Ἐκφώνως·
927 1383 1025 1437 Σὸν
1084 1385 1191 1456 γάρ
1239 1385 1352 1438 ἐστι
1392 1386 1452 1439 τὸ
1500 1386 1666 1437 ἐλεεῖν
1718 1385 1811 1437 καὶ

244 1472 436 1537 σώζειν
460 1475 624 1545 ἡμᾶς,
656 1475 853 1544 Χριστὲ
879 1475 906 1527 ό
932 1474 1085 1538 Θεός.

328 1562 387 1615 Ὀ
412 1562 672 1625 διάκονος*
702 1564 890 1632 Σοφία.

331 1652 389 1705 Ὁ
450 1653 645 1723 ἱερεύς
708 1653 768 1709 Ὀ
822 1655 897 1711 ὢν
954 1656 1243 1726 εὐλογητὸς
1306 1655 1535 1726 Χριστὸς
1587 1656 1616 1707 ὁ
1679 1654 1809 1718 Θεὸς

248 1744 425 1814 ἡμῶν,
451 1745 696 1812 πάντοτε,
724 1747 819 1803 νῦν
844 1750 937 1801 καὶ
951 1749 1056 1805 ἀεὶ.
1087 1748 1181 1799 καὶ
1214 1748 1292 1811 είς
1315 1749 1440 1813 τοὺς
1483 1747 1681 1811 αἰῶνας
1704 1746 1810 1801 τῶν

245 1834 457 1891 αἰώνων
466 1878 479 1891 .

1912 649 2146 713 habitas,
2175 662 2228 706 et
2257 649 2481 707 humilia
2532 650 2773 721 respicis,
2812 658 2864 704 et
2918 650 3073 705 oculo
3112 653 3471 721 pcrspicacis-

1915 742 2055 796 simo
2082 743 2454 811 circumspicis
2501 759 2711 799 omnem
2743 752 3070 809 creaturam,
3102 747 3194 802 tibi
3222 747 3465 801 cervices

1911 833 2076 891 animi
2108 848 2258 902 :equc
2290 848 2353 887 ac
2382 834 2623 902 corporis
2669 836 3037 896 incurvamus,
3069 844 3121 886 et
3143 850 3364 890 oramus
3396 845 3468 895 te.

1912 940 2129 981 manum
2161 934 2304 981 tuam
2346 924 2672 981 invisibilem
2714 927 2777 980 de
2805 940 2995 983 sancto
3026 926 3330 983 habitacula
3383 938 3474 982 tuo

1908 1016 2161 1081 extende,
2196 1024 2249 1069 et
2296 1014 2525 1070 benedic
2571 1028 2667 1068 nos
2705 1027 3002 1071 omnes:et
3032 1018 3076 1072 si
3108 1018 3236 1088 quid
3284 1029 3474 1085 sponte

1910 1108 1991 1163 vel
2027 1116 2215 1163 coacte
2240 1108 2588 1177 deliquimus,
2623 1115 2682 1159 ut
2719 1106 2893 1160 bonus
2937 1124 2999 1161 ac
3028 1111 3291 1180 benignus
3333 1108 3474 1162 Deus

1911 1202 2151 1271 ignosce,
2183 1210 2237 1254 et
2272 1200 2409 1254 bona
2437 1211 2526 1253 tua
2546 1197 2858 1268 temporalia
2893 1198 3050 1252 simul
3074 1213 3233 1270 atque
3266 1210 3467 1257 eterna

1911 1292 2111 1362 largire
2160 1309 2173 1345 :
2216 1291 2575 1346 Exclamando
2627 1290 2851 1345 :Tuum
2902 1299 2984 1344 est
3032 1292 3173 1345 enim
3231 1293 3472 1349 misereri

1910 1395 1964 1440 et
1987 1385 2197 1439 salvare
2223 1397 2342 1447 nos,
2361 1381 2571 1437 Christe
2603 1383 2760 1438 Deus.

1980 1564 2247 1617 Diaconus
2280 1579 2294 1616 :
2323 1559 2617 1628 Sapientia.

1984 1653 2271 1708 Sacerdos.
2351 1652 2449 1718 Qui
2512 1660 2595 1704 est
2665 1647 2975 1704 benedictus
3036 1647 3282 1701 Christus
3340 1644 3478 1699 Deus

1911 1755 2114 1812 noster,
2140 1746 2357 1816 ubique,
2387 1758 2551 1809 nunc,
2579 1750 2631 1798 et
2656 1754 2893 1812 semper,
2917 1747 2971 1794 et
2998 1739 3049 1791 in
3091 1739 3282 1793 saecula
3305 1753 3477 1793 sarcu-

1911 1840 2102 1895 lorum.

315 1929 426 1981 Καὶ
460 1929 715 1999 ψάλλεται
748 1928 828 1991 τὸ,
876 1927 1199 2001 Στερέωσαι,
1251 1929 1281 1983 ὁ
1312 1930 1464 1994 Θεὸς,
1500 1930 1624 1992 τοὺς
1653 1928 1803 1998 βασι-
1835 1912 1877 1971 Β
1974 1930 1985 1983 ε

1835 1912 1877 1971 Β
1974 1930 2103 1983 ειδ.
2168 1927 2233 1980 Ει
2282 1925 2536 1980 canitur:
2593 1924 2895 1986 Conﬁrma,
2957 1920 3133 1977 Deus.
3186 1917 3474 1987 imperato-

244 2017 373 2081 λεῖς.

1910 2032 2015 2070 res.

314 2106 489 2181 CDII.
522 2106 669 2161 lianc
705 2108 1003 2163 orationem
1031 2121 1135 2165 non
1172 2107 1349 2164 inveni
1377 2123 1547 2181 usque
1569 2108 1767 2173 adhuc,
1802 2106 1904 2164 nisi
1941 2105 2084 2161 forte
2104 2113 2261 2173 putes
2288 2118 2408 2158 esse
2440 2102 2585 2157 illam
2665 2116 2785 2156 uuae
2811 2109 2991 2154 exstat
3041 2104 3096 2154 in
3140 2100 3475 2168 llirmologio

243 2187 298 2235 et
320 2178 398 2231 sic
424 2187 577 2232 sonat

323 2271 639 2341 Ἐπουρὰνιε
670 2270 907 2342 βασιλεῦ,
956 2273 1082 2336 τοὺς
1132 2287 1353 2335 πιστους
1405 2272 1806 2343 ρασιλεῐςὴμων

245 2364 561 2435 στερέωσον,
593 2364 689 2433 τὴν
735 2364 917 2416 πίστιν
945 2363 1215 2435 στήριξον,
1246 2362 1315 2416 τά
1360 2362 1486 2434 ἔθνη
1540 2363 1802 2435 πράῦνον,

241 2455 331 2508 τὸν
355 2454 555 2524 κόσμον
574 2456 899 2524 είρήνευσον.
924 2456 1020 2524 τὴν
1043 2454 1199 2523 ἁγίαν
1225 2454 1388 2527 μονὴν
1415 2454 1616 2525 ταύτην
1630 2447 1808 2515 καλῶς

242 2544 583 2615 διαφύλαξον,
626 2547 754 2608 τοὺς
793 2547 1229 2617 προαπελθόντας
1268 2548 1508 2618 πατέρας
1535 2546 1629 2599 καὶ
1658 2543 1811 2598 ἁδελ-

244 2640 376 2706 φοὺς
402 2637 558 2708 ἡμῶν
600 2639 659 2691 ὲν
706 2640 929 2709 σκηναῖς
973 2638 1195 2691 δικαίων
1223 2638 1402 2703 τάξον,
1437 2638 1529 2691 καὶ
1575 2638 1721 2708 ἡμᾶς
1750 2636 1809 2689 ἐν

246 2731 502 2801 μετανοίᾳ
553 2731 646 2784 καὶ
682 2730 1064 2803 ἐξομολογήσει
1113 2729 1415 2802 παράλαϐε,
1476 2729 1552 2793 ὠς
1606 2727 1808 2798 ἀγαθὸς

244 2822 336 2873 καὶ
363 2823 552 2890 φιλανθ
564 2841 762 2894 ρωπος.

332 2912 389 2964 '0
444 2912 642 2983 ἱερεύςο
705 2914 1007 2987 ’Υπεραγία
1068 2916 1331 2978 Θεοτόκε,
1399 2916 1570 2968 σῶσον
1636 2914 1805 2984 ἡμᾶς.

243 3003 350 3057 Καὶ
400 3002 677 3073 ψάλλεταν
729 3004 839 3076 Τὴν
895 3007 1222 3078 τιμιωτέραν
1264 3006 1371 3059 τῶν
1400 3004 1681 3075 χερουόψ.
1715 3005 1809 3057 καὶ

242 3093 584 3166 ἐνδοξοτέραν
611 3095 953 3167 ἁσυγκρίτως
994 3096 1100 3149 τῶν
1136 3096 1395 3168 σεραφὶμ,
1435 3094 1532 3165 τὴν
1556 3091 1810 3161 ἀδιαφθό-

246 3204 350 3257 ρως
377 3188 467 3240 τὸν
518 3187 687 3257 Λόγον
713 3188 845 3241 Θεὸν
877 3188 1159 3253 τεκοῦσαν,
1210 3187 1306 3259 τὴν
1328 3186 1493 3250 ὅντως
1526 3184 1806 3249 Θεοτόκον,

244 3277 317 3362 σὲ,
368 3275 758 3362 μεγαλύνομεν.
818 3272 951 3331 Εἶτα
1024 3277 1182 3333 πάλιν
1239 3276 1402 3345 λέγει·
1474 3273 1609 3339 Δόξα
1687 3290 1806 3342 σοι,

241 3352 441 3437 χβισξι
476 3370 505 3421 ό
550 3367 700 3433 Θεὸς,
732 3370 765 3421 ιι
798 3369 950 3434 ιλπις
998 3370 1171 3441 ἡμῶν·
1205 3368 1329 3434 δόξα
1376 3384 1477 3421 σοι.
1547 3365 1805 3435 Ἀδελφοί·

240 3458 433 3529 Κύριε,
455 3459 743 3532 εὐλόγησον

313 3634 423 3688 Καὶ
443 3631 651 3703 γίνεται
700 3633 978 3696 ἀπόλυσις·
1028 3632 1064 3704 ἢ
1093 3632 1190 3704 μὲν
1224 3631 1339 3685 ἔστι
1383 3630 1640 3705 κυριακήο
1676 3647 1695 3682 ι
1745 3627 1803 3683 '0

240 3725 477 3791 ἀναστάς
505 3728 569 3780 ὲκ
606 3726 814 3798 νεκρῶν
839 3722 1091 3799 Χριστὸς,
1134 3724 1163 3776 ὁ
1191 3722 1439 3794 ἀληθινὸς
1464 3721 1595 3786 Θεὸς
1623 3718 1799 3792 ήμῶν,

1976 2267 2095 2323 Rex
2133 2268 2390 2334 cmlestis,
2440 2263 2697 2319 conﬁrma
2748 2261 2931 2319 ﬁdeles
2980 2263 3330 2331 imperatores
3380 2277 3477 2315 no-

1906 2371 2082 2426 stros;
2133 2361 2287 2415 tidem
2324 2359 2546 2425 stabili;
2602 2367 2792 2429 gentes
2846 2356 3064 2426 mitiga;
3116 2356 3345 2424 paciﬁca
3386 2372 3449 2409 or

1905 2452 2062 2516 bem;
2119 2452 2505 2505 habitationem
2554 2450 2693 2503 hanc
2730 2460 2973 2504 sanctam
3028 2448 3165 2503 bene
3216 2448 3473 2514 custodi;

1907 2547 2090 2608 patres
2143 2548 2198 2591 et
2238 2537 2437 2593 fratres
2469 2545 2685 2592 nostros
2717 2537 3001 2592 defunctos
3046 2538 3249 2593 colloca
3284 2540 3335 2592 in
3383 2540 3476 2608 ju-

1905 2638 2112 2683 storum
2145 2626 2546 2697 tabernaculis;
2592 2637 2649 2683 et
2693 2642 2793 2684 nos
2822 2627 2875 2682 in
2906 2630 3225 2699 paenitentia
3255 2646 3318 2684 ac
3342 2647 3475 2685 con-

1906 2718 2140 2774 fessione
2162 2720 2397 2791 suscipe,
2421 2724 2595 2791 utqui
2644 2734 2771 2778 vere
2810 2721 2982 2775 bonus
3018 2734 3078 2775 es
3115 2730 3171 2775 et
3199 2722 3478 2777 hominum

1906 2826 2113 2868 amans.

1981 2904 2248 2959 Sacerdos
2286 2901 2669 2958 :Sanctissima
2703 2901 2796 2960 Dei
2847 2901 3087 2962 Genitrix
3145 2920 3301 2962 serva
3356 2923 3477 2962 nos.

1906 2996 1971 3050 Et
2030 2994 2241 3048 canitur
2276 3007 2291 3046 :
2347 2993 2752 3062 Magniﬁcamus
2789 3004 2839 3049 te
2874 2996 3314 3050 excellentiorem
3345 2998 3478 3051 che-

1907 3084 2083 3140 rubim
2116 3121 2134 3149 ,
2186 3092 2242 3136 et
2292 3082 2409 3136 sine
2444 3083 2843 3150 comparatione
2887 3086 3153 3155 seraphin
3185 3086 3481 3157 gloriosio-

1908 3190 2021 3231 rem
2081 3196 2095 3231 :
2156 3183 2343 3244 utpote
2407 3188 2527 3243 quae
2574 3174 2887 3247 incsrrupta
2945 3178 3182 3249 genuisti
3243 3179 3474 3235 Verbum

1907 3266 2097 3331 Deum,
2138 3265 2362 3334 ideoque
2407 3278 2533 3319 vere
2580 3264 2677 3319 Del
2716 3266 2943 3335 genitrix
2968 3283 3046 3323 es.
3105 3267 3241 3323 Tum
3283 3271 3475 3326 iterum

1908 3360 2038 3415 dicit
2104 3377 2118 3414 :
2168 3357 2349 3414 Gloria
2391 3358 2508 3425 tibi,
2541 3357 2757 3414 Christe
2823 3358 2965 3414 Deus
2997 3398 3013 3425 ,
3060 3374 3182 3429 spes
3242 3372 3423 3415 nostra
3454 3400 3471 3425 ,

1908 3452 2075 3523 gloria
2117 3451 2231 3506 tibi.
2293 3450 2511 3507 Fratres
2572 3450 2901 3523 respondent
2977 3466 2993 3505 :
3059 3450 3321 3518 Domine,
3379 3450 3474 3508 be-

1826 3538 1871 3599 C
1905 3542 2084 3598 nedic.

1979 3634 2044 3689 Et
2066 3631 2378 3704 pronuntiat
2410 3629 2743 3686 dimissionis
2773 3631 3082 3699 formulam,
3136 3651 3256 3705 qua:
3285 3636 3475 3691 diebus

1908 3724 2192 3781 dominicis
2227 3727 2339 3778 haec
2386 3730 2469 3777 est
2500 3740 2515 3777 :
2572 3720 2672 3789 Qui
2727 3725 2960 3780 surrexit
3005 3739 3036 3779 a
3065 3726 3289 3782 mortuis
3317 3726 3475 3783 Chri-

238 3822 355 3883 ταῖς
376 3819 692 3891 πρεσϐείαις
710 3815 1195 3889 τῆςπαναχράντου
1228 3814 1391 3868 αὑτοῦ
1429 3814 1667 3886 Μητρὸς,
1694 3810 1803 3865 τῶν
1907 3858 1908 3870 χ

1907 3825 2026 3872 stus
2058 3829 2216 3870 verus
2245 3812 2387 3868 Deus
2415 3822 2617 3879 noster,
2656 3815 2905 3884 precibus
2936 3817 3264 3875 intemeratae
3290 3819 3475 3876 Matris

241 3914 408 3983 ἁγίων
429 3914 652 3978 ἐνδόξων
674 3913 764 3967 καὶ
789 3911 1155 3982 πανευφήμων
1192 3907 1520 3971 ἀποστόλων,
1553 3905 1646 3960 καὶ
1668 3905 1803 3959 πάν·
1908 3930 1911 3961 :

1908 3923 2039 3973 sum,
2069 3915 2380 3963 sanctorum
2406 3946 2421 3972 ,
2448 3906 2803 3976 gloriosorum
2837 3918 2892 3964 et
2919 3910 3308 3981 percelebrium
3340 3926 3474 3981 apo-

240 4022 345 4058 των
378 4005 487 4057 τῶν
521 4006 711 4074 ἁγίων,
741 4005 934 4077 ὲλεήση
986 4003 1078 4057 καὶ
1120 3999 1269 4073 σώσῃ
1309 3999 1475 4069 ἡμᾶς,
1502 3998 1578 4062 ὡς
1602 3996 1803 4066 ἀγαθὸς

1911 4000 2192 4067 stolorum,
2213 3998 2562 4069 omniumque
2586 4009 2925 4067 sanctorum,
2950 4003 3273 4057 misereatur
3290 4011 3346 4057 et
3369 4018 3478 4058 ser-

238 4096 331 4150 κα)⁸
348 4094 749 4167 φιλάνθρωπος.

1910 4099 1999 4147 vet
2031 4106 2152 4155 nos,
2176 4101 2234 4145 ut
2260 4091 2433 4146 bonus
2461 4105 2525 4146 ac
2549 4090 2835 4161 benignus.

306 4211 433 4266 2H.
467 4209 642 4289 Cottii.
702 4211 1042 4289 Diinissionis
1090 4208 1317 4289 formula
1338 4280 1347 4289 '
1368 4216 1616 4289 mutatus
1666 4220 1761 4289 pro
1787 4206 2001 4289 ratione
2031 4206 2268 4289 {estihvel
2318 4205 2575 4289 mzsterii‘
2606 4209 2748 4289 quod
2774 4208 3111 4289 celebratur,
3137 4210 3302 4289 idque
3337 4214 3478 4289 satis

307 4228 433 4266 214.
467 4228 642 4266 ωιιι.
702 4228 1042 4267 υιιηιεειοηις
1090 4228 1317 4263 Ιοτιιιυιλ
1368 4228 1604 4262 mutatur
1666 4228 1761 4274 pro
1797 4228 1906 4260 l'illll

236 4292 393 4357 patet
416 4282 680 4357 eAx-allato
704 4280 975 4357 Philotimi
1009 4290 1179 4334 textu.
1214 4278 1306 4357 Sic
1337 4280 1390 4330 in
1415 4277 1630 4357 Christi
1654 4276 1906 4357 nat.-ili_di

1801 4228 2001 4289 raupne
2032 4228 2149 4261 Iesu
2188 4228 2267 4259 νει
2318 4228 2563 4289 ῐηιιιοῐιι
2606 4228 2747 4277 quoa
2774 4228 3111 4274 celenratur,
3137 4228 3302 4336 Ιασὲυθ
3337 4228 3471 4270 satis

1806 4276 2057 4357 t_dtcnur
2098 4292 2122 4357 ι
2166 4276 2227 4329 '0
2252 4276 2692 4357 {semermium
2739 4279 3039 4357 γεννηθείς,
3085 4282 3179 4336 καὶ
3238 4299 3267 4336 ν
3295 4284 3471 4357 φάτνῃ

236 4346 549 4414 ἆνακλιθεὶς
598 4350 686 4404 διὰ
727 4352 827 4421 τὴν
861 4349 1017 4421 {ipth
1050 4348 1361 4421 σωτηρίαν.
1398 4366 1418 4421 ι
1451 4347 1565 4421 Qui
1621 4346 1906 4421 iu__spelur

1802 4346 1985 4421 elunca
2039 4356 2198 4421 natus
2250 4355 2349 4421 est
2385 4346 2440 4403 et
2498 4346 2550 4401 in
2592 4346 2830 4421 praesepe
2876 4346 3214 4421 reclinatus.
3252 4346 3472 4420 propth

236 4434 478 4477 nOstram
516 4415 795 4498 ‘salutemI
846 4415 1020 4498 s':_Et_
1048 4419 1103 4473 in
1143 4415 1613 4498 Circumcisione":
1688 4416 1851 4498 ’μὲν
1894 4433 1906 4451 ι

1804 4418 1851 4498 ἰν
1894 4418 1961 4487 τῇ
2032 4416 2192 4498 όγδόῃ
2244 4415 2427 4498 ᾐμέρλι
2491 4415 2652 4498 σαρκὶ
2693 4415 3114 4498 ,περιτμηθῆναι
3166 4415 3474 4498 ,καταδεξα-

240 4508 423 4561 μενος,
458 4510 477 4542 ι
509 4492 607 4557 Qui
648 4490 963 4561 octavo_die
984 4560 987 4561 ν
1008 4490 1058 4542 in
1092 4502 1263 4561 carne
1292 4486 1601 4561 circumcidi
1636 4486 1871 4561 voluisti,
1904 4485 2009 4561 etc.
2040 4485 2901 4561 Furniulasalias,a'liis_l)omin'i
2940 4485 3126 4561 nostro
3159 4490 3287 4545 Jesu
3317 4485 3477 4548 Ch'ri-

238 4556 305 4614 isti
339 4564 491 4615 festis
523 4556 576 4615 et
610 4562 813 4629 aliquot
845 4558 1134 4612 Dominicis
1163 4558 1629 4629 accommodatas,
1660 4557 1841 4629 videre
1872 4559 1960 4625 qui
1989 4556 2241 4629 voluerit,
2279 4574 2297 4608 ι
2338 4557 2426 4611 ille
2458 4558 2612 4629 adeat
2652 4556 2885 4613 Goarum
2926 4562 2993 4629 ad
3019 4560 3223 4614 calcem
3256 4562 3476 4617 Euclio-

239 4631 389 4701 logii.
429 4630 557 4684 Mihi
582 4626 759 4683 autem
798 4630 934 4701 satis
969 4629 1128 4680 fuerit
1162 4626 1248 4680 hic
1274 4629 1459 4701 paucis
1480 4641 1555 4701 ex
1590 4626 1783 4701 endem
1807 4626 2089 4701 Philotheo
2136 4641 2242 4701 ann
2264 4628 2535 4701 otare,_in
2561 4627 2906 4701 dimissionis
2940 4628 3184 4701 formula
3218 4646 3247 4685 a
3282 4647 3475 4688 sacer-

241 4694 365 4753 «late
400 4701 572 4753 solere
603 4698 937 4767 pronuntiari
965 4713 1157 4751 nomen
1189 4700 1383 4768 saneti,
1412 4694 1738 4768 cujussacra
1776 4697 1863 4749 lux
1907 4698 2108 4768 agitu_r,
2143 4696 2188 4748 si
2227 4706 2405 4768 tamen
2436 4694 2599 4751 fuerit
2636 4712 2667 4752 ο
2711 4700 2915 4753 sanctis
2938 4700 3240 4768 precipuis.
3277 4702 3477 4768 Quaru-

240 4773 452 4833 nbrem,
489 4762 615 4822 cuin'
671 4770 902 4823 Basilius
938 4768 1178 4837 Magnus,
1206 4766 1497 4838 Gregorius
1528 4763 1898 4819 Nazianzenus
1945 4775 2000 4838 et
2040 4762 2275 4838 Joannes
2308 4763 2727 4838 Chrysostomus
2754 4770 2894 4821 inter
2922 4762 3219 4838 praecipuos
3249 4762 3471 4827 sanctus

240 4858 267 4891 ιι
294 4841 498 4894 Graecis
534 4854 745 4906 semper
775 4840 942 4891 habiti
974 4833 1191 4897 fuerint.
1230 4833 1580 4890 dubitandum
1613 4852 1718 4888 non
1755 4844 1861 4897 est,
1893 4836 2023 4903 quin
2072 4836 2122 4888 in
2153 4833 2380 4899 huiusce
2404 4833 2508 4891 diei
2547 4837 2864 4891 dimissione
2887 4833 3120 4894 debeant
3146 4854 3335 4896 eorum
3370 4858 3471 4897 no-

242 4912 389 4964 mina
419 4908 751 4977 pronuntiari
787 4908 889 4961 huc
916 4920 1010 4960 aut
1040 4906 1198 4961 simili
1231 4907 1389 4959 modo
1425 4922 1438 4957 :

318 5002 379 5052 Ὀ
398 5000 522 5062 τοὺς
547 4998 896 5060 διδασκάλους
938 4997 1182 5066 φωτίζων
1236 4995 1487 5068 Χριστὸς,
1513 4998 1540 5049 ὁ
1562 4993 1811 5065 ἀληθινὸς
1842 4997 1886 5053 D

1804 5010 1811 5055 ς
1842 4997 1886 5053 D
1996 5011 2014 5043 ι
2051 4994 2150 5059 Qui
2211 4994 2461 5050 doctores
2509 4994 2798 5063 illuminat,
2830 4996 3101 5065 Christus,
3133 5014 3292 5055 verus
3332 5000 3474 5054 Dcns

239 5089 369 5152 Θεὸς
396 5087 569 5159 ήμῶν,
597 5090 713 5151 ταῖς
754 5085 1068 5159 πρεσϐείαις
1098 5086 1195 5154 τῆς
1229 5086 1603 5157 παναχρὰντου
1637 5082 1801 5137 αὑτοῦ

1912 5094 2115 5149 noster,
2139 5086 2391 5154 precibus
2420 5086 2752 5141 intemerata:
2777 5086 2959 5143 Matris
2975 5104 3106 5153 suae,
3135 5098 3473 5155 sanctorum,

240 5178 482 5251 Μητρὸς,
503 5178 607 5231 τῶν
636 5179 802 5246 ἁγίων
830 5174 1051 5241 ἐνδόξων
1080 5178 1171 5229 καὶ
1196 5178 1561 5247 πανευφήμων
1575 5175 1802 5229 ἁποστό-
1907 5197 1910 5240 γ

1796 5204 1802 5214 ι
1907 5175 2262 5245 gloriosorum
2290 5186 2344 5229 et
2376 5176 2764 5245 percelebrium
2804 5180 3192 5249 apostolorum,
3227 5195 3328 5235 nec
3362 5198 3466 5236 non

241 5268 369 5330 λων,
393 5264 499 5317 τῶν
525 5264 579 5316 ὲν
602 5266 772 5332 ἁγίοις
802 5265 1059 5335 Πατέρων
1105 5262 1257 5334 ἡμῶν
1289 5263 1564 5317 Βασιλείω
1590 5263 1681 5316 τοῦ
1714 5281 1804 5335 με-

242 5358 428 5424 γάλου,
479 5356 777 5427 Γρηγορίου
804 5356 897 5408 τοῦ
925 5356 1195 5426 θεολόγου,
1242 5356 1486 5411 Ἰωάννου
1520 5358 1614 5410 τοῦ
1655 5360 1800 5429 Χρυ-

242 5448 524 5517 σοστόμου,
572 5448 661 5499 καὶ
711 5446 923 5500 πάντων
974 5447 1083 5500 τῶν
1124 5447 1313 5511 ἁγίων,
1382 5448 1474 5500 καὶ
1510 5447 1578 5500 τὰ
1616 5447 1797 5500 λοιπά.

1907 5277 2218 5320 sanctorum
2246 5268 2463 5321 Patrum
2498 5280 2803 5324 nostrorum
2831 5269 3014 5324 Basilii
3036 5271 3239 5340 Magni,
3264 5270 3473 5343 Grego-

1908 5360 1975 5411 rii
2010 5358 2288 5425 Theologi,
2312 5358 2533 5414 Joannis
2557 5358 2928 5429 Cbrysostomi
2982 5363 3329 5434 omniumque
3350 5378 3471 5419 san-

1905 5460 2138 5512 ctorum,
2160 5459 2212 5503 et
2246 5451 2468 5520 reliqua,
2502 5461 2558 5505 ut
2581 5467 2765 5520 supra.

310 5561 436 5616 215.
461 5560 637 5618 COII.
669 5561 773 5635 Sed
796 5571 849 5616 et
874 5560 1081 5635 Latinis
1117 5564 1241 5615 olim
1279 5563 1519 5635 solemne
1548 5571 1688 5624 erat,
1718 5573 1774 5616 ut
1800 5564 1920 5635 aliis
1959 5573 2012 5617 et
2042 5565 2166 5619 aliis
2194 5565 2381 5620 diebus
2414 5566 2738 5622 adhiberent
2795 5567 2959 5621 etiam
2989 5566 3124 5621 alias
3148 5574 3309 5635 atque
3334 5566 3471 5620 alias

241 5636 503 5687 formulas
560 5632 928 5707 benedicenili,
961 5642 1265 5707 constantes
1320 5633 1589 5707 interdum
1625 5648 1689 5685 ex
1727 5634 2206 5707 inul_tis_vcrsi_hus.
2247 5636 2397 5707 [inde
2426 5643 2571 5705 apud
2602 5637 2925 5707 Gregorium
2978 5652 3169 5706 papam
3222 5632 3275 5707 in
3312 5635 3477 5690 Libro

242 5714 688 5777 sacramentorum
736 5702 911 5777 adhuc
948 5712 1122 5754 eutat
1178 5704 1265 5777 illa
1300 5702 1606 5777 benedictio
1660 5718 1758 5769 pro
1793 5704 1883 5777 die
1921 5702 2233 5777 Nativitatis
2268 5702 2516 5759 Domini:
2551 5724 2593 5777 ι,
2618 5702 2907 5762 Βειιὶιιίοιιι
2936 5702 3091 5777 vobis
3123 5706 3473 5777 omnipotens

244 5774 401 5837 Deus,
445 5786 783 5842 vestramque
815 5772 881 5825 ad
903 5785 1129 5842 superna
1154 5774 1349 5825 excitet
1380 5771 1765 5836 intentionem,
1797 5774 1885 5842 qui
1939 5775 2078 5827 hanc
2109 5776 2530 5829 sacratissimum
2566 5776 2711 5831 diem
2746 5778 3028 5831 nativitate
3053 5775 3174 5831 Filii
3204 5771 3291 5831 sui
3329 5778 3465 5830 fecit

242 5858 361 5897 esse
394 5841 713 5897 solemnem.
738 5842 931 5896 Amen.
966 5841 1032 5895 Et
1060 5841 1149 5911 qui
1177 5856 1296 5898 eum
1323 5842 1413 5908 qui
1452 5842 1607 5908 panis
1638 5853 1717 5898 est
1744 5841 2054 5911 angelorum
2080 5883 2094 5912 ,
2131 5846 2183 5899 in
2233 5859 2470 5916 prasepe
2508 5845 2762 5903 Ecclesia:
2798 5848 2978 5903 cibum
3010 5845 3140 5903 fecit
3170 5861 3291 5904 esse
3326 5847 3469 5903 tide-
