4230 6490
1310 409 1704 467 ACOLUTHIA
1744 409 2080 464 TlthLlClS
2120 411 2340 468 FESTl.

3253 436 3447 479 οεειιι
3456 439 3477 479 Ι

266 521 519 576 tremitati
574 521 735 575 medii
783 520 1105 577 accumbens
1137 560 1153 585 ,
1205 530 1260 577 et
1320 538 1443 576 cum
1500 537 1565 576 eo
1603 538 1818 578 crucem
1850 536 1897 591 Α
1934 522 2131 575 nerinl.
2167 527 2342 596 Atque
2373 537 2437 579 ea
2466 525 2521 579 in
2556 538 2614 579 re
2658 525 3023 581 doctissimum
3078 528 3342 587 Morinum
3375 537 3473 589 lia—

264 612 596 666 decussatam
623 613 881 679 referens,
905 612 966 666 τδ
991 612 1068 679 Χ;
1105 614 1313 668 medius
1336 614 1549 668 tandem
1580 624 1635 667 et
1658 614 1817 667 index

260 701 321 754 τὸ
365 702 406 755 Ν
482 702 667 771 majori
735 720 798 757 ex
876 712 1028 773 parte
1102 714 1502 772 repraesentant.
1584 703 1700 769 Quo
1756 719 1817 756 ex

261 792 404 845 fonte
431 793 643 849 Goarus
695 794 808 848 haec
854 795 1139 859 hauserit,
1181 794 1423 848 invenire
1456 796 1688 849 nondum
1726 810 1817 863 po-

261 880 358 933 tui.

327 970 453 1025 219.
488 971 593 1026 Sed
642 973 745 1028 hoc
772 973 889 1029 loco
922 974 1351 1041 praetereundum
1389 990 1493 1029 non
1516 984 1618 1038 est,
1675 989 1811 1041 prae-

260 1061 459 1114 dictam
519 1064 780 1117 rationem
831 1063 1189 1132 complicandi
1255 1066 1586 1134 digitorum,
1642 1066 1817 1118 solere

257 1154 463 1204 servari
494 1154 655 1206 etiam
706 1169 733 1205 a
775 1154 1145 1221 pontificibus,
1178 1154 1303 1208 dum
1337 1171 1456 1208 cum
1508 1155 1735 1225 δικηρίῳ
1767 1164 1821 1209 et

254 1242 525 1312 τρικηρίῳ
572 1244 913 1299 benedicunt.
956 1242 1051 1297 Est
1106 1254 1284 1298 autem
1333 1244 1573 1315 δικήριον
1629 1260 1817 1300 cereus

254 1334 517 1397 bisulcus,
546 1335 697 1401 cujus
732 1349 871 1388 unus
925 1347 1009 1388 est
1055 1350 1273 1399 ramus,
1308 1336 1420 1389 sive
1447 1335 1667 1405 capulus
1726 1346 1816 1388 aut

256 1427 620 1487 manubrium,
650 1428 754 1478 duo
779 1441 903 1480 vero
932 1443 961 1482 e
998 1442 1147 1480 ramo
1184 1429 1234 1481 in
1269 1428 1465 1481 lineam
1499 1438 1699 1481 rectam
1738 1444 1817 1479 rn-

254 1518 484 1571 musculi
506 1516 766 1586 pullulant
786 1534 799 1580 ;
817 1533 921 1587 qua
955 1533 1017 1570 ex
1039 1516 1257 1572 notione
1282 1520 1443 1571 etiam
1471 1518 1596 1585 quid
1616 1518 1685 1571 sit
1705 1534 1815 1587 τρι-

253 1610 444 1678 κὴριον
476 1608 631 1661 facile
680 1610 943 1680 intelligas
973 1628 987 1663 :
1013 1610 1263 1663 videlicet
1290 1610 1545 1663 trisnlcus
1576 1625 1767 1664 cereus
1796 1650 1811 1673 ,

250 1718 281 1753 e
315 1702 471 1767 cujns
512 1715 619 1753 uno
656 1702 840 1755 itidem
894 1717 1041 1756 ramo
1070 1741 1083 1766 ,
1119 1714 1229 1755 tres
1274 1703 1362 1755 alii
1409 1702 1697 1755 ramuscnli
1750 1703 1813 1755 ad

250 1793 497 1846 eumdem
535 1794 747 1846 modum
807 1792 1178 1848 ell‘unduntur.
1216 1793 1325 1848 Nec
1387 1809 1484 1848 suo
1536 1794 1622 1847 illa
1651 1793 1816 1864 desti-

1922 612 2022 667 beo
2057 614 2343 669 fautorem.

1989 702 2113 757 221.
2153 703 2395 760 Tertium
2451 705 2707 777 denique,
2747 710 2963 765 bicereo
2995 710 3076 765 vel
3124 712 3353 768 lricereo
3401 716 3479 768 si-

1918 791 2084 861 gnare
2113 795 2367 863 populum
2396 812 2501 851 non
2532 812 2699 867 usque
2725 800 2860 853 adeo
2899 800 3174 869 proprium
3209 812 3292 855 est
3347 802 3477 856 solis

1918 884 2245 949 patriarcliis
2304 889 2624 956 caterisque
2681 890 3061 959 pontiﬁcibus,
3109 900 3167 946 ut
3209 906 3327 947 eam
3372 893 3476 947 sibi

1920 977 2331 1044 praerogativam
2361 993 2467 1033 non
2498 979 2772 1035 vindicent
2796 981 2956 1035 etiam
2989 982 3365 1052 imperatores,
3397 984 3477 1038 id-

1919 1083 2022 1136 que
2058 1069 2293 1124 maxime
2323 1082 2541 1141 propter
2588 1076 2899 1130 unctionem
2927 1074 3254 1131 chrismatis.
3279 1078 3478 1147 Duplex

1924 1170 2009 1213 est
2056 1159 2389 1218 Balsamonis
2418 1163 2590 1229 locus,
2623 1166 2713 1220 ubi
2750 1167 2891 1221 istud
2919 1176 3303 1225 asseveratur..
3331 1169 3480 1223 Alter

1920 1253 1985 1305 ad
2030 1266 2149 1305 can.
2200 1252 2264 1306 67
2305 1253 2491 1323 synodi
2520 1252 2837 1310 Trullanaa:
2887 1258 2949 1310 Ol
2978 1256 3087 1327 γὰρ
3137 1257 3482 1329 πατριάρχας

1919 1343 2347 1414 προϐαλλόμενοι
2378 1345 2646 1417 ὀρθόδοξοι
2678 1346 2914 1417 βασιλεῖς
2934 1348 2996 1402 δι’
3024 1349 3357 1420 ἐπικλήσεως
3383 1347 3480 1419 τῆς

1919 1435 2077 1501 ἁγίας
2101 1435 2350 1505 Τριάδος,
2385 1439 2479 1490 καὶ
2498 1439 2722 1510 Χριστοὶ
2740 1440 2890 1502 ὄντες
2915 1442 3142 1511 Κυρίου,
3168 1440 3477 1507 ἀκωλύτως,

1916 1527 2005 1577 ὅτε
2044 1525 2137 1578 καὶ
2168 1525 2468 1594 βούλονται,
2506 1530 2587 1591 εἰς
2611 1530 2672 1582 τὸ
2702 1528 2853 1594 ἅγιον
2890 1528 3270 1602 Θυσιαστήριον
3300 1531 3477 1601 εισέρ⁸

1916 1632 2122 1683 χονται,
2152 1616 2243 1667 καὶ
2296 1615 2554 1685 θυμιῶσι,
2584 1618 2677 1669 καὶ
2712 1617 3067 1687 σφραγίζουσι
3099 1620 3236 1688 μετὰ
3283 1637 3478 1691 τρικη-

1922 1705 2034 1775 ρίου
2057 1746 2071 1767 ,
2100 1706 2281 1769 καθὼς
2313 1707 2362 1757 οἱ
2392 1708 2688 1777 ἀρχιερεῖς.
2721 1726 2739 1757 ι
2774 1709 3126 1776 Imperatores
3146 1711 3431 1765 orthodoxi
3462 1752 3478 1774 ,

1919 1798 2009 1864 qui
2059 1798 2160 1851 sub
2220 1797 2560 1851 invocatione
2592 1807 2795 1851 sancta:
2842 1796 3131 1855 Trinitatis
3179 1814 3480 1870 proponunt

254 1894 479 1938 iuuntur
514 1886 810 1954 mysterio:
840 1886 1038 1955 quippe
1068 1886 1362 1956 Τρικήριον
1398 1885 1450 1938 in
1492 1902 1594 1938 una
1630 1885 1808 1938 divina
1848 1891 1891 1949 Β
1920 1887 2258 1955 patriarchas
2286 1927 2301 1951 ,
2328 1898 2381 1942 et
2417 1897 2541 1942 sunt
2589 1887 2787 1942 Christi
2826 1887 3061 1951 Domini.
3089 1892 3207 1946 sine
3239 1892 3349 1946 ullo
3376 1894 3481 1946 im-

252 1984 445 2029 nalura
504 1985 611 2031 tres
657 1976 939 2032 distinctas
991 1977 1290 2041 Personas,
1337 1977 1589 2047 Δικήριον
1639 1985 1812 2029 autem

250 2069 388 2123 duas
424 2069 479 2123 in
505 2084 610 2123 una
644 2068 843 2124 Christi
870 2084 1097 2137 persona
1126 2070 1410 2123 distinctas
1434 2081 1658 2125 naturas
1686 2086 1811 2125 esse

258 2170 673 2226 commonstrat,
703 2161 1153 2231 quemadmodum
1186 2171 1269 2216 est
1297 2162 1434 2230 apud
1490 2160 1812 2232 Symeoneni

260 2254 794 2328 Thessalonicensem
843 2254 909 2307 de
956 2254 1196 2323 templo,
1226 2255 1315 2310 ubi
1366 2255 1431 2309 de
1477 2255 1683 2325 lychnis
1726 2270 1815 2309 ec-

250 2347 453 2403 clesiae.
492 2344 556 2400 lli
588 2346 771 2417 itaque
816 2348 959 2403 cerei
999 2350 1397 2413 accenduntur;
1432 2358 1488 2403 et
1530 2350 1815 2418 episcopus

251 2440 410 2493 statis
443 2440 777 2507 temporibus
807 2442 964 2496 modo
990 2441 1220 2505 hisulco,
1244 2441 1401 2495 modo
1431 2442 1669 2508 trisulco,
1690 2457 1817 2496 non-

252 2543 527 2597 nunquam
572 2531 733 2585 etiam
772 2542 1003 2600 utroque
1053 2531 1254 2596 simul,
1292 2531 1356 2584 ad
1394 2532 1813 2587 benedicendum

245 2620 459 2683 utitur;
488 2622 569 2676 sic
603 2629 660 2676 ut
686 2631 813 2676 tunc
856 2621 1018 2676 etiam
1073 2636 1297 2692 expassa
1330 2621 1550 2677 brachia
1604 2623 1813 2696 signum

249 2713 427 2769 crucis
479 2722 888 2783 repraesentem.

316 2803 442 2858 220.
474 2802 591 2858 Non
621 2819 747 2858 vero
790 2805 1011 2860 videbor
1054 2805 1187 2858 ferri
1226 2814 1377 2859 extra
1423 2805 1588 2871 oleas,
1626 2808 1672 2861 si
1715 2808 1818 2861 hac

246 2895 532 2951 occasione
557 2896 659 2950 tria
684 2905 940 2967 praeterea
967 2895 1031 2949 ad
1054 2894 1197 2949 hunc
1210 2893 1627 2951 benedicendum
1657 2897 1816 2951 ritum

248 2987 542 3053 spectantia
562 2988 744 3056 paucis
770 2986 1158 3055 perstrinxere.
1174 2985 1435 3053 Primum,
1457 2987 1581 3044 dum
1599 2988 1817 3043 timens

249 3078 553 3146 patriarcha
587 3076 673 3131 vel
717 3078 1000 3147 episcOpus
1034 3093 1156 3132 cum
1205 3078 1439 3151 δικηριῳ
1487 3078 1571 3133 vel
1630 3095 1819 3151 τρικη-

249 3168 351 3239 ριῳ
404 3168 691 3231 benedicit,
729 3181 920 3222 cruces
949 3167 1199 3222 elIormat
1228 3178 1383 3235 tres;
1435 3170 1818 3224 convenienter

1918 1979 2224 2046 pedimento
2259 1979 2323 2032 ad
2359 1994 2574 2033 sacrum
2614 1979 2784 2033 altare
2814 1983 3100 2049 accedunt,
3128 1984 3342 2052 quando
3386 1999 3478 2037 vo-

1917 2066 2139 2135 luerint,
2189 2079 2243 2125 et
2280 2072 2405 2127 thus
2454 2072 2670 2129 adolent
2695 2115 2710 2141 ,
2742 2084 2796 2129 et
2842 2075 3063 2145 signant
3089 2090 3210 2128 cum
3244 2075 3480 2144 tricipite

1915 2172 2075 2213 cereo
2121 2164 2575 2229 quemadmodum
2625 2165 2926 2233 pontiﬁces.
2995 2184 3017 2218 ι
3074 2165 3227 2221 Alter
3282 2175 3366 2221 est
3418 2169 3470 2221 in

1915 2250 2105 2305 Melete
2134 2292 2150 2317 ,
2202 2252 2289 2307 ubi
2350 2267 2637 2310 recensens
2700 2271 2863 2327 opera
2892 2296 2908 2323 ,
2954 2271 3073 2325 qua:
3119 2256 3480 2325 imperatores

1916 2356 2038 2396 cum
2071 2344 2392 2411 patriarchis
2438 2345 2637 2401 habent
2694 2347 3001 2401 communia
3022 2386 3039 2411 ,
3071 2347 3149 2401 sic
3188 2346 3422 2416 loquitur
3452 2365 3468 2403 :

1928 2434 2207 2489 Ἐντεῦθεν
2254 2438 2305 2489 ol
2340 2438 2519 2492 πιστοὶ
2560 2437 2812 2492 δεσπόται
2835 2439 2927 2493 καὶ
2959 2439 3355 2511 αὐτοκράτορας
3382 2457 3481 2494 u-

1914 2526 2225 2595 τηχητικῶς
2248 2528 2493 2598 ὁμιλοῦσι
2515 2528 2592 2599 τῷ
2617 2528 2989 2602 Χριστωνύμῳ
3007 2529 3141 2599 λαῷ,
3162 2530 3254 2584 καὶ
3277 2529 3480 2600 θυμιῶ-

1917 2631 2001 2667 σιν
2025 2615 2098 2679 ὼς
2116 2617 2299 2689 ἱερεῖς,
2318 2618 2414 2671 καὶ
2441 2618 2580 2691 μετὰ
2601 2619 2848 2692 δικηρίου
2880 2620 3257 2691 σφραγίζουσι.
3285 2639 3304 2672 ι
3342 2621 3480 2675 Hinc

1917 2705 2160 2778 (propter
2184 2710 2496 2766 unctionem
2520 2710 2863 2781 Chrismatis)
2891 2711 3077 2768 ﬁdeles
3122 2712 3336 2767 Domini
3371 2712 3477 2767 im-

1914 2808 2193 2866 peratores
2214 2800 2468 2855 erudiunt
2512 2800 2881 2856 Christianum
2924 2801 3205 2873 populum,
3227 2810 3283 2859 et
3312 2802 3479 2859 odore

1915 2888 2092 2944 thuris
2120 2887 2491 2961 suﬂ‘umigant,
2515 2899 2571 2946 et
2599 2892 2817 2947 bicereo
2851 2892 3201 2949 benedicunt.
3242 2912 3263 2946 s

1985 2978 2113 3033 222.
2134 2979 2209 3034 Ex
2246 2982 2331 3037 his
2362 2998 2525 3051 porro
2556 2983 2773 3052 planum
2802 2983 2884 3049 tit,
2904 2985 3032 3053 quid
3065 2986 3136 3042 sit
3159 2986 3299 3057 apud
3329 2985 3477 3043 Gre-

1916 3081 2009 3124 cos
2033 3067 2261 3143 δικηρίῳ
2287 3071 2381 3125 καὶ
2418 3072 2687 3143 τρικηρίω
2719 3074 3075 3144 σφραγίζειν·
3100 3091 3166 3132 ex
3221 3078 3371 3144 cujus
3419 3091 3476 3130 re

1920 3160 2263 3230 ignoratione
2328 3179 2449 3234 qua:
2498 3164 3004 3233 interpretationum
3062 3176 3303 3223 monstra
3365 3166 3476 3221 ali-

243 3275 379 3316 sane
426 3260 773 3329 pontiﬁcibus
802 3261 1006 3316 nostris
1034 3300 1049 3325 ,
1077 3262 1239 3316 etiam
1269 3269 1377 3318 tres
1422 3276 1611 3318 cruces
1635 3303 1653 3329 ,
1684 3264 1807 3317 dum
1838 3245 1884 3307 C
1914 3253 2130 3320 quando
2189 3254 2329 3308 edita
2381 3257 2548 3311 sunt!
2582 3258 2848 3328 Interpres
2890 3258 3074 3313 nescio
3129 3259 3252 3328 quis
3274 3298 3292 3323 .
3337 3259 3477 3329 apud

251 3350 575 3403 lieiiedicunt
609 3387 626 3416 ,
677 3348 916 3405 formare
972 3349 1169 3406 solitis.
1226 3348 1454 3407 Probari
1516 3351 1569 3407 id
1636 3360 1814 3421 potest

245 3457 311 3495 ex
361 3440 635 3498 Demetrio
671 3441 912 3498 Gemisto
963 3459 1062 3499 ms.
1116 3444 1193 3497 De
1243 3442 1673 3498 ordinationibus
1720 3443 1812 3513 qui

245 3533 384 3603 apud
413 3532 671 3603 Cangium
719 3536 833 3587 ait:
868 3530 932 3588 ’Ὁ
964 3535 1323 3607 πατριάρχης,
1361 3534 1539 3587 λαὸὼν
1585 3535 1645 3588 τὸ
1672 3537 1815 3607 ιτρι-

245 3626 455 3695 κήριον,
474 3627 618 3676 ποιεῖ
641 3620 796 3687 αὖθις
822 3625 1086 3697 σταυροὺς
1106 3628 1254 3697 τρεῖς
1284 3624 1488 3679 ἄνωθεν
1512 3625 1608 3678 τοῦ
1637 3627 1813 3695 Εὐαγ-

244 3714 454 3782 γιλιουε
484 3732 503 3763 ι
528 3711 865 3779 Patriarcba,
897 3715 1349 3785 acceptotrisulco
1368 3730 1544 3783 cereo,
1567 3714 1803 3771 facilite-

247 3821 361 3857 ruin
392 3819 585 3861 cruces
606 3814 716 3861 tres
735 3820 895 3877 super
923 3806 1329 3879 Evangelium.»
1349 3808 1416 3863 Et
1444 3822 1591 3871 mox,
1618 3805 1677 3860 Ὀ
1706 3822 1810 3860 πα-

241 3897 533 3969 τριάρχης,
569 3897 777 3967 βλέπων
818 3901 953 3973 πρὸς
1003 3900 1102 3965 τὰς
1152 3900 1383 3971 δυσμὰς,
1418 3900 1629 3969 εὐλογεϊ
1674 3898 1810 3971 μετὰ

241 3990 529 4062 τρικηριου
572 3991 664 4043 τὸν
700 3990 828 4045 λαὸν
859 3993 981 4064 τρίς
1010 4011 1024 4048 :
1062 4012 1081 4045 ι
1106 3991 1419 4048 Patriarcha
1454 3993 1519 4046 ad
1558 3993 1809 4047 occiden-

241 4092 351 4137 tem
376 4098 689 4148 conversus,
721 4082 1214 4155 benedicitpoiiulo
1269 4095 1352 4140 ter
1402 4099 1524 4140 cum
1582 4084 1805 4141 trisulco

240 4184 420 4225 cerea.
469 4189 488 4223 ι
520 4169 725 4227 Deinde
748 4170 945 4227 bicerei
978 4182 1031 4225 et
1064 4173 1273 4227 tricerei
1298 4188 1426 4227 usus
1450 4189 1557 4229 non
1588 4172 1806 4227 videtur

241 4261 531 4315 admodum
566 4264 841 4332 antiquus.
875 4262 987 4318 iloc
1015 4278 1118 4319 non
1150 4279 1214 4319 ex
1240 4279 1305 4319 eo
1333 4264 1547 4332 quidem
1581 4263 1802 4335 colligo,

240 4352 381 4418 quod
427 4351 487 4406 S.
530 4352 683 4407 Saba:
709 4353 969 4425 Typicum
1001 4355 1327 4409 mentionem
1360 4354 1527 4422 ipsius
1558 4368 1661 4407 non
1710 4352 1792 4407 fa-

237 4442 348 4494 ciat
381 4438 507 4512 (hoc
536 4444 677 4496 enim
708 4443 966 4515 Typicum
992 4458 1089 4512 pro
1114 4446 1439 4512 patriarchis
1486 4455 1541 4499 et
1583 4444 1800 4513 episco-

238 4532 315 4587 pis
355 4532 571 4600 proprie
608 4534 865 4602 scriptum
923 4550 1028 4587 non
1056 4534 1181 4602 est),
1212 4550 1396 4589 verum
1446 4550 1509 4589 ex
1554 4548 1619 4589 eo
1652 4535 1794 4603 quod

237 4632 335 4671 nec
366 4616 424 4671 S.
456 4616 739 4684 Maximus,
774 4634 870 4673 nec
897 4619 956 4674 S.
981 4621 1282 4677 Germanus
1342 4624 1581 4693 ejusdem
1608 4624 1797 4677 memi-

1914 3338 2229 3399 Gretserum
2284 3356 2528 3401 nostrum
2566 3346 2733 3401 Horto
2778 3346 2839 3403 S.
2876 3350 3045 3403 crucis
3074 3359 3215 3419 part.
3270 3365 3322 3413 v,
3353 3365 3474 3421 cap.

1911 3434 2006 3504 2!,
2066 3436 2243 3493 locum
2301 3438 2453 3493 illum
2482 3437 2819 3495 Balsamonis
2844 3480 2860 3507 ,
2903 3440 2998 3495 καὶ
3050 3440 3192 3513 μετὰ
3221 3441 3476 3515 6mqum

1914 3525 2292 3597 σφραγίζουσι,
2330 3530 2400 3582 ita
2435 3530 2599 3585 vertit
2631 3547 2645 3585 :
2676 3547 2698 3584 ι
2733 3528 2870 3587 Cum
2921 3545 3045 3587 cera
3094 3531 3294 3602 duplici
3323 3533 3473 3588 obsi-

1910 3624 2094 3685 gnant.
2135 3635 2154 3669 ο
2197 3616 2558 3684 Quamobrem
2585 3621 2687 3677 iste
2739 3621 3031 3693 interpres,
3064 3637 3173 3678 non
3204 3623 3474 3680 immerito

1909 3720 1940 3760 ι
1970 3706 2227 3764 Gretsero
2253 3712 2689 3779 reprehenditur.
2716 3711 2821 3767 Sed
2846 3727 2915 3767 an
2953 3728 3059 3767 non
3091 3714 3256 3767 etiam
3283 3728 3472 3782 repre-

1909 3794 2225 3854 hendendus
2252 3799 2323 3855 sit
2354 3800 2644 3855 Gretserus
2675 3802 2809 3871 ipse,
2834 3802 2977 3873 quod
3014 3802 3203 3858 eodem
3230 3800 3324 3858 illo
3351 3802 3471 3857 Bal-

1907 3888 2148 3945 samonis
2193 3888 2330 3957 loco,
2358 3905 2457 3959 pro
2491 3890 2737 3964 δικηριου
2781 3891 3061 3964 legendum
3088 3902 3307 3948 censeat
3347 3910 3469 3965 τρι-

1908 3979 2103 4052 κηριου
2130 4020 2146 4047 ,
2172 3980 2434 4051 judicium
2472 3983 2545 4039 sit
2591 3984 2844 4039 aliorum.
2874 3984 3087 4040 Etenim
3138 3984 3223 4041 vir
3272 3993 3468 4041 caetera

1908 4073 2152 4129 eruditus
2192 4073 2407 4130 videtur
2436 4076 2695 4140 nescisse,
2726 4074 2969 4148 δικήριον
2997 4090 3211 4148 quoque
3256 4090 3351 4132 seu
3380 4076 3468 4132 bi-

1906 4164 2114 4220 sulcum
2151 4164 2299 4221 illum
2340 4181 2555 4221 cereum
2588 4166 2965 4235 impartiendis
2995 4169 3047 4223 in
3092 4181 3255 4225 sacro
3293 4166 3470 4223 cilicio

1905 4256 2366 4312 benedictionibus
2397 4255 2563 4312 fuisse
2593 4272 2622 4312 a
2656 4256 2857 4314 Graecis
2886 4259 3209 4315 adhibitum.
3241 4256 3341 4313 Hic
3369 4274 3467 4314 no-

1904 4360 2018 4405 stro
2046 4350 2113 4403 de
2137 4348 2409 4406 Laudibus
2456 4351 2846 4407 commentario
2894 4349 3056 4405 linem
3088 4349 3412 4422 imponimus
3440 4373 3457 4408 :

1906 4454 2031 4492 nam
2059 4437 2258 4494 fratres
2286 4455 2317 4495 e
2356 4440 2554 4510 templo
2577 4443 2833 4495 abeuntes
2862 4449 3057 4497 vocant
3088 4455 3207 4504 nos,
3226 4442 3291 4496 ad
3310 4455 3465 4497 suam

1904 4530 2133 4599 quisque
2174 4530 2443 4595 cellulam,
2478 4542 2536 4584 ut
2564 4546 2697 4601 quas
2729 4531 2802 4588 ibi
2841 4532 3079 4589 minores
3132 4532 3294 4589 horas
3324 4535 3464 4587 reci-

1909 4631 2043 4687 tent,
2074 4622 2341 4693 dispicere
2368 4622 2658 4691 possimus.

1546 4818 1772 4874 CAPUT
1814 4817 2147 4886 QUINTUM.

615 4971 690 5029 De
715 4973 855 5029 horis
881 4972 1188 5038 minoribus,
1214 4974 1397 5030 mediis
1421 4972 1562 5027 horis
1585 4994 1601 5039 ,-
1624 4987 1676 5029 ct
1696 4974 1976 5045 apodipno,
2010 4978 2148 5048 quod
2179 4978 2448 5050 respondet
2480 4988 2659 5033 nostra
2682 4978 3048 5051 Complatorio.

298 5129 427 5212 22:1.
456 5126 630 5211 βαθεῖ
669 5129 901 5212 diurnas
942 5132 1103 5212 horas
1160 5133 1359 5212 habent
1409 5135 1627 5212 totidem
1658 5174 1673 5212 ε
1704 5145 1843 5212 quot
1890 5137 1961 5212 La

1789 5145 1843 5191 ot
1890 5137 2108 5212 Latini,
2156 5151 2348 5206 nempe
2390 5139 2646 5212 fumium,
2697 5143 2909 5212 τρίτην,
2944 5141 3130 5212 ἕκτην,
3160 5140 3255 5194 καὶ
3302 5141 3459 5195 ἐννά-

228 5214 349 5266 την,
383 5199 637 5281 Primam,
669 5198 1176 5281 Tﬁrljamxsextam
1204 5214 1258 5259 et
1300 5203 1680 5281 Nonanuﬁed
1704 5198 1755 5259 in
1786 5223 1850 5261 eo
1880 5208 2226 5271 dissentiunt,
2261 5198 2402 5277 quod
2444 5198 2853 5281 poSt_'singiilas'
2884 5198 3044 5267 horas
3064 5198 3458 5281 'jamconime-

234 5278 471 5349 moratas
507 5271 736 5323 recitent
765 5270 976 5337 singula
1010 5272 1278 5359 Msodipta
1304 5275 1417 5353 sive
1433 5278 1635 5359 medias
1668 5275 1830 5357 horas
1860 5295 1874 5330 :

1785 5292 1830 5357 Ls
1860 5295 1874 5330 :
1917 5292 2141 5359 quarum
2171 5270 2233 5359 ea
2254 5270 2377 5359 quae
2398 5270 2520 5359 post
2550 5270 2787 5359 Primam
2826 5281 3044 5359 dicitur,
3072 5270 3337 5359 ξιεσώριον
3360 5283 3455 5359 τῆς

230 5336 453 5417 πρῴτης
478 5336 997 5418 ιξριιειῳθιυςςζιιυῶ
1026 5336 1431 5418 post_'i‘er_tiam,
1462 5345 1730 5417 μεσώριον
1760 5346 1859 5416 τῆς
1888 5364 1900 5395 ιι

1784 5346 1859 5416 ῆς
1888 5336 2072 5417 τρίτης
2098 5385 2116 5411 .
2143 5358 2197 5404 et
2224 5336 2303 5405 sic
2326 5336 2599 5418 deinceps.
2638 5350 2711 5406 De
2747 5354 2996 5407 mesoriis
3024 5336 3202 5405 autem
3226 5336 3342 5407 haec
3370 5336 3454 5405 ίιὶῖ

227 5403 384 5461 venio
411 5403 469 5460 in
496 5403 699 5475 Typico
725 5408 826 5464 sub
852 5403 1236 5481 ﬁiiem'capitis
1267 5415 1299 5467 5
1325 5433 1339 5468 :

294 5591 373 5645 Τὰ
402 5592 459 5645 δὲ
484 5592 744 5665 Μεσὼρια
761 5596 857 5666 τῆς
883 5596 1093 5669 γ’ὦρας
1118 5599 1209 5651 καὶ
1262 5608 1314 5663 ς’
1351 5602 1577 5656 πὰντοτε
1594 5602 1666 5672 ίὲν
1718 5607 1785 5676 τῇ

1962 5606 2087 5661 2⁸24.
2121 5625 2140 5659 ι
2170 5606 2400 5664 Mesoria
2433 5609 2631 5666 Tertiae
2656 5621 2710 5665 et
2736 5612 2915 5667 Sexta:
2935 5626 3147 5683 semper
3167 5611 3219 5667 in
3244 5610 3433 5667 Eccle-

237 5685 532 5758 Ἐκκλησιᾳ
563 5686 851 5756 ψάλλονται
878 5690 1005 5742 ἄνευ
1041 5691 1148 5743 τῶν
1187 5692 1502 5763 ἀγρυπνιῶν
1556 5696 1785 5749 καὶτῶν
1891 5712 1907 5753 ε

1769 5714 1785 5749 θ
1891 5700 1969 5753 sia
2030 5701 2406 5769 concinuntur,
2448 5714 2807 5774 praeterquam
2833 5704 2886 5758 in
2915 5705 3113 5774 vigiliis
3160 5713 3213 5764 et
3265 5703 3439 5767 festis,

224 5778 423 5847 ἑορτῶν
469 5780 529 5834 ὲν
573 5775 660 5843 αἷς
687 5779 922 5848 γίνονται
966 5782 1277 5853 δοξολογίαι.
1306 5786 1377 5840 Τὸ
1420 5786 1475 5840 δὲ
1517 5786 1783 5860 μεσὼριον
1891 5817 1894 5836 ‹

1773 5805 1783 5839 ρ
1891 5792 2104 5861 quando
2138 5791 2406 5851 habentur
2434 5795 2870 5866 gluriﬁcationes.
2902 5796 3093 5855 Primae
3128 5806 3310 5854 autem
3346 5797 3443 5851 ho-
