4230 6502
2082 464 2618 522 PROLEGOMENA.

797 586 926 643 9.60.
956 583 1054 652 Qui
1086 582 1287 639 emittis
1337 580 1535 647 lucem,
1585 588 1641 636 et
1669 580 1854 644 vadit;
1889 580 1980 650 qui
2012 581 2175 635 sulem
2200 584 2305 637 ori-
2335 602 2379 657 Α

2335 602 2379 657 Α
2492 586 2548 639 Ὀ
2570 586 2971 651 ὲξαποστέλλων
2994 588 3054 641 τὸ
3084 588 3196 657 φῶς
3219 588 3311 642 καὶ
3360 587 3671 659 πορεύεται,
3693 589 3723 643 6
3754 590 3978 644 ἀνατέλ-

732 685 777 738 ri
802 680 946 735 'facis
995 692 1158 746 super
1202 676 1379 744 justus
1431 684 1485 730 et
1538 672 1804 741 iniustos,
1834 688 2000 742 super
2028 677 2194 727 bonos
2249 684 2303 730 et

2408 677 2512 729 λων
2540 676 2627 729 τὸν
2652 677 2802 747 ἥλιον
2832 678 2922 730 ἐπὶ
2951 677 3193 740 δικαίους
3220 679 3313 731 καὶ
3346 677 3581 741 ἀδίκους,
3608 676 3879 749 πονηρούς
3923 694 3980 730 τε

733 771 905 827 malos
933 767 1029 839 (a),
1062 765 1153 835 qui
1190 765 1471 820 fabricaris
1496 776 1768 826 auroram,
1807 771 2089 831 totumque
2118 764 2302 818 orbem

2406 771 2499 823 καὶ
2536 770 2796 838 ἀγαθοὺς,
2846 771 2875 822 6
2928 769 3095 822 ποιῶν
3129 768 3324 840 ὄρθρον
3363 770 3458 823 καὶ
3506 769 3759 837 φωτίζων
3800 770 3980 823 πᾶσαν

730 862 1028 925 illuminas,
1064 856 1313 915 illumina
1366 864 1423 911 et
1476 854 1641 909 corda
1670 862 1880 909 nostra.
1916 853 2302 910 Universorum

2404 865 2503 934 τὴν
2529 864 2871 935 οἰκουμένην,
2910 862 3144 933 φώτισον
3174 863 3267 914 καὶ
3314 861 3471 932 ἡμῶν
3493 861 3593 924 τὰς
3615 861 3862 933 καρδίας.
3894 860 3983 914 Δέ-

728 483 985 530 εεοιιιγι

731 956 978 1019 Domine,
1017 961 1075 1005 ut
1103 951 1195 1005 libi
1226 950 1331 1004 hoc
1359 948 1447 1003 die
1480 936 1821 1016 placeamus,
1866 946 2018 1002 nobis
2048 949 2303 1012 concede,

732 1044 1045 1101 custodiens
1078 1058 1177 1097 nos
1232 1042 1300 1095 ab
1328 1039 1477 1095 omni
1534 1048 1772 1106 peccato,
1820 1049 1875 1092 et
1924 1039 2067 1093 omni
2121 1039 2303 1109 iniqua

733 1137 972 1200 actione,
1000 1135 1235 1189 liberans
1288 1147 1388 1187 nos
1418 1132 1485 1185 ab
1516 1129 1660 1184 omni
1718 1130 1920 1201 sagitta
1949 1130 2167 1185 volante
2211 1145 2306 1200 per

735 1229 902 1294 diem,
930 1237 985 1283 et
1007 1227 1155 1281 omni
1178 1223 1491 1281 adversaria
1515 1231 1803 1294 potestate.
1832 1222 2093 1277 Precibus
2122 1223 2308 1276 incon-

736 1320 1010 1375 taminata:
1035 1317 1274 1373 Dominae
1304 1325 1503 1371 nostra:
1526 1314 1787 1384 Deiparaa,
1826 1322 2042 1367 tuorum
2069 1328 2133 1367 ex
2164 1313 2305 1366 nulla

734 1414 1099 1471 constantinum
1156 1408 1386 1464 materia
1420 1407 1793 1462 ministrorum
1830 1443 1845 1467 ,
1890 1404 2308 1475 etelestiumque

736 1508 1024 1572 virtutum,
1054 1517 1117 1557 ac
1142 1500 1382 1557 omnium
1416 1506 1758 1559 sanctorum,
1792 1495 1881 1565 qui
1919 1494 2015 1549 tibi
2046 1511 2074 1548 a
2110 1498 2309 1549 saeculo

736 1602 1007 1672 placuere.
1038 1597 1209 1651 Tuum
1241 1604 1322 1650 est
1343 1594 1516 1656 enim,
1554 1590 1695 1644 Deus
1732 1598 1936 1651 noster,
1972 1588 2216 1642 misereri
2247 1603 2311 1642 ac

736 1705 953 1746 servare
986 1703 1084 1743 uos
1114 1703 1127 1740 :
1158 1695 1211 1741 et
1242 1684 1337 1739 tibi
1366 1683 1593 1753 gloriam
1626 1680 1835 1745 danms,
1870 1679 2041 1742 Patri,
2067 1688 2121 1733 et
2150 1677 2306 1738 Filio,

736 1794 789 1837 et
821 1781 1047 1851 Spiritui
1102 1785 1294 1834 sancto
1320 1818 1334 1841 ,
1369 1789 1510 1831 nunc
1539 1780 1592 1828 et
1638 1787 1877 1842 semper,
1908 1782 1963 1826 et
2007 1772 2059 1824 in
2116 1771 2310 1826 sarcula

737 1876 1078 1932 saeculorum.
1108 1873 1299 1926 Amen.

804 2057 1010 2122 Gloria,
1061 2054 1127 2110 Et
1182 2068 1341 2109 nunc.
1376 2052 1758 2109 Excelsiorem.
1802 2052 1867 2107 Et
1897 2049 2019 2105 linis
2085 2047 2311 2114 imponi-

738 2161 845 2205 tur.

2410 974 2582 1010 σποτα
2606 956 2714 1009 τῶν
2756 957 3030 1022 ἁπάντων,
3078 956 3303 1027 χάρισαι
3343 956 3473 1025 ἡμῖν
3528 956 3676 1025 ὲντῇ
3731 953 3978 1025 παρούσῃ

2406 1048 2589 1120 ἡμέρα
2634 1048 2993 1120 εὐαρεστῆσαί
3025 1065 3127 1112 σοι,
3154 1047 3531 1117 διαφυλάττων
3563 1049 3712 1119 ἡμᾶς
3748 1047 3857 1101 ἀπὸ
3882 1048 3983 1102 πά-

2411 1155 2508 1208 σης
2557 1137 2828 1209 ἁμαρτίας
2868 1138 2959 1191 καὶ
2990 1140 3171 1208 πάσης
3200 1139 3442 1209 πονηρᾶς
3473 1137 3745 1208 πράξεως,
3784 1138 3980 1209 ῥυόμε-

2409 1248 2497 1294 νος
2523 1232 2671 1301 ἡμᾶς
2700 1230 2807 1283 ἀπὸ
2830 1230 3029 1293 παντὸς
3061 1229 3247 1299 βέλους
3285 1229 3585 1300 πετομένου
3616 1229 3850 1300 ἡμέρας,
3892 1229 3984 1281 κα.

2409 1323 2590 1393 πάσης
2616 1322 2998 1394 ἀντικειμένης
3026 1322 3322 1393 δυνάμεως·
3359 1320 3674 1393 πρεσϐείαις
3700 1320 3799 1390 τῆς
3849 1337 3985 1374 παν-

2410 1415 2678 1486 αχράντου
2712 1414 3010 1484 Δεσποίνης
3036 1412 3195 1483 ἡμῶν
3221 1414 3505 1475 Θεοτόκου,
3528 1410 3637 1465 τῶν
3666 1410 3845 1463 ἀῢλων
3890 1426 3980 1463 σου

2410 1506 2741 1579 λειτουργῶν
2787 1507 2882 1561 καὶ
2910 1505 3246 1577 ἐπουρανίων
3270 1506 3572 1577 δυνάμεων,
3625 1502 3736 1558 καὶ·
3764 1500 3981 1555 πάντων

2412 1600 2518 1652 τών
2550 1599 2716 1667 ἁγίων
2738 1600 2844 1654 τῶν
2871 1600 2963 1653 ἀπ’
2995 1597 3191 1661 αἰῶνός
3229 1614 3310 1650 σοι
3349 1596 3852 1667 εὐαρεστησάντων.
3884 1593 3982 1646 Σὸν

2413 1689 2521 1759 γάρ
2540 1690 2656 1741 ἐστι
2679 1689 2738 1742 τὸ
2767 1690 2957 1753 ἐλεεῖν,
2998 1689 3090 1743 καὶ
3131 1684 3323 1750 σώζειν
3348 1688 3517 1757 ἡμᾶς,
3549 1690 3578 1740 ὁ
3615 1686 3749 1749 Θεὸς
3803 1683 3981 1755 ἡμῶν,

2414 1782 2508 1834 καὶ
2539 1781 2623 1835 σοὶ
2655 1780 2750 1852 τὴν
2777 1781 2933 1849 δόξαν
2972 1779 3392 1850 ἁναπέμπομεν,
3445 1776 3523 1847 τῷ
3560 1778 3737 1849 Πατρὶ
3773 1777 3869 1830 καὶ
3905 1773 3982 1845 τῷ

2415 1874 2551 1945 Υἱῷ.
2580 1876 2674 1930 καί
2700 1874 2777 1945 τῷ
2797 1875 2932 1945 ἁγίῳ
2946 1874 3246 1945 Πνεύματι,
3271 1870 3366 1925 νῦν
3400 1872 3494 1925 καὶ
3515 1871 3622 1936 ἀεὶ,
3650 1871 3743 1924 καὶ
3767 1873 3845 1934 εἰς
3860 1870 3987 1933 τούς

2418 1967 2622 2032 αἰῶνας
2644 1967 2749 2022 τῶν
2777 1967 3005 2022 αἰώνων.
3051 1967 3242 2038 Ἀμήν.

2490 2054 2645 2121 Δόξα.
2669 2054 2779 2108 Kal
2806 2054 2919 2108 νῦν.
2958 2056 3068 2125 Τὴν
3104 2052 3447 2125 τιμιωτέραν.
3481 2053 3590 2107 Kal.
3616 2052 3826 2121 γίνεται
3855 2054 3986 2107 από⁶

2420 2164 2595 2213 Αυσις.

808 2244 934 2299 2M.
969 2242 1148 2297 Coum
1175 2238 1295 2295 Jam
1332 2253 1475 2293 nunc
1514 2247 1683 2293 marte
1708 2238 1929 2309 proprio
1964 2240 2603 2299 ubservaveriteruditus
2636 2243 2830 2305 lector,
2863 2243 2975 2299 haec
3058 2261 3139 2299 uae
3162 2244 3252 2299 hic
3282 2252 3442 2299 nanet
3471 2240 3847 2311 Horologium,
3879 2254 3984 2295 non

808 2316 872 2367 tis
919 2325 1220 2367 conﬂuere
1256 2309 1380 2367 illis.
1416 2324 1534 2367 quae
1566 2326 1714 2363 num.
1737 2308 1868 2367 225.
1903 2323 2002 2367 ι)το
2033 2310 2226 2367 Prima:
2258 2315 2492 2367 mesorio
2522 2316 2685 2367 habet
2727 2314 2785 2367 S.
2823 2313 2981 2367 Saba:
3007 2259 3294 2367 'Fvnicum.
3322 2317 3531 2367 Ouiope
3578 2312 3681 2367 hoc
3712 2310 3973 2367 Troicum

738 2316 872 2372 satis
919 2325 1220 2381 congruere
1256 2309 1380 2374 illis,
1416 2324 1534 2379 qua:
1566 2308 1719 2363 num.
1737 2308 1868 2381 225,
1903 2323 2002 2381 pro
2033 2310 2226 2369 Primae
2258 2315 2492 2369 mesorio
2522 2316 2685 2369 habet
2727 2314 2785 2369 S.
2823 2313 2981 2369 Saba:

3054 2318 3294 2385 ypicnm.
3322 2317 3531 2383 Quippe
3568 2310 3973 2385 hocfl‘ypirum

739 2379 1194 2462 praeteritgiulta.
1230 2396 1349 2462 quas
1371 2382 1471 2462 llic
1506 2379 1785 2462 refutanda
1820 2380 1871 2462 in
1910 2379 2196 2462 Horologio
2223 2395 2624 2462 proponuntur.
2670 2383 2862 2462 Utrum
2894 2397 3025 2462 t_ttr0_
3054 2379 3277 2449 melius,
3314 2379 3441 2462 quis
3465 2379 3724 2462 decidat}
3760 2379 3982 2462 interim

737 2449 863 2512 cum
893 2454 962 2510 de
993 2452 1152 2507 Horis
1187 2451 1491 2526 minoribus
1520 2449 1664 2526 aliis,
1697 2459 1857 2518 prout
1887 2452 2092 2520 passim
2111 2449 2445 2516 recitantur.
2478 2470 2649 2525 pauca
2682 2456 2861 2511 tradat
2893 2456 3156 2526 Typicum
3179 2496 3194 2521 ,
3225 2470 3291 2509 ex
3322 2449 3511 2510 eodem
3545 2450 3861 2523 Horologio,
3894 2466 3984 2506 or-

740 2528 921 2582 dinem
952 2537 1138 2579 earum
1174 2536 1238 2577 ac
1268 2523 1467 2576 seriem
1513 2519 1831 2587 pandemus.

1272 2611 1460 2667 HORA
1504 2608 1779 2665 TERTIA.

809 2714 934 2769 2η.
966 2710 1084 2764 Rex
1133 2705 1393 2769 crelestis,
1429 2703 1730 2774 Trisagium
1760 2720 1774 2768 ;
1830 2705 2145 2759 reverentia:
2184 2714 2312 2772 tres,

747 2803 1102 2861 Sanctissima
1134 2797 1394 2864 Trinitas,
1420 2794 1584 2849 Pater
1620 2803 1822 2859 noster,
1872 2793 2005 2862 Quia
2035 2804 2179 2850 tuum
2210 2806 2312 2852 est.

742 2897 970 2954 Domine
993 2932 1009 2959 ,
1069 2891 1348 2954 miserere,
1383 2886 1687 2944 duodecies.
1719 2884 1913 2942 Venite
1934 2927 1950 2951 ,
2007 2887 2313 2956 adoremus,

745 2990 924 3047 tertio.
951 2984 1157 3042 Deinde
1184 2980 1399 3053 psalmi.

2972 2617 3130 2671 'ﬂPA
3158 2616 3389 2675 ΤΡΙΤΗ.

2485 2705 2713 2759 Βασιλεῦ
2747 2708 2987 2776 οὐράνιε,
3046 2709 3359 2778 Τρισάγιον,
3416 2706 3692 2777 μετάνοιαι
3724 2715 3798 2776 γ’,
3854 2710 3985 2763 Παν-

2417 2798 2549 2866 αγία
2578 2798 2768 2870 Τριὰς,
2797 2799 2979 2870 Πάτερ
3002 2799 3178 2870 ἡμῶν,
3206 2799 3327 2851 Ὀτι
3358 2814 3449 2850 σου
3496 2798 3590 2859 Τὸ,
3621 2797 3814 2869 Κύριε.
3838 2798 3984 2871 ὲλὲηο

2422 2906 2534 2954 σον,
2567 2889 2653 2960 ιβ’.
2686 2889 2870 2953 Δεῦτε,
2908 2891 3391 2961 προσκυνήσωμεν,
3437 2888 3501 2939 ὲκ
3520 2885 3724 2941 τοίτου.
3767 2884 3903 2943 Εἶτα
3940 2892 3988 2944 οἱ

2420 2980 2645 3052 ψαλμοί.

811 3080 989 3135 (Σοιηι.
1024 3074 1087 3128 lli
1119 3069 1310 3141 psalmi
1341 3075 1485 3132 sunt,
1533 3082 1669 3141 ιιι-[ε
1729 3066 1958 3129 Exaudi,
1990 3066 2237 3141 Domine,
2283 3067 2551 3139 justitiam
2585 3086 2780 3125 meam.
2809 3087 2975 3126 xxiv:
3010 3070 3091 3126 Ad
3141 3079 3216 3137 te,
3262 3067 3510 3135 Domine,
3539 3067 3710 3124 levavi
3758 3069 3990 3125 animum

743 3164 942 3206 meam.
983 3147 1049 3201 Et
1071 3136 1149 3199 L':
1184 3139 1441 3194 Miserere
1468 3136 1594 3201 mei,
1619 3136 1783 3199 Deus,
1813 3140 2133 3191 secundum.

816 3240 942 3298 245.
970 3236 1174 3294 Gloria.
1200 3232 1267 3289 Et
1300 3245 1460 3287 nunc.
1487 3226 1739 3293 Alleluia,
1768 3228 1946 3282 tertio.
1980 3228 2065 3288 Et.
2099 3230 2143 3283 si
2174 3228 2316 3284 Deus
2344 3234 2389 3295 ο

2344 3234 2389 3295 C
2488 3232 2643 3297 Δόξα.
2674 3233 2781 3285 Kal.
2801 3232 2915 3285 νῦν.
2949 3234 3281 3305 ’Δλληλούῖα,
3316 3236 3381 3287 ὲκ
3427 3234 3629 3305 τρίτου.
3660 3233 3770 3286 Kal.
3795 3235 3843 3286 εἰ
3875 3232 3990 3303 μὲν,

748 3337 1005 3392 Dominus
1069 3329 1301 3393 dicitur,
1377 3324 1463 3381 dic
1510 3322 1614 3378 diei
1673 3321 1990 3392 troparium,
2031 3320 2098 3375 Et
2158 3336 2321 3387 nunc,

747 3424 969 3483 Hariale
1007 3425 1182 3477 hoc-z
1253 3417 1519 3485 Deipara,
1594 3422 1648 3467 tu
1718 3428 1779 3467 es
1845 3413 1971 3467 vitis
2014 3427 2162 3470 vera.
2228 3412 2323 3467 Sin

748 3528 929 3575 autem
974 3511 1226 3576 Alleluia,
1274 3508 1360 3565 dic
1413 3520 1648 3577 sequens
1704 3504 2000 3573 troparium
2034 3513 2160 3557 tono
2190 3502 2324 3556 obli-

750 3609 981 3683 quoe:

821 3703 1064 3763 Christe,
1116 3695 1207 3764 qui
1280 3694 1411 3747 hora
1481 3690 1643 3745 tertia
1711 3687 2116 3743 sanctissimum
2175 3694 2323 3739 tuum

753 3798 1011 3870 Spiritum
1042 3787 1298 3861 apostolis
1330 3783 1547 3844 misisti,
1581 3784 1751 3846 hunc,
1782 3796 1814 3834 o
1847 3782 2099 3852 benigne,
2127 3794 2195 3833 ne
2222 3794 2322 3834 au-

750 3868 899 3947 feras
926 3902 957 3942 a
988 3883 1146 3941 nobis
1190 3899 1203 3934 :
1237 3877 1330 3935 sed
1360 3888 1484 3932 eum
1518 3873 1571 3927 in
1622 3871 1779 3927 nobis
1807 3880 1857 3924 te
1905 3868 2322 3941 deprecantibus

753 3985 972 4040 inuova.

1258 4060 1698 4120 VERSICULUS
1734 4061 1786 4113 l.

822 4164 929 4221 Cor
969 4158 1223 4217 mundum
1255 4168 1378 4211 crea
1408 4155 1459 4208 in
1496 4168 1603 4215 me,
1640 4152 1780 4205 Deus
1814 4150 1911 4221 (ὁ).

1272 4242 1699 4301 VERSICULUS
1736 4241 1794 4296 2.

824 4348 903 4406 Ne
935 4343 1186 4418 projicias
1223 4355 1309 4396 me
1337 4354 1369 4393 a
1398 4337 1535 4393 facie
1565 4344 1652 4389 tua
1694 4334 1788 4404 (c).

909 4440 1115 4498 Gloria.
1131 4434 1198 4489 Et
1222 4447 1384 4488 nunc.
1904 4422 2147 4477 Mariale.

826 4534 921 4592 Dei
979 4527 1251 4590 Genitrix,
1318 4534 1371 4578 tu
1411 4536 1469 4577 es
1522 4518 1647 4574 vitis
1685 4530 1834 4579 vera,
1898 4528 2017 4582 qua:
2056 4514 2179 4567 vitae
2211 4511 2325 4566 fru-

2423 3322 2554 3386 Θεὸς
2576 3322 2781 3393 Κύριος
2804 3361 2820 3384 ,
2848 3322 3085 3390 λέγεται,
3144 3322 3359 3391 λέγεται
3399 3324 3500 3390 τῆς
3542 3324 3753 3395 ἡμέρας
3789 3322 3995 3405 τρεπά·

2423 3430 2562 3485 ριον,
2597 3413 2709 3467 Kal.
2728 3411 2843 3472 νῦν.
2889 3412 3171 3466 Θεοτόκιον
3202 3413 3263 3466 τό
3292 3429 3306 3445 ·
3330 3414 3579 3479 Θεοτόκε,
3647 3416 3711 3468 σύ
3781 3410 3835 3469 εἰ
3891 3414 3998 3485 ἄμμ

2422 3505 2582 3570 πελος
2620 3504 2928 3578 ήὰληθινή.
2982 3504 3046 3557 Εἰ
3097 3502 3153 3556 δὲ
3198 3502 3530 3574 ’Λλληλούῐα,
3561 3505 3685 3575 λέγε
3708 3505 3772 3558 τὸ
3822 3504 3997 3575 παρὸν

2421 3599 2717 3669 τροπάριον
2741 3598 2879 3670 πρὸς
2899 3594 3032 3670 ἦχον
3050 3596 3143 3652 πλ.
3168 3595 3231 3668 β’.

2492 3688 2686 3759 Κύριε,
2726 3692 2754 3743 6
2782 3692 2839 3743 τὸ
2888 3691 3153 3759 πανάγιόν
3214 3706 3307 3743 σου
3347 3688 3571 3757 Πνεῦμα
3637 3690 3695 3742 ὲν
3724 3692 3792 3760 τῇ
3837 3691 3993 3761 τρίτῃ

2423 3780 2543 3851 ὥρᾳ
2565 3783 2677 3843 τοῖς
2706 3781 3026 3844 ἀποστόλοις
3058 3798 3151 3835 σου
3180 3780 3568 3853 καταπέμψας,
3593 3780 3774 3845 τοῦτο,
3801 3778 3995 3848 ἀγαθὴ.

2426 3871 2500 3944 μὴ
2516 3870 2711 3945 ἀνέλῃς
2748 3872 2840 3942 ἀφ’
2869 3872 3044 3944 ἡμῶν·
3077 3871 3190 3926 ἀλλ’
3222 3874 3530 3941 ὲγκαίνισον
3564 3874 3696 3946 ἡμῖν
3724 3870 3996 3943 δεομένοις

2424 3981 2539 4020 σου.

3040 4059 3287 4113 ΣΤΙΧΟΣ
3309 4076 3344 4111 α
3364 4098 3381 4113 .

2493 4149 2734 4204 Καοδίαν
2772 4149 3017 4221 καθαρὰν
3046 4150 3229 4204 κτίσον
3258 4154 3315 4205 ὲν
3340 4150 3483 4221 ἐμοὶ,
3508 4152 3536 4204 6
3561 4149 3712 4215 Θεός.

3040 4242 3287 4295 ΣΤιΧοΣ
3308 4241 3375 4311 β’.

2494 4333 2583 4405 Μὴ
2618 4334 2896 4407 ἀπρῤίψῃς
2932 4350 2998 4404 με
3041 4333 3150 4386 ἀπὸ
3178 4331 3272 4386 τοῦ
3302 4332 3595 4404 προσώπου
3631 4351 3724 4388 σου

2565 4425 2722 4491 Δόξα.
2746 4429 2854 4481 Kal.
2869 4426 2981 4481 νῦν.
3586 4425 3894 4483 Θεοτόκιον.

2497 4514 2748 4576 Θεοτόκε.
2791 4517 2856 4570 σύ
2906 4512 2957 4570 εἴ
2992 4519 3026 4588 ἡ
3071 4516 3315 4587 ἄμπελος
3343 4514 3377 4584 ἡ
3412 4511 3659 4585 ἀληθινὴ,
3698 4516 3732 4585 ἡ
3766 4514 3998 4588 βλαστή-

755 4640 901 4685 ctum
961 4619 1243 4695 peperisti.
1296 4615 1373 4670 Te
1402 4654 1420 4676 ,
1477 4611 1701 4666 Domina
1727 4649 1743 4673 ,
1786 4607 2322 4695 deprecamur,‘una
2357 4596 2414 4654 D.

2357 4596 2572 4660 ο-σασα
2599 4606 2688 4658 τὸν
2720 4606 2929 4679 καρπὸν
2965 4607 3065 4679 τῆς
3090 4602 3253 4676 ζωῆς·
3282 4604 3341 4658 σὲ
3356 4602 3690 4673 ἱκετεύομεν,
3706 4603 3994 4676 πρέσϐευε,

755 4736 879 4779 cum
933 4693 1189 4787 apostolis
1244 4718 1369 4781 pete
1431 4702 1715 4760 animabus
1769 4698 1972 4754 nostris
2014 4693 2325 4755 misericor-

757 4815 922 4869 diam.

827 4902 1092 4961 Dominus
1118 4898 1257 4952 Deus
1303 4890 1644 4953 benedictus,
1694 4882 2024 4940 benedictus.
2065 4879 2325 4936 Dominus

751 5003 819 5057 de
856 4996 947 5054 die
985 4995 1037 5049 in
1067 4992 1233 5047 diem.
1265 4988 1529 5057 Prospera
1566 4996 1685 5044 nos,
1716 4979 1856 5033 Deus
1886 4974 2206 5032 salutarium
2230 4988 2325 5028 no-

750 5102 1015 5152 strorum,
1053 5084 1195 5139 Deus
1222 5088 1424 5141 noster,
1450 5076 1590 5131 Deus
1626 5071 1839 5128 salutis.

832 5179 939 5236 245
965 5178 1068 5233 bis.
1101 5170 1430 5242 Trisagium,
1482 5162 1838 5221 Sanctissima
1875 5156 2133 5219 Trinitas,
2168 5156 2329 5212 Pater

756 5284 962 5336 noster,
988 5268 1124 5337 Quia
1152 5273 1301 5321 tuum
1330 5270 1435 5327 est,
1468 5269 1521 5314 et
1542 5258 1657 5312 haec
1679 5252 1951 5323 troparia:

827 5362 1156 5418 Benedictus
1192 5369 1284 5418 es,
1335 5351 1551 5405 Christe
1594 5346 1735 5400 Dens
1770 5352 1972 5408 noster,
2050 5341 2143 5412 qui
2186 5342 2332 5397 insti-

761 5452 912 5509 tuisti
937 5445 1373 5519 sapientissimos
1395 5440 1717 5509 piscatores,
1756 5432 1823 5487 ad
1858 5445 2059 5500 eosque
2083 5442 2329 5486 sanctum

760 5545 1023 5617 Spiritum
1060 5538 1277 5602 misisti,
1309 5544 1363 5589 et
1386 5546 1480 5601 per
1508 5544 1603 5586 eos
1637 5524 1886 5583 irretiisti
1913 5523 2140 5591 orbem;
2174 5538 2207 5581 0
2234 5524 2331 5580 bo-

762 5643 967 5695 minum
995 5647 1206 5698 amans,
1237 5629 1310 5686 sit
1338 5625 1435 5682 tibi
1481 5622 1674 5696 gloria.

902 5728 1083 5786 Gloria

835 5866 913 5937 (α)
946 5863 1132 5918 Matth.
1163 5858 1327 5937 “‘45.

839 5931 913 6008 (ὑ)
945 5938 1082 5991 l‘sal.
1118 5949 1167 6001 ι,
1194 5931 1275 5985 12.

2431 4698 2715 4762 Δέσποινα,
2752 4698 2890 4768 μετὰ
2917 4697 3025 4753 τῶν
3050 4695 3361 4751 ἀποστόλων
3396 4693 3680 4767 ἐλεηθῆναι
3697 4694 3795 4758 τὰς
3823 4692 3998 4767 ψυχὰς

2430 4788 2607 4859 ἡμῶν·

2498 4884 2701 4956 Κύριος
2744 4885 2773 4937 6
2809 4884 2939 4948 Θεὸς
2962 4882 3267 4954 εὐλογητὸς,
3313 4880 3600 4951 εὐλογητὸς
3625 4879 3829 4952 Κύριος
3862 4880 3999 4953 ἠμί.

2435 4993 2534 5047 ραν
2587 4974 2707 5031 καθ’
2739 4975 2973 5048 ἡμέραν.
3012 4974 3394 5030 Κατευόδωσαι
3416 4974 3570 5044 ἡμῖν,
3597 4971 3626 5024 6
3661 4969 3795 5036 Θεὸς
3827 4988 4001 5045 σωτη-

2435 5068 2563 5139 ρίων
2582 5066 2770 5137 ἡμῶν,
2805 5068 2833 5121 6
2861 5066 2993 5131 Θεὸς
3015 5065 3194 5137 ἡμῶν,
3215 5067 3245 5119 6
3271 5063 3404 5128 Θεὸς
3434 5063 3528 5117 τοῦ
3554 5062 3769 5128 σώζειν.

2503 5159 2816 5231 Τρισάγιον,
2842 5157 3088 5227 Παναγία
3115 5156 3304 5226 Τριὰς,
3323 5154 3505 5225 Πάτερ
3536 5153 3712 5226 ἡμῶν,
3733 5152 3859 5207 Ὅτι
3889 5170 4003 5223 σου,

2436 5251 2530 5304 καὶ
2556 5251 2625 5304 τὰ
2652 5248 2923 5321 τροπάρια
2954 5246 3128 5301 ταῦτα
3147 5263 3158 5275 ·

2508 5342 2808 5413 Εὐλογητὸς
2841 5337 2911 5405 εἴ,
2948 5340 3151 5412 Χριστὲ
3184 5340 3213 5392 6
3256 5337 3388 5403 Θεὸς
3427 5336 3607 5409 ἡμῶν,
3635 5336 3665 5390 6
3694 5340 4005 5407 πανσόφους

2435 5436 2559 5498 τούς
2587 5436 2755 5496 ἁλιεῖς
2784 5433 3085 5499 ἀναδείξας,
3128 5428 3493 5500 καταπέμψας
3525 5427 3708 5493 αὐτοῖς
3744 5428 3807 5483 τὸ
3834 5428 4006 5484 Πνεῦ-

2440 5542 2515 5596 μα
2540 5525 2601 5577 τὸ
2636 5526 2809 5593 ἅγιον,
2846 5525 2939 5578 καὶ
2966 5523 3032 5577 δι’
3062 5522 3240 5577 αὐτῶν
3259 5521 3361 5593 τὴν
3387 5520 3713 5593 οἰκουμένην
3738 5520 4004 5596 σαγηνεύ-

2439 5633 2555 5681 σας,
2582 5616 2948 5687 φιλάνθρωπε,
2973 5614 3099 5683 δόξα
3125 5627 3228 5669 σοις

2572 5708 2723 5774 Δόξα.

2506 5850 2575 5920 (c)
2608 5847 2737 5904 ibid.
2781 5846 2864 5900 l3.
