4230 6484
1338 426 1558 483 ACOLU
1571 428 1728 483 THIA
1770 427 2101 483 TRIPLICIS
2138 432 2354 489 FESTI.

3224 448 3510 493 CCCLXXVII

315 544 550 616 Ταχεῖαν
608 545 710 601 τεαὶ
773 541 1047 617 σταθηράν
1094 545 1237 597 δίδου
1303 546 1657 619 παραμυθίαν
1702 552 1815 612 τοῖς
1844 554 1891 612 Α
1976 551 1985 567 ‘

1804 554 1891 612 ςΑ
1976 549 2226 605 Velocem
2274 560 2329 605 et
2372 552 2849 609 firmam'famulis
2882 554 2986 606 luis
3029 555 3474 622 consolationem,

237 635 447 702 δούλοις
481 656 598 695 σου,
647 638 841 705 Ἰησον,
893 639 950 691 ὲν
972 638 1049 708 τῷ
1084 637 1377 708 ἀκηδιάσαι
1412 640 1481 692 τὰ
1528 640 1811 712 πνεύματα

238 732 416 802 ἡμῶν·
455 732 527 801 μὴ
567 729 799 799 χωρέσου
844 731 950 785 τῶν
988 730 1351 802 ψχῶνὴμῶν
1374 736 1431 786 ὲν
1466 731 1697 801 θλίψεσιο
1736 735 1810 806 μὴ

241 825 522 895 μακρύνου
536 820 643 873 τῶν
665 823 875 894 φρενῶν
896 824 1053 895 ήμῶν
1077 826 1134 876 ὲν
1162 826 1567 897 περιστάσεσιν·
1589 825 1701 879 ἀλλ’
1724 828 1809 881 ἀεὶ

234 916 387 986 ἡμᾶς
439 913 768 985 πρόφθασον·
815 916 1033 985 ἔγγισον
1071 917 1226 986 ἡμῖν,
1264 918 1503 987 ἐγγισον,
1544 918 1573 968 6
1604 935 1809 973 παντα-

234 1007 353 1077 χοῦ-
398 1005 587 1078 ῶσπερ
613 1010 705 1061 καὶ
736 1013 853 1073 τοῖς
891 1009 1209 1075 ἀποστόλοις
1243 1029 1336 1065 σου
1361 1012 1592 1063 πάντοτε
1626 1017 1807 1086 συνῆς,

232 1097 380 1149 οὓτω
403 1100 495 1151 καὶ
518 1102 629 1163 τοῖς
659 1118 717 1154 σε
744 1100 996 1153 ποθοῦσιν
1012 1101 1211 1157 ἓνωσον
1238 1104 1480 1166 σεαυτὸν,
1507 1106 1807 1179 οίκτίρμον,

235 1191 323 1243 ἵνα
358 1195 689 1264 συνημμένοι
748 1209 807 1244 σε
838 1193 1115 1267 ὑμνῶμεν,
1148 1196 1519 1267 δοξολογῶμεν
1564 1198 1624 1251 τὸ
1670 1215 1809 1255 παν-

236 1284 390 1351 ἁγιόν
420 1303 511 1337 σου
542 1284 783 1353 Πνεῦμα.

379 1378 489 1430 Καὶ
518 1377 630 1429 νῦν.
1364 1380 1666 1441 Θεοτόκιον.

322 1468 387 1519 ’Π
458 1468 635 1533 ἐλπὶς,
684 1471 775 1523 καὶ
817 1472 1141 1542 προστασία,
1201 1470 1295 1523 καὶ
1351 1476 1634 1543 καταφυγὴ
1700 1473 1809 1527 τῶν

238 1560 597 1629 Χριστιανῶν,
636 1564 697 1617 τὸ
733 1564 1158 1634 ἀκαταμάχητον
1185 1565 1363 1635 τεῖχος
1414 1566 1524 1620 τῶν
1568 1585 1809 1622 καταποο

237 1652 535 1721 νουμένων,
569 1656 598 1707 6
642 1655 805 1727 λιμὴν
858 1659 887 1709 6
943 1656 1291 1726 ἀχείμαστος,
1345 1659 1407 1713 σὺ
1454 1656 1523 1721 εἴ,
1578 1660 1807 1713 Θεοτόκε

236 1743 494 1814 ἇχραντει
528 1745 641 1799 ἀλλ’
679 1746 754 1809 ὼς
790 1746 881 1798 τὸν
920 1746 1123 1815 κόσμον
1159 1746 1403 1812 σώζουσα
1429 1753 1493 1820 τῇ
1543 1749 1807 1817 ἀπαύστῳ

236 1834 504 1907 πρεσϐεία
542 1853 655 1899 σου,
712 1834 980 1906 μνήσθητι
1036 1838 1128 1891 καὶ⁵
1158 1839 1336 1909 ἡμῶν,
1382 1838 1625 1911 Παρθένε
1673 1856 1807 1891 παν-

236 1928 466 1999 ὑμνητε.

308 2020 404 2084 T6,
437 2020 629 2092 Κύριε,
668 2020 912 2091 ἐλέησον,
958 2031 1029 2094 μ’.
1082 2026 1140 2076 Ὀ
1206 2025 1263 2074 ὲν
1327 2022 1488 2073 παντὶ
1517 2023 1691 2093 καιρῷ
1717 2024 1812 2076 καὶ

236 2113 390 2186 πάσῃ
424 2112 563 2184 ὥραν
603 2115 719 2184 μεθ’
752 2117 849 2185 ἢν,
886 2115 1089 2185 Κύριε,
1133 2114 1371 2182 ἐλέησον,
1413 2119 1482 2180 γ’.
1514 2111 1672 2175 Δόξα.
1700 2114 1810 2165 Καὶ

235 2205 348 2262 νῦν.
397 2207 509 2279 Τὴν
528 2208 859 2279 τιμιωτέραν
892 2206 999 2259 τῶν
1040 2205 1324 2278 χερουδίμ.
1369 2206 1456 2257 Ἐν
1488 2204 1565 2274 τῷ
1587 2204 1810 2274 ὀνόματι

234 2297 443 2369 Κυρίου
462 2297 773 2370 εὐλόγησον,
788 2296 990 2369 Πάτερ.
1010 2296 1139 2362 Καὶ,
1160 2297 1205 2350 εί
1231 2296 1347 2349 ἐστι
1365 2293 1807 2367 Τεσσαρακοστὴ,

235 2390 499 2460 τεοιοῦμεν
535 2390 630 2454 τὰς
673 2390 973 2461 μετανοίας,
1027 2389 1103 2453 ὡς
1150 2387 1495 2459 προεγράφη.
1552 2386 1706 2441 Μετὰ
1750 2386 1805 2441 δὲ

234 2480 332 2549 τὴν
371 2481 685 2532 τελευταίαν
742 2482 1027 2550 μετάνοιαν
1070 2480 1300 2547 λέγομεν
1348 2479 1448 2547 τὴν
1488 2479 1652 2549 εὐχὴν
1711 2476 1803 2531 τοῦ

234 2571 392 2637 ἁγίου
438 2571 775 2643 Μαρδαρίου,
828 2571 1073 2623 Δέσποτα
1112 2570 1234 2633 Θεὲ,
1268 2570 1455 2638 Πάτερ
1510 2569 1806 2638 παντοκρά-

234 2679 351 2733 τορ.

1920 640 2066 705 Jesu,
2099 640 2298 695 adhibe
2355 644 2406 696 in
2450 650 2759 699 n0strorum
2792 645 3081 716 spirituum
3112 662 3371 713 maerore;
3410 664 3479 704 ne

1920 736 2108 791 desere
2134 736 2342 789 animas
2372 744 2589 791 nostras
2619 736 2670 789 in
2699 736 3161 803 tribulationibus;
3188 752 3252 793 ne
3278 756 3305 793 a
3332 756 3479 795 men-

1922 825 2062 881 tibus
2103 826 2304 880 nostris
2340 826 2390 879 in
2420 826 2833 882 necessitatibus
2859 832 3148 900 elongare;
3180 832 3476 901 appropin-

1919 932 2022 986 qua
2049 918 2225 984 nobis,
2260 920 2625 989 appropinqua
2654 919 2742 987 qui
2778 934 2835 973 es
2859 921 3051 987 ubique
3080 942 3092 976 :
3119 933 3172 977 et
3220 924 3479 993 quemad-

1918 1010 2133 1065 modum
2160 1026 2283 1065 eras
2321 1026 2533 1079 semper
2582 1028 2703 1066 cum
2748 1011 3004 1077 apostolis
3039 1015 3163 1077 tuis,
3198 1017 3269 1071 ita
3298 1027 3352 1071 et
3378 1030 3478 1071 no-

1918 1098 2002 1153 bis
2034 1102 2109 1155 tui
2136 1100 2492 1172 flagrantibus
2522 1102 2795 1156 desiderio
2823 1102 3053 1174 adjunge
3086 1111 3154 1164 te,
3185 1117 3218 1157 ο
3261 1106 3477 1162 miseri-

1920 1205 2063 1253 cors,
2098 1202 2151 1244 nt
2186 1193 2357 1260 juncti
2392 1204 2443 1245 te
2478 1192 2837 1256 celebremus,
2883 1200 2937 1246 et
2965 1193 3223 1262 Spiritum
3250 1196 3477 1251 sanctis-

1920 1281 2111 1334 simum
2146 1293 2293 1336 tuum
2317 1283 2696 1354 glorificemus.

2058 1372 2123 1426 Et
2156 1388 2321 1427 nunc.
3098 1374 3335 1432 Mariale.

1995 1465 2116 1530 Tu,
2188 1466 2393 1521 illibata
2451 1468 2540 1523 Dei
2592 1467 2883 1529 Genitrix.
2938 1485 2995 1525 es
3043 1469 3478 1525 Christianorum

1913 1573 2056 1626 spes,
2095 1567 2149 1613 et
2176 1562 2555 1628 patrocinium,
2591 1570 2645 1616 et
2676 1560 3015 1632 perfugium;
3049 1564 3479 1633 inexpugnabilis

1913 1664 2299 1719 oppressorum
2338 1666 2549 1713 murus.
2582 1661 2768 1719 portus
2820 1653 3033 1707 nescius
3084 1655 3419 1723 tempestatis
3458 1671 3472 1708 :

1914 1756 2105 1809 quare,
2132 1743 2269 1797 sicut
2304 1745 2563 1798 mundum
2592 1757 2778 1798 servas
2812 1743 2926 1814 jugi
2962 1752 3052 1798 tua
3076 1745 3473 1815 deprecatione,

1913 1834 1991 1888 sic
2011 1841 2067 1888 et
2101 1835 2265 1887 nostri
2296 1834 2601 1889 recordare.

1984 2011 2087 2067 245
2117 2020 2217 2067 ter.
2247 2010 2495 2074 Domine,
2528 2012 2808 2073 miserere,
2832 2010 3171 2081 quadragies.
3198 2010 3297 2080 Qui
3328 2011 3473 2067 omni

1914 2112 2150 2172 tempore
2225 2111 2278 2157 et
2344 2102 2497 2157 bora.
2561 2101 2688 2157 Post
2746 2118 2907 2173 quam
2968 2118 3207 2174 precem,
3275 2105 3475 2160 dicitur

1914 2195 2156 2254 Domine.
2209 2198 2490 2263 miserere,
2557 2206 2657 2251 ter.
2699 2197 2899 2251 Gloria.
2968 2196 3035 2252 Et
3082 2210 3242 2251 nunc.
3292 2196 3474 2251 Excel-

1913 2287 2109 2341 siorem
2139 2286 2454 2342 Cberubim.
2492 2289 2547 2342 In
2583 2289 2802 2343 nomine
2834 2287 3042 2344 Domini
3073 2288 3299 2343 benedic
3326 2327 3342 2352 ,
3368 2286 3473 2341 Pa-

1916 2384 2017 2431 ter.
2066 2378 2153 2441 Et,
2186 2379 2229 2431 si
2264 2378 2335 2432 sit
2362 2379 2783 2449 Quadragesima
2806 2420 2821 2445 ,
2849 2378 3075 2435 facimus
3121 2380 3473 2443 reverentias,

1912 2484 1971 2527 ut
1996 2482 2121 2528 ante
2147 2473 2410 2544 scriptum
2441 2484 2546 2529 est.
2575 2472 2703 2528 Post
2734 2472 2977 2527 ultimam
3007 2482 3186 2529 autem
3220 2488 3474 2530 reveren-

1913 2567 2061 2631 tiam,
2098 2566 2387 2621 recitamus
2440 2568 2742 2619 orationem
2797 2564 2856 2619 S.
2913 2565 3192 2633 Mardarii,
3245 2568 3473 2623 Domine

1914 2657 2077 2725 Deus,
2103 2656 2262 2709 Pater
2287 2656 2651 2723 omnipotens.

993 2772 1138 2829 Hanc
1158 2772 1455 2828 orationem
1486 2770 1542 2825 S.
1582 2770 1736 2824 Saba:
1764 2768 2023 2837 Typicum
2050 2768 2127 2822 sic
2158 2769 2421 2839 integram
2448 2768 2690 2823 exhibet.

304 2894 552 2946 Δέσποτα
605 2892 740 2953 Θεὲ,
793 2892 974 2962 Πάτερ
1050 2890 1448 2961 παντοκράτορ,
1494 2893 1588 2942 καὶ
1642 2888 1811 2958 Κύριε

241 2984 331 3037 fit
386 2984 671 3054 μονογενὲς
717 2983 891 3053 Ἰησοῦ
935 2984 1157 3052 Χριστὲ,
1219 2983 1370 3049 ἅγιον
1423 2980 1664 3049 Πνεῦμα,
1716 2981 1811 3049 μία

237 3074 450 3146 θεότης,
480 3076 575 3145 μία
600 3074 847 3144 δύναμις,
884 3074 1104 3144 ἐλέησόν
1135 3091 1199 3143 με
1233 3072 1323 3124 τὸν
1355 3071 1693 3141 ἁμαρτωλόνο
1722 3072 1812 3122 καὶ

235 3161 316 3231 οἷς
343 3168 635 3221 ἐπίστασαι
670 3165 922 3238 κρίμασι,
960 3164 1127 3217 σῶσόν
1157 3180 1221 3235 με
1258 3161 1345 3214 τὸν
1384 3160 1600 3224 ἀνάξιον
1628 3159 1810 3212 δοῦλον

241 3274 359 3325 σου,
393 3258 476 3314 δτι
496 3259 783 3332 εὐλογητὸς
811 3254 862 3311 εἴ
890 3260 971 3321 είς
999 3258 1124 3320 τοὺς
1157 3252 1376 3318 αἰῶνας.
1413 3252 1603 3324 Ἀμήν.

1986 2882 2211 2938 Domine
2260 2886 2442 2951 Deus,
2482 2884 2640 2939 Pater
2689 2889 3063 2957 omnipotens,
3124 2896 3178 2939 et
3246 2887 3471 2941 Domine

1910 2974 2008 3029 Fili
2040 2974 2314 3044 unigenite
2342 2972 2467 3029 Jesu
2519 2975 2734 3029 Christe
2759 3018 2773 3041 ,
2810 2986 2997 3031 sancte
3047 2974 3280 3037 Spiritus
3304 3017 3319 3042 ,
3369 2993 3471 3030 una

1908 3069 2101 3132 deitas,
2136 3085 2241 3123 una
2274 3070 2511 3139 potentia
2542 3108 2557 3134 ,
2589 3070 2848 3124 miserere
2881 3069 2983 3124 mei
3010 3070 3307 3139 peccatoris
3343 3086 3358 3135 ;
3417 3080 3473 3124 et

1910 3163 2104 3228 quibus
2132 3164 2239 3217 scis
2292 3163 2530 3231 iudiciis,
2557 3164 2704 3219 salva
2760 3178 2846 3217 me
2901 3162 3176 3233 indignum
3212 3162 3470 3218 famulum

1912 3260 2082 3317 tuum,
2114 3252 2238 3321 quia
2259 3252 2570 3306 benedictus
2606 3268 2664 3307 es
2696 3253 2748 3306 in
2778 3254 2988 3307 saecula.
3024 3252 3217 3305 Amen.

310 3392 493 3448 σου.
553 3391 659 3445 Sed
689 3390 949 3461 Typicum
981 3388 1068 3443 hic
1102 3402 1296 3442 nomen
1436 3383 1687 3461 Mardarii
1732 3397 1836 3461 non
1894 3383 2178 3461 exprimit.
2211 3382 2311 3439 Hic
2351 3392 2573 3439 sanctus
2600 3382 2761 3461 nobis
2789 3381 2963 3461 adhuc
3015 3381 3321 3461 incognitus
3367 3389 3469 3461 est.

239 3462 501 3517 Movimus
530 3451 1010 3533 quideni_aliqiieiii
1042 3468 1289 3533 sanetum
1311 3454 1670 3533 _b_lardarium,
1704 3455 1795 3533 qui
1827 3454 1927 3509 sub
1947 3451 2295 3533 Diocletiano
2321 3471 2515 3533 passus
2544 3464 2628 3508 est
2656 3454 2708 3508 in
2737 3455 2993 3533 Armenia
3030 3451 3471 3533 cum_Eustratio,

239 3523 805 3598 AuxentiofEugenio
831 3523 886 3581 et
914 3526 1146 3598 Oreste;
1186 3527 1278 3580 sed
1311 3528 1395 3598 hic
1423 3531 1517 3598 est
1557 3525 1853 3598 antiquior,
1884 3540 2044 3593 quam
2074 3536 2133 3580 ut
2159 3523 2459 3581 orationem
2488 3525 2656 3598 istam
2703 3523 3049 3598 cuntexuisse
3081 3523 3323 3598 videatur
3355 3538 3369 3585 ;
3417 3532 3474 3574 et

241 3602 366 3671 quia
401 3615 501 3655 nec
528 3591 756 3671 Allatius
782 3598 997 3671 quidem
1027 3597 1195 3671 ipsius
1228 3591 1475 3671 meminit
1507 3591 1648 3645 inter
1682 3591 1954 3658 Melodos,
1984 3610 2159 3665 neque
2190 3598 2460 3666 reperitur
2486 3596 2539 3650 in
2569 3596 2775 3651 Catena
2805 3607 2901 3648 seu
2935 3593 3167 3655 Corona,
3193 3593 3305 3661 jam
3331 3605 3473 3661 saepe

242 3666 543 3737 nominata,
571 3669 741 3724 videri
767 3668 937 3739 possit
967 3668 1219 3722 omnibus
1241 3666 1443 3735 junior.

1514 3818 1873 3875 MESORIUM
1914 3818 2209 3879 ΤΕΒΤΙᾸΞ.

304 3965 460 4020 Μετὰ
489 3964 549 4017 τὸ
573 4004 586 4027 ,
617 3965 938 4035 Εὐλογητὸς,
981 3963 1298 4035 Τρισάγιον,
1338 3959 1587 4029 Παναγία
1618 3960 1805 4030 Τριάς,
1835 3964 1880 4025 C

1799 3964 1880 4025 ,ο
1981 3960 2105 4014 2M.
2161 3961 2287 4017 Post
2328 3961 2692 4027 Benedictus,
2741 3962 3065 4030 Trisagion,
3114 3957 3469 4015 Sanctissitna

241 4055 425 4125 Πάτερ
499 4053 702 4124 ἡμῶν,
774 4052 935 4106 Δεῦτε
971 4094 986 4116 ,
1057 4052 1571 4125 προσκυνήσωμεν,,
1623 4056 1693 4116 γ’,
1758 4052 1807 4102 οἱ

242 4146 477 4217 ττιλμοὶ,
518 4146 577 4199 θ’
615 4146 843 4216 ’Υψώσω
894 4163 980 4208 σε,
1038 4143 1229 4215 Κύριε,
1280 4146 1361 4197 ὃτι
1398 4141 1667 4204 ὑπέλαόἐς
1703 4158 1768 4211 με
1792 4160 1803 4172 ·

239 4234 359 4315 εἶτα
382 4240 411 4291 6
438 4238 540 4301 λα’,
566 4238 840 4308 Μακάριοι
864 4230 937 4288 ὧν
966 4235 1244 4305 ἀφέθησαν
1269 4252 1279 4263 ·
1308 4237 1337 4288 6
1366 4234 1427 4299 ξ’,
1462 4233 1806 4295 Εἱσάκουσιν,

239 4331 270 4384 6
295 4329 450 4393 Θεδς,
485 4330 585 4400 τῆς
614 4329 847 4401 δεήσεώς
881 4345 1000 4399 μου.

311 4422 472 4487 Δόξα,
504 4422 613 4475 Καὶ
637 4420 752 4483 νῦν,
788 4420 1101 4491 Τρισάγιον,
1126 4419 1375 4487 Παναγία
1404 4417 1593 4490 Τριάς,
1628 4416 1808 4485 Πάτερ

248 4514 422 4586 Τιμῶν,
455 4515 549 4568 καὶ
570 4514 841 4584 τροπάρια
865 4512 1061 4568 ταῦτα.

342 4691 390 4744 0
446 4690 577 4753 Θεὸς
610 4690 719 4743 τῶν
774 4690 1021 4762 πατέριον
1084 4691 1260 4761 ἡμῶν,
1305 4692 1333 4742 ὁ
1361 4690 1527 4742 ποιῶν
1575 4690 1662 4741 ἀεὶ
1684 4688 1808 4759 μεθ’

242 4779 403 4854 ἡμῶν
440 4781 580 4834 κατὰ
624 4782 722 4853 τὴν
774 4784 872 4854 σὴν
913 4784 1232 4845 ἐπιείκειαν,
1281 4782 1355 4853 μὴ
1399 4783 1712 4852 ἀποστήσῃς
1750 4780 1811 4832 τὸ

244 4870 393 4936 ελεός
431 4888 523 4925 σου
550 4873 641 4940 ἀφ’
666 4874 844 4943 ἡμῶν,
877 4871 1013 4925 ἀλλά
1036 4875 1155 4935 ταῖς
1178 4871 1353 4925 αὐτῶν
1391 4871 1621 4933 ἱκεσίαις
1654 4873 1711 4923 ὲν
1735 4870 1810 4921 εί-

248 4967 387 5037 οήνῃ
421 4963 753 5035 κυδέρνησον
773 4965 869 5037 τὴν
898 4965 1041 5038 ζωὴν
1064 4968 1097 5036 ἡ
1107 4964 1243 5035 μῶν.

387 5056 544 5110 Δόξα.

387 5056 454 5110 Δό
489 5073 544 5108 α.

316 5146 383 5201 οι
415 5054 686 5217 μὲρτυρές
720 5164 836 5208 σου,
891 5148 1083 5233 Κύριε,
1122 5152 1178 5203 ὲν
1246 5153 1309 5219 τῇ
1355 5150 1577 5221 ἀθλήσει
1608 5150 1806 5213 αὐτῶν,

1908 4052 2164 4117 Trinitas,
2189 4052 2350 4107 Pater
2368 4066 2567 4116 noster,
2590 4053 2803 4119 Venite,
2821 4053 3129 4117 adoremus,
3153 4063 3256 4118 ter,
3278 4054 3470 4108 dicun-

1911 4152 1995 4196 tur
2018 4143 2203 4211 psalmi
2226 4164 2239 4197 :
2264 4160 2413 4207 xxix,
2441 4144 2699 4199 Exaltabo
2725 4153 2795 4209 te,
2817 4144 3057 4210 Domine,
3076 4147 3329 4215 quoniam
3350 4160 3471 4200 sus-

1908 4233 2094 4303 cepisti
2147 4250 2231 4287 me
2269 4252 2284 4289 :
2338 4235 2529 4290 deinde
2558 4251 2718 4302 uxr,
2768 4235 2950 4303 Beati,
2976 4251 3199 4306 quorum
3230 4240 3468 4293 remissa:

1909 4334 2070 4378 sunt:
2099 4335 2152 4379 et
2184 4342 2275 4390 ιχ,
2316 4325 2545 4391 Exaudi,
2588 4328 2746 4393 Deus,
2794 4329 3227 4398 deprecationem
3266 4343 3461 4383 meam.

1973 4415 2069 4471 His
2121 4418 2343 4485 psalmis
2401 4418 2564 4473 finitis
2608 4420 2858 4475 dicuntur
2901 4438 2913 4473 :
2973 4420 3177 4473 Gloria.
3211 4419 3275 4472 Et
3304 4435 3466 4474 nunc.

1910 4506 2262 4563 Sanetissima
2308 4508 2562 4564 Trinitas.
2609 4509 2771 4564 Pater
2812 4516 3016 4575 uoster,
3050 4518 3105 4564 et
3145 4508 3260 4565 hac
3291 4520 3468 4581 tropa-

1908 4600 2011 4652 ria.

1975 4692 2116 4748 Deus
2149 4701 2361 4761 patrum
2418 4702 2749 4757 nostrorum,
2805 4694 2897 4761 qui
2941 4694 3224 4749 nobiscum
3256 4708 3469 4763 semper

1908 4784 2022 4852 agis
2056 4784 2349 4839 secundum
2404 4782 2874 4836 mansuetudinem
2909 4792 3055 4836 tuam
3086 4822 3101 4846 ,
3150 4796 3217 4836 ne
3248 4792 3464 4836 avertas

1912 4876 2335 4930 misericordiam
2393 4883 2539 4926 tuam
2577 4888 2605 4925 a
2642 4874 2817 4939 nobis,
2854 4874 2947 4929 sed
2979 4875 3217 4943 ipsorum
3275 4875 3467 4942 depre-

1909 4965 2211 5018 cationilms
2245 4964 2411 5017 vitam
2443 4971 2679 5017 nostram
2711 4962 2762 5018 in
2794 4978 2925 5033 pace
2952 4964 3209 5034 guberna.

2048 5056 2247 5111 Gloria.

1991 5148 2253 5219 Martyres
2303 5146 2401 5213 tui,
2437 5148 2677 5211 Domine,
2729 5148 2781 5201 in
2838 5163 2936 5203 suo
2963 5150 3257 5204 certamine.
3280 5152 3380 5206 abs
3415 5162 3466 5206 te

246 5237 545 5306 στεφάνους
586 5240 908 5309 ἐκομίσαντο
942 5241 1037 5311 τῆς
1092 5240 1419 5311 ἀφθαρσίας,
1469 5243 1531 5294 ἐκ
1582 5240 1676 5295 σοῦ
1715 5240 1806 5295 τοῦ
1841 5298 1879 5311 _
1914 5239 1916 5290 ξ

1792 5240 1806 5292 3
1841 5298 1879 5311 _
1914 5237 2021 5293 Deo
2054 5249 2236 5294 nostro
2263 5240 2562 5294 retulerunt
2596 5239 3019 5295 immortalitatis
3045 5255 3299 5297 coronam
3330 5262 3342 5297 :
3376 5255 3462 5298 tua

246 5328 382 5382 Θεοῦ
423 5328 600 5399 ἡμῶν·
644 5330 855 5399 ἔχοντες
900 5331 1007 5402 γὰρ
1047 5332 1143 5402 τὴν
1192 5331 1341 5402 ἰσχύν
1392 5348 1506 5396 σου,
1546 5332 1671 5395 τοὺς
1716 5350 1808 5384 τυ-

250 5422 477 5492 ράννους
526 5422 787 5476 καθεῖλον·
826 5422 1095 5494 ἔθραυσαν
1146 5424 1237 5477 καὶ
1288 5424 1553 5494 δαιμόνων
1598 5424 1665 5476 τά
1715 5426 1802 5477 ἀνο

250 5514 445 5585 ίσχυρα
461 5514 655 5586 θράση·
686 5515 861 5569 αὐτῶν
882 5519 1000 5581 ταῖς
1022 5516 1503 5590 ἱκεσίαις,Χριστὲ,
1524 5516 1693 5569 σῶσον
1708 5520 1805 5582 τὰς

245 5606 423 5677 ψυχὰς
452 5607 624 5677 ἡμῶν·

392 5700 503 5751 Καὶ
530 5699 644 5752 νῦν.
1356 5704 1656 5757 Θεοτόκιον.

320 5792 507 5861 Τεῖχος
535 5792 950 5871 ἀκαταμάχητον
970 5796 1125 5866 ἡμῶν
1150 5794 1255 5847 τῶν
1273 5793 1610 5866 Χριστιανῶν
1629 5794 1801 5862 ὑπάρ-

250 5899 385 5955 χεις,
438 5881 663 5935 Θεοτόκε
710 5884 947 5953 Παρθινε
1084 5885 1215 5954 πρδς
1258 5886 1313 5938 σὲ
1381 5884 1485 5955 γὰρ
1535 5885 1803 5951 καταμύ-

1912 5331 2054 5382 enim
2084 5328 2273 5383 muniti
2313 5328 2629 5385 fortitudine
2655 5331 2905 5385 vicerunt
2951 5340 3242 5401 tyrannos,
3271 5344 3327 5387 et
3358 5336 3467 5387 dm.-

1913 5436 2130 5475 tnonum
2163 5421 2453 5476 invalidam
2483 5422 2757 5493 fregerunt
2798 5422 3101 5477 audaciam.
3140 5423 3465 5479 Eorumdem

1914 5521 2210 5581 martyrum
2264 5513 2735 5582 deprecationibus
2766 5529 2940 5578 serva,
2987 5513 3228 5580 Cbriste,
3262 5517 3469 5569 animas

1913 5619 2142 5664 nostras.

2054 5702 2116 5755 Et
2152 5718 2313 5757 nunc.
3085 5701 3325 5759 Mariale.

1968 5793 2163 5849 .Murus
2223 5794 2649 5863 inexpugnabilis
2709 5794 3136 5849 Christianorum
3186 5810 3284 5859 es,
3337 5795 3459 5849 Dei-

1918 5899 2046 5954 para
2086 5885 2293 5955 Virgo:
2331 5900 2452 5939 nam
2495 5885 2560 5939 ad
2610 5894 2661 5939 te
2714 5884 3106 5955 confugientes,
3148 5884 3463 5940 invulnerati
