4230 6488
768 422 1068 462 CCCLXXVIII

2116 418 2650 478 PROLEGOBENA.

766 528 1143 595 persistimus;
1184 535 1234 580 et
1263 536 1590 597 peccantes.
1625 539 1676 587 te
1703 532 1968 588 habemus
2002 536 2331 606 deprecatri-
2363 557 2403 611 Α
2434 562 2436 569 ι

2363 557 2403 611 Α
2434 558 2620 608 γοντες
2642 541 2872 613 ἄτρωτοι
2896 539 3241 612 διαμένομεν·
3276 540 3369 593 καὶ
3398 526 3556 598 πάλιν
3579 540 4001 612 ἁμαρτάνοντες,

762 636 906 672 (πται.
942 621 1065 672 ldeo
1126 617 1407 673 referitmts
1465 624 1557 677 tibi
1609 628 1844 694 gratias,
1894 637 1945 680 et
2001 630 2329 695 clamamus;

762 716 899 765 Ave.
931 711 1104 779 gratia
1141 712 1317 778 plcna,
1346 713 1604 770 Dominus
1637 728 1833 774 tecum.

836 806 959 861 3MB.
1018 805 1279 869 Domine,
1353 810 1648 878 miserere,
1724 813 2070 886 quadragies.
2126 817 2330 873 Gloria.

766 896 834 951 Et
888 911 1051 951 nunc.
1114 896 1485 954 Excelsiorem
1517 902 1833 959 Cberubim.
1881 906 1936 960 In
1983 912 2200 965 nomine
2231 910 2335 965 Do-

764 990 916 1049 mini,
952 990 1199 1057 benedic,
1233 990 1411 1046 Pater.
1467 992 1571 1049 Per
1624 1012 1816 1065 preces
1865 1014 2178 1056 sanctorum
2232 1002 2333 1056 Pa-

762 1095 930 1134 trum.
967 1078 1103 1134 Tres
1155 1097 1379 1151 magnas
1424 1082 1652 1139 facimus
1686 1096 2041 1157 rcVerentias,
2074 1094 2334 1148 dicimus-

760 1186 865 1235 quc
917 1174 1282 1240 precationem
1315 1174 1373 1229 S.
1405 1176 1660 1245 Ephrem,
1694 1196 1756 1236 ac
1804 1184 1999 1239 deinde
2049 1186 2188 1241 hanc
2232 1185 2332 1240 Da-

760 1260 869 1313 silii
905 1260 1079 1332 Magni
1118 1282 1131 1317 :

834 1354 1060 1409 Domine
1092 1357 1232 1411 Deus
1272 1367 1481 1423 noster,
1545 1362 1637 1427 qui
1697 1378 1881 1430 pacein
1942 1372 2085 1418 tuam
2140 1366 2329 1421 dedisti

760 1445 1093 1512 hominibus,
1127 1459 1181 1503 et
1207 1452 1540 1504 sanctissimi
1570 1453 1806 1521 Spiritus
1839 1455 2040 1510 donum
2092 1459 2157 1512 ad
2212 1469 2331 1513 tuos

760 1538 1057 1601 discipulos
1086 1557 1147 1593 ac
1181 1542 1458 1608 apostolos
1514 1544 1776 1599 demisisti
1811 1588 1827 1613 ,
1861 1564 2156 1619 eorumque
2189 1550 2331 1604 labia

759 1646 861 1698 per
892 1631 1103 1700 linguas
1143 1635 1328 1701 igneas
1358 1642 1447 1687 tua
1488 1637 1751 1704 aperuisti
1783 1642 2023 1708 potentia
2044 1682 2059 1702 ,
2102 1640 2247 1709 aperi
2276 1651 2331 1694 et

758 1731 947 1776 nostra
980 1735 1330 1791 peccatorum
1363 1725 1537 1793 labia;
1574 1743 1638 1783 ac
1672 1732 1965 1798 quomodo,
1994 1741 2043 1787 et
2081 1746 2179 1800 pro
2210 1733 2332 1801 qni-

758 1815 861 1868 bus
887 1830 1048 1871 orare
1107 1827 1395 1885 oporteat,
1427 1822 1593 1873 edoce
1634 1837 1754 1875 nos.
1809 1822 1991 1893 Dirige
2044 1827 2206 1881 vitam
2243 1842 2334 1879 no-

2437 629 2630 699 ἔχομέν
2665 647 2723 682 σε
2753 629 3175 702 πρεσϐεύουσαν·
3199 630 3278 683 διὸ
3307 631 3751 702 εὐχαριστοῦντες
3796 632 4008 703 βοῶμέν

2438 733 2517 767 σοι
2538 734 2549 744 ·
2589 717 2779 791 Χαῖρε,
2811 720 3244 790 κεχαριτωμένη,
3268 719 3298 770 ὀ
3328 720 3531 788 Κύριος
3559 720 3694 792 μετὰ
3728 720 3845 773 σοῦ.

2509 808 2610 871 Τὸ,
2654 811 2847 884 Κύριε,
2907 810 3150 881 ἐλέησον,
3222 819 3295 884 μ’.
3347 810 3500 875 Δᾶξα.
3566 816 3675 869 Καὶ
3719 812 3833 868 νῦν.
3894 812 4007 886 Τὴν

2435 902 2767 973 τιμιωτέραν
2794 904 2900 958 τῶν
2931 906 3215 977 χερουδίμ.
3257 905 3342 958 Ἐν
3363 903 3586 974 ὀνόματι
3611 909 3834 975 Κυρίου.
3857 904 4006 959 εὐλό-

2438 1012 2623 1066 γησον,
2647 996 2847 1067 Πάτερ.
2871 999 2947 1050 Δι’
2997 998 3170 1067 εὐχῶν
3225 999 3334 1052 τῶν
3358 998 3529 1067 ἁγίων
3570 1001 3839 1073 πατέρων.
3894 997 4005 1062 Τὰς

2435 1092 2580 1157 τρεῖς
2618 1088 2857 1160 μεγάλας
2903 1090 3187 1162 μετανοίας
3239 1092 3375 1162 μετὰ
3419 1090 3513 1144 καὶ
3568 1092 3665 1162 τῆς
3708 1094 3873 1165 εύχῆς
3910 1089 4004 1145 τοῦ

2432 1183 2576 1238 ὁσίου
2612 1183 2871 1254 Ἐφραῖμ·
2900 1181 3016 1238 εἶτα
3035 1184 3132 1253 τὴν
3158 1185 3432 1255 παροῦσαν
3465 1183 3630 1254 εὐχὴν
3654 1184 3751 1238 τοῦ
3767 1185 4005 1257 μεγάλου

2432 1277 2707 1332 Βασιλείου
2727 1292 2742 1308 ⁸

2506 1368 2675 1440 Κύριε
2734 1369 2763 1421 ὁ
2821 1367 2955 1432 Θεὸς
2982 1366 3158 1439 ἡμῶν,
3192 1364 3219 1417 ὁ
3240 1363 3340 1434 τὴν
3372 1368 3470 1438 σὴν
3511 1368 3730 1441 εἰρήνην
3758 1370 4003 1434 δεδωκὼς

2433 1464 2543 1526 τοῖς
2586 1460 2915 1531 ἀνθρώποις,
2962 1462 3056 1513 καὶ
3106 1461 3204 1532 τὴν
3253 1456 3346 1509 τοῦ
3386 1462 3655 1529 παναγίου
3690 1460 4005 1531 Πνεύματος

2432 1553 2639 1625 δωρεὰν
2666 1556 2779 1616 τοῖς
2805 1555 2917 1615 σοῖς
2947 1553 3217 1622 μαθηταῖς
3256 1551 3351 1604 καὶ
3381 1550 3699 1617 ἀποστόλοις
3724 1554 4007 1623 καταπέμ-

2431 1646 2558 1716 ψας,
2590 1648 2681 1700 καὶ
2704 1645 2770 1699 τὰ
2807 1644 3011 1697 τούτων
3038 1645 3188 1717 χείλη
3214 1648 3277 1699 ὲκ
3303 1644 3542 1714 πυρίνων
3572 1644 3834 1712 γλωσσῶν
3855 1644 4003 1697 διαν-

2432 1741 2577 1806 οίξας
2591 1737 2817 1806 δυνάμει
2842 1752 2954 1788 σου*
2983 1734 3246 1800 διάνοιξον
3284 1736 3381 1789 καὶ
3410 1734 3568 1806 ἡμῶν
3600 1735 3707 1787 τῶν
3748 1737 4003 1814 ἁμαρτω.

2432 1831 2538 1883 λῶν
2569 1830 2637 1882 τὰ
2658 1829 2833 1899 χείλη,
2864 1829 2958 1881 καὶ
2985 1827 3195 1893 δίδαξον
3248 1829 3398 1899 ἡμᾶς
3424 1828 3540 1892 πῶς
3574 1828 3673 1889 δεῖ,
3714 1827 3807 1880 καὶ
3851 1826 4004 1899 ῖύπὲρ

759 1920 957 1972 stram,
992 1919 1071 1973 tu,
1103 1913 1193 1977 qui
1244 1913 1569 1980 tranquillus
1600 1914 1976 1971 ﬂuctuantium
2008 1929 2198 1986 portus
2250 1936 2328 1983 es,
2365 1939 2407 1995 η

2365 1939 2407 1995 η
2433 1917 2507 1973 ὧν
2546 1920 2650 1991 χρὴ
2690 1918 3108 1991 προσεύχεσθαι.
3141 1920 3491 1992 Κυϐέρνησον
3520 1919 3675 1990 ἡμῶν
3708 1918 3806 1992 τὴν
3835 1919 4004 1991 ζωὴν,

757 2011 813 2051 et
852 2001 989 2051 viam
1019 2038 1035 2063 ,
1092 1999 1146 2053 in
1202 2016 1307 2069 qua
1365 2003 1700 2057 ambulemus
1738 2001 1889 2059 nobis
1935 2020 2325 2064 commonstra.

757 2092 1023 2158 Spiritum
1060 2102 1266 2145 rectmn
1305 2095 1503 2147 innova
1557 2097 1608 2149 in
1663 2098 1966 2152 visceribus
1995 2101 2200 2155 nostris
2223 2141 2240 2167 ,
2274 2112 2330 2157 et

758 2184 963 2251 Spiritu
1002 2186 1283 2255 principali
1318 2190 1578 2241 conlirma
1610 2188 1685 2258 (a)
1709 2228 1724 2251 ,
1760 2192 2021 2261 quidquid
2052 2194 2104 2248 in
2134 2183 2329 2251 menti-

756 2278 858 2331 bus
887 2278 1088 2330 nostris
1124 2277 1389 2331 lubricum
1421 2289 1527 2341 est,
1578 2296 1640 2334 ac
1673 2283 2026 2351 inconstans;
2058 2296 2114 2340 ut
2147 2289 2327 2358 quoti-

756 2371 847 2423 die
891 2370 1093 2436 Spiritu
1137 2381 1228 2423 tuo
1266 2372 1405 2424 bono
1437 2373 1501 2424 ad
1534 2372 1618 2437 id,
1670 2379 1812 2444 quod
1861 2382 2191 2435 conveniens
2220 2390 2325 2443 est,

757 2462 995 2522 deducti,
1024 2465 1282 2515 mandata
1321 2474 1409 2516 tua
1442 2466 1733 2521 observare
1761 2471 2050 2537 possimus,
2085 2487 2329 2541 semper-

761 2569 867 2621 qne
903 2554 1219 2609 meminisse
1266 2566 1371 2609 tua;
1412 2555 1662 2625 gloriosa:
1689 2562 2007 2627 praesentiae,
2038 2565 2332 2618 scrutantis

758 2646 962 2709 omnia,
991 2662 1110 2715 qua:
1146 2663 1174 2700 a
1209 2649 1365 2703 nobis
1393 2649 1701 2706 hominibus
1746 2654 1904 2717 iiunt,
1932 2664 1988 2707 et
2019 2670 2123 2710 non
2156 2656 2331 2727 decipi

760 2739 923 2791 ﬂuxis
960 2740 1120 2808 hujus
1171 2741 1355 2794 mundi
1388 2744 1793 2813 voluptatibus;
1848 2749 1943 2802 sed
1981 2750 2330 2819 cupiditatem

756 2829 956 2882 futuris
990 2830 1201 2883 fruendi
1261 2834 1530 2887 thesauris
1556 2838 1872 2893 corrobora.
1924 2839 2057 2907 Quia
2109 2841 2331 2898 benedi-

759 2928 881 2973 ctus
906 2935 987 2985 es,
1009 2931 1065 2976 et
1086 2920 1371 2978 laudabilis
1404 2928 1456 2978 iu
1488 2928 1741 2984 omnibus
1763 2933 1968 2988 sanctis
2005 2936 2113 2989 tuis
2152 2934 2205 2989 in
2232 2948 2334 2990 sm-

767 3010 887 3064 cula
920 3012 1271 3068 saeculorum.
1305 3016 1495 3096 Amen.

2430 2017 2459 2068 ὀ
2486 2013 2656 2076 εὔδιος
2697 2015 2804 2067 τῶν
2827 2012 3235 2084 χειμαζομένων
3256 2013 3441 2083 λιμὴν,
3467 2014 3561 2065 καὶ
3576 2014 3841 2087 γνώρισον
3872 2016 4005 2086 ἡμῖν

2431 2107 2564 2162 ὁδὸν.
2587 2107 2642 2157 ὲν
2736 2105 3148 2174 πορευσώμειὶα.
3164 2104 3385 2173 Πνεῦμα
3415 2103 3569 2167 εύθὲς
3602 2105 3912 2173 ἐγκαίνισον
3947 2106 4005 2157 ὲν

2431 2200 2540 2259 τοῖς
2571 2198 2819 2265 ὲγκάτοις
2858 2194 3033 2264 ἡμῶν.
3059 2196 3151 2247 καὶ
3179 2192 3449 2265 πνεύματι
3475 2196 3786 2266 ἡγεμονικῷ
3814 2194 3875 2246 τὸ
3906 2194 4003 2259 τῆς

2432 2287 2663 2352 διανοίας
2692 2292 2723 2357 ἡ
2734 2286 2848 2355 μῶν
2900 2286 3150 2357 στήριξον
3172 2285 3469 2358 ὀλιώερὸνν
3500 2289 3585 2340 ἵνα
3620 2286 3734 2338 καθ’
3764 2284 4003 2354 ἑκάστην

2432 2381 2667 2451 ἡμέραν,
2692 2379 2767 2448 τῷ
2788 2376 3064 2448 Πνεύματί
3101 2395 3191 2431 σου
3224 2378 3302 2444 τῷ
3330 2378 3518 2447 ἁγαθῴ
3542 2377 3678 2447 πρὸς
3712 2377 3774 2429 τὸ
3796 2375 4004 2447 συμφέε

2437 2488 2528 2541 ρον
2563 2470 2935 2542 ὁδηγούμενοι,
2967 2470 3391 2542 καταξιωοῶμεν
3434 2471 3608 2522 ποιεῖν
3640 2468 3738 2533 τὰς
3782 2469 4006 2531 ἐντολάς

2434 2581 2550 2626 σου,
2586 2565 2680 2617 καὶ
2706 2562 2805 2631 τῆς
2836 2562 2934 2632 σῆς
2966 2563 3054 2615 ἀεὶ
3090 2559 3446 2631 μνημονεύειν
3487 2559 3699 2626 ἐνδόξου
3734 2561 3830 2613 καὶ
3851 2562 4005 2630 ἐρευ-

2432 2657 2653 2727 νητικῆς
2677 2653 2784 2705 τῶν
2810 2656 3211 2725 πεπραγμένων
3243 2654 3371 2722 ἡμῖν
3389 2656 3501 2716 τοῖς
3528 2651 3835 2722 ἀνθρώποις
3864 2669 4007 2723 παρ-

2430 2746 2637 2808 ουσίας,
2662 2743 2755 2795 καὶ
2786 2742 2860 2814 μὴ
2887 2745 3000 2804 τοῖς
3032 2740 3408 2812 φυειρομένοις
3434 2738 3526 2793 τοῦ
3563 2739 3768 2807 κόσμου
3814 2737 4010 2791 τούτου

2434 2833 2842 2889 συναπατᾶσθαι
2882 2835 3154 2905 τερπνοῖς,
3208 2831 3344 2885 ἀλλὰ
3385 2831 3493 2884 τῶν
3552 2828 3852 2901 μελλόντων
3895 2828 4011 2901 ὀρέο

2430 2925 2624 2996 γεσθαι
2665 2925 2762 2996 τῆς
2818 2923 3167 2987 ἀπολαύσεως
3210 2922 3490 2993 ὲνίσχυσον
3523 2918 3834 2993 θησαυρῶν.
3886 2918 4007 2971 Ὀτι

2427 3017 2742 3088 εὐλογητὸς,
2782 3017 2877 3071 καὶ
2908 3014 3116 3079 αἰνετὸς
3152 3014 3417 3087 ὑπάρχεις
3448 3014 3504 3065 ὲν
3525 3012 3659 3065 πᾶσι
3692 3013 3802 3073 τοῖς
3833 3007 4009 3077 ἁγίοις

2435 3127 2551 3175 σου,
2582 3112 2662 3172 εἰς
2684 3110 2810 3174 τοὺς
2841 3108 3042 3172 αἰῶνας
3066 3106 3175 3160 τῶν
3209 3105 3442 3161 αἰώνων.
3483 3103 3675 3174 Ἀμήν.

2272 3328 2492 3386 SEXTA
2506 3370 2518 3386 .

831 3506 960 3563 246.
1027 3504 1353 3577 Ριιεροεὶιιις
1398 3505 1528 3560 dicit
1593 3515 1675 3561 ter
1708 3526 1725 3562 :
1769 3505 1971 3573 Venite,
2000 3514 2281 3567 adoremus
2308 3532 2327 3570 :
2355 3511 2397 3568 C

761 3601 899 3653 ﬁunt
932 3599 1253 3655 reverentiae
1278 3606 1415 3662 tres,
1446 3610 1499 3653 et
1531 3600 1820 3670 incipimus
1871 3600 2068 3654 Horam
2095 3614 2332 3668 sextam,

760 3700 1018 3743 canentes
1062 3690 1324 3758 psalmum
1363 3702 1489 3752 Lm.
1538 3691 1703 3755 Deus,
1737 3694 1790 3746 in
1840 3693 2055 3746 nomine
2100 3702 2189 3747 tuo
2228 3694 2335 3748 sai-

759 3798 885 3835 vnm
939 3796 1023 3836 me
1064 3781 1192 3834 fac:
1229 3790 1284 3833 et
1330 3796 1495 3846 um,
1536 3782 1740 3837 Exaudi
1766 3823 1781 3847 ,
1830 3784 1993 3851 Deus,
2036 3789 2331 3842 orationem

762 3888 962 3941 meum,
996 3882 1051 3927 et
1084 3887 1149 3927 ne
1179 3873 1490 3942 despexeris
1518 3890 1531 3926 :
1566 3882 1620 3926 et
1653 3888 1741 3938 xc,
1770 3874 1873 3940 Qui
1906 3877 2111 3930 habitat
2149 3879 2201 3931 in
2240 3879 2336 3932 ad-

757 3962 982 4032 jntorio.

830 4054 1034 4110 Gloria.
1095 4054 1162 4109 Et
1227 4071 1392 4113 nunc.
1453 4056 1697 4122 Alleluia,
1763 4067 1863 4113 ter.
1899 4057 1986 4123 Et,
2028 4059 2071 4114 si
2121 4061 2337 4116 canitur

761 4150 905 4230 Deus
935 4149 1217 4213 Dominus,
1252 4151 1485 4205 dicimus
1540 4152 1833 4219 troparium
1888 4153 2027 4218 diei;
2058 4155 2103 4209 si
2153 4166 2333 4210 autem

760 4242 1019 4309 Alleluia,
1051 4256 1287 4310 sequens
1316 4244 1633 4311 troparium.
1669 4243 1853 4297 Tonus
1881 4244 1944 4298 2.

832 4425 935 4492 Qui
959 4434 1109 4480 sexta
1142 4425 1230 4479 die
1276 4434 1332 4478 et
1394 4426 1550 4490 hora,
1576 4424 1796 4478 aliisiin
1832 4426 1980 4479 cruci
2036 4427 2330 4482 admissum

764 4520 817 4572 in
868 4521 1119 4589 paradiso
1170 4520 1238 4572 ab
1274 4518 1483 4573 Adamo
1539 4529 1843 4589 peccatum,
1887 4519 2055 4573 etiam
2088 4520 2331 4589 lapsuum

763 4623 1071 4666 nostrorum
1126 4612 1551 4683 chirographum
1592 4614 1842 4683 discerpe
1871 4654 1887 4677 ,
1919 4615 2135 4669 Christe
2168 4613 2333 4677 Deus.

757 4714 813 4758 et
842 4703 992 4758 salva
1028 4719 1148 4759 nos.

1282 4795 1720 4853 VERSICULUS
1758 4799 1811 4853 1.

2512 3513 2572 3566 Ὀ
2602 3511 2880 3584 προεστώς
2919 3527 2934 3542 ο
3004 3508 3183 3564 Δεῦτε
3202 3548 3217 3573 ,
3246 3502 3789 3575 προσκυνήσωμεν,
3840 3502 3907 3555 ὲκ
3936 3510 4012 3571 τνο

2441 3606 2715 3674 μετάνοιαι
2740 3607 2908 3676 τρεῖς,
2935 3604 3028 3656 καὶ
3060 3598 3338 3673 ἀρχόμεθα
3369 3598 3468 3668 τῆς
3497 3596 3662 3666 ἕκτης
3690 3593 3857 3665 ῶρας,
3876 3593 4015 3663 ψάλ-

2435 3692 2616 3755 λοντες
2648 3693 2761 3754 τὸν,
2798 3699 2898 3759 νγ¹,
2933 3693 2992 3744 ’0
3033 3691 3186 3755 Θεὸς,
3233 3694 3289 3743 ὲν
3326 3688 3403 3759 τῷ
3442 3688 3665 3759 ὀνόματί
3701 3704 3797 3740 σου
3836 3686 4011 3741 σῶσόν

2438 3801 2526 3853 με.
2572 3783 2682 3836 Καὶ
2739 3781 2838 3849 ξγ¹,
2894 3780 3208 3841 Ἐνώτισαι,
3262 3782 3290 3833 ὁ
3332 3780 3499 3844 Θεὸς,
3554 3779 3654 3851 τὴν
3703 3782 4011 3849 προσευχήν

2438 3888 2559 3941 μου,
2601 3871 2693 3923 mi.
2725 3869 2801 3941 μὴ
2833 3868 3091 3939 ὑπερίδης
3113 3885 3125 3897 ·
3162 3869 3257 3921 καὶ
3290 3872 3361 3935 ις,
3393 3868 3452 3921 'O
3490 3867 3759 3921 κανοικῶν
3792 3870 3852 3921 ὲν
3886 3868 4014 3939 βοη-

2435 3962 2578 4016 θεία.

2504 4053 2659 4119 Δόξα.
2684 4054 2793 4107 Καὶ
2821 4053 2937 4107 νῦν.
2986 4051 3331 4125 Ἀλληλούῖα,
3362 4053 3425 4104 ὲκ
3449 4058 3518 4120 γ’.
3548 4050 3658 4104 Kal
3682 4052 3730 4104 εἰ
3761 4050 3861 4122 μὲν
3879 4049 4013 4121 ψάλο

2435 4150 2583 4203 λεται
2614 4149 2693 4213 τὸ,
2741 4148 2873 4212 Θεὸς
2902 4148 3127 4220 Κύριος,
3159 4147 3388 4217 λέγομεν
3418 4147 3478 4199 τὸ
3500 4145 3603 4216 τῆς
3644 4145 3862 4217 ἡμέρας
3886 4162 4011 4217 τροο

2438 4242 2651 4313 πάριονο
2687 4244 2733 4294 εἰ
2791 4240 2845 4293 δὲ
2884 4239 3221 4311 Ἀλληλούῖα,
3256 4239 3314 4291 τὸ
3343 4237 3515 4309 παρὸν
3548 4236 3872 4308 τροπάριον.
3913 4231 4011 4289 Ἦ-

2436 4350 2529 4402 χος
2555 4332 2621 4401 β’.

2515 4423 2573 4475 Ὀ
2621 4423 2679 4476 ἐν
2728 4422 2861 4493 ἕκτῃ
2932 4421 3118 4492 ἡμέρᾳ
3167 4420 3263 4473 καὶ
3302 4419 3422 4491 ῶρᾳ
3456 4418 3535 4488 τῷ
3582 4416 3798 4487 σταυρῷ
3846 4430 4005 4486 προσι

2433 4514 2648 4587 ηλώσας
2691 4513 2791 4585 τὴν
2849 4515 2907 4565 ὲν
2951 4512 3265 4582 παραδείσῳ
3314 4509 3675 4580 τολμηθεῖσαν
3713 4508 3793 4578 τῷ
3843 4506 4011 4576 ’Δδὰμ

2434 4607 2732 4679 ἁμαρτίαν,
2771 4607 2864 4660 καὶ
2892 4604 2997 4658 τῶν
3048 4602 3403 4673 πταισμάτων
3432 4600 3607 4672 Δἡμῶν
3636 4599 3697 4651 τὸ
3725 4598 4011 4670 χειρόγρα-

2434 4716 2531 4769 φον
2551 4697 2864 4770 διάρρηξον,
2894 4696 3097 4768 Χριστὲ
3136 4698 3164 4748 ὸ
3198 4694 3348 4757 Θεὸς,
3375 4694 3470 4747 καὶ
3508 4690 3679 4744 σῶσον
3708 4691 3878 4760 ἡμᾶν.

3049 4786 3294 4841 ΣΤΙΧΟΣ
3320 4792 3391 4837 α’.

836 4889 1067 4955 Exaudi,
1097 4888 1261 4955 Deus,
1289 4891 1589 4943 orationem
1621 4906 1818 4955 meam,
1844 4900 1899 4945 et
1934 4907 2000 4946 ne
2025 4891 2335 4961 despexeris
2363 4864 2408 4919 D

2363 4864 2408 4919 D
2518 4880 2819 4947 Ἔνιῦτισαι,
2858 4884 2886 4936 ὁ
2935 4881 3086 4944 Θεὸς,
3130 4880 3229 4950 τὴν
3274 4877 3577 4950 προτευχήν
3619 4890 3743 4947 μου,
3790 4874 3888 4929 καὶ
3932 4874 4006 4946 μὴ

761 4983 1192 5053 deprecationem
1228 4996 1402 5035 meam
1439 4980 1537 5050 (b).

1277 5073 1724 5130 VERSICULUS
1760 5076 1817 5129 2.

830 5169 943 5240 Ego
995 5175 1061 5224 ad
1128 5168 1297 5224 Deum
1370 5165 1636 5231 clamavi,
1692 5176 1744 5219 et
1803 5167 2055 5224 Dominus
2126 5169 2333 5225 audivit

760 5276 846 5317 me
878 5262 967 5333 (c).

899 5354 1106 5410 Gloria.
1143 5352 1209 5408 Et
1237 5368 1401 5407 nunc.
1949 5352 2192 5409 Mariaie.

831 5449 969 5515 Quia
1024 5463 1130 5502 non
1197 5446 1460 5501 habemus
1488 5433 1762 5514 ﬁduciam,
1795 5458 2020 5517 pr0pter
2048 5449 2210 5501 multa
2242 5448 2335 5501 de-

2433 4976 2693 5047 ὐπερίδῃς
2727 4976 2825 5047 τὴν
2848 4975 3035 5046 δέησίν
3064 4990 3187 5044 μου.

3042 5063 3287 5117 STIXOS
3320 5062 3387 5133 β’.

2516 5158 2656 5228 Ἐγὼ
2680 5160 2816 5233 πρὸς
2848 5160 2937 5213 τὸν
2974 5158 3107 5211 Θεὸν
3134 5156 3425 5228 ἐκέκραξα,
3466 5156 3561 5209 καὶ
3593 5156 3623 5208 ὁ
3651 5154 3858 5225 Κύριος
3900 5154 4014 5207 εἰσ·

2436 5253 2635 5324 ήκουσέ
2668 5270 2789 5322 μου.

2606 5345 2763 5409 Δόξα.
2787 5345 2899 5397 Καὶ
2920 5343 3034 5396 νῦν.

2513 5438 2638 5492 Ὀτι
2669 5437 2767 5491 οὐκ
2812 5437 3009 5507 ἔχομεν
3073 5432 3386 5506 παρρησίαν
3425 5429 3512 5483 διὰ
3536 5426 3604 5481 τὰ
3640 5426 3813 5481 πολλὰ
3857 5422 4013 5495 ἡμῶν

3567 5335 3870 5391 Θεοτόκιον.

754 5540 888 5597 licta
946 5550 1173 5603 nostra;
1228 5540 1352 5593 ideo
1405 5548 1459 5591 tu
1492 5578 1507 5601 ,
1544 5539 1710 5609 Virgo
1768 5516 2020 5609 Deipara,
2057 5539 2335 5595 obtestare

2442 5532 2834 5602 ἁμαρτήματα,
2868 5531 2932 5583 σὺ
2971 5528 3061 5582 τὸν
3106 5530 3169 5581 ἐκ
3192 5525 3285 5580 σού
3314 5522 3641 5594 γεννηθέντα
3670 5516 4006 5609 δυσώπησον,

754 5633 929 5698 illum,
954 5633 1047 5703 qui
1107 5642 1194 5687 est
1237 5648 1302 5687 ex
1337 5641 1392 5688 te
1426 5631 1639 5701 genitus
1669 5649 1682 5686 :
1718 5630 1946 5685 multum
1984 5632 2127 5686 enim
2193 5629 2330 5701 apud

825 5789 907 5859 (ιι)
934 5792 1076 5847 Psal.
1108 5810 1163 5855 ι..
1197 5792 1285 5845 Η.

828 5856 906 5927 (θ)
930 5864 1073 5920 Psul.
1097 5878 1208 5929 LIV,
1242 5864 1296 5917 2.

2438 5626 2669 5679 Θεοτόκε
2689 5624 2953 5695 Παρθένεσ
2994 5622 3167 5677 πολλὰ
3210 5619 3321 5692 γὰρ
3353 5617 3525 5689 ἰσχύει
3572 5614 3756 5686 δέησις
3794 5606 4011 5682 Μητρὸς

2513 5787 2583 5860 (c)
2612 5785 2754 5844 Psal.
2782 5802 2889 5853 ur,
2924 5784 3010 5840 18.
