4230 6484
1366 425 1765 484 ACOLUTHIA
1800 425 2144 483 TRIPLICIS
2182 424 2399 481 FESTI.

3246 432 3505 479 αεειιιιι

261 536 395 611 πρὸς
422 537 710 610 εὐμένειαν
742 539 1031 595 Δεσπότου.
1085 540 1176 612 Μὴ
1217 542 1449 614 παρίδῃς
1496 544 1834 617 ἁμαρτωλῶν
1863 550 1911 607 Α

1832 567 1834 583 ι
1863 550 1911 607 Α
1939 546 2261 599 clementem
2296 538 2581 595 Dominum
2610 546 2790 607 potest
2829 535 3021 591 Matris
3075 532 3502 606 depreprecatio.

263 628 489 693 ἱκεσίας,
525 631 559 701 ἡ
594 631 919 702 πάνσεμνοςο
954 631 1036 684 ὅτι
1079 629 1326 700 ἐλεήμων
1355 632 1473 686 ἐστὶ
1505 636 1598 686 καὶ
1639 632 1830 698 σώζειν

263 719 606 791 βουλόμενος,
639 722 668 774 6
713 722 807 775 καὶ
846 720 1038 775 παθεῖν
1073 721 1214 787 ὑπὲρ
1250 723 1408 791 ἡμῶν
1456 723 1831 787 καταδεξάμε-

259 830 368 877 mc.

329 903 481 973 Ταχὺ
531 902 1091 975 προκαταλασέτωσαν
1137 904 1285 975 ἡμᾶς
1316 906 1375 957 oi.
1400 903 1675 974 οἰκτιρμοί
1713 920 1828 967 σου,

260 994 463 1065 Κύριε·
510 995 590 1048 ὅτι
632 996 1056 1066 ἑπτωχεύσαμεν
1095 996 1319 1068 σφόδρα.
1372 995 1644 1067 Βοήθησον
1678 997 1829 1067 ἡμῖν,

259 1086 288 1137 ὁ
316 1084 452 1148 Θεὸς
482 1087 509 1137 6
541 1085 729 1157 Σωτὴρ
775 1086 960 1157 ήμῶψ
1010 1086 1194 1141 ἕνεκεν
1243 1088 1341 1158 τῆς
1384 1086 1541 1155 δόξης
1577 1083 1671 1141 τοῦ
1713 1088 1831 1141 ὀνόρ

265 1177 434 1247 τιατός
479 1192 593 1240 σου,
639 1176 835 1249 Κύριε,
877 1176 1037 1248 ῥῦσαι
1071 1180 1250 1249 ἡμᾶς’
1297 1177 1389 1231 καὶ
1419 1177 1666 1249 ἱλάστητι
1712 1181 1833 1243 ταῖς

262 1268 558 1340 ήμαρτίαις
591 1268 749 1340 ἡμῶν
775 1270 960 1323 ἕνεκεν
989 1269 1080 1324 τοῦ
1106 1269 1368 1339 ὀνόματός
1396 1286 1513 1325 σου.

330 1361 375 1412 Τ
379 1361 643 1430 ρισάγιον,
692 1362 935 1429 Παναγία
976 1360 1162 1430 Τριὰς,
1190 1360 1371 1432 Πάτερ
1404 1362 1575 1433 ἡμῶν,
1620 1364 1714 1416 καὶ
1766 1362 1833 1417 τά

260 1454 530 1528 τροπάρια
547 1454 737 1518 ταῦτα,
768 1456 847 1513 εἰς
871 1449 1003 1524 ἦχον
1036 1452 1283 1526 δεύτερον
1304 1471 1318 1484 ·

330 1546 582 1616 Σωτήρια
622 1544 862 1615 εἰργάσω
905 1546 963 1597 ἐν
1017 1544 1168 1615 μέσῳ
1208 1544 1308 1614 τῆς
1376 1546 1505 1617 γῆς,
1556 1547 1754 1618 Χριστὲ
1804 1550 1834 1603 6

261 1638 414 1703 Θεός⁸
451 1637 541 1690 ἐπὶ
575 1636 804 1707 σταυροῦ
828 1635 926 1700 τὰς
956 1637 1259 1708 άχράντους
1289 1654 1381 1691 σου
1415 1641 1603 1710 χεῖρας
1637 1640 1836 1706 ἐξέτει-

261 1748 377 1796 νας,
428 1730 771 1798 ὲπισυνάγων
801 1729 986 1784 πάντα
1011 1728 1079 1783 τά
1123 1729 1273 1802 ἔθνη,
1317 1731 1609 1801 κράζοντα,
1640 1734 1835 1807 Κύριε,

258 1820 383 1886 δόξα
408 1839 509 1875 σοι.

399 1916 556 1986 Δόξα.

330 2007 445 2077 Τὴν
473 2010 740 2079 ἄχραντον
772 2008 952 2063 είκόνα
1014 2026 1107 2062 σου
1172 2010 1602 2084 προσκυνοῦμεν,
1641 2014 1833 2083 ἀγαθὲ,

259 2100 927 2173 αἰτούμενοισυγχὼρησιν
966 2101 1077 2155 τῶν
1102 2105 1463 2173 πταισμάτων
1488 2106 1662 2176 ἡμῶν,
1697 2108 1835 2179 Χρι-

262 2192 353 2243 στὲ
386 2194 414 2245 6
441 2191 591 2255 Θεός·
622 2192 871 2264 βουλήσει
904 2193 1012 2264 γὰρ
1050 2193 1346 2265 εὐδόκησας
1375 2195 1616 2251 ἀνελθεῖν
1650 2200 1708 2252 ὲν
1755 2198 1835 2270 τῷ

261 2281 499 2354 σταυρῷ,
529 2284 615 2337 ἵνα
651 2284 786 2356 ῥύσῃ
812 2284 905 2350 οὓς
936 2286 1177 2352 ἔπλασας
1214 2290 1285 2343 ὲκ
1310 2289 1411 2361 τῆς
1436 2290 1680 2357 δουλείας
1736 2293 1832 2347 τοῦ

259 2374 478 2445 ἐχθροῖν
514 2375 635 2428 ὅθεν
668 2376 1006 2450 εὐχαρίστως
1062 2379 1270 2453 βοῶμέν
1312 2398 1413 2436 σοι’
1442 2386 1631 2457 Χαρᾶς
1666 2386 1834 2457 ἐπλή-

261 2482 443 2537 ρωσας
471 2467 543 2520 τά
572 2468 766 2534 πάντα,
802 2474 832 2524 6
853 2472 1041 2545 Σωτὴρ
1069 2474 1248 2545 ήμῶν,
1284 2478 1723 2549 παραγενόμενος
1755 2481 1835 2544 είς

256 2558 318 2611 τὸ
358 2558 535 2611 σῶσαι
550 2560 640 2615 τὸν
668 2561 891 2633 κόσμον.

433 2651 546 2705 Καὶ
584 2652 699 2709 νῦν.
1388 2661 1689 2718 Θεοτόκιον.

329 2739 751 2814 Ευσπλαγχνίας
824 2745 1141 2817 ὑπάρχουσα
1214 2750 1362 2820 πηγὴ
1401 2792 1416 2817 ,
1495 2752 1834 2822 συμπαθείας

259 2832 489 2898 ἀξίωσον
522 2836 688 2906 ἡμᾶς,
736 2837 982 2891 Θεοτόκεο
1034 2839 1225 2910 βλέψον
1254 2843 1333 2905 είς
1370 2841 1497 2897 λαὸν
1532 2844 1621 2897 τὸν
1654 2846 1835 2918 ἁμαρ-

258 2928 519 2996 τήσαντα·
547 2927 715 2996 δεῖξον
758 2932 839 2994 είς
883 2931 969 2984 ἀεὶ
1018 2933 1116 3004 τὴν
1160 2933 1479 2991 δυναστείαν
1521 2955 1633 2992 σου’
1664 2941 1743 3004 είς
1775 2940 1834 2993 σὲ

258 3018 368 3089 γὰρ
401 3020 730 3086 ἐλπίζοντες,
781 3022 863 3088 τὸ,
896 3025 1090 3095 Χαῖρε,
1147 3026 1358 3097 βοῶμὲν
1398 3046 1502 3094 σοι,
1544 3031 1619 3094 ὡς
1647 3034 1776 3087 ποτὲ
1807 3036 1836 3088 6

260 3112 501 3183 Γαϐριὴλ
534 3116 562 3167 6
588 3114 695 3167 τῶν
714 3116 1018 3186 ἀσωμάτων
1042 3120 1497 3191 ἀρχιστράτηγος.

331 3202 517 3255 Ταῦτα
571 3204 816 3272 λέγονται
860 3209 925 3277 τῇ
971 3206 1239 3281 δευτέρα,
1284 3213 1351 3282 τῇ
1397 3211 1575 3284 τρίτῃ.
1612 3214 1705 3267 καὶ
1767 3220 1833 3287 τῇ
1862 3246 1905 3302 c

258 3293 510 3367 πέμπτῃ,
542 3296 629 3349 ὅτε
652 3297 751 3351 οὐκ
784 3298 893 3369 ἔχει
922 3302 955 3372 ἡ
994 3302 1178 3373 ἡμέρα
1199 3306 1499 3360 κοντάκιονο
1530 3306 1590 3360 τὸ
1621 3307 1676 3360 δὲ
1702 3308 1834 3362 ὑπο-

254 3387 588 3475 τεταγμένον
612 3388 826 3458 λέγεται
855 3395 921 3465 τῇ
977 3397 1216 3468 τετράδι,
1257 3400 1351 3452 καὶ
1382 3403 1448 3471 τῇ
1492 3405 1831 3475 παρασκευῇ,

258 3474 394 3550 ἦχος
428 3476 476 3549 βι
515 3497 646 3534 σταυ
655 3480 1010 3552 ροθεοτόκιον.

341 3650 880 3741 Ὑπερδεδοξασμένη
938 3659 1219 3732 ὑπάρχεις,
1278 3662 1506 3718 Θεοτόκε
1573 3670 1835 3741 Παρθένε·

256 3739 536 3810 ὑμνοῦμέν
590 3758 669 3794 σε’
722 3744 811 3799 διά
840 3747 948 3818 γὰρ
1012 3750 1105 3803 τοῦ
1158 3754 1391 3825 σταυροῦ
1438 3754 1533 3809 τοῦ
1573 3739 1704 3813 Υίοῦ
1746 3778 1838 3815 σου

258 3831 565 3925 κατεϐλήθη
595 3836 624 3888 6
655 3834 808 3907 ᾅδης,
850 3842 943 3893 καὶ
972 3844 1001 3894 6
1045 3842 1271 3910 θάνατος
1316 3846 1566 3922 τέθνηκε.
1610 3850 1838 3925 Νεκρω-

257 3924 445 3991 θέντες
476 3928 801 4000 άνέστημεν,
847 3933 940 3985 καὶ
975 3932 1121 4005 ζωῆς
1162 3938 1495 4011 ⁴Ιιλξιώθημεν·
1536 3942 1627 3998 τὸν
1659 3924 1839 4018 παρά-

256 4021 442 4110 δεισον
462 4019 749 4090 ἐλάϐομεν,
792 4021 890 4094 τὴν
924 4026 1157 4095 ἀρχαίαν
1192 4030 1515 4088 ἀπόλαυσιν.
1551 4036 1643 4091 Διὸ
1675 4038 1840 4110 εὐχα-

258 4108 591 4179 ριστοῦντες,
633 4111 1019 4183 δοξολογοῦμεν
1050 4117 1125 4181 ὡς
1171 4123 1432 4193 κραταιὸν
1475 4126 1708 4197 Χριστὸν
1742 4108 1840 4183 τὸν

255 4199 391 4253 θεὸν
417 4200 597 4272 ἡμῶν,
628 4205 722 4258 καὶ
744 4205 902 4275 μόνον
926 4209 1228 4266 πολυέλεον.

333 4381 430 4445 Τὸ,
486 4381 680 4455 Κύριε,
716 4386 957 4457 ἐλέησον,
985 4396 1056 4459 μ’.
1090 4390 1153 4444 Ἦ
1170 4393 1326 4466 εὐχὴ,
1360 4394 1417 4449 Ὀ
1447 4396 1505 4449 ὲν
1537 4399 1700 4453 παντὶ
1720 4418 1840 4455 και-

262 4472 340 4544 ρῷ
368 4475 465 4526 καὶ
498 4478 650 4551 πάσῃ
664 4478 802 4551 ὥρα·
831 4480 949 4549 μεθ’
972 4481 1058 4551 ἢν,
1082 4481 1271 4555 Κύριε.
1304 4487 1545 4559 ἐλέησον,
1565 4498 1635 4558 γ’.
1681 4493 1837 4560 Δόξα.

1935 636 2221 707 Supplices
2247 643 2566 706 peccatores
2606 649 2674 688 ne
2706 634 2994 703 despicias,
3018 648 3053 687 ο
3078 645 3294 700 semper
3334 643 3509 697 augu-

1933 736 2037 792 sta,
2070 726 2197 797 quia
2225 725 2317 795 qui
2343 725 2592 779 lubenter
2623 739 2723 795 pro
2766 724 2923 779 nobis
2949 737 3147 796 passus
3171 721 3297 789 fuit,
3343 730 3428 775 est
3455 729 3511 774 et

1933 818 2273 882 misericors,
2308 826 2363 872 et
2386 816 2499 871 vult
2520 831 2619 872 nos
2648 830 2895 871 servare.

2002 909 2123 965 Cito
2166 909 2466 977 anticipent
2516 922 2615 963 nos
2649 907 3044 963 misericordia.-
3094 916 3218 971 tuae,
3256 905 3507 966 Domine,

1935 1000 2061 1070 quia
2095 1013 2355 1070 pauperes
2381 997 2509 1052 facti
2542 1013 2729 1052 sumus
2764 998 2945 1051 nimis.
2977 997 3185 1067 Adjuva
3217 1009 3338 1058 nos,
3368 992 3509 1047 Deus

1935 1092 2191 1147 salutaris
2224 1101 2450 1146 noster:
2479 1101 2533 1145 et
2579 1100 2799 1160 propter
2841 1090 3068 1159 gloriam
3123 1086 3358 1144 nominis
3406 1086 3506 1149 tui,

1935 1183 2182 1250 Domine,
2217 1184 2388 1239 libera
2431 1200 2569 1239 nos:
2603 1193 2656 1238 et
2689 1183 2953 1253 prepitius
2978 1190 3099 1238 esto
3129 1182 3371 1251 peccatis
3414 1194 3511 1233 no-

1935 1278 2089 1341 stris,
2120 1289 2341 1348 propter
2369 1292 2561 1331 nomen
2602 1287 2751 1330 tuum
2781 1277 2879 1347 ta).

2017 1371 2323 1440 Trisagium
2346 1408 2363 1435 ,
2407 1368 2763 1425 Sanctissima
2798 1368 3060 1434 Trinitas,
3101 1366 3270 1423 Pater
3301 1372 3513 1429 noster,

1937 1472 1991 1518 et
2026 1463 2140 1519 hmc
2172 1464 2411 1532 tr0paria
2441 1473 2569 1518 tono
2596 1463 2869 1519 secundo:

2008 1555 2133 1609 ΞΗ.
2195 1555 2468 1611 Salutaria
2534 1565 2791 1624 operatus
2858 1570 2919 1611 es
2982 1554 3036 1609 in
3086 1553 3268 1609 medio
3312 1559 3505 1613 term.

1938 1648 2156 1706 Christe
2184 1647 2420 1705 Deus.in
2449 1663 2611 1704 cruce
2642 1649 2937 1704 extendisti
2968 1648 3229 1703 innocuas
3252 1654 3373 1699 tuas
3397 1658 3513 1697 ma-

1940 1757 2062 1809 nus,
2093 1756 2431 1811 congregans
2468 1756 2657 1797 omnes
2700 1741 2955 1811 pupulas,
2982 1741 3297 1803 clamantes,
3328 1734 3509 1791 Gloria

1940 1832 2058 1896 tibi,
2084 1831 2332 1886 Domine.

2077 1919 2289 1979 Gloria.

2012 2010 2238 2068 Veniam
2286 2022 2632 2083 peccatorum
2704 2021 3016 2069 nostrorum
3055 2017 3321 2081 petentes,
3352 2006 3514 2063 Chri-

1938 2112 2021 2157 ste
2078 2101 2219 2157 Deus
2254 2142 2270 2168 ,
2334 2104 2627 2157 adoramus
2680 2101 3164 2157 incontaminatam
3218 2097 3515 2170 imaginem

1940 2203 2088 2249 tuam
2123 2211 2136 2247 :
2171 2192 2432 2260 lauderis,
2457 2194 2582 2264 quia
2618 2193 2761 2249 ultro
2785 2209 3007 2249 crucem
3039 2191 3427 2256 conscendisti,
3457 2198 3517 2245 ut

1937 2300 2073 2355 quos
2100 2286 2368 2349 formasti,
2402 2286 2468 2341 de
2500 2285 2703 2340 inimici
2730 2286 3027 2341 redimeres
3050 2284 3332 2339 servitute.
3359 2283 3515 2339 Unde

1938 2376 1991 2431 in
2027 2378 2191 2432 animi
2223 2378 2363 2445 grati
2396 2379 2612 2446 signum
2652 2378 2750 2433 tibi
2800 2377 3140 2432 clamamus:
3171 2376 3380 2432 Gaudio
3426 2390 3515 2428 re-

1937 2469 2097 2539 plesti
2131 2468 2405 2536 universa,
2426 2468 2687 2524 Servator
2708 2478 2915 2533 noster,
2949 2470 3042 2538 qui
3070 2470 3137 2523 ad
3185 2468 3510 2523 servandum

1938 2563 2194 2619 mundum
2226 2563 2443 2619 venisti.

2112 2654 2179 2708 Et
2208 2670 2371 2709 nunc.
3120 2654 3367 2712 Mariale.

2012 2747 2400 2803 Misericordia:
2454 2748 2599 2813 l'ons,
2655 2748 2903 2804 Genitrix
2968 2748 3091 2814 Dei,
3137 2750 3359 2818 dignare
3411 2762 3513 2801 nos

1939 2841 2422 2897 commiseratione
2453 2860 2467 2895 :
2506 2843 2723 2913 respice
2769 2859 2923 2897 reum
2956 2842 3210 2913 populum
3240 2879 3256 2905 ,
3289 2841 3513 2895 ostende

1939 2938 2253 2997 perpetuam
2287 2930 2585 2998 potentiam
2620 2941 2790 2995 tuam,
2825 2931 2876 2984 in
2928 2940 2979 2986 te
3012 2931 3157 2984 enim
3208 2938 3509 3000 sperantes,

1942 3020 2055 3075 Ave
2074 3022 2376 3076 clamamus
2406 3022 2522 3088 tibi,
2555 3025 2693 3079 sicut
2727 3023 2856 3078 olim
2887 3025 3333 3094 incorporearum
3362 3022 3514 3093 prin-

1940 3129 2067 3183 ceps
2096 3113 2335 3169 Gabriel.

2008 3205 2135 3260 9.48.
2190 3205 2315 3262 Haec
2341 3206 2594 3263 dicuntur
2660 3211 2895 3263 secunda
2927 3206 3255 3273 feria,tertia
3288 3216 3343 3261 et
3364 3208 3516 3277 quin-

1941 3306 2020 3361 ta,
2049 3298 2267 3366 quando
2306 3300 2421 3353 dies
2458 3299 2768 3354 contacium
2823 3314 2929 3354 non
2962 3298 3125 3354 habet
3155 3317 3170 3367 ;
3230 3300 3324 3355 sed
3378 3300 3513 3356 feria

1938 3400 2129 3458 quarta
2174 3398 2229 3442 et
2262 3399 2413 3445 sexta
2461 3401 2590 3445 tono
2650 3393 2890 3449 secundo
2943 3394 3142 3448 dicitur
3208 3391 3513 3459 subjectum

1941 3482 2241 3551 troparium
2266 3522 2283 3547 ,
2329 3482 2473 3552 quod
2506 3482 2722 3537 laudem
2755 3484 2934 3538 crucis
2980 3484 3140 3538 simul
3176 3499 3239 3539 ac
3273 3484 3514 3555 Deipara

1942 3576 2344 3647 complectitur.

2016 3667 2365 3725 Celebramus
2404 3682 2478 3735 te,
2518 3670 2682 3740 Virgo
2741 3668 2996 3741 Deipara,
3043 3686 3162 3742 qua:
3190 3670 3359 3740 gloria
3392 3687 3510 3726 om-

1940 3774 2037 3814 nes
2074 3774 2402 3829 exsuperas;
2434 3762 2690 3832 quoniam
2723 3776 2818 3831 per
2870 3762 2993 3817 Filii
3052 3765 3126 3818 tui
3188 3779 3403 3819 crucem
3436 3764 3513 3818 vi-

1940 3859 2062 3902 ctus
2090 3858 2174 3902 est
2208 3848 2457 3905 infernus
2482 3890 2499 3917 ,
2528 3859 2582 3906 et
2613 3866 2761 3906 mors
2794 3861 3003 3907 mortua
3037 3862 3139 3908 est.
3192 3854 3516 3909 Itesurrexi-

1940 3956 2061 3995 mus
2112 3942 2204 4012 qui
2258 3957 2476 4000 eramus
2536 3945 2788 4013 mortui;
2836 3947 2945 3999 vita
2992 3947 3135 4017 digui
3169 3947 3361 4001 redditi
3418 3963 3513 4001 su-

1940 4046 2095 4099 mus;
2147 4035 2478 4103 paradisum,
2532 4036 2858 4106 voluptatem
2902 4037 3137 4108 priscam
3188 4039 3513 4109 recepimus.

1941 4123 2150 4179 Idcirco
2176 4126 2379 4195 gratias
2411 4137 2655 4197 agentes,
2691 4128 3057 4200 gloriﬁcamus
3078 4132 3373 4196 Christum,
3421 4134 3515 4202 qui

1943 4216 2084 4272 Deus
2143 4227 2326 4273 noster
2386 4231 2690 4291 praepotens
2748 4230 2861 4289 est,
2918 4239 2981 4277 ac
3036 4223 3263 4277 multum
3297 4224 3512 4281 miseri-

1941 4325 2081 4365 εοτε.

2019 4402 2286 4469 Domine,
2347 4404 2657 4473 miserere,
2725 4405 3073 4477 quadragies.
3144 4405 3368 4473 Oratio,
3412 4406 3515 4476 Qui

1940 4494 2085 4548 omni
2120 4502 2361 4562 tempore
2401 4505 2457 4551 et
2481 4496 2625 4551 omni
2660 4498 2790 4550 liora
2819 4512 2834 4563 ;
2867 4507 2991 4569 post
3039 4514 3224 4570 quam,
3263 4499 3516 4565 Domine,

258 4564 370 4664 ξςαὶ
400 4563 516 4664 fw.
553 4568 664 4640 Τὴν
697 4571 1050 4645 τιμιωτέραν.
1069 4575 1389 4647 Μετάνοιαι,
1419 4581 1495 4645 ὡς
1524 4582 1764 4653 εἴρηται,
1791 4586 1840 4639 εί
1866 4605 1919 4664 ι)

1866 4585 2250 4664 Dmiserere,
2288 4596 2393 4642 ter.
2482 4584 2689 4641 Gloria.
2758 4587 2826 4643 Et
2899 4604 3064 4648 nunc.
3123 4589 3514 4645 Excelsiorem.

258 4658 376 4712 εστι
406 4659 849 4737 Τεσσαρακοστήο
882 4668 973 4719 καὶ
1007 4666 1285 4731 ἀπόλυσις.

1945 4674 2308 4741 Reverentia},
2342 4687 2401 4733 ut
2428 4678 2631 4734 dictum
2664 4689 2773 4747 est,
2804 4680 2848 4735 si
2880 4683 2954 4736 sit
2978 4681 3399 4755 Quadragesima
3420 4701 3437 4750 ;
3462 4694 3518 4737 et

1947 4763 2091 4820 ﬁnis.

1563 4982 1921 5043 MESORIUM
1962 4986 2231 5045 SEXTrE.

330 5200 427 5263 Τὸ,
452 5198 639 5264 Δεῦτε,
674 5205 1163 5277 προσκυνήσωμεν,
1191 5208 1256 5259 ὲκ
1289 5206 1498 5278 τρίτου,
1526 5210 1620 5262 καὶ
1644 5211 1671 5261 6
1700 5208 1836 5279 ψαλ-

263 5294 378 5362 μοὶ,
420 5293 451 5345 6
484 5297 587 5361 νιι¹,
624 5293 871 5367 Ἐλέησόν
921 5316 1009 5370 με,
1057 5299 1086 5351 6
1132 5300 1294 5364 Θεὸς,
1344 5299 1564 5370 ἐλέησόν
1618 5320 1706 5373 με.
1752 5303 1835 5357 ὅτι

261 5386 615 5459 κατεπάτησὲ
662 5403 727 5459 με
775 5388 1076 5462 ἄνθρωπος.
1121 5392 1229 5445 Καὶ
1276 5395 1305 5447 6
1338 5394 1434 5460 ξθ¹,
1474 5394 1532 5447 '0
1580 5396 1711 5460 Θεὸς
1758 5398 1837 5460 είς

265 5477 522 5549 βοήθειάν
562 5499 686 5551 μου.

333 5569 490 5637 Δόξα.
521 5572 631 5625 Καὶ
669 5571 785 5627 νῦν.
810 5573 1121 5646 Τρισάγιον·
1145 5580 1398 5648 Παναγία
1432 5581 1619 5653 Τριάς.
1656 5582 1837 5652 Πάτερ

263 5662 423 5736 ἡμῶν
456 5680 471 5694 ·
496 5665 589 5716 καὶ
608 5664 677 5717 τά
724 5671 964 5736 παρόντα
994 5673 1285 5745 τροπάρια.

336 5755 541 5819 Σῶσον,
583 5755 777 5824 Κύριε,
812 5759 903 5811 τὸν
930 5761 1055 5813 λαόν
1108 5780 1220 5827 σου,
1259 5764 1352 5817 καὶ
1399 5763 1690 5834 εὐλόγησον
1740 5766 1835 5835 τὴν

338 5866 415 5933 (a)
444 5863 585 5919 Psal.
612 5882 841 5932 um",
872 5869 926 5934 8,
951 5870 1004 5923 9.

2007 5212 2133 5270 2‘9.
2174 5212 2390 5279 Venite,
2433 5216 2742 5283 adoremus,
2775 5226 2878 5282 ter,
2908 5226 2963 5271 et
3009 5217 3200 5288 psalmi
3242 5235 3329 5284 ιν,
3360 5217 3521 5275 Mise-

1941 5320 2061 5362 rere
2108 5307 2233 5373 mei,
2280 5306 2443 5373 Deus,
2483 5308 2740 5376 quoniam
2788 5309 3127 5365 conculcavit
3182 5328 3268 5364 me
3320 5312 3517 5383 homo;

1940 5412 2053 5465 LVI,
2082 5398 2340 5455 Miserere
2382 5401 2504 5467 mei,
2556 5401 2718 5469 Deus,
2771 5403 3033 5460 miserere
3068 5404 3195 5460 mei.
3243 5404 3311 5460 Et
3358 5422 3517 5475 uix,

1942 5491 2105 5555 Deus,
2143 5474 2194 5545 in
2233 5494 2556 5561 adjutorium
2587 5512 2788 5551 meum.

2014 5583 2215 5641 Gloria.
2266 5588 2331 5641 Et
2367 5602 2527 5643 nunc.
2580 5588 2916 5657 Trisagium:
2946 5589 3297 5646 Sanctissima
3338 5592 3524 5647 Trini-

1950 5684 2049 5729 tas.
2085 5676 2243 5730 Pater
2286 5687 2488 5745 noster,
2533 5690 2589 5733 et
2638 5680 2918 5750 sequentia
2958 5684 3212 5749 Iroparia.

2016 5764 2232 5818 Salvum
2278 5768 2361 5820 fac
2409 5770 2659 5836 pupulum
2704 5780 2875 5833 tuum,
2914 5771 3158 5835 Domine,
3206 5781 3257 5825 et
3294 5772 3521 5827 benedic
