4230 6498
739 438 975 480 “CLXXX

2072 423 2597 484 PROLEGOMENA.

742 539 1042 595 naareditati
1080 548 1184 593 tua:
1228 542 1329 611 (al,
1362 542 1615 597 victorias
1654 542 2069 613 imperatoribus
2118 555 2301 599 contra
2334 557 2378 608 Α
2410 565 2412 573 ί

2334 557 2378 608 Α
2410 545 2770 616 κληρονομίαν
2822 562 2937 607 σου,
3006 547 3162 609 νίκας
3234 546 3513 616 βασιλεῦσι
3560 547 3699 603 κατά
3766 548 3976 621 βαρόἀ-

743 632 999 686 barbaros
1027 634 1285 696 concede.
1313 643 1368 688 et
1388 643 1534 688 tuum
1556 636 1765 690 custodi
1790 650 1886 705 per
1914 646 2058 689 tuam
2088 650 2301 691 crucem

744 723 1048 793 imperium.

879 813 1081 870 Gloria.

814 905 1143 960 Sanctorum
1187 919 1481 977 cruciatus,
1544 925 1680 981 quos
1734 926 1841 979 pro
1881 919 1933 965 te
1973 912 2117 980 passi
2161 922 2304 976 sunt,

741 997 1013 1068 absterge,
1049 1000 1305 1060 Domine:
1338 1011 1391 1057 et
1423 1004 1636 1058 cunctis
1667 1004 1865 1058 nostris
1908 1006 2124 1059 medere
2152 1005 2303 1059 dolo-

745 1091 915 1153 ribus,
947 1105 1255 1158 quzesumus
1287 1102 1362 1159 te,
1407 1105 1614 1149 amator
1647 1095 1945 1149 hominum.

880 1184 947 1238 Et
978 1200 1139 1239 nunc.

814 1275 1134 1330 Sanctorum
1171 1278 1411 1332 omnium
1481 1293 1547 1333 ac
1607 1279 1849 1348 Deiparae
1878 1280 2148 1349 precibus,
2203 1298 2304 1351 pa-

738 1382 856 1423 cem
891 1377 1035 1423 tuam
1078 1370 1233 1424 nobis
1265 1371 1521 1435 concede,
1551 1371 1795 1438 Domine,
1819 1380 1875 1427 et
1911 1373 2171 1429 miserere
2205 1392 2300 1429 no-

738 1461 857 1527 stri,
889 1462 978 1530 qui
1003 1460 1149 1515 solus
1176 1462 1489 1516 misericors
1520 1477 1601 1516 es.

803 1554 929 1609 350.
960 1555 1204 1621 Domine,
1272 1556 1554 1618 miserere,
1610 1557 1955 1627 quadragies.
2003 1556 2208 1613 Gloria.
2237 1558 2305 1612 Et

737 1664 900 1703 nunc.
943 1648 1328 1704 Excelsinrem.
1387 1650 1442 1702 In
1505 1650 1724 1704 nomine
1780 1649 2014 1713 Domini,
2056 1651 2303 1715 benedic,

736 1737 915 1793 Pater.
950 1738 1255 1795 Sacerdos:
1294 1739 1395 1795 Per
1422 1756 1629 1809 preces.
1681 1741 1883 1796 Deinde
1914 1741 2141 1796 facimus
2193 1751 2304 1797 tres

740 1832 973 1896 majores
1007 1832 1338 1887 reverentias
1358 1877 1372 1895 ,
1405 1844 1459 1887 et
1486 1836 1851 1903 precationem
1882 1833 1938 1887 S.
1965 1833 2194 1902 Ephrem
2221 1835 2302 1889 di-

2412 654 2522 707 ρων
2553 636 2913 708 δωρούμενος,
2945 639 3040 691 καὶ
3060 638 3122 691 τὸ
3156 636 3247 691 σὺν
3278 638 3559 695 φυλάττων
3587 639 3673 694 διὰ
3700 640 3796 694 τοῦ
3822 658 3981 695 σται-

2408 727 2501 799 ροῦ
2524 745 2617 781 σου
2643 727 2963 799 πολίτευμα.

2545 820 2698 884 Δόξα.

2478 914 2589 978 Τὰς
2619 914 2921 985 ἀλγηδόνας
2979 905 3089 967 τῶν
3153 914 3345 982 ἁγίων,
3366 912 3432 979 ἀς
3458 914 3597 984 ὑπὲρ
3631 913 3724 967 σοῦ
3753 912 3971 981 ἔπαθον,

2404 1005 2780 1075 δυσωπήοητι,
2810 1004 3006 1074 Κύριε.
3042 1004 3136 1057 καὶ
3164 1004 3342 1068 πάσας
3364 1004 3525 1076 ἡμῶν
3552 1003 3651 1067 τάς
3672 1002 3862 1067 ὀδύνας
3890 1004 3973 1058 τα-

2408 1110 2516 1157 σαι,
2551 1095 2920 1166 φιλάνορωπε,
2950 1093 3203 1166 δεόμεθα.

2533 1184 2641 1237 Καὶ
2688 1184 2803 1238 νῦν.

2478 1276 2557 1348 Τῇ
2591 1275 2875 1347 πρεσϐείᾳ,
2902 1276 3094 1348 Κύριε,
3145 1276 3364 1330 πάντων
3407 1275 3516 1329 τῶν
3539 1275 3727 1344 ἁγίων,
3757 1274 3853 1330 καὶ
3878 1278 3976 1346 τῆς

2404 1368 2686 1431 Θεοτόκου,
2740 1367 2832 1437 τὴν
2888 1367 2985 1438 σὴν
3038 1370 3261 1441 εἰρήνην
3303 1368 3391 1432 δὸς
3433 1370 3584 1439 ἡμῖν,
3631 1369 3724 1421 καὶ
3756 1367 3975 1438 ἐλέησον

2403 1461 2574 1531 ἡμᾶς,
2600 1460 2675 1523 ὼς
2706 1460 2863 1530 μόνος
2892 1460 3212 1530 οἰκτίρμων.
3258 1479 3277 1513 ι

2478 1550 2572 1613 Τὸ,
2621 1549 2815 1621 Κύριε,
2891 1548 3136 1620 ἐλέησον,
3164 1557 3237 1621 μ’.
3267 1551 3422 1615 Δόξα.
3465 1551 3571 1605 Καὶ
3604 1549 3719 1605 νῦν.
3751 1552 3862 1623 Τὴν
3892 1569 3975 1605 τι-

2410 1638 2704 1709 μιωτέραν.
2771 1638 2860 1690 Ἐν
2911 1638 3130 1709 ὀνόματι
3174 1638 3378 1709 Κυρίου
3426 1640 3737 1710 εὐλόγησεν,
3770 1641 3974 1712 Πάτερ.

2418 1730 2475 1781 ὐ
2530 1729 2725 1801 ἱερεύς
2767 1730 2846 1783 Δι’
2893 1728 3085 1799 εὐχῶν.
3134 1724 3267 1781 Εἶτα
3302 1730 3561 1801 ποιοῦμεν
3598 1731 3697 1794 τὰς
3738 1730 3977 1803 μεγάλας

2406 1826 2553 1893 τρεῖς
2605 1822 2915 1893 μετανοίας,
2969 1821 3107 1892 μετὰ
3141 1821 3359 1892 καὶτῆς
3389 1822 3555 1890 εὐχῆς
3590 1822 3683 1875 τοῦ
3716 1824 3865 1877 ὁσίου
3895 1824 3980 1876 Ἐ-

738 1923 936 1985 cimus,
986 1937 1048 1976 ac
1078 1923 1332 1978 continuo
1363 1936 1678 1995 sequentem
1733 1925 1912 1980 Basilii
1947 1928 2125 1996 magni
2173 1942 2301 1982 ora-
2336 1924 2379 1978 Β

2336 1924 2379 1978 Β
2408 1916 2607 1989 φραῒμ,
2638 1918 2732 1970 καὶ
2784 1916 2945 1980 εὐθὺς
2982 1918 3079 1988 τὴν
3115 1915 3393 1988 παροῦσαν
3425 1916 3587 1986 εὐχὴν
3614 1914 3708 1968 τοῦ
3743 1917 3976 1986 μεγάλου

735 2012 935 2067 tionem
971 2033 983 2066 :

810 2101 975 2165 Deus,
1008 2112 1333 2173 potestatum
1380 2103 1647 2168 Domine,
1700 2104 1986 2173 omnisque
2055 2103 2303 2158 conditor

736 2203 1029 2255 creatum,
1062 2193 1150 2261 qui
1202 2209 1296 2262 per
1325 2194 1756 2264 incomparabilis
1786 2194 2169 2249 misericordiae
2198 2204 2302 2248 tua:

736 2282 947 2336 viscera
976 2322 992 2344 ,
1025 2282 1218 2337 Filium
1270 2293 1415 2336 tuum
1464 2284 1801 2353 unigenitum
1826 2324 1843 2349 ,
1876 2282 2157 2337 Dominum
2206 2299 2303 2339 no-

736 2383 909 2426 strum
958 2372 1143 2427 Jesum
1192 2373 1469 2429 Christum
1525 2389 1625 2442 pro
1673 2373 1847 2429 salute
1878 2376 2047 2429 nostri
2088 2376 2301 2445 generis

737 2464 963 2529 misisti;
998 2475 1053 2521 et
1087 2481 1180 2534 per
1222 2465 1578 2520 venerandam
1613 2467 1780 2536 ipsius
1833 2483 2047 2522 crucem
2099 2469 2300 2523 discer-

736 2558 889 2626 pslsti
920 2568 1264 2628 peccatorum
1306 2570 1614 2613 nostrorum
1646 2560 2101 2629 chirographum;
2129 2560 2301 2627 deque

734 2648 1072 2717 principibus
1119 2663 1183 2703 ac
1236 2650 1594 2717 potestatibus
1660 2651 2005 2703 tenebrarum
2066 2652 2118 2703 in
2184 2650 2302 2717 ipso

737 2738 1077 2803 triumpltasti
1116 2756 1129 2792 :
1170 2747 1222 2792 ιιι
1260 2739 1400 2793 idem
1428 2778 1443 2802 ,
1494 2738 1719 2793 Domine
1773 2738 2002 2808 benigne
2031 2780 2047 2803 ,
2090 2739 2302 2808 suscipe

735 2831 833 2885 has
856 2840 1069 2884 nostras
1099 2839 1440 2893 peccatorum
1460 2831 1758 2895 orationes,
1784 2845 1919 2899 quas
1957 2832 2048 2885 tibi
2075 2841 2127 2886 et
2158 2833 2297 2900 grati

733 2934 789 2976 et
814 2922 1083 2991 supplices
1114 2920 1424 2985 oll‘erimus;
1455 2933 1509 2977 et
1541 2925 1709 2978 libera
1744 2939 1842 2977 nos
1879 2924 1947 2977 ab
1972 2924 2116 2976 omni
2143 2924 2297 2992 gravi

734 3027 799 3065 ac
836 3010 1173 3064 tenebricoso
1208 3009 1354 3078 lapsu
1384 3048 1401 3070 ,
1433 3019 1485 3063 et
1518 3012 1585 3063 alt
1617 3011 1866 3064 omnibus
1893 3048 1911 3072 ,
1949 3012 2039 3068 oui
2082 3026 2179 3065 nos
2210 3010 2302 3064 la:-

736 3104 865 3156 (let'e
896 3102 1243 3161 meditantur.
1279 3101 1516 3155 inimicis
1572 3102 1876 3157 visibilibus
1928 3112 1984 3158 et
2018 3103 2292 3157 invisibili-

733 3195 858 3259 bus,
884 3193 1310 3262 conlige-timore
1337 3204 1426 3247 tuo
1462 3208 1655 3247 carnes
1693 3203 1927 3255 nostras,
1953 3204 2007 3247 et
2034 3209 2101 3247 ne
2131 3194 2301 3247 decli-

2404 2008 2681 2061 Βασιλείου
2703 2026 2718 2040 ·

2476 2098 2577 2151 Θεὲ
2615 2100 2709 2153 καὶ
2746 2099 2917 2170 Κύριε
2959 2098 3067 2153 τῶν
3089 2098 3395 2170 δυνάμεων,
3426 2098 3521 2152 καὶ
3550 2096 3732 2169 πάσης
3747 2098 3979 2161 κτίσεως

2401 2189 2724 2261 δημιουργὲ,
2748 2192 2777 2243 ό
2803 2190 2892 2243 διὰ
2918 2191 3197 2261 σπλάγχνα
3213 2191 3530 2244 ἀνεικάστου
3564 2189 3747 2253 ἐλέους
3768 2206 3862 2242 σου
3888 2188 3978 2243 τὸν

2405 2282 2665 2354 μονογενῆ
2696 2300 2788 2336 σου
2822 2282 2969 2347 Υἱὸν,
3016 2284 3107 2337 τὸν
3141 2283 3343 2354 Κύριον
3388 2282 3547 2353 ἡμῶν
3610 2281 3815 2353 Ἰησοῦν
3842 2282 3978 2350 Χρι-

2401 2368 2523 2423 στὸν
2569 2370 2930 2441 καταπέμψας
2976 2372 3068 2424 ἐπὶ
3120 2372 3364 2443 σωτηρίᾳ
3408 2369 3503 2424 τοῦ
3548 2369 3741 2439 γένους
3795 2369 3975 2441 ἡμῶν,

2401 2460 2495 2512 καὶ
2518 2460 2605 2513 διὰ
2634 2460 2727 2514 τοῦ
2751 2461 2933 2531 τιμίου
2950 2461 3114 2515 αὑτοῦ
3132 2462 3367 2535 σταυροῦ
3395 2461 3456 2514 τὸ
3481 2461 3844 2531 χειρόγραφον
3868 2461 3980 2515 τῶν

2403 2550 2684 2620 ἁμαρτιῶν
2706 2553 2859 2621 ἡμῶν
2887 2551 3202 2624 διαρρήξας,
3231 2555 3326 2607 καὶ
3359 2552 3727 2624 Θριαμόεύσας
3748 2555 3806 2606 ἐν
3830 2552 3980 2624 αὐτῷ

2400 2641 2498 2704 τάς
2525 2642 2699 2713 ἀρχὰς
2730 2643 2825 2697 καὶ
2858 2644 3102 2709 ἐξουσίας
3126 2644 3221 2697 τοῦ
3259 2645 3500 2707 σκότους·
3529 2644 3711 2708 αὐτὸς,
3734 2646 3979 2700 Δέσποτα

2406 2732 2779 2805 φιλάνθρωπε,
2842 2734 3133 2805 πρόσδεξαι
3161 2736 3255 2789 καὶ
3287 2735 3445 2807 ἡμῶν
3480 2735 3588 2788 τῶν
3638 2737 3979 2806 ἁμαρτωλῶν

2400 2825 2501 2889 τὰς
2541 2826 2995 2900 εὐχαριστηρίους
3024 2828 3227 2889 ταύτας
3249 2828 3342 2880 καὶ
3368 2827 3671 2897 ίκετηρίους
3685 2828 3975 2894 ἐντεύξειςο

2400 2918 2493 2971 καὶ
2521 2918 2681 2989 ῥῦσαι
2729 2920 2875 2990 ἡμᾶς
2921 2920 3027 2972 ἀπὸ
3065 2918 3261 2982 παντὸς
3286 2918 3527 2984 ὀλεθρίου
3567 2920 3662 2972 καλ⁵
3704 2920 3981 2975 σκοτεινοῦ

2402 3006 2866 3081 παραπτώματος,
2914 3013 3008 3066 καὶ
3043 3010 3261 3065 πάντων
3294 3010 3402 3065 τῶν
3438 3009 3685 3064 κακῶσαι
3711 3012 3863 3081 ἡμᾶς
3885 3010 3981 3084 ζη-

2400 3101 2656 3164 τούντων,
2678 3102 2887 3173 ὁρατῶν
2911 3104 3005 3155 καὶ
3038 3104 3281 3175 ἀοράτων
3309 3101 3537 3173 ἐχθρῶν·
3569 3100 3888 3171 καθήλωσον
3917 3105 3981 3156 ὲκ

2401 3190 2495 3243 τοῦ
2529 3192 2693 3261 φόϐου
2721 3209 2811 3247 σου
2840 3194 2937 3258 τὰς
2958 3196 3166 3263 σάρκας
3190 3195 3366 3265 ἡμῶν.
3387 3195 3478 3249 καὶ
3506 3194 3580 3265 μὴ
3605 3194 3861 3267 ἐκκλίνῃς
3884 3194 3981 3257 τὰς

737 3299 805 3337 na
839 3284 1002 3337 corda
1024 3294 1205 3337 nostra
1229 3284 1283 3336 in
1329 3298 1606 3338 sermones
1633 3284 1717 3336 vel
1746 3284 2100 3351 cogitationes
2146 3285 2301 3339 mali-
2326 3263 2369 3320 (ἶ
2402 3302 2407 3337 1

2326 3263 2369 3320 (ἶ
2402 3284 2626 3356 καρδίας
2659 3285 2815 3356 ἡμῶν
2849 3289 2930 3349 είς
2962 3287 3152 3354 λόγους
3177 3263 3324 3356 ἢηείς
3350 3263 3643 3356 λογισμοὺς
3690 3263 3976 3357 πονηρίας·

737 3375 864 3439 tite;
898 3373 992 3426 sed
1022 3373 1095 3426 tui
1127 3388 1313 3427 amore
1347 3382 1565 3427 nostras
1613 3375 1825 3429 animas
1855 3376 2098 3441 vulnera,
2138 3387 2193 3434 ιιι
2232 3382 2298 3435 ad

737 3475 793 3519 te
824 3480 1041 3535 semper
1072 3464 1406 3529 anltelemus,
1435 3475 1489 3520 et
1518 3476 1607 3518 tuo
1634 3465 1780 3522 ducti
1832 3468 2051 3533 lumine,
2096 3478 2170 3535 te,
2220 3472 2302 3523 in-

737 3570 1012 3611 accessam
1067 3564 1430 3623 a’lernamque
1470 3557 1668 3621 lucem,
1718 3559 2057 3623 intueamur;
2089 3572 2141 3613 et
2183 3559 2298 3629 jugi

741 3647 1081 3701 confessione
1103 3662 1325 3716 agamus
1348 3647 1443 3701 tibi
1468 3649 1691 3717 gratias,
1732 3650 1971 3719 ingenito
1999 3650 2147 3705 Patri
2178 3668 2301 3706 cum

741 3747 833 3791 tuo
879 3738 1150 3806 unigenito
1195 3736 1331 3793 Filio
1353 3778 1369 3801 .
1406 3748 1462 3792 et
1490 3747 1678 3793 sancto
1724 3738 1967 3807 bonoque
1997 3756 2061 3797 ac
2088 3741 2299 3795 viviﬁco

743 3836 834 3877 tuo
869 3825 1098 3892 Spiritu,
1122 3842 1263 3880 nunc
1301 3836 1354 3879 et
1384 3841 1618 3895 semper,
1651 3834 1705 3880 et
1741 3827 1793 3878 in
1842 3825 2042 3883 saecula
2071 3827 2299 3883 sarculo-

740 3932 883 3971 rum.
912 3918 1105 3971 Amen.

817 4096 914 4161 Si,
971 4095 1112 4149 Deus
1176 4096 1468 4158 Dominus,
1524 4104 1798 4149 cantatum
1856 4094 2049 4161 fuerit,
2111 4094 2299 4149 recita-

743 4204 867 4243 mus
907 4188 1116 4259 typica;
1155 4189 1236 4243 sin
1264 4197 1442 4242 autem
1493 4187 1740 4251 Alleluia,
1769 4204 1830 4242 ea
1861 4188 2016 4245 dill‘er
2046 4199 2162 4260 post
2190 4186 2297 4242 No-

746 4296 889 4335 nam.

2398 3376 2532 3429 ἀλλὰ
2584 3375 2661 3447 τῷ
2712 3377 2861 3446 πόθῳ
2896 3394 2988 3430 σου
3025 3379 3232 3449 τρῶσον
3267 3377 3425 3447 ήμῶν
3475 3378 3573 3440 τὰς
3618 3377 3819 3446 ψυχας,
3870 3378 3976 3435 ἵνα..

2400 3469 2536 3539 πρκ
2588 3468 2647 3519 σὲ
2695 3468 2984 3530 διαπαντὸς
3034 3467 3389 3530 ἀτενίζοντες,
3436 3466 3641 3537 καὶτῷ
3688 3469 3839 3539 παρὰ
3886 3467 3979 3521 σοῦ

2399 3557 2538 3625 φωτὶ
2577 3556 2950 3628 ὁδηγούμενοι,
2984 3555 3042 3608 σὲ
3075 3557 3136 3609 τὸ
3187 3556 3477 3628 ἀπρόσιτον
3510 3559 3602 3610 καὶ
3657 3558 3825 3611 ἀΐδιον
3851 3575 3981 3611 κατ-

2398 3646 2717 3712 οπτεύοντες
2754 3647 2888 3717 φῶς,
2919 3647 3337 3702 ἀκατάπαυστόν
3365 3666 3446 3701 σοι
3472 3648 3569 3719 τὴν
3594 3648 3980 3720 ἐξομολόγησιν

2396 3739 2489 3792 καὶ
2522 3740 2869 3812 εὐχαριστίαν
2887 3742 3318 3813 ἀναπέμπωμεν,
3337 3741 3416 3812 τῷ
3430 3742 3647 3813 ἀνάρχῳ
3661 3744 3859 3814 Πατρὶ,
3884 3743 3981 3796 σὺν

2395 3831 2473 3902 τῷ
2502 3837 2781 3903 μονογενεϊ
2814 3852 2905 3888 σου
2949 3835 3085 3905 Υίῷ,
3120 3837 3213 3890 καὶ
3242 3836 3320 3907 τῷ
3364 3835 3613 3906 παναγίῳ
3655 3837 3751 3890 καὶ
3791 3834 3981 3908 ἀγαθῷ

2400 3923 2494 3975 καὶ
2526 3922 2773 3995 ζωοποιῷ
2794 3944 2887 3979 σου
2918 3927 3215 3996 Πνεύματι,
3244 3925 3339 3979 νῦν
3368 3927 3462 3981 καὶ
3481 3926 3589 3989 ἀεὶ,
3620 3928 3717 3979 καὶ
3746 3928 3829 3989 είς
3852 3928 3981 3991 τοὺς

2407 4011 2609 4074 αἰῶνας
2628 4013 2733 4065 τῶν
2770 4014 3000 4067 αἰώνων.
3042 4017 3231 4086 Ἀμήν.

2473 4102 2584 4154 Καὶ
2616 4104 2665 4154 εί
2703 4105 2822 4173 μὲν.
2857 4104 2987 4168 Θεὸς
3047 4106 3267 4177 Κύριος,
3324 4107 3540 4176 εψαλτο,
3568 4108 3635 4160 τὰ
3674 4107 3878 4161 τυπικά
3896 4107 3978 4160 λὲο

2406 4207 2593 4260 γομεν·
2624 4193 2672 4245 εί
2703 4194 2760 4246 δὲ
2804 4193 3139 4265 Ἀλληλούῖα,
3174 4196 3405 4268 ὑπέρθες
3426 4198 3564 4250 αὑτά
3600 4198 3737 4268 μετά
3766 4198 3866 4268 τὴν
3892 4198 3977 4250 ὲν-

2405 4283 2568 4352 νάτην
2593 4281 2761 4353 ὥραν.

2258 4524 2463 4581 NONA.

815 4727 940 4781 εξει.
977 4725 1104 4779 Post
1128 4723 1483 4785 Benedictus,
1538 4720 1649 4776 Rex
1693 4722 1951 4788 caelestis,
1981 4722 2305 4791 Trisagium,
2338 4731 2386 4789 ι)
2482 4734 2485 4785 j

2303 4769 2305 4781 ι
2338 4731 2386 4789 D
2482 4730 2633 4785 Μετά
2669 4733 2747 4794 τὸ,
2800 4732 3120 4801 Εὐλογητὸς,
3149 4728 3376 4782 Βασιλεῦ
3409 4728 3642 4799 οὐράνιε,
3667 4727 3973 4800 Τρισάγιον,

747 4820 1097 4876 Sanctissitna
1144 4817 1380 4871 Trinitas
1406 4855 1420 4877 ,
1469 4814 1628 4869 Pater
1672 4825 1877 4879 noster,
1918 4815 2176 4879 Domine,
2209 4820 2309 4869 mi-
2408 4826 2417 4878 1

2304 4847 2309 4856 ι
2408 4822 2657 4890 Παναγία
2682 4822 2869 4895 Τριὰς,
2898 4825 3079 4893 Πάτερ
3098 4823 3271 4893 ἡμῶν,
3294 4821 3485 4891 Κύριε,
3510 4820 3752 4890 ἐλέησον,
3778 4820 3866 4889 ιβ’,
3894 4820 3974 4882 τὸ,

746 4926 951 4975 serere,
994 4908 1302 4971 duodecies,
1334 4906 1546 4969 Venite.
1596 4904 1904 4967 adoremus,
1950 4916 2064 4971 ter;
2115 4905 2306 4959 dicun-

746 5011 838 5056 tur
880 5001 1069 5072 psalmi
1108 5014 1336 5061 Lxxxm,
1384 4996 1554 5063 Quam
1603 4996 1795 5052 dilecta
1852 4996 2219 5057 tabernacula,
2254 5005 2309 5050 et

747 5110 969 5157 uxxrv,
1020 5091 1383 5153 Benedixisti,
1429 5090 1669 5157 Domine,
1720 5098 1955 5150 terram,
1986 5096 2040 5141 et
2072 5103 2307 5152 Luxu,

749 5187 971 5249 Inclina,
1003 5183 1249 5247 Domine,
1279 5195 1462 5236 aurem
1494 5190 1660 5235 tuam.
1689 5180 1894 5234 Dicitur
1921 5189 2099 5234 autem
2132 5180 2308 5235 ultimi

751 5282 910 5350 hujus
941 5277 1127 5347 psalmi
1178 5276 1473 5331 versiculus
1495 5275 1597 5328 bis.
1630 5273 1738 5328 Fac
1766 5287 1995 5327 mecum.

819 5370 1022 5427 Cleria.
1052 5369 1117 5423 Et
1148 5382 1308 5421 nunc.
1367 5365 1620 5429 Alleluia,
1683 5374 1782 5418 ter.
1821 5362 2065 5423 Domine,
2093 5362 2313 5416 misere-

752 5479 831 5528 re,
870 5471 972 5516 ter.
1010 5459 1075 5513 Et
1112 5460 1157 5511 si
1188 5459 1387 5511 dictum
1417 5453 1599 5521 fuerit,
1628 5455 1769 5509 Deus
1798 5452 2070 5516 Dominus,
2102 5452 2314 5507 accines

753 5554 857 5610 diei
883 5550 1217 5619 trooarium;
1250 5550 1329 5603 sin
1355 5556 1534 5601 autem
1572 5547 1817 5612 Alleluia,
1850 5544 2140 5615 lroparium
2172 5547 2311 5613 quod

753 5646 839 5701 hic
866 5647 1103 5714 ponitur,
1144 5653 1267 5694 tono
1306 5640 1522 5710 obliquo
1551 5639 1601 5693 4.

823 5853 900 5920 te)
934 5851 1069 5907 Ps'al.
1105 5868 1266 5918 urit,
1303 5851 1354 5903 τι.

2408 4912 2591 4976 Δεῦτε,
2618 4919 3100 4986 προσκυνήσωμεν,
3138 4918 3204 4969 ὲκ
3234 4912 3302 4983 γ’.
3350 4908 3481 4966 Εἶτα
3505 4914 3533 4964 ὁ
3553 4912 3766 4983 ψαλμὸς
3802 4916 3830 4965 ὁ
3868 4918 3975 4980 πγ’⁶

2422 5009 2508 5060 Ὢδ
2538 5007 2800 5077 ἀγάπητὰ
2832 5009 2901 5062 τα
2930 5009 3263 5080 σκηνώματα
3284 5025 3297 5037 ’
3325 5009 3419 5069 κα).
3446 5010 3474 5061 ὁ
3499 5007 3605 5064 τπδ’.
3640 5005 3973 5076 Εὐλόγησας,

2412 5098 2603 5171 Κύριε,
2647 5098 2743 5169 τὴν
2790 5100 2894 5171 γῆν
2973 5098 3067 5152 καὶ
3122 5106 3226 5156 πε’.
3278 5098 3490 5160 Κλϊνον,
3541 5095 3735 5167 Κύριε,
3776 5097 3838 5149 τὸ
3888 5090 3978 5159 οὖς

2422 5206 2533 5242 σου.
2567 5188 2751 5255 Πάλιν,
2785 5190 3013 5259 Ποίησον
3044 5190 3162 5260 μετ’
3192 5187 3327 5258 ἐμοῦ

2489 5369 2642 5433 Δόξα.
2686 5370 2794 5423 Καὶ
2823 5368 2935 5421 νῦν.
2991 5367 3321 5439 ’Δλληλούῖα,
3366 5366 3429 5418 ὲκ
3474 5373 3543 5433 γ’.
3600 5362 3796 5433 Κυριε,
3829 5361 3980 5431 ἐλέη-

2424 5476 2534 5523 σον,
2565 5468 2633 5528 γ’.
2662 5464 2772 5515 Καὶ
2803 5466 2850 5513 εί
2880 5460 2978 5530 μὲν
3035 5461 3168 5524 Θεὸς
3212 5459 3415 5529 Κύριος
3440 5457 3655 5527 ἐψαλτο,
3678 5455 3906 5526 ἐπᾴσεις
3920 5454 3976 5506 τὸ

2420 5553 2520 5621 τῆς
2548 5553 2758 5624 ἡμέρας
2804 5554 3095 5624 τροπόῳιον
3156 5553 3203 5604 εί
3234 5551 3288 5605 δὲ
3346 5546 3678 5617 ’Δλλη).ούῖα,
3718 5546 3781 5601 τὸ
3811 5543 3975 5614 παρὸν

2423 5646 2498 5707 εἰς
2526 5639 2656 5713 ἦχον
2698 5643 2784 5695 πλ.
2819 5642 2878 5693 δ’.
