4230 6486
1363 425 1758 481 ACOLUTlll.\
1799 425 2135 481 Tilll’LlClS
2175 426 2393 482 FESTI.

3253 446 3513 485 εεειιεςι

371 548 413 596 υ
472 544 531 596 ἐν
590 544 882 618 τῇὲννάτῃ
931 543 1049 616 ὥρᾳ
1090 543 1157 597 δι’
1201 545 1347 616 ἡμᾶς
1413 546 1577 615 σαρκὶ
1614 544 1844 599 θανάτου
1875 552 1918 606 Α
2018 546 2041 608 (

1841 569 1844 592 ι
1875 552 1918 606 Α
2018 545 2119 613 Qui
2189 548 2321 601 liora
2364 562 2503 601 nona
2574 563 2671 617 pro
2718 548 2874 603 nobis
2928 556 3158 602 mortem
3218 554 3511 603 secundum

271 634 625 704 γευσάμενος,
652 636 925 707 νέκρωσον
940 637 1038 708 τῆς
1062 637 1259 708 σαρκὸς
1292 635 1447 707 ἡμῶν
1478 636 1539 689 τὸ
1567 637 1839 708 φρόνημα,

278 726 479 795 Χριστὲ
509 728 538 778 6
561 726 693 790 Θεὸς
724 727 903 799 ἡμῶν,
945 730 1036 781 καὶ
1063 729 1232 781 σῶσον
1260 729 1409 799 ἡμᾶς

883 820 1129 873 ΣΤΙΧΟΣ
1170 826 1240 872 α’.

351 909 656 977 Ἑγγιςάτω
699 914 732 983 ἡ
778 912 957 982 δέησις
1024 928 1127 982 μου
1196 911 1429 966 ἐνώπιόν
1464 928 1579 979 σου,
1642 912 1835 985 Κύριε,

270 1004 409 1057 κατὰ
433 1005 494 1057 τὸ
526 1004 701 1072 λόγιόν
732 1023 822 1059 σου
860 1004 1019 1077 ῥῦσαί
1057 1020 1146 1075 με.

876 1186 1120 1239 :Ttxos
1163 1187 1228 1257 βο.

332 1276 577 1330 Εἰσὲλθοι
605 1278 663 1330 τὸ
686 1277 902 1348 ἀξίωμᾶ
949 1297 1050 1350 μου
1109 1280 1339 1335 ἐνώπιόν
1366 1298 1479 1346 σου,
1513 1283 1709 1354 Κύριε,
1742 1301 1834 1337 κα-

262 1365 329 1419 τὰ
362 1368 422 1421 τὸ
446 1368 623 1435 λόγιόν
648 1383 740 1420 σου
774 1366 937 1438 ῥῦσαί
966 1388 1054 1441 με.

405 1462 562 1527 Δόξα.
596 1462 704 1515 Καὶ
726 1463 841 1517 νῦν.
1384 1466 1686 1520 Θεοτόκιον.

341 1552 399 1603 '0
430 1551 496 1603 δι’
541 1553 684 1623 ἡμᾶς
747 1556 1028 1625 γεννηθεὶς
1052 1557 1114 1608 ὲκ
1130 1554 1428 1629 Παρθένου,
1462 1558 1556 1611 καὶ
1582 1557 1828 1629 σταύρω-

262 1660 343 1695 σιν
364 1644 681 1714 ὑπομείνας,
709 1647 880 1715 ἀγαθέ
930 1648 958 1698 6
988 1646 1200 1718 θανάτῳ
1222 1649 1313 1702 τὸν
1343 1648 1571 1703 θάνατον
1603 1650 1827 1703 σκυλεύ-

260 1752 375 1797 σας,
435 1738 529 1790 καὶ
561 1737 775 1807 ἔγερσιν
827 1739 1003 1804 δείξας
1035 1740 1111 1804 ὡς
1140 1742 1293 1805 Θεὸς,
1342 1743 1414 1812 μὴ
1462 1742 1695 1814 παρίδῃς
1733 1742 1826 1806 οὓς

255 1824 497 1890 ἔπλασας
522 1830 586 1897 τῇ
619 1829 761 1900 χειρί
789 1845 901 1886 σου.
947 1830 1127 1894 Δεῖξον
1159 1830 1256 1901 τὴν
1282 1830 1689 1900 φιλανθρωπίαν
1708 1848 1821 1894 σου,

1943 653 2160 692 carnem
2192 640 2480 707 degustasti
2512 680 2528 703 ,
2560 640 2827 694 mortilica
2861 640 2913 694 in
2963 638 3118 695 nobis
3164 640 3348 694 carnis
3383 655 3513 711 pru-

1944 729 2208 797 dentiam,
2235 729 2452 784 Cliriste
2477 729 2615 784 Deus
2648 740 2851 795 noster,
2884 740 2938 785 et
2962 732 3108 786 salva
3142 745 3261 785 nos.

2461 821 2893 879 VERSICULUS
2944 824 2997 877 1.

2007 913 2131 969 252.
2181 914 2582 982 Αρρτορίηψιοι
2634 913 2945 981 deprecatio
2995 928 3114 966 mea
3165 913 3217 966 in
3279 925 3508 973 conspe-

1935 1010 2024 1055 ctu
2058 1011 2168 1059 tuo.
2206 1002 2467 1066 Domine;
2494 999 2651 1069 juxta
2676 1001 2945 1071 eloquium
2982 1010 3133 1054 tuum
3164 1001 3234 1055 da
3260 1000 3397 1054 mihi
3427 1000 3510 1053 in-

1938 1092 2239 1147 tellectum.

2458 1181 2890 1239 vensrcuws
2923 1182 2981 1236 2.
3064 1245 3070 1251 _

2005 1272 2170 1328 Intret
2215 1273 2511 1344 postulatio
2572 1290 2691 1328 mea
2762 1275 2814 1328 in
2843 1282 3137 1342 conspectu
3168 1281 3293 1337 tuo,
3322 1272 3507 1326 Domi-

1934 1380 2022 1428 ne.
2055 1366 2352 1419 secundum
2381 1365 2658 1435 eloquium
2696 1374 2846 1420 tuum
2879 1365 3028 1435 eripe
3060 1378 3166 1419 me.

2071 1454 2279 1509 Gloria.
2316 1457 2379 1511 Et
2409 1472 2573 1513 nunc.
3113 1454 3357 1510 Mariale.

1998 1548 2099 1615 Qui
2133 1563 2231 1617 pro
2263 1550 2418 1604 nobis
2483 1565 2549 1606 ex
2596 1548 2818 1621 Virgine
2866 1549 3081 1617 genitus
3114 1562 3199 1612 es,
3243 1539 3503 1617 benigne.

1930 1652 1986 1697 et
2045 1643 2273 1698 tolerata
2306 1643 2489 1699 crucis
2542 1653 2719 1698 morte
2751 1652 2980 1698 mortem
3010 1641 3213 1704 vicisti,
3249 1650 3303 1695 et
3332 1641 3501 1695 veluti

1928 1732 2071 1789 Deus
2094 1775 2110 1799 ,
2140 1735 2519 1790 demonstrasti
2571 1735 3031 1791 resurrectionem
3061 1770 3079 1796 ,
3110 1748 3178 1786 ne
3231 1732 3501 1802 despicias

1926 1824 2067 1895 quos
2099 1843 2259 1882 manu
2292 1840 2379 1882 tua
2417 1826 2695 1893 formasti;
2735 1829 2984 1891 ostende,
3024 1824 3356 1890 misericors,
3403 1822 3497 1876 be-

254 1911 506 1987 ιλεῆμον.
532 1918 690 1985 Δέξαι
714 1921 813 1993 τὴν
837 1921 1100 1975 τεκοῦσαν
1117 1939 1174 1974 σε
1190 1922 1467 1984 Θεοτόκον,
1495 1922 1826 1992 πρεσϐεύου-
1857 1896 1900 1955 Β

1857 1896 1900 1955 Β
1928 1920 2274 1975 nellcentiam
2318 1930 2489 1976 tuam.
2520 1919 2747 1989 Suscipe
2796 1927 2945 1973 tuam
2986 1917 3315 1975 Genitricem
3340 1954 3357 1980 ,
3396 1929 3498 1985 pro

254 2024 357 2062 σαν
388 2010 529 2081 ὑπὲρ
558 2013 736 2084 ήμῶνο
780 2015 873 2067 καὶ
906 2014 1097 2077 σῶσον,
1136 2012 1510 2086 Σῶτερήμῶν,
1534 2013 1661 2067 λαὸν
1688 2015 1824 2069 ἀπε-

256 2102 591 2172 γνωσμένον.

317 2195 408 2265 Μὴ
423 2195 487 2266 δὴ
546 2195 840 2268 παραδώῃς
874 2199 1021 2267 ἡμᾶς
1051 2200 1130 2261 εἰς
1156 2197 1305 2261 τέλος
1328 2198 1414 2252 διὰ
1451 2200 1512 2253 τὸ
1542 2199 1818 2270 ὅνομάσου

248 2285 310 2339 τὸ
340 2287 516 2354 ἅγιον·
543 2286 637 2340 καὶ
681 2286 755 2358 μὴ
776 2288 1135 2360 διασκεδὰσῃς
1161 2290 1261 2360 την
1288 2289 1550 2361 διαθήκην
1581 2307 1693 2349 σου.
1726 2291 1821 2344 καὶ

252 2377 327 2447 μὴ
373 2378 690 2452 ἀποστήσῃς
740 2380 802 2432 τὸ
828 2380 975 2445 ἔλεός
1007 2398 1100 2435 σου
1146 2381 1421 2453 ἀφ’ήμῶν
1454 2383 1523 2436 δι’
1574 2381 1820 2453 Ἀϐραὰμ

247 2469 338 2521 τὸν
376 2470 730 2541 ἠγαπημένον
777 2474 881 2526 ὑπὸ
910 2472 1028 2535 σοῦ,
1058 2474 1152 2527 καὶ
1175 2472 1265 2527 διὰ
1308 2474 1489 2528 Ἰσαὰκ
1513 2475 1604 2527 τὸν
1635 2473 1819 2528 δοῦλόν

248 2577 365 2626 σου,
396 2563 489 2615 καὶ
523 2564 737 2636 Ἰσραὴλ
771 2567 860 2618 τὸν
878 2567 1030 2634 ἅγιόν
1057 2583 1172 2619 σου.

314 2656 630 2726 Τρισάγιον,
698 2658 948 2726 Παναγία
1012 2658 1203 2729 Τριὰς,
1251 2659 1432 2731 Πάτερ
1478 2659 1656 2730 ἡμῶν.
1707 2661 1817 2714 Καὶ

242 2752 291 2803 εί
316 2751 417 2820 μὲν
450 2751 593 2806 ἐστιν
618 2752 799 2827 ἑορτὴ,
820 2753 943 2822 λέγε
974 2754 1034 2807 τὸ
1068 2753 1349 2821 κοντὰκιον
1382 2753 1571 2823 αὐτῆς·
1593 2755 1641 2806 εἰ
1665 2753 1710 2807 δ’
1731 2752 1815 2817 οὓ,

244 2860 421 2897 ταυτα

306 3026 531 3079 Βλέπων
574 3028 602 3079 6
673 3026 875 3099 λῃστὴς
945 3025 1037 3079 τὸν
1092 3024 1333 3096 ἀρχηγὸν
1380 3024 1483 3093 τῆς
1530 3022 1677 3093 ζωῆς
1722 3026 1813 3078 ἐπὶ

238 3119 476 3192 σταυροῦ
536 3120 881 3191 κρεμάμενον
935 3118 1140 3189 ελεγεν·
1195 3121 1258 3173 El
1295 3119 1369 3191 μὴ
1422 3118 1555 3183 Θεὸς
1602 3118 1812 3190 ὑπῆρχε

237 3212 545 3285 σαρκωθελς
586 3214 615 3264 6
649 3214 746 3267 σὺν
788 3214 919 3283 ἡμῖν
958 3211 1313 3281 σταυρωθεὶς,
1342 3211 1443 3264 οὐκ
1481 3210 1547 3263 ἂν
1581 3212 1610 3263 6
1665 3210 1813 3281 ἥλιος
1838 3242 1881 3299 C

234 3303 334 3365 τὰς
355 3305 577 3364 ἀκτῖνας
602 3300 995 3370 ὲναπέκρυψεν,
1022 3299 1139 3351 οὐδὲ
1159 3302 1193 3370 ἡ
1221 3299 1289 3368 γῆ
1312 3300 1562 3369 σειομένη
1590 3300 1815 3368 ὲκυμαί-

234 3407 376 3443 νετο·
416 3390 533 3443 ἀλλ’
561 3391 590 3441 6
615 3390 831 3443 πάντων
857 3373 1203 3459 ἁνεγόμενος,
1241 3388 1509 3461 μνησθητί
1546 3407 1671 3460 μου,
1700 3390 1807 3443 Κύ-

236 3499 342 3553 ριε,
374 3480 431 3535 ἐν
452 3483 519 3552 τῇ
545 3480 790 3555 βασιλείᾳ
811 3498 923 3536 σου.

374 3574 529 3640 Δόξα.

314 3667 405 3719 Ἐν
450 3666 600 3737 μέσῳ
644 3666 737 3719 δύο
794 3666 1006 3737 λῃστῶν
1033 3666 1195 3735 ζυγὸς
1223 3666 1570 3737 δικαιοσύνης
1610 3666 1807 3738 εὑρέθη

1922 2011 2079 2067 nobis
2106 2012 2516 2080 deprecantem;
2544 2022 2596 2067 et
2629 2013 2839 2067 salvum
2876 2011 2979 2074 fac.
3006 2009 3257 2064 Salvator
3285 2018 3497 2074 noster,

1922 2103 2175 2174 populum
2206 2104 2567 2173 proﬂigatum.

1992 2199 2073 2253 Ne
2102 2198 2284 2251 tradas
2313 2197 2483 2251 nosin
2523 2196 2706 2261 linem,
2760 2205 2981 2266 propter
3028 2209 3222 2249 nomen
3246 2202 3490 2248 sanctum

1924 2298 2095 2352 ιιιιιιιι,
2131 2297 2186 2342 et
2222 2302 2287 2341 ne
2310 2288 2595 2357 disperdas
2649 2295 3035 2341 testamentum
3098 2296 3267 2349 tuum,
3319 2293 3375 2339 et
3424 2299 3492 2339 ne

1922 2389 2138 2433 avertas
2165 2379 2602 2435 misericordiam
2630 2388 2774 2432 tuam
2806 2392 2837 2432 a
2868 2377 3055 2444 nobis,
3084 2386 3303 2446 propter
3325 2378 3495 2431 Abrae

1922 2474 2043 2527 ham
2077 2472 2331 2526 dilectum
2359 2481 2529 2535 tuum,
2562 2482 2616 2526 et
2644 2480 2865 2541 propter
2892 2470 3040 2525 Isaac
3094 2482 3310 2523 servum
3339 2476 3489 2521 tuum

1920 2573 1972 2617 et
1999 2562 2161 2616 Israel
2187 2572 2431 2617 sanctum
2456 2570 2631 2616 tuum.

1988 2655 2114 2712 255.
2177 2653 2513 2725 Trisagium,
2575 2653 2931 2709 Sanctissima
2992 2650 3263 2715 Trinitas,
3326 2648 3493 2703 Pater

1920 2762 2124 2804 noster.
2205 2749 2308 2813 Et,
2364 2749 2408 2803 si
2452 2750 2567 2803 (lies
2626 2747 2796 2801 festus
2854 2748 2968 2808 sit,
3037 2745 3125 2799 dic
3182 2744 3299 2812 ejus
3350 2758 3485 2797 con-

1917 2843 2149 2906 tacium;
2204 2843 2249 2897 si
2294 2851 2472 2896 autem
2514 2839 2817 2895 contacium
2866 2852 2969 2893 non
3026 2838 3117 2900 sit,
3157 2836 3269 2890 haec
3298 2836 3487 2888 dican-

1915 2942 2002 2987 tur
2034 2954 2048 2989 :

1987 3026 2188 3082 Videas
2251 3026 2393 3081 latro
2432 3035 2709 3081 auctorem
2738 3025 2861 3078 νίιω
2892 3024 3215 3093 pendentem
3243 3037 3273 3077 e
3301 3035 3482 3083 cruce.

1914 3117 2087 3172 dixit:
2125 3117 2181 3171 Si
2214 3133 2317 3172 non
2350 3127 2493 3173 esset
2522 3132 2742 3171 carnem
2776 3116 2999 3169 indutus
3024 3113 3188 3177 Deus,
3236 3112 3329 3181 qui
3388 3126 3487 3166 no-

1915 3212 2122 3267 biscum
2179 3212 2231 3265 in
2290 3225 2509 3265 crucem
2554 3220 2710 3264 actus
2735 3218 2844 3268 est.
2887 3222 2991 3261 non
3018 3205 3375 3261 absconderet
3404 3205 3486 3259 sol

1920 3305 2102 3358 radios
2134 3317 2262 3358 suos
2289 3342 2305 3367 ,
2338 3315 2515 3371 neque
2546 3316 2804 3356 succussa
2844 3311 2984 3354 terra
3037 3298 3363 3353 ﬂuctuaret:
3396 3311 3483 3351 er-

1914 3410 1982 3465 go
2011 3394 2099 3464 qui
2129 3395 2244 3449 hac
2272 3403 2466 3449 cuncta
2495 3393 2755 3457 sustines,
2788 3402 3061 3446 memento
3092 3391 3195 3445 mei
3234 3392 3285 3444 in
3320 3406 3485 3462 regno

1915 3500 2027 3544 tuo.

2050 3577 2255 3636 Gloria.

1982 3670 2037 3725 lu
2084 3672 2261 3727 medio
2300 3671 2572 3725 latronum
2624 3668 2724 3722 fuit
2790 3682 2920 3723 crux
2966 3677 3090 3733 tua,
3121 3666 3284 3721 veluti
3345 3665 3484 3722 libra

231 3760 262 3813 6
291 3759 523 3828 σταυρὸς
558 3775 671 3812 σου·
712 3757 807 3812 τοῦ
864 3760 961 3827 μὲν
1014 3760 1385 3829 καταγομένου
1432 3762 1511 3822 εἰς
1552 3758 1683 3829 ᾅδην
1732 3760 1807 3830 τῷ

1904 3762 2168 3833 justitim;
2201 3763 2376 3815 altero
2419 3760 2637 3829 quidem
2696 3758 2954 3828 depresso
2989 3758 3055 3811 ad
3115 3755 3319 3833 inferos
3369 3769 3480 3824 pra!

235 3846 391 3917 βάρει
419 3845 783 3919 βλασφημίας·
818 3844 911 3898 τοῦ
940 3846 995 3899 δὲ
1030 3846 1418 3917 κου’,ςιζομένου
1449 3847 1806 3918 πταισμάτων

1909 3852 2147 3920 pondere
2200 3852 2540 3920 impietatis;
2596 3849 2769 3903 altero
2828 3857 3010 3903 autem
3072 3848 3248 3902 levato
3308 3848 3476 3916 lapsi-

232 3938 369 4011 πρὸς
388 3938 587 4007 γνῶσιν
624 3938 919 4008 θεολογίας.
947 3940 1148 4011 Χριστὲ
1184 3939 1214 3991 6
1240 3938 1388 4003 Θεὸς,
1413 3940 1536 4004 δόξα
1570 3957 1671 3994 σοι.

373 4118 484 4172 Καὶ
514 4116 627 4170 νῦν.

300 4210 405 4263 Τὸν
441 4210 655 4279 Ἀμνὸν,
703 4210 795 4263 καὶ
852 4209 1113 4281 Ποιμένα,
1160 4211 1253 4262 καὶ
1317 4210 1546 4282 Σωτῆρα
1582 4210 1677 4264 τοῦ
1719 4213 1806 4265 x6-

232 4321 391 4375 σμου,
436 4304 493 4354 ὲν
519 4301 596 4373 τῷ
635 4301 848 4373 σταυρῷ
882 4300 1161 4373 θεωροῦσα
1189 4304 1221 4372 ἡ
1258 4302 1511 4365 τεκοῦσα,
1540 4303 1689 4371 ἔλεγε
1717 4305 1804 4357 δα-

230 4395 494 4466 κρύουσα·
537 4394 594 4442 ’0
627 4394 725 4465 μὲν
772 4394 972 4463 κόσμος
1007 4393 1317 4461 ἀγάλλεται,
1367 4392 1651 4465 δεχόμενος
1704 4395 1801 4466 τὴν

228 4484 518 4556 λύτρωσιν’
563 4484 633 4539 τὰ
669 4485 725 4538 δὲ
778 4483 1057 4552 σπλάγχνα
1104 4502 1205 4553 μου
1243 4486 1550 4554 φλέγονται,
1588 4484 1800 4557 ὁρώσης

1908 3944 2051 4006 bus,
2109 3941 2176 3996 ad
2238 3942 2332 3995 Dei
2387 3942 2772 4013 cognitionem.
2823 3941 3011 3997 Gloria
3069 3941 3166 3997 tibi
3198 3981 3214 4007 ,
3260 3940 3479 3996 Christe

1907 4036 2067 4090 Deus.

2050 4127 2117 4182 Et
2147 4142 2309 4182 nunc.

1972 4220 2206 4288 Agnum,
2260 4228 2315 4273 et
2348 4217 2669 4283 Pastorem,
2698 4228 2753 4273 et
2787 4218 3135 4273 Servatorem
3203 4215 3386 4269 mundi
3420 4215 3475 4267 in

1904 4326 2066 4367 cruce
2094 4312 2286 4366 videns
2325 4310 2517 4376 Mater,
2574 4312 2790 4366 dicebat
2847 4310 3155 4381 lacryuians
3196 4327 3209 4362 :
3243 4306 3476 4361 Mundus

1901 4402 2119 4473 quidem
2140 4402 2377 4458 exsultat
2394 4402 2669 4470 accipiens
2697 4402 3154 4467 redemptionem;
3192 4401 3285 4455 sed
3310 4414 3465 4453 urun-

1903 4502 1992 4547 tur
2021 4495 2222 4548 viscera
2248 4509 2388 4559 mea,
2414 4505 2691 4564 speetante
2714 4494 3142 4559 cruciﬁxiouem,
3169 4506 3351 4562 quam,
3383 4506 3473 4548 me

227 4576 327 4649 τὴν
351 4578 679 4647 σταύρωσιν,
715 4576 782 4648 ἣν
820 4577 961 4646 ὑπὲρ
997 4577 1211 4629 πάντων
1238 4579 1553 4650 ὑπομένεις,
1592 4580 1621 4632 6
1674 4579 1799 4643 Υἱὸς
1828 4600 1873 4655 ι)

1354 4579 1553 4650 μένεις.
1592 4580 1621 4632 ό
1674 4579 1799 4643 Υἱὸς
1828 4600 1873 4655 ι)
1907 4586 2005 4641 Fili
2039 4584 2109 4639 mi
2129 4595 2183 4640 et
2213 4584 2378 4653 Deus,
2410 4602 2507 4655 pro
2532 4585 2782 4642 erunibus
2804 4586 3024 4656 pateris.

228 4667 322 4726 καὶ
342 4666 474 4729 θεός
507 4684 627 4738 μου.

300 4760 497 4830 Κύριε,
530 4759 768 4830 ἐλέησον.
819 4768 892 4833 μ’.
964 4760 1025 4816 '0
1054 4762 1111 4814 ὲν
1155 4762 1318 4813 παντὶ
1351 4764 1528 4835 καιρῷ
1560 4766 1655 4819 καὶ
1686 4764 1788 4819 πά-

1962 4761 2213 4828 Domme,
2256 4764 2549 4828 miserere,
2602 4766 2946 4835 quadragies.
2993 4763 3094 4831 Qui
3148 4766 3291 4819 omni
3333 4775 3468 4819 tem-

228 4868 297 4928 σῃ
354 4851 495 4924 ὥρᾳ.
552 4850 722 4919 Κύριε
771 4851 1013 4925 ἐλέησον.
1064 4860 1135 4923 γ’.
1184 4852 1339 4917 Δόξα.
1376 4856 1483 4908 Καὶ
1528 4854 1642 4910 νῦν.
1679 4856 1789 4927 Τὴν
1891 4870 1898 4923 ι

1891 4868 2022 4923 pore
2071 4866 2125 4910 et
2186 4855 2332 4909 omni
2390 4855 2543 4909 hora.
2576 4856 2825 4919 Domine.
2874 4857 3155 4921 miserere,
3209 4867 3307 4909 ter.
3339 4855 3466 4913 Clo-

222 4943 575 5015 τιμιωτέραν.
611 4942 698 4996 Ἐν
733 4942 955 5013 ὀνόματι
980 4946 1204 5016 Κυρίου,
1250 4943 1562 5017 εὐλόγησον,
1589 4946 1787 5019 Πάτερ.

237 5040 294 5092 Ὀ
327 5036 524 5109 ἱερεύς·
588 5038 646 5090 ὐ
694 5036 826 5100 Θεὸς
864 5038 1201 5109 οἱκτειρήσαι
1237 5040 1401 5109 ἡμᾶς.
1432 5040 1541 5093 Καὶ
1576 5042 1623 5093 εί
1674 5040 1787 5093 ἐστι

223 5130 662 5202 τεσσαρακοστὴ,
695 5130 793 5194 τὰς
826 5129 974 5197 τρεῖς
1020 5130 1262 5199 μεγάλας
1307 5134 1589 5201 μετανοίας
1642 5150 1789 5205 ποιη-

222 5222 361 5273 τέον.

1897 4950 1997 5005 ria.
2033 4950 2099 5005 Et
2130 4964 2291 5007 nunc.
2326 4948 2727 5007 Excelsiorem.
2758 4951 2813 5005 In
2852 4953 3069 5006 nomine
3098 4951 3331 5016 Domini,
3374 4951 3465 5006 be-

1896 5043 2085 5103 nedic,
2118 5040 2299 5095 Pater.
2341 5042 2607 5097 Sacerdos
2642 5061 2655 5095 :
2695 5043 2834 5097 Deus
2888 5044 3213 5097 misereatur
3268 5046 3460 5098 nostri.

1897 5134 1982 5198 Et,
2010 5134 2055 5187 si
2085 5134 2155 5189 sit
2178 5132 2633 5203 Quadragesima,
2662 5132 2922 5190 facienda:
2964 5147 3090 5190 sunt
3118 5145 3229 5192 tres
3256 5152 3461 5205 magnae

1897 5230 2236 5283 reverentia.

1515 5421 1869 5481 MESORlUM
1907 5420 2138 5478 ΝΟΝᾸΞ.

288 5591 380 5656 Τὸ,
404 5589 594 5657 Δεῦτε,
650 5594 1137 5665 προσκυνήσωμεν,
1160 5601 1229 5663 γ’.
1254 5597 1363 5649 Καὶ
1392 5601 1438 5651 οἱ
1504 5598 1705 5670 ψαλμοί
1756 5603 1785 5654 6

222 5684 342 5757 ptG’,
396 5685 621 5747 Αἰνεῖτε,
656 5685 862 5751 παῖδες,
910 5687 1146 5758 Κύριονο
1187 5689 1279 5741 καὶ
1323 5692 1352 5742 6
1399 5690 1463 5755 θ’,
1503 5690 1782 5761 Ἐξομολο-

215 5774 456 5846 γὴσομαί
485 5789 590 5836 σοι,
637 5774 829 5845 Κύριε,
872 5778 929 5830 ἐν
956 5778 1048 5850 ὅλῃ
1094 5781 1291 5852 καρδίᾳ
1339 5800 1467 5851 μου.
1505 5783 1592 5837 καὶ
1642 5785 1775 5856 pm.

230 5868 444 5933 Ἐξέλου
476 5882 567 5934 με,
594 5866 785 5936 Κύριε,
814 5870 871 5936 ἐξ
904 5871 1187 5943 ἀνθρώπου
1223 5876 1477 5945 πονηροῦ.

1964 5598 2092 5655 255.
2130 5597 2321 5654 Venite
2372 5600 2699 5665 adoremus,
2768 5609 2876 5663 ter;
2921 5608 2975 5653 et
3026 5598 3260 5668 psalmus
3320 5612 3451 5663 can,

1892 5688 2151 5756 Laudate,
2188 5690 2361 5759 pueri,
2400 5689 2685 5743 Dominum
2717 5708 2729 5744 :
2762 5700 2812 5743 et
2867 5704 2945 5752 Ix,
2996 5688 3272 5745 Conﬁteor
3322 5690 3451 5753 tibi,

1890 5782 2136 5847 Domine,
2164 5784 2217 5836 in
2268 5791 2381 5835 toto
2413 5784 2575 5837 corde
2614 5798 2733 5839 tneo
2764 5804 2775 5838 :
2808 5791 2862 5837 ct
2890 5798 3113 5851 cxxxtx,
3149 5780 3309 5853 Eiipc
3341 5798 3447 5847 me,

1888 5876 2130 5942 Domine,
2158 5877 2223 5933 ab
2252 5877 2465 5932 nomine
2498 5879 2658 5931 malo.
