4230 6498
738 447 1033 489 εςιιιιιιν

2095 431 2619 489 Ρηυιεϐοδιεω.

809 550 1018 610 Chorus
1070 556 1306 612 caelestis
1372 557 1611 613 celebrat
1644 567 1716 621 te,
1752 565 1807 612 et
1831 555 1963 611 dicit
1999 558 2291 616 :Sanctns.
2325 565 2371 620 Α
2464 557 2479 607 1

2325 565 2371 620 Α
2464 553 2636 625 χορὸς
2687 554 2715 604 ὁ
2765 548 3077 620 ἐπουράνιος
3111 544 3269 615 ὑμνεῖ
3305 560 3384 605 σε,
3422 539 3514 594 καὶ
3543 538 3710 607 λέγει’
3762 540 3967 610 Ἄγιος.

738 655 981 713 sanctus,
1009 660 1253 716 sanctus,
1280 650 1537 706 Dominus
1562 651 1835 715 Sabaoth;
1861 648 2004 719 pleni
2034 658 2160 707 sunt
2181 648 2302 705 cteli

738 747 796 792 et
830 747 970 794 terra
1007 741 1193 811 gloria:
1225 753 1347 799 tuae.

893 832 1099 891 Gloria.

807 926 1018 984 Chorus
1050 938 1358 983 sanctorum
1406 929 1716 999 angelorum
1743 933 1797 980 et
1830 925 2302 995 archangeiorum,

741 1034 862 1074 cum
905 1019 1159 1074 omnibus
1191 1018 1505 1074 caelestibus
1538 1018 1849 1080 virtutibus,
1880 1018 2111 1073 celebrat
2157 1024 2227 1075 te,
2251 1021 2305 1066 et

739 1109 905 1163 dicit:
929 1108 1185 1175 Sanctus,
1208 1119 1451 1176 sanctus,
1482 1121 1720 1169 sanctus,
1756 1108 2012 1162 Dominus
2044 1104 2302 1169 Sabaoth;

740 1201 883 1271 pleni
914 1211 1041 1256 sunt
1074 1202 1199 1258 coeli
1231 1214 1287 1257 et
1312 1212 1458 1257 terra
1500 1203 1683 1274 gloriae
1724 1209 1849 1256 tuae.

880 1293 947 1349 Et
973 1309 1133 1349 nunc.

2410 648 2580 716 ἅγιος,
2605 647 2779 713 ἅγιος,
2807 640 3008 711 Κύριος
3039 636 3263 692 Σαὸαώθ
3284 652 3299 667 ο
3328 637 3539 708 πλήρης
3564 634 3593 686 ὀ
3623 632 3851 702 οὐρανὸς
3881 636 3971 687 καὶ

2410 742 2443 810 ἡ
2476 740 2545 808 γῆ
2578 736 2679 806 τῆς
2708 734 2863 805 δόξης
2891 749 3008 787 σου.

2552 829 2710 895 Δόξα.

2478 919 2651 991 Χορὸς
2694 920 2862 988 ἁγίων
2924 915 3165 983 ἀγγέλων
3195 911 3290 966 καὶ
3316 909 3664 981 ἀρχαγγέλων
3705 901 3842 977 μετά
3866 918 3969 953 πακ

2411 1009 2519 1064 σῶν
2541 1009 2650 1062 τῶν
2680 1006 3013 1081 ἐπουρανίων
3056 1004 3335 1075 δυνάμεων
3358 1001 3515 1070 ὑμνεί
3561 1016 3641 1062 σε,
3682 996 3775 1050 καὶ
3800 991 3966 1058 λέγει·

2413 1104 2620 1170 Ἀγιος,
2670 1079 2858 1168 ἀγιος,
2911 1100 3093 1168 ἅγιος,
3147 1096 3349 1168 Κύριος
3402 1089 3656 1144 nemo
3699 1087 3909 1157 πλήρης
3940 1079 3968 1130 ὁ

2412 1193 2638 1264 οὐρανὸς
2666 1193 2757 1246 καὶ
2786 1195 2819 1261 ἡ
2848 1194 2918 1265 γῆ
2947 1192 3045 1263 τῆς
3072 1188 3230 1258 δόξης
3260 1204 3375 1240 σου.

2554 1284 2663 1338 Καὶ
2712 1282 2826 1338 νῦν.

808 1404 933 1478 260.
970 1404 1067 1459 llic
1103 1407 1362 1461 recitatur
1408 1404 1707 1478 symbolum
1743 1401 2039 1463 Niemnum,
2074 1413 2245 1468 coque
2276 1397 2426 1454 linito
2457 1395 2654 1452 dicitur
2682 1409 2914 1461 sequens
2940 1389 3197 1463 precatio,
3222 1389 3308 1442 cui
3339 1382 3513 1442 oratio
3537 1378 3814 1437 Dominica
3843 1374 3968 1433 sub-

740 1477 998 1532 nectitur.

808 1593 1082 1656 Remitte.
1146 1596 1389 1661 dimitte,
1439 1594 1724 1671 condona,
1774 1593 1937 1656 Deus,
2008 1598 2224 1662 peccata
2276 1604 2307 1641 a
2338 1592 2383 1653 Β

742 1687 899 1741 nobis
935 1688 1193 1749 admissa,
1226 1698 1333 1740 tam
1366 1686 1534 1741 libere
1564 1702 1724 1756 quam
1755 1694 1977 1749 coaete,
2010 1695 2114 1737 tam
2143 1696 2305 1749 opere

740 1794 901 1846 qttam
933 1792 1204 1841 sermone,
1241 1790 1347 1831 tam
1378 1777 1617 1833 scienter
1645 1790 1806 1846 quam
1841 1776 2156 1836 inscienter,
2189 1781 2297 1824 tam

742 1878 899 1925 nocte
930 1885 1093 1939 quam
1121 1871 1351 1925 interdiu
1374 1912 1390 1937 ,
1418 1881 1526 1924 tam
1553 1879 1728 1923 mente
1758 1882 1917 1937 quam
1956 1882 2118 1920 sensu
2143 1882 2156 1931 ;
2189 1879 2305 1917 om-

740 1963 826 2016 nia
895 1964 1052 2018 nobis
1116 1964 1405 2027 condona,
1454 1970 1511 2015 ut
1568 1960 1742 2015 bonus
1804 1969 1966 2027 atque
2027 1956 2303 2012 hominum

740 2069 950 2106 amans.

810 2144 877 2198 Et
930 2145 974 2199 si
1039 2145 1180 2215 quod
1214 2143 1409 2199 festum
1458 2144 1670 2199 Domini
1702 2140 2028 2202 celebretur,
2074 2138 2305 2195 dicimus

739 2238 854 2303 eius
880 2238 1181 2291 contacium
1210 2251 1225 2290 :
1254 2238 1298 2290 si
1322 2246 1500 2291 autem
1526 2251 1648 2290 cum
1670 2249 1734 2288 eo
1761 2240 2053 2289 concurrat
2084 2244 2307 2288 sanctus

739 2328 1110 2393 celebrandas,
1142 2330 1291 2396 prius
1347 2328 1544 2381 dicitur
1575 2326 1748 2381 sancti
1780 2324 2088 2400 contacium
2113 2364 2129 2388 ,
2170 2324 2307 2379 Glo-

740 2423 840 2487 ria,
880 2419 947 2473 Et
978 2434 1116 2474 nunc
1143 2437 1155 2486 ;
1186 2420 1421 2489 (postea)
1467 2419 1772 2472 contacium
1813 2416 1956 2472 festi.
1990 2415 2047 2469 Si
2082 2415 2304 2470 Alleluia

737 2524 1012 2566 cantatum
1066 2511 1265 2577 fuerit,
1312 2512 1390 2565 vel
1429 2527 1532 2565 non
1580 2511 1647 2565 sit
1705 2509 1900 2564 festum
1941 2507 2191 2571 Domini,
2222 2506 2307 2560 dic

737 2606 912 2676 primo
966 2606 1275 2660 contacium
1329 2602 1879 2675 Transiiguratiouis,
1922 2601 2115 2655 deinde
2161 2597 2301 2662 diei;

738 2697 872 2752 feria
925 2697 1159 2752 secunda
1226 2698 1670 2764 Iucorporeorum
1720 2694 2052 2750 contacium.
2099 2690 2300 2746 Gloria.

738 2790 870 2843 Cum
906 2790 1106 2843 sanctis
1144 2790 1304 2850 dona,
1331 2787 1564 2841 Christe.
1611 2786 1675 2838 Et
1706 2800 1867 2837 nunc.
1924 2781 2111 2835 Tutela
2146 2778 2304 2833 Citri-

738 2882 1060 2933 stianorum.
1095 2877 1357 2932 Similiter
1389 2877 1547 2935 tertia
1574 2877 1709 2930 feria
1739 2873 2044 2929 contacium
2075 2886 2301 2941 praecur-

737 2971 878 3023 suris
910 2979 964 3024 et
989 2968 1265 3036 deinceps.

2483 1587 2661 1650 Ἀνες,
2704 1586 2859 1654 ἄφες,
2929 1582 3297 1654 συγχώρησον,
3329 1578 3357 1628 ὁ
3387 1574 3538 1635 Θεὸς,
3569 1568 3636 1622 τά
3673 1563 3970 1635 παραπτώ-

2411 1696 2553 1753 ματι
2589 1678 2766 1749 ἡμῶν.
2799 1677 2867 1730 τὰ
2895 1674 3114 1727 ἑκουσία
3148 1671 3237 1726 οιαὶ
3272 1667 3340 1721 τὰ
3364 1663 3611 1725 ἀκούσια,
3640 1658 3791 1753 τὰμὲν
3824 1655 3969 1725 ἔργῳ

2407 1751 2499 1827 παὶ
2536 1772 2697 1842 λόγῳ.
2737 1771 2804 1824 τὰ
2834 1772 2891 1822 ἐν
2915 1765 3111 1836 γνώσει
3139 1766 3233 1819 καὶ
3269 1767 3325 1817 ὲν
3367 1757 3577 1827 ἀγνοίᾳ,
3620 1753 3689 1806 τὰ
3712 1752 3769 1803 ὲν
3816 1751 3971 1803 νυκτὶ

2407 1864 2498 1920 καὶ
2542 1865 2599 1915 ὲν
2628 1866 2831 1936 ἡμέρα,
2860 1861 2926 1914 τὰ
2972 1857 3112 1913 κατά
3137 1858 3261 1910 νοῦν
3291 1856 3383 1911 καὶ
3422 1852 3675 1906 διάνοιαν
3699 1844 3770 1898 τά
3794 1843 3969 1897 πάντα

2407 1958 2535 2029 ἡμῖν
2562 1956 2934 2028 συγχώρησον,
2960 1953 3035 2017 ὡς
3066 1949 3265 2020 ἀγαθὸς
3292 1948 3386 2004 καὶ
3417 1943 3815 2018 φιλάνθρωπυςο

2476 2129 2587 2183 Καὶ
2641 2134 2689 2184 εί
2744 2131 2842 2201 μὲν
2885 2130 3000 2184 ἔστι
3058 2126 3358 2195 Δεσποτικὴ
3393 2122 3572 2195 ἑορτὴ,
3640 2120 3872 2191 λέγομεν
3911 2115 3972 2169 τὸ

2404 2221 2605 2293 ταύτης
2627 2224 2926 2276 κοντάκιονο
2951 2222 3067 2276 είδὲ
3099 2220 3250 2289 τύχοι
3281 2218 3375 2270 καὶ
3405 2216 3557 2283 ἀγιος
3588 2212 3970 2285 ὲορταζόμενος

2406 2315 2464 2368 ὲν
2495 2315 2684 2385 ταύτῃ,
2720 2314 2934 2383 λέγεται
2972 2315 3185 2385 πρῶτον
3212 2311 3273 2366 τὸ
3302 2308 3394 2364 τοῦ
3435 2307 3612 2376 ἁγίουο
3647 2303 3803 2369 Δόξα*
3862 2298 3971 2351 Καὶ

2406 2402 2519 2457 νῦν
2555 2405 2784 2478 (ἔπειτα)
2806 2407 2867 2460 τὸ
2898 2407 2997 2477 τῆς
3023 2406 3230 2477 ἑορτῆς.
3260 2403 3323 2458 Et
3346 2402 3389 2455 δ’
3417 2397 3726 2469 Ἀλληλούῑα
3752 2389 3968 2460 Elia-“0.

2405 2497 2565 2567 ἢούκ
2614 2498 2728 2553 ἔστι
2775 2500 3079 2571 Δεσποτικὴ
3131 2497 3312 2569 ἑορτὴ,
3352 2494 3478 2560 λέγε
3511 2490 3724 2562 πρῶτον
3769 2482 3831 2536 τὸ
3874 2480 3969 2539 τῆς

2405 2592 2913 2664 Μεταμορφώσεως,
2964 2588 3080 2644 εἶτα
3117 2591 3177 2643 τὸ
3205 2590 3304 2657 ’τῆς
3356 2585 3587 2656 ἡμέρας
3631 2583 3697 2651 τῇ
3746 2576 3971 2646 δευτέρᾳ

2405 2682 2513 2737 τῶν
2549 2684 2892 2754 Ἀσωμάτων.
2930 2682 3083 2745 Δόξα.
3118 2679 3268 2733 Μετὰ
3302 2677 3408 2730 τῶν
3442 2675 3610 2743 ἁγίων
3638 2670 3967 2728 ἀνάπαυσον,

2405 2778 2623 2848 Χριστέ.
2650 2777 2759 2830 Καὶ
2790 2775 2903 2829 νῦν.
2935 2772 3375 2847 Προστασίαιτῶν
3397 2766 3752 2842 Χριστιανῶν.
3790 2759 3972 2816 Ὠσαύο

2409 2885 2514 2933 τως
2545 2871 2611 2941 τῇ
2640 2869 2799 2941 τρίτῃ
2820 2868 2912 2922 τοῦ
2935 2867 3263 2940 προδρόμου,
3297 2864 3392 2918 καὶ
3416 2859 3668 2932 καθεξῆς.

807 3085 933 3141 261.
963 3084 1088 3141 ﬂare
1119 3096 1301 3140 autem
1334 3083 1578 3140 eontaeia
1609 3084 1661 3138 in
1695 3081 1983 3153 Horologio
2018 3081 2229 3152 integra
2262 3074 2655 3147 subjiciuntur,
2694 3078 2793 3129 hoc
2827 3076 3001 3128 modo.

1088 3199 1402 3255 Contacium
1429 3198 1957 3270 Transﬁgurationis.

809 3291 863 3344 In
921 3300 1103 3345 monte
1152 3290 1571 3357 transfiguratus
1635 3305 1734 3353 es,
1771 3290 1987 3343 Christe
2039 3290 2180 3341 Deus
2211 3302 2223 3336 :
2254 3292 2307 3337 et

738 3397 998 3451 quantum
1028 3395 1254 3451 capaces
1293 3390 1451 3434 erant
1492 3381 1743 3450 discipuli
1781 3380 1880 3442 tui,
1914 3379 2165 3431 viderunt
2192 3375 2306 3444 glo-

743 3477 875 3530 riam
935 3484 1116 3543 tuam,
1150 3484 1209 3529 ut
1248 3475 1464 3543 quando
1500 3482 1551 3527 te
1589 3480 1880 3527 cernerent
1925 3469 2194 3525 sublatum
2254 3468 2305 3521 in

740 3582 983 3636 crucem,
1016 3577 1308 3623 nosseutte
1335 3567 1385 3621 id
1418 3567 1524 3635 pati
1557 3548 1761 3631 libere;
1794 3575 1848 3619 et
1871 3574 1928 3617 ut
1952 3563 2311 3634 pradicarent

744 3660 963 3725 mundo,
1001 3674 1123 3713 esse
1152 3668 1203 3713 te
1233 3659 1408 3712 Patris
1430 3658 1792 3727 splendorem.

809 3748 935 3803 262.
968 3748 1121 3801 Feria
1148 3764 1206 3809 ll,
1229 3748 1533 3802 contacium
1569 3735 2034 3813 tricorporeorum,
2069 3754 2226 3796 tonus
2250 3739 2305 3793 2.

813 3840 1205 3909 Archistrategi
1257 3838 1371 3906 Dei,
1414 3839 1718 3892 administri
1764 3839 1959 3893 divinae
1994 3837 2309 3907 glorire,au-

741 3932 980 3999 celerum
1037 3931 1332 3994 ductores,
1380 3939 1435 3984 et
1495 3930 1769 3998 principes
1828 3930 2305 3997 incorporeorum;

741 4024 883 4093 quod
915 4026 1188 4088 convenit,
1228 4022 1280 4075 id
1318 4023 1471 4076 uobis
1500 4022 1687 4090 petite,
1731 4031 1787 4075 et
1814 4035 2063 4090 tnaguam
2099 4017 2309 4072 miscri-

743 4116 1008 4175 cordiam.
1031 4114 1170 4170 sicut
1201 4115 1579 4183 incorporeum
1612 4113 2015 4181 archistrategi.

815 4207 941 4262 263.
975 4206 1130 4260 Feria
1159 4223 1241 4269 ιιι.
1266 4206 1573 4260 contacium
1610 4205 1979 4275 praecursoria.
2033 4202 2213 4257 Tonus
2242 4203 2308 4272 β’,

746 4303 885 4359 sicut
904 4299 984 4354 Τὰ
1023 4300 1133 4353 ἀνω
1156 4297 1352 4368 ζητῶν.

817 4393 1077 4460 PrOpheta
1139 4388 1257 4452 Dei,
1315 4395 1368 4441 et
1409 4385 1718 4440 Praecursor
1771 4384 1979 4453 gratim,
2049 4397 2081 4437 e
2138 4384 2311 4449 capite

2832 3189 2904 3240 Τὸ
2932 3188 3030 3254 τῆς
3074 3179 3579 3253 Μεταμορφώσεως.

2496 3281 2619 3334 Ἐπὶ
2646 3279 2741 3332 τοῦ
2768 3279 2927 3349 ὅρους
2978 3273 3403 3348 μετεμορφώθης
3445 3287 3457 3300 '
3495 3269 3590 3321 καὶ
3638 3266 3711 3328 ὡς
3741 3263 3974 3336 ἐχώρουν

2412 3372 2460 3425 oi
2491 3369 2728 3439 μαθηταί
2759 3384 2852 3421 σου
2884 3367 2983 3437 τὴν
3010 3366 3165 3431 δόξαν
3197 3380 3311 3424 σου,
3354 3358 3553 3433 Χριστέ
3590 3357 3619 3410 ὁ
3646 3354 3795 3420 Θεὸς,
3827 3354 3949 3409 ἐθεά

2417 3477 2595 3517 σαντο·
2624 3462 2730 3523 ἵνα,
2762 3460 2889 3513 ὅταν
2925 3474 2983 3510 σε
3011 3456 3162 3510 ῐδωσι
3205 3451 3623 3524 σταυρούμενον,
3647 3449 3708 3502 τὸ
3742 3449 3839 3519 μὲν
3873 3449 3973 3500 πά-

2416 3553 2505 3615 θος
2529 3553 2792 3622 νοήσωσιν
2834 3547 3096 3613 ἑκούσιον,
3125 3546 3204 3616 τῷ
3228 3544 3284 3597 δὲ
3316 3544 3505 3613 κόσμῳ
3534 3541 3861 3614 κηρύξωσιν,
3894 3541 3973 3594 ὅτι

2413 3645 2481 3697 σὺ
2535 3644 2799 3713 ὑπάρχεις
2841 3641 3055 3710 ἀληθῶς
3097 3638 3188 3692 τοῦ
3229 3637 3439 3708 Πατρὸς
3469 3635 3531 3688 τὸ
3564 3635 3920 3701 ἀπαύγασμα.

2484 3736 2527 3787 Τ
2530 3737 2562 3805 ᾔ
2591 3734 2634 3803 β’
2666 3734 2947 3787 κοντάκιον
2974 3733 3082 3786 τῶν
3127 3732 3451 3802 ἀσωμάτων.
3496 3726 3665 3798 Ἦχος
3705 3725 3768 3794 β’·

2496 3827 2945 3899 Ἀρχιστράτηγοι
3020 3824 3187 3889 Θεοῦ,
3241 3822 3542 3893 λειτουργοὶ
3597 3817 3743 3879 θείας
3798 3814 3973 3884 δόξης,

2413 3921 2523 3975 τῶν
2548 3920 2793 3988 ἀγγέλων
2806 3919 3009 3988 ὁδηγοὶ,
3033 3918 3127 3979 καὶ
3154 3914 3382 3985 ἀρχηγοὶ
3416 3909 3739 3979 ἀσωμάτων,
3763 3905 3824 3959 τὸ
3842 3922 3973 3974 συμ-

2418 4014 2578 4084 φέρον
2611 4015 2740 4083 ἡμῖν
2769 4009 3159 4081 πρεσϐεύσατε,
3201 4007 3293 4058 καὶ
3318 4003 3379 4056 τὸ
3409 4001 3551 4073 μέγα
3574 4000 3741 4065 ἔλεος,
3774 3998 3850 4062 ὡς
3868 3997 3975 4052 τῶν

2417 4105 2719 4174 ἀσωμάτων
2746 4100 3190 4170 ἀρχιστράτηγον..

2488 4198 2564 4264 Τῇ
2600 4192 2753 4262 τρίτῃ
2783 4190 2874 4243 τοῦ
2911 4187 3220 4259 Πρυδρόμου
3268 4200 3570 4239 κοντακιον.
3599 4177 3771 4256 Ἱξχος
3804 4178 3871 4251 β’.
3896 4177 3976 4231 Τὰ

2416 4286 2527 4340 ἀνω
2549 4283 2745 4354 ζητῶν.

2488 4373 2752 4446 Προφῆτα
2797 4368 2955 4435 Θεοῦ,
3025 4370 3120 4424 καὶ
3156 4368 3425 4440 πρόδρομε
3458 4366 3555 4435 τῆς
3596 4363 3835 4436 χάριτος,
3882 4360 3977 4430 τὴν

751 4494 864 4547 tuo,
892 4484 1035 4534 velut
1067 4478 1357 4533 sacerrima
1410 4490 1528 4529 rosa
1553 4516 1567 4540 ,
1599 4475 1649 4527 in
1682 4487 1821 4529 terra
1855 4475 2098 4539 invento,
2127 4475 2311 4529 mede-
2344 4462 2391 4522 Β
2419 4488 2421 4493 ’

2305 4505 2311 4513 -
2344 4462 2391 4522 ι)
2419 4467 2593 4536 κάραν
2646 4463 2743 4533 τὴν
2784 4462 2902 4532 σὴν,
2931 4460 3006 4523 ὡς
3052 4460 3203 4530 ῥόδον
3235 4457 3540 4526 ἱερώτατον,
3577 4458 3640 4507 ὲκ
3689 4454 3791 4522 γῆς
3819 4452 3975 4521 εὑρά-

749 4575 852 4627 lam
911 4587 1125 4635 semper
1163 4570 1461 4636 accipimus
1490 4585 1504 4621 :
1530 4568 1756 4633 etenim,
1786 4576 1843 4621 ut
1871 4576 2015 4629 ante,
2053 4568 2313 4636 praedicas

750 4662 949 4719 mundo
972 4659 1371 4732 paenitentiam.

815 4841 943 4899 θοι.
976 4839 1129 4896 Feria
1162 4854 1215 4892 tv
1239 4847 1295 4892 et
1324 4852 1399 4895 τι.
1433 4836 1555 4890 hoc.
1584 4834 1762 4890 Tenus
1790 4834 1846 4889 ι.

819 4937 1035 4993 Christe
1086 4933 1247 4995 Deus,
1306 4929 1399 4998 qui
1435 4930 1579 4982 ultro
1610 4928 1906 4984 sullixuses
1931 4926 2104 4993 cruci,
2126 4936 2313 4980 osten-

752 5033 817 5085 de
851 5026 1279 5084 misericordiam
1310 5035 1477 5083 tuam.
1510 5038 1646 5075 nova
1683 5022 1768 5074 illa
1801 5034 1919 5090 quae
1964 5034 1991 5072 a
2038 5029 2091 5073 te
2117 5033 2318 5087 cogno-

750 5122 988 5176 tninatur
1017 5116 1418 5188 gubernatione
1457 5132 1471 5167 :
1506 5112 1746 5166 exhilara
1781 5112 1978 5164 virtute
2004 5119 2093 5163 tua
2136 5108 2317 5163 fideles

753 5214 1107 5280 imperatores
1145 5217 1359 5261 nostros
1387 5223 1402 5261 :
1431 5204 1562 5274 ipsis
1591 5202 1847 5255 victorias
1874 5201 2131 5262 concede,
2161 5210 2214 5254 et
2240 5199 2319 5251 fer

750 5314 937 5358 contra
971 5304 1154 5357 hostes
1179 5301 1814 5367 auxilium,armaturam
1846 5296 2018 5367 pacis,
2052 5307 2311 5365 trepeum

756 5393 1199 5463 inexpugnabﬂe.

822 5487 953 5541 9.65.
984 5486 1141 5538 Feria
1177 5501 1231 5549 ν,
1263 5483 1363 5538 SS.
1394 5481 1778 5551 apostolorum.
1808 5476 1991 5533 Tonus
2016 5480 2072 5532 2.

827 5579 1061 5632 Securos
1121 5587 1177 5629 et
1243 5575 1423 5628 divina
1485 5574 1694 5627 locutos
1749 5580 2054 5639 prcecones,
2088 5570 2323 5636 discipu«

757 5670 932 5725 lorum
972 5680 1187 5722 tuorum
1224 5666 1493 5731 columen,
1536 5665 1779 5726 Domine,
1815 5662 2080 5715 admisisti
2112 5661 2177 5714 ad
2202 5675 2320 5728 per-

759 5764 1043 5817 fruenuum
1074 5760 1229 5813 bonis
1261 5760 1387 5821 tuis,
1419 5767 1475 5811 et
1503 5759 1569 5810 ad
1600 5755 2079 5825 requiescendum;
2107 5754 2318 5806 illorum

760 5854 908 5910 enim
943 5852 1156 5908 labores
1179 5867 1241 5907 ac
1292 5859 1520 5907 mortem
1553 5850 1741 5917 quovis
1772 5848 2090 5904 holocausto
2134 5846 2319 5900 iuben-

2420 4574 2591 4628 μενοι,
2640 4556 2739 4617 τὰς
2800 4555 2968 4615 ἰάσεις
3017 4552 3245 4604 πάντοτε
3299 4548 3663 4619 λαμὸάνομεψ
3726 4544 3821 4597 καὶ
3870 4542 3978 4612 γὰρ

2418 4652 2597 4713 πάλιν,
2626 4650 2700 4711 ὼς
2745 4648 3026 4719 πρότερον,
3066 4647 3124 4697 ὲν
3161 4646 3348 4713 κόσμῳ
3380 4640 3666 4713 κηρύττεις
3697 4639 3794 4710 τὴν
3827 4636 3980 4707 μετά-

2420 4759 2587 4796 νοιαν.

2490 4834 2568 4902 Τῇ
2591 4831 2804 4903 τετράδι
2834 4830 2925 4883 καὶ
2948 4830 3013 4899 τῇ
3047 4825 3365 4898 παρασκευῇ
3381 4820 3556 4874 τοῦτο.
3580 4816 3751 4888 Ἧχος
3773 4817 3836 4873 δ’.

2500 4926 2558 4978 Ὀ
2586 4924 2821 4994 ὑψωθεὶς
2876 4924 2934 4975 ὲν
2994 4920 3071 4990 τῷ
3087 4916 3299 4990 σταυρῴ
3320 4914 3598 4976 ἑκουσίως,
3616 4914 3683 4981 τῇ
3711 4907 3982 4978 ἐπωνύμῳ

2421 5038 2513 5074 σου
2543 5021 2701 5088 καινῇ
2750 5016 2994 5085 πολιτείᾳ
3042 5014 3168 5075 τοὺς
3216 5008 3529 5080 οἰχτιρμούς
3584 5022 3675 5059 σου
3718 5003 3975 5074 δὼρησαι,

2419 5112 2620 5182 Χριστὲ
2646 5112 2675 5163 ὀ
2704 5110 2855 5173 Θεός·
2892 5107 3159 5179 εὖφρανον
3186 5106 3241 5157 ἐν
3266 5105 3331 5172 τῇ
3357 5100 3578 5169 δυνάμει
3616 5115 3707 5151 σου
3736 5098 3864 5161 τοὺς
3896 5113 3979 5149 πι-

2421 5206 2580 5267 στοὺς
2633 5202 2868 5273 βασιλεῖς
2911 5199 3091 5272 ὴμῶψ
3126 5198 3280 5260 νίκας
3320 5194 3566 5267 χορηγῶν
3608 5193 3810 5254 αὐτοῖς,
3844 5190 3979 5241 κατὰ

2421 5298 2530 5350 τῶν
2560 5295 2834 5365 πολεμίων
2868 5292 3182 5364 συμμαχίαν
3198 5290 3371 5361 ἔχοιεν
3396 5287 3493 5360 τὴν
3516 5287 3633 5359 σὴν,
3657 5284 3819 5339 ὅπλον
3839 5282 3981 5353 εἰρή-

2424 5406 2539 5460 νης,
2572 5388 2835 5457 ἀήττητον
2856 5386 3131 5457 τρόπαιον.

2491 5483 2570 5550 Τῇ
2604 5481 2825 5551 πέμπτῃ
2853 5479 2959 5531 τῶν
2992 5478 3160 5546 ἁγίων
3187 5474 3519 5529 ἀποστόλων.
3554 5467 3729 5541 *Ηχος
3748 5468 3813 5539 β’.

2498 5573 2634 5626 Τοὺς
2682 5570 2940 5639 ἀσφαλεῖς
2982 5569 3076 5621 καὶ
3136 5565 3500 5634 θεοιρθόγγους
3565 5564 3831 5633 κήρυκας,
3886 5555 3979 5623 τὴν

2430 5660 2666 5732 κορυφὴν
2695 5661 2802 5713 τῶν
2834 5658 3089 5730 μαθητῶν
3129 5675 3243 5724 σου,
3296 5657 3487 5728 Κύριε,
3527 5649 3857 5725 προσελάδου
3905 5648 3980 5707 εἰς

2428 5752 2721 5805 ἀπόλαυσιν
2753 5751 2857 5805 τῶν
2889 5750 3106 5819 ἀγαθῶν
3138 5766 3230 5801 σου
3264 5748 3355 5801 καὶ
3383 5748 3699 5801 ἀνάπαυσινο
3735 5740 3862 5801 τοὺς
3890 5736 3977 5789 πι-

2428 5860 2547 5905 ννιυς
2591 5842 2696 5910 γὰρ
2725 5842 2948 5896 ἐκείνων
2978 5840 3069 5895 καὶ
3104 5840 3193 5893 τὸν
3223 5838 3444 5892 θάνατον
3493 5833 3656 5901 ἐδέξω
3704 5829 3844 5902 ὑπὲρ
3874 5828 3963 5881 7:3-
