4230 6492
1296 467 1691 527 Αοοιυτιιυι
1727 466 2061 525 TRIPLICIS
2099 469 2316 527 FESTI.

3208 488 3405 530 CCCLX);
3414 492 3485 530 XV

252 610 351 646 σαν
403 592 808 665 ὁλοκάρπωσιν,
868 592 897 643 ὁ
952 588 1111 661 μόνος
1164 587 1445 657 γινώσκων
1494 589 1562 642 τὰ
1616 590 1817 661 ὲγκάρ-
1847 599 1895 655 Α

1616 590 1817 661 ὲγκάρ-
1847 599 1895 655 Α
1925 592 2031 648 tius
2052 594 2370 664 suscepisti,
2400 604 2455 649 tu
2485 594 2574 665 qui
2611 594 2753 649 solus
2780 608 2941 649 corua
2987 596 3246 663 pernosti.

250 685 357 739 δια.

320 777 400 847 Τῇ
426 777 560 847 αὐτῇ
584 775 770 846 ἡμέρᾳ.
792 772 889 829 τοῦ
936 774 1087 843 ἁγίου
1134 772 1419 828 Νικολάου.
1447 767 1617 843 *Ηχος
1643 781 1712 841 γ’.
1748 774 1815 826 Ἡ

251 870 529 940 Παρθένος
558 870 696 939 σήμε
706 885 810 938 ρον.

334 964 421 1015 Ἑν
445 966 555 1025 τοῖς
570 962 800 1033 Μύροις.
828 958 969 1028 ἅγιε,
1002 958 1278 1029 ίερουργὸς
1308 959 1618 1030 ἀνεδείχθης
1643 975 1661 993 ο
1718 958 1812 1013 τοῦ

252 1055 485 1125 Χριστοῦ
514 1054 641 1124 γὰρ,
671 1054 803 1115 ὂσιε,
833 1051 891 1103 τὸ
915 1049 1241 1117 Εὐαγγέλιον
1273 1049 1589 1121 πληρώσας,
1614 1050 1815 1123 ἔθηκας

250 1149 348 1216 τὴν
410 1146 586 1217 ψυχήν
641 1162 735 1198 σου
766 1142 902 1213 ὑπὲρ
943 1140 1072 1195 λαοῦ
1117 1159 1231 1205 σου,
1296 1142 1391 1195 καὶ
1437 1141 1647 1207 ἔσωσας
1690 1146 1816 1208 τοὺς

250 1237 458 1301 ἁθώους
483 1240 545 1291 ὲκ
572 1236 664 1291 τοῦ
696 1236 946 1289 Θανάτου·
977 1235 1064 1289 διὰ
1094 1233 1250 1287 τοῦτο
1281 1233 1569 1306 ήγιάσθης,
1600 1236 1675 1299 ὼς
1716 1235 1813 1306 μὲ-

246 1349 347 1401 γας
371 1330 577 1401 μύστης
599 1327 728 1382 Θεοῦ
754 1328 852 1398 τῆς
877 1327 1118 1400 χάριτος.

318 1423 407 1494 Τῷ
460 1421 717 1490 Σαόὁάτῳ
761 1420 988 1490 λέγομεν
1041 1419 1178 1485 Δόξα
1242 1420 1378 1491 μετὰ
1447 1419 1553 1472 τῶν
1600 1418 1804 1487 ἁγίων,

243 1518 339 1571 καὶ
360 1517 421 1569 τὸ
450 1514 619 1585 παρὸν
657 1514 989 1585 μαρτυρικὸν
1030 1513 1342 1585 τροπάριον.
1372 1508 1541 1582 *Ηχος
1558 1510 1647 1565 πλ.
1676 1510 1737 1563 δ’.
1780 1529 1800 1563 s

1987 772 2114 827 266.
2148 772 2343 826 Eadem
2378 770 2508 826 feria
2535 772 2839 827 contacium
2872 770 2929 827 S.
2959 770 3181 826 Nicolai.
3214 770 3395 826 Touus
3422 769 3479 835 '5,

1916 872 2053 921 sicut
2088 866 2150 918 'H
2179 864 2450 935 Παρθένος
2478 866 2735 935 σήμερον.

1994 958 2336 1022 Mirensibus,
2404 972 2438 1011 ο
2497 967 2713 1020 sancte,
2752 954 2897 1009 fuisti
2934 970 3210 1010 sacrorum
3243 954 3477 1008 admini-

1918 1061 2063 1107 ster:
2094 1066 2217 1105 nam
2245 1048 2445 1103 Christi
2490 1048 2837 1120 Evangelium
2870 1047 3173 1117 adimplens
3200 1088 3215 1112 ,
3248 1062 3281 1101 ο
3310 1047 3433 1100 dise
3456 1084 3475 1110 ,

1918 1142 2150 1195 animam
2183 1152 2325 1193 tuam
2360 1140 2582 1208 posuisti
2618 1154 2715 1208 pro
2742 1139 2940 1209 populo
2989 1149 3079 1191 tuo
3104 1178 3119 1203 ,
3159 1139 3482 1192 innocentes

1917 1232 2165 1303 eripuisti
2195 1248 2227 1285 e
2254 1241 2427 1284 morte
2453 1270 2468 1295 ,
2502 1231 2621 1285 ideo
2654 1232 2796 1286 sicut
2827 1244 3056 1302 magnus
3079 1236 3252 1299 mysta
3284 1228 3481 1282 divinae

1916 1324 2124 1394 gratiae,
2157 1324 2525 1380 sanetilicatus
2550 1339 2628 1379 es.

1986 1406 2221 1465 Sahbalo
2280 1413 2531 1479 dicimus,
2574 1414 2755 1469 Gloria
2789 1430 2911 1470 cum
2958 1418 3182 1486 sanctis,
3232 1432 3288 1476 et
3336 1436 3473 1491 pne-

1916 1521 2036 1563 sens
2070 1506 2364 1576 troparium
2398 1518 2718 1563 martvrum.
2769 1507 2954 1563 Tenus
2984 1510 3233 1580 obliquus

311 1677 438 1731 262.
492 1673 670 1731 Ceu.
713 1674 825 1730 Hoc
900 1675 1195 1745 troparium
1273 1673 1516 1727 invenies
1570 1686 1721 1726 num.
1774 1670 1880 1725 233
1941 1680 1991 1724 et
2058 1668 2348 1723 inchoatur
2407 1670 2474 1723 ab
2530 1669 2615 1724 his
2660 1670 2891 1725 verbis:
2940 1670 3026 1735 Ὠς
3077 1669 3327 1742 ἀπαρχὰς
3378 1671 3479 1742 τῆς

243 1749 477 1814 φύσεως.

311 1909 483 1964 Τοῦτο
552 1911 609 1965 δὲ
660 1909 875 1977 λέγεται
935 1905 1055 1961 καθ’
1102 1905 1339 1977 ἑκάστην
1388 1905 1543 1968 ἐκτὸς
1590 1904 1802 1959 Σαϐϐά-

238 2019 621 2165 τοΠροστασία
658 2092 767 2145 τῶν
824 2089 1164 2163 Χριστιανῶν
1210 2088 1628 2159 άκαταίσχυντε,
1656 2103 1809 2158 μεσι-

238 2187 356 2239 τεία
383 2188 521 2258 πρὸς
543 2185 632 2237 τὸν
662 2182 896 2254 Ποιητὴν
918 2182 1238 2253 άμετάϐετε,
1270 2182 1343 2253 μὴ
1371 2180 1605 2253 παρίδῃς
1632 2180 1810 2249 ἁμαρ-

1979 1898 2111 1954 lllud
2181 1910 2355 1955 autem
2390 1942 2406 1965 ,
2463 1902 2604 1971 quod
2647 1902 2913 1972 sequitur,
2953 1903 3148 1957 dicitur
3200 1905 3463 1975 quotidie,

1912 2002 2270 2063 praterquam
2304 1994 2357 2047 in
2390 1993 2648 2049 Sabbato.

1976 2084 2161 2139 Tutela
2222 2084 2691 2152 Christianorum,
2744 2102 2862 2157 qua:
2911 2102 3016 2141 non
3078 2086 3472 2152 confunditur;

1906 2173 2261 2230 iuunutabilis
2314 2176 2452 2245 apud
2507 2178 2854 2232 Conditorem
2894 2180 3241 2244 intercessio;
3274 2194 3341 2233 ne
3382 2182 3475 2231 de-

236 2277 424 2331 τωλῶν
444 2277 677 2345 δεήσεων
692 2275 895 2344 φωνάς·
928 2275 1064 2330 ἀλλὰ
1092 2276 1407 2347 πρὸφθασον
1423 2276 1498 2339 ὼς
1530 2273 1707 2344 ἀγαθὴ
1725 2274 1804 2335 είς
1838 2288 1879 2348 Β

1802 2291 1804 2298 ν
1838 2288 1879 2348 Β
1906 2268 2103 2335 spicias
2126 2282 2285 2322 voces
2314 2275 2656 2338 peccatorum
2690 2271 3115 2340 deprecantium,
3146 2273 3239 2326 sed
3269 2282 3472 2326 matura

235 2366 339 2439 τὴν
364 2364 811 2437 βοήθειανήμῶν,
840 2366 947 2421 τῶν
997 2366 1205 2431 ⁴πιστῶς
1243 2364 1660 2439 κραυγαζόντων
1701 2381 1799 2418 σοι·

237 2460 481 2529 Τάχυνον
529 2459 609 2522 είς
644 2459 957 2530 πρεσϐείαν,
990 2461 1084 2515 καὶ
1118 2461 1352 2515 σπεῦσον
1395 2461 1475 2523 είς
1520 2458 1743 2524 ἱκεσίαν,
1771 2459 1804 2530 ἡ

236 2549 679 2619 προστατεύουσα
701 2552 808 2617 ἀεὶ,
834 2550 1082 2617 Θεοτόχε,
1116 2551 1224 2605 τῶν
1250 2550 1533 2611 τιμώντων
1558 2567 1640 2606 σε.

303 2728 400 2792 Τὸ,
434 2730 885 2801 Κύριε.ὲλέησον,
912 2737 983 2801 μ”
1012 2730 1127 2794 καὶ,
1149 2732 1196 2784 εί
1222 2731 1337 2785 εστι
1360 2730 1799 2802 Τεσσαρακοστὴ,

233 2818 346 2890 Τὴν
375 2820 702 2890 τιμιωτέραν
724 2818 831 2872 τῶν
845 2819 1125 2891 χερουόίμ.
1144 2821 1231 2873 Ἐν
1246 2820 1324 2891 τῷ
1338 2821 1558 2890 ὀνόματι
1574 2818 1798 2888 Κυρίου,

232 2911 546 2980 εὐλόγησον,
574 2910 775 2983 Πάτερ.
812 2912 869 2966 '0
896 2911 1093 2983 ἱερεύς·
1136 2913 1195 2965 '0
1225 2911 1426 2982 Κύριος
1456 2910 1800 2981 οίκτειρήσαι

232 3004 381 3073 ἡμᾶς
400 3042 415 3065 ,
442 3002 536 3056 καὶ
564 3003 663 3067 τὰς
692 3003 1076 3073 τετυπωμένας
1123 3002 1426 3073 μετανοίας.
1454 2998 1589 3056 Εἶτα
1638 3002 1801 3072 Τρισ-

230 3099 407 3167 όγιον,
439 3096 684 3166 Παναγία
713 3097 904 3166 Τριας,
957 3094 1139 3165 Πάτερ
1198 3094 1375 3166 ήμῶν,
1410 3094 1604 3167 Κύριε,
1645 3093 1802 3165 ἐλέη-

232 3208 324 3245 σον
360 3188 449 3242 ιϐ’.
480 3191 577 3260 Είη
607 3190 667 3242 τὸ
701 3188 869 3259 ὄνομα
909 3189 1114 3261 Κυρίου
1153 3188 1532 3260 εὐλογημένον,
1569 3189 1664 3242 καὶ
1707 3188 1799 3243 τὸν

227 3282 440 3354 ψαλμὸν
466 3281 568 3350 λγ’.
616 3282 679 3334 Et
703 3281 748 3335 δ’
794 3282 894 3335 οὐκ
922 3282 1037 3337 ἔστι
1071 3280 1511 3353 Τεσσαρακοστὴ,
1551 3277 1689 3349 μετὰ
1714 3278 1794 3343 τὸ,

230 3369 424 3442 Κύριε,
458 3369 698 3443 ἰλὲησον,
732 3378 803 3443 μ’,
834 3372 995 3436 εὐθὺς
1022 3372 1101 3437 τδ,
1125 3372 1222 3443 Εἶη
1254 3370 1315 3423 τὸ
1349 3368 1518 3440 ὃνομα
1562 3368 1796 3440 Κυρίου,

230 3462 293 3513 ἑκ
344 3461 553 3532 τρίτου.
593 3460 749 3529 Δόξα,
779 3463 889 3516 Καὶ
916 3461 1030 3525 νῦν,
1073 3460 1401 3531 καὶγίνεται
1444 3459 1726 3525 ἀπόλυσις.

1908 2358 2066 2412 nobis
2100 2356 2244 2413 ferre
2275 2360 2533 2414 auxilium
2566 2379 2579 2415 ε
2617 2362 2684 2415 ad
2721 2371 2773 2414 te
2799 2363 2941 2414 enim
2992 2362 3221 2418 ﬁdeliter
3270 2364 3476 2418 clama-

1905 2465 2044 2516 mus,
2096 2450 2360 2521 Deipara,
2418 2465 2675 2521 perpetua
2741 2466 2793 2511 te
2855 2455 3236 2511 honorantium
3293 2466 3474 2525 patrn-

1904 2556 1997 2607 na,
2057 2540 2377 2613 legationem
2430 2544 2717 2612 accelera;
2776 2545 2843 2601 ad
2901 2544 3348 2617 supplicationem
3393 2546 3476 2603 fe-

1903 2632 2067 2686 atina.

1982 2721 2253 2785 Domine,
2331 2720 2630 2787 miserere,
2712 2724 3069 2797 quadragies;
3160 2736 3215 2785 et
3280 2728 3327 2786 si
3379 2729 3474 2803 [sit

1901 2815 2352 2885 Quadragesima,
2388 2813 2748 2869 Escelsiorem
2798 2817 3093 2874 cherubim.
3147 2821 3203 2875 In
3258 2824 3475 2877 nomine

1904 2904 2153 2969 Domini,
2224 2904 2476 2969 benedic,
2552 2902 2733 2961 Pater.
2817 2907 3145 2966 Sacerdos:
3214 2910 3474 2969 Dominus

1902 2996 2223 3052 misereatur
2251 2997 2464 3062 nostri;
2492 3007 2549 3050 et
2602 2997 2735 3053 ﬁunt
2779 3001 3094 3070 praestituta:
3124 3005 3469 3061 reverentia.

1900 3086 2101 3142 Deinde
2154 3086 2348 3140 dicitur
2395 3086 2745 3157 Trisagium,
2801 3090 3156 3147 Sanctissima
3210 3092 3469 3161 Trinitas,

1899 3179 2060 3234 Pater
2108 3188 2312 3245 noster,
2363 3177 2633 3246 Domine,
2668 3181 2946 3252 miserere,
3009 3185 3321 3255 duodecies,
3378 3188 3467 3244 Sit

1904 3285 2103 3325 nomen
2143 3271 2351 3325 Domini
2379 3272 2719 3328 benedictum
2753 3276 2851 3347 (α),
2877 3292 2997 3331 cum
3031 3278 3236 3347 psalmo
3268 3296 3469 3339 sum.

1898 3360 1957 3417 Si
1989 3372 2168 3416 autem
2200 3376 2308 3415 non
2333 3363 2401 3417 sit
2430 3364 2877 3434 Quadragesima,
2908 3378 3056 3438 post,
3094 3371 3343 3438 Domine,
3376 3372 3475 3427 mi-

1898 3468 2101 3519 serere,
2127 3454 2448 3525 quadragies
2479 3456 2713 3527 dictum,
2760 3460 2963 3516 dicitur.
2993 3474 3113 3517 tcr:
3152 3465 3236 3521 Sit
3270 3478 3468 3521 nomen

1899 3546 2145 3603 Domini.
2178 3544 2387 3607 Gloria.
2418 3546 2485 3603 Et
2516 3564 2679 3617 nunc,
2708 3560 2763 3608 et
2788 3552 2850 3608 iit
2874 3553 3139 3612 dimissio.

1642 3829 2060 3889 APODIPNUM.

302 4048 433 4126 εστ.
474 4066 494 4098 ι
531 4048 891 4126 A_podipnum.
923 4071 942 4126 ι
978 4054 1053 4106 uti
1081 4054 1192 4122 jam
1226 4069 1366 4109 nunc
1393 4054 1445 4108 in
1476 4054 1592 4125 ipsa
1621 4056 1814 4126 capitis
1850 4056 2009 4126 hujus
2039 4055 2392 4117 inscriptione
2418 4054 2749 4109 declaratum
2777 4067 2877 4120 est,
2936 4058 3222 4126 respondet
3248 4075 3267 4108 s
3303 4056 3467 4113 Com-

226 4120 457 4194 pletori_o
493 4138 513 4173 ι
554 4116 865 4174 Latinorum
888 4140 904 4189 ;
931 4116 1112 4192 itaque
1137 4116 1510 4194 nuncupatur;
1530 4126 1657 4193 quia
1689 4116 1799 4179 άπὸ
1821 4125 1896 4181 τοί

1794 4116 2156 4181 »τοῦ’δείπνου
2177 4165 2193 4191 ,
2213 4116 2277 4178 id
2312 4134 2415 4188 est,
2449 4139 2479 4178 a
2505 4140 2650 4179 caana
2678 4116 3257 4194 decantalurfDuplex
3288 4138 3464 4183 autem

230 4188 370 4261 apud
400 4188 616 4267 Graecos
642 4200 725 4267 est
759 4210 778 4243 s
808 4188 1167 4267 ἀποδειπνονς
1209 4188 1435 4250 alterum
1472 4188 1635 4267 μέγα,
1669 4198 1876 4267 majus;

1794 4212 1876 4261 IS;
1920 4198 2146 4251 alterum
2179 4188 2396 4267 μικρόν.
2429 4195 2629 4267 minus.
2658 4214 2676 4246 ι
2711 4194 2867 4251 Prius
2885 4188 3150 4267 psallitur
3182 4212 3275 4264 per
3300 4206 3464 4252 totam

225 4260 476 4337 magnam
523 4260 1035 4337 Quadragesimam;
1072 4260 1339 4337 posterius
1388 4260 1484 4335 per
1536 4260 1800 4337 reliquum
1833 4269 1958 4321 anni
2017 4260 2227 4335 tempus
2256 4260 2379 4322 {sic
2409 4265 2747 4337 eninrhabet
2775 4260 3405 4337 AntljnloginurArcadii
3447 4282 3465 4323 :

222 4332 399 4409 ρῦτω.
422 4331 521 4402 μὶν
555 4331 871 4409 τελεῖταιτὸ
899 4335 1039 4409 μέγα
1066 4331 1468 4409 ἆπόδειπνονξεν
1512 4342 1577 4409 τῇ
1603 4407 1610 4409 ξ
1626 4331 1838 4409 μεγάλῃ
1868 4331 2295 4409 τεσσαραδξοστῇ,
2351 4334 2494 4409 κατᾲ
2524 4335 2629 4409 τὴν
2651 4335 2802 4409 τάξιν
2828 4334 2919 4387 τοῦ
2944 4331 3169 4409 παλαιοῦ
3201 4337 3301 4409 καὶ
3333 4338 3467 4391 καθ-

221 4399 403 4479 ολικοῦ
425 4399 685 4464 ’τυπικοῦ.
716 4399 1265 4479 ξαθὼξγέγραπταιέ
1291 4406 1352 4460 τὸ
1377 4407 1433 4479 {Et
1463 4399 1657 4479 μιιίρδν
1678 4399 2021 4479 α’πόὅέιπνον,
2041 4399 2078 4460 ’ὃ
2106 4399 2363 4475 ψάλλὲται
2428 4404 2534 4475 ὅλῳ
2552 4399 2640 4479 ⁸τῷ
2675 4405 2849 4479 χρόνῳ
2873 4404 3143 4479 παρεκτρς
3162 4406 3262 4477 τῆς
3293 4409 3464 4478 μεγά-

223 4471 321 4544 λης
345 4474 807 4548 τεσσαρακοστῆς,
837 4471 947 4529 εις.
985 4471 1012 4527 ι’
1031 4471 1103 4548 Ita
1134 4478 1347 4548 quidem
1374 4477 1431 4532 lit
1461 4471 1713 4548 inagnum
1747 4478 1893 4545 Apod

1797 4480 2085 4547 podipnum
2108 4471 2159 4531 in
2194 4494 2382 4546 magna
2407 4471 2857 4548 Quadragesiuia,
2892 4471 3190 4548 secundum
3218 4471 3458 4532 sanctio-

222 4558 346 4597 nem
380 4544 510 4596 antii
537 4548 585 4593 ui
615 4555 669 4596 et
692 4544 1010 4600 universalis
1044 4546 1252 4617 Typici,
1291 4548 1429 4603 sicut
1460 4544 1723 4618 scriptum
1749 4544 1866 4611 est;
1898 4544 1991 4603 sed
2053 4562 2241 4602 arvum
2267 4544 2631 4615 Apodipnum,
2664 4544 2808 4613 quod
2832 4545 3076 4612 psallitur
3108 4555 3220 4601 toto
3262 4559 3465 4616 tempo-

224 4628 281 4668 re
304 4623 458 4667 extra
492 4560 997 4679 tiuadragcsimam,
1044 4636 1063 4670 ι
1090 4628 1196 4672 etc.
1229 4617 1362 4672 Ilinc
1392 4619 1740 4679 castigandus
1767 4617 1979 4673 videtur
2003 4563 2337 4679 (ξοπιες,αυί
2375 4630 2535 4679 supra
2566 4632 2712 4671 num.
2732 4616 2857 4679 255,
2884 4632 2988 4669 non
3011 4616 3239 4671 obscure
3267 4618 3460 4679 innuit,

224 4628 281 4668 re
304 4623 458 4667 extra

542 4613 997 4682 uadragcsimam,
1034 4613 1196 4689 sete.
1229 4617 1362 4672 Ilinc
1392 4613 1740 4689 castigandus
1767 4617 1979 4673 videtur
2003 4613 2337 4689 Goarus,qu‘i
2375 4630 2712 4689 supranum.
2732 4616 2857 4689 255,
2884 4632 2988 4689 non
3011 4616 3239 4671 obscure
3267 4613 3460 4689 innuit,

221 4686 564 4764 Apodipnum
592 4693 879 4770 utrumque
896 4688 1139 4770 quotidie
1166 4689 1402 4769 recitari.
1426 4686 1729 4770 Utrumque
1761 4703 1923 4770 porro
1953 4688 2283 4770 describitur
2307 4687 2357 4741 in
2387 4686 2679 4768 Horologio
2701 4704 2714 4739 :
2738 4688 2829 4740 sed
2854 4688 2979 4770 quia
3014 4688 3452 4770 magnmn_pr.oli~

220 4755 344 4827 aius
360 4766 468 4827 est,
486 4769 645 4827 quam
679 4756 1027 4808 utcommode
1049 4757 1135 4811 hic
1158 4760 1325 4824 possit
1342 4759 1562 4825 esponi,
1582 4755 1787 4813 tantum
1817 4759 1958 4814 dabo
1977 4776 1996 4810 s
2020 4756 2361 4827 Apudipnum
2383 4757 2581 4822 minus,
2598 4755 2626 4809 ἰ
2659 4758 2712 4811 in
2734 4772 2843 4827 quo
2873 4755 3143 4812 interdum
3166 4757 3323 4827 psalli
3339 4759 3463 4813 ἁκο-

218 4821 444 4875 λουθίαν
479 4822 707 4876 aliorum
737 4833 1047 4879 sanctorum
1078 4821 1313 4883 diximus
1341 4821 1490 4881 unm.
1517 4821 1640 4885 190.

289 5000 575 5066 Ποιοῦντες
604 5001 782 5073 στίχον
810 5002 1059 5072 λέγομεν·
1090 5004 1226 5069 αοξα
1287 5023 1388 5072 σοι,
1440 5006 1572 5070 Θεὸς
1608 5008 1784 5079 ἡμῶν·
1815 5011 1862 5073 C

1815 5011 1862 5073 c
1961 5006 2085 5062 268.
2122 5006 2223 5062 Per
2250 5010 2463 5064 modum
2497 5008 2747 5066 versiculi
2817 5010 3066 5078 dicimus,
3095 5008 3281 5065 Gloria
3337 5012 3455 5080 tibi,

216 5094 341 5159 δόξα
369 5112 472 5149 σοι.

288 5184 517 5238 Βασιλεῦ
544 5185 780 5258 οὺράνιε,
811 5187 1158 5259 Παράκλητε,
1194 5188 1255 5241 τὸ
1282 5186 1503 5258 Πνεῦμα
1527 5189 1624 5261 τῆς
1660 5190 1785 5260 άλη-

218 5278 389 5342 θείας,
413 5279 443 5329 ὁ
472 5277 743 5350 πανταχοῦ
769 5279 955 5351 παρὼν
975 5281 1065 5333 καὶ
1094 5280 1165 5333 τὰ
1180 5280 1357 5335 πάντα
1384 5278 1626 5351 πληρῶν,
1644 5283 1671 5335 ὁ
1687 5279 1785 5350 Θη-

222 5370 419 5442 σαυρὸς
449 5368 556 5422 τῶν
606 5370 823 5441 ἀγαθῶν
882 5372 976 5425 καὶ
1025 5370 1170 5442 ζωῆς
1221 5370 1471 5442 χορηγὸς,
1522 5370 1642 5423 ἐλθὲ
1694 5370 1790 5423 καὶ

218 5463 495 5533 σκήνωσον
523 5463 581 5515 ἰν
606 5464 755 5533 ἡμῖν,
796 5464 889 5517 καὶ
921 5463 1212 5537 καθάρισον
1255 5465 1401 5533 ἡμᾶς
1435 5462 1545 5517 ἀπὸ
1608 5464 1787 5534 πάσης

216 5550 453 5622 κηλίδος,
486 5552 580 5606 καὶ
607 5552 798 5618 σῶσον,
830 5554 1019 5623 ἀγαθὲ,
1040 5555 1136 5619 τὰς
1166 5553 1341 5624 ψυχὰς
1374 5553 1551 5624 ἡμῶν.

284 5642 359 5696 Τὸ
390 5642 696 5714 Τρισάγιον,
748 5648 808 5701 τὸ
871 5647 1118 5716 Παναγία
1145 5649 1333 5718 Τριας,
1370 5646 1554 5719 Πάτερ
1604 5645 1781 5718 ήμῶν,

214 5732 338 5789 ὐτι
357 5733 452 5788 σοῦ
468 5735 603 5799 ἐστι,
622 5735 701 5799 τὸ,
725 5737 914 5815 Κύριε,
935 5737 1173 5808 ιλέησον,
1201 5738 1287 5810 ιβ’,
1304 5736 1384 5804 τὸ,
1412 5738 1596 5808 Δεῦτε,
1617 5754 1785 5811 προσ-

283 5911 363 5969 (α)
392 5909 535 5967 Psal.
572 5925 703 5975 cm,
736 5911 789 5963 2.

1894 5097 2034 5153 Dens
2066 5108 2281 5166 noster;
2316 5100 2483 5170 gloria
2510 5102 2626 5155 tibi.

1964 5189 2076 5244 Res
2134 5192 2395 5256 cmlestis,
2452 5192 2763 5257 Paraclete,
2800 5192 3034 5264 Spiritus
3059 5196 3325 5260 veritatis,
3345 5198 3460 5250 nbi-

1892 5296 1997 5350 que
2027 5296 2289 5349 presens,
2319 5294 2375 5338 et
2407 5282 2619 5353 replens
2648 5284 2853 5348 omnia,
2888 5284 3141 5340 thesaure
3167 5286 3457 5353 bonorum,

1892 5384 1947 5427 et
1975 5375 2095 5426 vita:
2118 5374 2373 5442 largitor;
2410 5374 2531 5428 veni
2567 5386 2620 5429 ct
2650 5376 2834 5431 habita
2865 5377 2917 5431 in
2941 5376 3096 5431 nobis
3124 5415 3141 5441 ,
3173 5386 3229 5431 et
3260 5392 3359 5432 nos
3388 5380 3459 5432 ab

1892 5464 2037 5517 onitii
2067 5464 2275 5519 macula
2300 5480 2561 5537 expurga,
2594 5478 2649 5522 et
2681 5482 2832 5522 serva
2857 5468 3084 5536 benigne
3113 5469 3324 5523 animas
3360 5486 3456 5522 nuo

1890 5563 2057 5611 stras.

1963 5649 2311 5721 Trisagium,
2350 5651 2731 5727 Sanctissima
2802 5648 3062 5716 Trinitas,
3126 5647 3289 5705 Pater
3359 5666 3453 5704 no-

1892 5751 2027 5811 ster,
2076 5742 2212 5811 Quia
2275 5753 2419 5799 tuum
2457 5754 2575 5811 est;
2633 5744 2853 5800 Domine
2881 5783 2896 5810 ,
2941 5744 3221 5812 miserere,
3252 5744 3455 5799 duode-
