4230 6500
759 480 1055 522 ιῦιιιιινι

2117 461 2656 519 ΡΒΟΕΕΟΟΜΕΝΛ.

765 583 911 644 cies;
940 579 1147 643 Venite,
1179 577 1484 640 adoremus,
1513 585 1629 641 ter;
1650 585 1704 630 et
1731 588 1969 644 psa.mus
1989 589 2042 638 t.,
2066 573 2318 629 Miserere
2346 590 2393 645 Α
2421 591 2435 627 ι

2309 590 2318 626 2
2346 590 2393 645 Α
2421 574 2764 643 κυνήσωμεν,
2798 576 2868 639 γ’,
2909 572 3001 622 καὶ
3031 568 3129 640 τὴν
3184 576 3247 632 ν’,
3296 569 3540 639 Ἐλέησόν
3596 584 3697 638 με,
3736 570 3766 620 6
3812 569 3979 632 Θεὸς,

767 676 895 740 mei,
921 674 1080 736 Deus,
1100 671 1396 726 secundum
1423 686 1665 738 inagnam
1690 668 2117 724 misericordiam
2140 676 2315 722 luam:

765 778 820 821 et
842 781 991 831 ιιιι,
1025 764 1183 827 Deus,
1216 764 1268 816 in
1300 762 1621 830 adjutorium
1657 776 1869 825 meum;
1899 771 1953 815 et
1975 773 2118 815 casu
2146 798 2163 824 ,
2210 759 2317 814 Do-

765 858 927 921 mine,
960 856 1154 912 exaudi
1184 856 1479 909 orationem
1514 870 1712 909 meum.

2426 663 2565 717 κατὰ
2600 661 2656 713 τὸ
2708 660 2851 731 μέγα
2896 659 3040 723 ἔλεός
3075 676 3200 712 σου·
3235 658 3329 711 καὶ¹
3358 658 3451 724 ξθ’,
3489 658 3548 711 Ὀ
3573 658 3705 721 Θεὸς
3755 658 3835 721 είς
3884 659 3982 726 τὴν

2427 750 2673 823 βοήθειάν
2731 768 2863 821 μου’
2910 752 3001 805 καὶ
3072 750 3215 823 ρμθ’,
3267 749 3473 821 Κύριε,
3522 749 3839 803 είσάκουσον
3886 749 3982 817 τῆς

2426 843 2732 917 προσευχῆς
2764 860 2884 913 μου.

829 1081 958 1137 269.
984 1079 1159 1135 Con.
1193 1078 1397 1133 Deinde
1428 1078 1743 1147 proponitur
1772 1076 2052 1132 recitanila
2110 1074 2399 1147 Doxolggia
2432 1078 2624 1147 major,
2647 1088 2820 1147 gnam
2854 1071 3185 1147 gedi__num.
3209 1070 3348 1147 _207.
3399 1070 3453 1147 In
3487 1069 3776 1147 Apodipnp
3799 1079 3977 1147 autem

760 1129 1023 1206 ree—itaiur
1058 1162 1262 1204 tantum
1295 1129 1462 1217 usque
1491 1129 1555 1201 at'l
1607 1150 1719 1202 Ittec
1748 1151 1906 1218 verba
1941 1147 2222 1218 inclusive,
2280 1129 2369 1209 Εἷς

2309 1129 2369 1209 ii;
2437 1129 2535 1199 τὸν
2555 1129 2748 1218 αἰῶνα
2795 1141 2890 1195 τοῦ
2939 1142 3151 1218 αίῶνος,
3209 1142 3260 1195 in
3293 1129 3550 1218 saeculum
3585 1129 3817 1218 _sa"cuii..
3858 1140 3979 1218 [inst

765 1224 882 1275 haec
903 1222 1119 1290 dicitur,
1147 1220 1344 1290 Κύριε,
1376 1209 1389 1217 ’
1409 1219 1718 1290 καταφυγή,
1753 1217 1996 1290 Domine,
2030 1216 2294 1290 refugium
2316 1228 2435 1290 ;__ut
2463 1217 2651 1290 endem
2682 1215 3027 1290 illt_)_t_iume:_'o
3059 1216 3331 1290 habetur;
3368 1212 3461 1290 seti
3496 1212 3548 1262 in
3578 1209 3682 1290 line
3714 1209 3981 1290 omittitur

763 1291 950 1359 Ἄγιος
977 1292 1005 1343 ὁ
1027 1278 1177 1351 Θεὸς.
1215 1278 1440 1359 Sanctus
1476 1278 1649 1353 Deus;
1676 1278 1732 1341 et
1773 1288 1890 1357 ejus
1924 1278 2038 1342 loco
2072 1278 2268 1359 dicitur
2295 1278 2433 1359 ς’Κα·

2318 1278 2711 1351 Καταξίωσον,
2749 1282 3026 1359 Κύριε.
3056 1284 3120 1351 τῇ
3170 1281 3321 1336 νυκτὶ
3352 1278 3525 1349 ταύτῃ
3570 1279 3979 1349 ἀναμαρτήτως

763 1354 1100 1431 φυλαχθῆναι
1131 1360 1300 1430 ἡμᾶς.
1327 1376 1347 1411 ε
1375 1356 1626 1429 Dignare,
1661 1354 1905 1427 Domine,
1940 1369 2099 1413 nocte
2132 1358 2235 1411 ista
2258 1358 2379 1412 sine
2404 1372 2433 1427 ρ

1476 1373 1626 1425 nare,
1661 1354 1905 1427 Domine,
1940 1369 2099 1413 nocte
2132 1358 2235 1411 ista
2258 1358 2379 1412 sine
2404 1367 2627 1427 peccato
2660 1370 2757 1409 nos
2785 1354 3079 1407 custodire.
3121 1373 3140 1403 s

832 1560 1023 1617 Postea
1070 1560 1149 1615 sic
1185 1560 1415 1615 dicimus
1465 1574 1481 1613 :
1540 1557 1681 1612 Vere
1736 1558 1954 1630 dignum
1985 1570 2096 1623 est,
2124 1560 2319 1615 Excel-

762 1652 981 1715 siorem,
1019 1650 1193 1707 Credo
1221 1652 1273 1703 in
1305 1666 1467 1703 unum
1502 1648 1692 1715 Deum,
1728 1647 2035 1721 Trisagion,
2086 1652 2318 1707 Sanctis-

764 1745 898 1799 sima
930 1741 1167 1796 Trinitas
1190 1780 1205 1805 ,
1232 1739 1393 1795 Pater
1431 1750 1631 1809 noster,
1682 1742 1976 1811 troparium
2019 1742 2192 1797 sancti
2224 1741 2315 1798 illo

765 1835 851 1889 die
884 1832 1116 1894 colendi,
1150 1831 1231 1885 vel
1269 1832 1568 1902 sequentia.

832 1923 960 1981 270.
1006 1924 1221 1979 Patrum
1256 1934 1564 1979 nostrorum
1634 1923 1775 1979 Deus
1798 1964 1813 1988 ,
1837 1925 1933 1993 qui
1975 1939 2185 1994 semper
2214 1939 2311 1979 no-

766 2015 971 2071 biscum
1018 2014 1310 2085 agisjuxta
1346 2016 1820 2069 mansuetudinem
1858 2026 2033 2081 tuam,
2070 2031 2138 2067 ne
2162 2030 2318 2068 aver-

764 2120 850 2163 tas
880 2107 1304 2163 misericordiam
1335 2119 1479 2161 tuam
1503 2122 1531 2160 a
1554 2106 1746 2173 nobis;
1776 2106 1870 2161 sed
1899 2105 2213 2162 earumdem
2240 2122 2322 2163 ro-

763 2208 892 2270 gatu
931 2200 1098 2252 vitam
1133 2208 1370 2253 nostram
1406 2198 1456 2253 in
1489 2214 1619 2267 pace
1644 2199 1907 2269 guberna.

834 2288 1109 2359 Sanguine
1162 2300 1479 2363 martyrum,
1517 2291 1606 2361 qui
1637 2301 1765 2345 sunt
1788 2292 1841 2345 in
1877 2301 1986 2346 toto
2016 2293 2172 2359 orbe,
2212 2291 2323 2346 vel-

764 2389 827 2434 ut
853 2394 1085 2450 purpura
1116 2394 1179 2435 ac
1208 2382 1387 2449 bysso,
1413 2390 1602 2434 ornata
1642 2380 1882 2436 Ecclesia
1921 2392 2011 2438 tua
2068 2382 2163 2438 tibi
2206 2382 2321 2437 cla-

765 2478 900 2536 mat,
949 2469 1163 2525 Christe
1190 2468 1481 2524 DeuszPer
1504 2471 1622 2525 illos
1649 2473 1871 2526 ostende
1900 2472 2321 2528 misericordiam

765 2572 916 2614 tuam
947 2559 1145 2629 pepulo
1164 2567 1281 2625 tuo,
1313 2571 1369 2616 et
1401 2576 1586 2630 pacem
1640 2573 1727 2616 tua
1755 2565 2149 2633 gubernatione
2193 2579 2326 2620 con-

768 2651 921 2717 cede,
942 2660 1000 2708 et
1020 2650 1320 2706 animarum
1350 2654 1607 2709 miserere
1628 2664 1960 2710 nostrarum.

906 2830 1109 2889 Ghﬁm

834 2924 972 2979 Cum
1028 2922 1231 2979 sanctis
1265 2924 1688 2993 dona,Christe,
1746 2926 1988 2995 requiem
2037 2927 2319 2981 animabus

769 3030 1049 3071 servorum
1081 3026 1293 3072 tuorum
1325 3018 1417 3080 ibi.
1452 3019 1542 3073 ubi
1594 3036 1698 3075 non
1738 3029 1824 3076 est
1853 3020 2028 3086 labor,
2081 3034 2187 3075 non
2220 3020 2319 3077 do-

771 3105 875 3171 lor,
908 3122 1011 3161 non
1039 3106 1288 3177 gemitus,
1310 3108 1406 3163 sed
1434 3109 1542 3162 vita
1581 3108 1929 3179 sempiterna.

913 3198 977 3253 Et
1002 3214 1164 3253 nunc.

842 3287 1093 3346 Omnium
1132 3299 1462 3354 sanctorum,
1525 3302 1590 3344 ac
1641 3288 1883 3359 Deiparzu
1910 3292 2182 3361 precibus,
2221 3285 2344 3351 Do?

776 3381 943 3449 mine,
970 3394 1158 3452 pacem
1206 3390 1349 3436 tuam
1383 3382 1449 3436 da
1494 3380 1652 3438 nobis
1678 3420 1695 3449 ,
1724 3391 1779 3437 et
1830 3383 2089 3440 miserere
2112 3387 2325 3457 nostri,

777 3482 1029 3539 tauquam
1058 3471 1209 3527 solus
1236 3473 1571 3529 misericors.

842 3562 967 3617 271.
1006 3561 1253 3629 Domine,
1292 3564 1553 3619 miserere
1600 3567 1957 3636 quadragies;
2010 3571 2203 3628 deinde
2240 3574 2327 3629 dic

773 3655 1095 3722 orationem,
1146 3655 1247 3724 Qui
1311 3655 1732 3726 omnitempore
1787 3669 1842 3711 et
1898 3661 2050 3716 liora.
2105 3663 2322 3730 lterum,

773 3744 1021 3813 Domine,
1048 3746 1326 3813 miserere,
1371 3758 1472 3804 ter.
1509 3746 1715 3805 Gloria.
1750 3748 1817 3803 Et
1856 3766 2017 3808 nunc.
2051 3755 2327 3812 Escelsio-

776 3851 914 3891 rem.
938 3837 993 3891 In
1017 3839 1237 3893 nomine
1278 3840 1509 3908 Domini,
1534 3840 1778 3907 benedie,
1806 3839 1987 3899 Pater.
2014 3843 2115 3899 Per
2136 3863 2325 3917 preces

775 3936 1083 3983 sanctorum
1111 3928 1328 3985 Patrum
1369 3942 1693 3991 nostrorum.
2251 3951 2255 3955 ‘

846 4016 1151 4088 lmpolluta,
1215 4019 1667 4091 iucontaminata,
1719 4026 2063 4100 incorrupta,
2102 4030 2328 4086 inteme-

779 4120 1106 4177 rata,casta,
1139 4112 1311 4183 virga,
1342 4111 1437 4168 Dei
1466 4130 1659 4187 sponsa
1678 4157 1695 4183 ,
1728 4118 1987 4189 Domina;
2012 4138 2134 4195 quae
2159 4124 2326 4181 Deum

2493 1555 2625 1613 Εἶτα
2676 1557 2848 1621 οὕτως
2886 1556 3132 1626 λέγομεν·
3172 1555 3352 1621 Ἀξιὸν
3393 1559 3540 1609 ἐστιν
3596 1555 3672 1619 ὡς
3726 1550 3979 1624 ἀληθῶςο

2423 1650 2534 1720 Τὴν
2579 1648 2941 1719 τιμιωτέραν,
2988 1644 3234 1697 Πιστεύω
3278 1648 3355 1708 είς
3388 1646 3481 1699 ἕνα
3523 1644 3674 1708 Θεὸν,
3714 1644 3777 1696 τὸ
3816 1643 3980 1713 Τρισ-

2424 1742 2597 1809 ἅγιον,
2640 1740 2701 1792 τὸ
2740 1737 2989 1807 Παναγὶα
3013 1735 3204 1807 Τριὰς,
3237 1736 3319 1800 τὸ,
3370 1737 3551 1809 Πάτερ
3580 1736 3756 1808 ἡμῶν,
3780 1734 3981 1807 τροπά-

2425 1849 2540 1902 ριον
2570 1830 2663 1884 τοῦ
2701 1830 2841 1884 κατὰ
2868 1830 2966 1900 τὴν
2994 1828 3206 1899 ἡμέραν
3259 1825 3434 1895 ἁγίου,
3468 1828 3502 1898 ἢ
3545 1828 3611 1881 τὰ
3660 1828 3920 1899 παρόντα.

2507 1925 2563 1978 '0
2586 1924 2716 1988 Θεὸς
2739 1924 2985 1995 πατέρων
3015 1919 3193 1991 ἡμῶν,
3264 1919 3293 1970 6
3351 1919 3517 1973 ποιῶν
3560 1921 3647 1972 ἀεὶ
3670 1920 3795 1990 μεθ’
3825 1919 3981 1991 ἡμῶν

2426 2015 2564 2068 κατὰ
2578 2014 2673 2085 τὴν
2713 2016 2810 2086 σὴν
2843 2016 3159 2073 ἐπιείκειαν,
3198 2010 3271 2081 μὴ
3296 2010 3605 2081 ἁποστήσῃς
3632 2010 3693 2064 τὸ
3716 2010 3863 2074 ἔλεός
3890 2028 3982 2064 σου

2426 2104 2518 2172 ἀφ’
2550 2103 2724 2173 ἡμῶν·
2760 2104 2895 2157 ἀλλὰ
2917 2106 3034 2166 ταῖς
3049 2102 3226 2158 αὐτῶν
3252 2102 3476 2165 ἱκεσίαις
3498 2102 3553 2154 ὲν
3582 2101 3773 2172 εἰρήνῃ
3786 2101 3984 2173 κυδέρο

2427 2212 2588 2267 νησον
2619 2196 2717 2266 τὴν
2738 2194 2880 2267 ζωὴν
2907 2195 3081 2266 ἡμῶν.

2496 2287 2617 2342 Τῶν
2656 2290 2715 2342 ἑν
2762 2288 2868 2359 ὅλῳ
2919 2288 2996 2359 τῷ
3060 2288 3247 2359 κόσμῳ
3273 2285 3560 2358 μαρτύρων
3598 2301 3713 2351 σου,
3752 2284 3830 2349 ὡς
3857 2298 3986 2356 πορ-

2428 2380 2605 2455 φύραν
2632 2381 2726 2437 καὶ
2750 2380 2967 2452 βύσσον,
3017 2380 3084 2435 τὰ
3113 2382 3319 2453 αἵματα
3344 2382 3378 2450 η
3424 2377 3719 2449 Ἐκκλησία
3742 2392 3837 2429 σου
3868 2391 3991 2430 στο-

2427 2477 2713 2547 λισαμένη,
2751 2476 2819 2531 δι’
2855 2475 3031 2531 αὐτῶν
3082 2474 3178 2547 βοᾷ
3233 2492 3335 2541 σοι,
3390 2472 3591 2546 Χριστὲ
3635 2476 3665 2525 6
3716 2470 3868 2535 Θεός*
3897 2467 3989 2541 Τῷ

2429 2564 2542 2635 λαῷ
2570 2580 2663 2617 σου
2712 2566 2835 2627 τοὺς
2866 2563 3177 2636 οίκτιρμούς
3224 2580 3317 2617 σου
3355 2562 3733 2634 κατάπεμψον,
3766 2563 3990 2633 εἰρήνην

2429 2658 2495 2726 τῇ
2524 2653 2767 2723 πολιτεία
2820 2671 2910 2707 σου
2945 2653 3206 2727 δὼρησαι,
3227 2654 3320 2709 καὶ
3352 2656 3472 2718 ταῖς
3501 2653 3700 2724 ψυχαῖς
3732 2652 3892 2725 ape.»
3927 2652 3987 2706 τὸ

2434 2744 2575 2817 μέγα
2595 2742 2763 2807 ἔλεος.

2567 2831 2727 2899 Δόξα.

2496 2928 2649 2985 Μετὰ
2678 2927 2786 2981 τῶν
2848 2926 3017 2996 ἁγίων
3067 2924 3398 2989 ἀνάπαυσον,
3432 2923 3656 2996 Χριστδ,
3697 2924 3796 2987 τὰς
3815 2924 3990 2996 ψυχὰς

2428 3021 2535 3075 τῶν
2573 3020 2776 3075 δούλων
2825 3035 2941 3073 σου’
2972 3016 3101 3072 ενθα
3139 3018 3239 3071 οὐκ
3264 3016 3379 3070 ἔστι
3415 3017 3596 3083 πόνος,
3627 3016 3687 3069 οὑ
3715 3014 3883 3087 λύπη,
3926 3017 3989 3071 οὐ

2431 3110 2751 3182 στεναγμὸς,
2780 3108 2912 3163 ἀλλὰ
2945 3106 3057 3180 ζωὴ
3078 3106 3446 3180 ἀτελεύτητος.

2558 3203 2669 3256 Καὶ
2706 3201 2821 3256 νῦν.

2499 3294 2577 3365 Τῇ
2604 3292 2886 3365 πρεσϐείᾳ,
2916 3291 3107 3364 Κύριε,
3148 3290 3364 3345 πάντων
3420 3289 3530 3344 τῶν
3575 3288 3743 3357 ἁγίων
3784 3286 3993 3360 καὶτῆς

2430 3382 2689 3437 Θεοτόκου
2717 3385 2816 3455 τὴν
2832 3384 2930 3456 σὴν
2957 3383 3178 3455 εἰρήνην
3198 3382 3285 3446 δὸς
3304 3382 3559 3453 ὴμῖν,καὶ
3591 3380 3810 3452 ἐλέησον
3826 3380 3991 3452 ἡμᾶς,

2430 3474 2505 3539 ὡς
2540 3474 2696 3545 μόνος
2720 3476 3035 3546 οίκτίρμων.

2501 3566 2594 3629 Τὸ,
2628 3564 2823 3638 Κύριε,
2864 3566 3102 3635 ἐλέησον,
3140 3573 3192 3637 μ’
3222 3582 3238 3598 ·
3290 3562 3407 3620 εἶτα
3432 3566 3525 3619 καὶ
3585 3565 3681 3636 τὴν
3709 3562 3898 3635 εὐχὴν,
3932 3562 3994 3619 Ὃ

2432 3658 2491 3710 ἂν
2508 3655 2669 3711 *νεανιιῦ⁸
2718 3655 2893 3727 καιρῷ
2926 3656 3019 3708 καὶ
3048 3658 3192 3726 πάσῃ
3220 3655 3358 3727 ὥρα.
3403 3656 3496 3721 Τὸ,
3530 3655 3722 3727 Κύριε,
3750 3656 3991 3727 ἐλέησον.

2431 3754 2501 3819 γ’.
2544 3747 2699 3814 Δόξα,
2730 3747 2841 3802 Καὶ
2867 3746 2981 3813 νῦν,
3009 3744 3119 3815 Τὴν
3139 3747 3488 3817 τιμιωτέραν,
3524 3748 3612 3800 Ἐν
3642 3747 3866 3818 ὀνόματι
3900 3746 3993 3801 τοῦ

2432 3841 2636 3911 Κυρίου
2673 3840 2987 3913 εὑλόγησον,
3018 3838 3219 3908 Πάτερ,
3246 3838 3324 3891 Δι’
3356 3836 3527 3909 εὐχῶν
3562 3838 3671 3891 τῶν
3696 3838 3867 3907 ἁγίων
3895 3855 3995 3894 πα·-

2433 3934 2605 4004 τέρων
2636 3935 2814 4005 ἡμῶν.

2506 4025 2755 4089 Ἀσπιλε,
2783 4025 3065 4097 ἅμόλυντε,
3111 4024 3334 4097 ἂφθορε,
3375 4022 3630 4095 ἄχραντε,
3660 4020 3823 4094 ἁγνὴ,
3858 4021 3998 4093 Παρ-

2437 4114 2579 4180 om,
2603 4114 2904 4185 Θεόνυμφε,
2933 4115 3217 4177 Δέσποινα,
3246 4118 3280 4186 ἡ
3300 4116 3431 4170 Θεὸν
3458 4115 3628 4185 Λόγον
3656 4118 3769 4179 τοῖς
3789 4112 3998 4187 ἀνθρὼ-

777 4200 1010 4259 Verbum
1038 4203 1338 4257 admirabili
1398 4214 1491 4261 tuo
1537 4216 1693 4279 partu
1736 4211 2043 4270 hominibus
2076 4218 2328 4286 univisti;
2360 4204 2403 4262 (ἶ
2436 4224 2447 4259 τ

2327 4268 2328 4278 γ
2360 4204 2403 4262 C
2436 4222 2555 4270 ποις
2593 4208 2659 4278 τῇ
2699 4206 2982 4278 παραδόξῳ
3009 4222 3101 4259 σου
3137 4206 3329 4276 κυήσει
3355 4208 3619 4269 ένώσασα,
3655 4206 3749 4259 καὶ
3772 4207 3868 4277 τὴν
3894 4209 3997 4261 ἀπ-

777 4309 899 4367 qua
936 4296 1198 4366 abiectam
1233 4297 1447 4368 generis
1498 4302 1675 4355 nostri
1712 4313 1959 4359 naturam
2005 4308 2333 4376 eonjunxisti

778 4387 1108 4453 etelestibus,
1134 4400 1189 4444 et
1214 4404 1335 4459 qua:
1354 4404 1415 4445 es
1445 4389 1853 4460 desperatorum
1883 4412 2008 4467 spes
2036 4400 2218 4467 unica,
2249 4410 2331 4458 at-

778 4492 885 4548 que
907 4491 1289 4548 oppressorum
1324 4481 1586 4537 auxilium
1621 4522 1637 4549 ,
1677 4495 1923 4554 prompta
1953 4488 2117 4543 tutela
2163 4490 2227 4545 ad
2280 4501 2333 4549 te

779 4567 1195 4632 recurrentium,
1212 4578 1266 4623 et
1285 4571 1526 4625 omnium
1543 4570 1977 4632 Christianorum
2005 4578 2330 4651 perfugium,

778 4673 850 4715 ne
873 4658 1119 4714 iastidias
1147 4672 1233 4713 me
1260 4672 1599 4730 peccatorem
1621 4668 2049 4737 exsecrabilem;
2083 4672 2333 4742 turpibus

778 4750 1216 4822 cogitationibus,
1248 4752 1587 4807 sermonibus
1610 4764 1668 4808 et
1687 4756 1945 4825 operibus
1979 4764 2146 4813 totum
2170 4760 2333 4817 inuti-

778 4840 915 4908 lem;
944 4850 999 4897 et
1028 4856 1242 4897 servum
1269 4842 1607 4913 voluptatum
1662 4845 1824 4917 hujus
1846 4848 1972 4904 vita:
2012 4864 2124 4921 pra
2148 4851 2333 4909 volun-

779 4933 916 4988 taria
973 4932 1206 5003 segnitie
1251 4930 1474 4990 factum.
1513 4934 1621 4990 Sed
1672 4943 1926 5008 tanquam
1962 4940 2330 5012 benignissimi

775 5020 872 5079 Dei
910 5033 1107 5088 mater,
1150 5022 1383 5095 benigne
1420 5025 1681 5083 miserere
1715 5029 1816 5085 mei
1849 5031 2047 5101 perditi
2083 5041 2331 5102 peccato.

774 5112 873 5177 ris,
904 5123 959 5169 et
990 5128 1162 5169 meam
1189 5114 1285 5169 tibi
1319 5114 1616 5185 inquinatis
1652 5116 1814 5175 labiis
1852 5121 2088 5178 oblatam
2111 5139 2328 5195 precem

775 5203 1017 5274 suscipe;
1054 5213 1217 5275 atque
1246 5204 1442 5261 Filium
1464 5248 1480 5271 ,
1513 5219 1663 5264 tuum
1692 5220 2111 5283 nostrorumque
2148 5216 2331 5271 Domi-

774 5312 901 5352 num
933 5307 1175 5353 materna
1207 5298 1498 5369 deprecare
1531 5301 1753 5369 fiducia;
1810 5312 1871 5357 ut
1922 5316 1978 5360 et
2028 5307 2141 5375 ipse
2199 5308 2330 5363 milii

775 5389 981 5459 aperiat
1011 5389 1225 5461 pietatis
1247 5405 1357 5446 sum
1382 5390 1614 5463 benigna
1652 5394 1886 5459 viscera,
1915 5407 1988 5463 et,
2010 5413 2116 5453 non
2147 5401 2330 5455 habita

774 5480 1244 5538 innumerabilium
1281 5497 1523 5538 meorum
1542 5483 1788 5555 lapsuum
1825 5487 2057 5556 ratione,
2092 5506 2177 5546 me
2202 5506 2331 5546 con-

2436 4295 2701 4351 ωσθεῖσαν
2728 4296 2886 4367 φύσιν
2915 4295 3005 4350 τοῦ
3036 4297 3223 4366 γένους
3248 4293 3404 4367 ἡμῶν
3434 4297 3545 4358 τοῖς
3571 4296 3843 4365 οὐρανίοις
3872 4313 3997 4349 συν-

2435 4385 2636 4456 ᾀψασα·
2673 4388 2707 4457 η
2748 4386 2856 4440 τῶν
2884 4384 3301 4457 ἁπελπισμένων
3361 4383 3499 4456 μόνη
3546 4383 3718 4448 ἓλπὶς,
3758 4384 3852 4438 καὶ
3889 4384 3999 4438 τῶν

2436 4480 2848 4551 πολεμουμένων
2892 4479 3133 4551 βοήθειαο
3178 4481 3211 4550 η
3248 4479 3438 4549 έτοίμη
3466 4478 3748 4551 ἀντίληψις
3773 4478 3882 4533 τῶν
3919 4481 3998 4543 είς

2436 4569 2497 4622 σὲ
2525 4570 2984 4641 προστρεχόντων,
3038 4571 3131 4623 καί
3172 4568 3387 4623 πάντων
3413 4570 3521 4623 τῶν
3546 4570 3887 4641 Χριστιανῶν
3937 4570 3999 4624 τὸ

2433 4661 2780 4731 καταφύτων·
2804 4660 2878 4732 μὴ
2903 4660 3123 4734 βδελύξῃ
3152 4678 3219 4731 με
3238 4661 3330 4715 τὸν
3355 4660 3672 4733 ἁμαρτωλὸν
3686 4661 3779 4715 τὸν
3808 4662 3998 4735 ἐναγῆ,

2432 4753 2524 4807 τὸν
2575 4754 2819 4825 αἰσχροῖς
2860 4752 3159 4825 λογισμοῖς,
3208 4752 3407 4822 λόγοις,
3443 4754 3538 4807 καὶ
3581 4753 3845 4826 πράξεσιν
3880 4754 3999 4809 ὅλον

2433 4845 2667 4916 ἐμαυτὸν
2717 4844 3110 4917 ἀχμιὼσαντα,
3143 4846 3236 4900 καὶ
3267 4849 3334 4919 τῇ
3385 4845 3493 4900 τῶν
3530 4844 3733 4916 ἡδονῶν
3759 4843 3858 4898 τοῦ
3884 4844 3996 4917 βίον

2435 4935 2676 5009 ῥαθυμίᾳ
2707 4935 2900 5009 γνώμῃ
2941 4935 3127 4991 δοῦλον
3157 4938 3465 5009 γενόμενον.
3483 4936 3621 4990 Ἀλλ’
3650 4936 3727 5000 ὡς
3749 4936 3846 4992 τοῦ
3880 4936 3997 5007 φιλ-

2432 5024 2720 5095 ανθρώπου
2753 5023 2889 5079 Θεοῦ
2936 5026 3143 5099 μήτηρ,
3175 5025 3567 5098 φιλανθρώπως
3600 5025 3998 5101 σπλαγχνίσθη-

2432 5135 2485 5171 τι
2513 5118 2600 5172 ιτς
2630 5118 2754 5189 spot
2786 5116 2862 5189 τῷ
2895 5118 3203 5190 ἁμαρτωλῷ
3237 5116 3564 5188 καὶ.ἀσώτῳ·
3601 5120 3697 5173 καὶ
3718 5119 3867 5185 δέξαι
3896 5136 3995 5190 μου

2430 5206 2531 5277 τὴν
2560 5207 2624 5259 ὲκ
2646 5208 2903 5280 ῥυπαρῶν
2939 5208 3160 5278 χειλέων
3191 5210 3636 5280 προσφερομένην
3668 5228 3750 5265 σοι
3791 5210 3993 5281 δέησινο

2433 5299 2528 5353 καὶ
2550 5298 2641 5353 τὸν
2666 5300 2757 5353 σὸν
2786 5299 2912 5353 Υἰὸν
2934 5299 3028 5353 καὶ
3049 5300 3205 5372 ἡμῶν
3233 5301 3507 5373 Δεσπότην
3538 5304 3631 5355 καὶ
3660 5301 3887 5373 Κύριον,
3930 5306 3994 5375 τῇ

2439 5395 2676 5463 μητρικῇ
2726 5408 2821 5445 σου
2867 5393 3147 5464 παρρησίᾳ
3194 5393 3468 5464 χρωμένη,
3520 5393 3864 5465 δυσώπησον,
3913 5396 3998 5450 ι’να

2433 5479 2615 5553 ἀνοίξῃ
2650 5482 2816 5553 κάμοὶ
2855 5483 2925 5537 τὰ
2956 5482 3311 5555 φιλάνθρωπα
3346 5482 3628 5555 σπλάγχνα
3682 5486 3783 5557 τῆς
3834 5485 3997 5540 αὑτοῦ

773 5582 948 5627 vertat
970 5574 1043 5627 ad
1066 5575 1460 5643 paniteutiam,
1491 5586 1546 5631 et
1570 5550 1737 5633 faciat
1758 5579 2013 5635 mandata
2040 5550 2136 5637 sua
2163 5585 2328 5654 probe
2362 5550 2406 5605 Β
2430 5576 2443 5625 ε

2326 5624 2328 5634 ,
2362 5550 2406 5605 D
2430 5550 2779 5642 ἀγαθοτητος,
2814 5574 2907 5627 καὶ
2960 5550 3203 5647 παριδών
3230 5593 3330 5647 μου
3356 5576 3424 5629 τὰ
3467 5550 3814 5649 ἀναρίθμηντα
3840 5577 3996 5631 πταί-

772 5661 1088 5731 adimplere.

840 5835 965 5894 272.
994 5838 1193 5896 Adesto
1227 5841 1360 5897 mihi
1396 5856 1611 5916 semper
1659 5844 1994 5918 misericors,
2029 5847 2222 5917 lacilis,
2267 5864 2330 5907 ac

2436 5678 2635 5733 σματα,
2666 5664 2962 5736 ἐπιστρέψῃ
2991 5683 3056 5735 με
3089 5668 3222 5739 πρὸς
3248 5668 3551 5738 μετάνοιαν,
3588 5668 3681 5721 καὶ
3704 5668 3814 5722 τῶν
3838 5667 3998 5722 αὑτοῦ

2435 5754 2659 5810 ἐντολῶν
2688 5757 2922 5827 ἐργάτην
2950 5758 3171 5830 δόκιμον
3198 5758 3444 5830 ἀναδείξῃ
3482 5777 3568 5830 με.

2508 5847 2613 5900 Καὶ
2661 5848 2865 5920 πάρεσό
2894 5866 2982 5921 μοι
3025 5852 3131 5917 ἀεὶ,
3172 5852 3246 5916 ὡς
3280 5852 3523 5922 ἐλεήμων
3556 5853 3651 5906 καὶ
3710 5854 3999 5927 συμπαθὴς
