  <div class='ocr_page' id='page_1' title='image "/cluster/home/n/w/nwhite01/storage/ocr_20150623/29/uva.x004321530/410.png"; bbox 0 0 4230 6488; ppageno 0'>
   <div class='ocr_carea' id='block_1_1' title="bbox 1327 456 2364 516">
    <p class='ocr_par' dir='ltr' id='par_1_1' title="bbox 1327 456 2364 516">
     <span class='ocr_line' id='line_1_1' title="bbox 1327 456 2364 516; baseline 0.001 -5"><span class='ocrx_word' id='word_1_1' title='bbox 1327 456 1727 515; x_wconf 65' lang='grc' dir='ltr'>Αεοιυτηη</span> <span class='ocrx_word' id='word_1_2' title='bbox 1766 459 2106 516; x_wconf 71' lang='grc' dir='ltr'>τιιιΡιιοιε</span> <span class='ocrx_word' id='word_1_3' title='bbox 2146 456 2364 514; x_wconf 73' lang='lat' dir='ltr'><strong>FESTI.</strong></span> 
     </span>
    </p>
   </div>
   <div class='ocr_carea' id='block_1_2' title="bbox 3178 482 3503 525">
    <p class='ocr_par' dir='ltr' id='par_1_2' title="bbox 3178 482 3503 525">
     <span class='ocr_line' id='line_1_2' title="bbox 3178 482 3503 525; baseline 0.006 -4"><span class='ocrx_word' id='word_1_4' title='bbox 3178 482 3503 525; x_wconf 67' lang='grc' dir='ltr'>εειικειτιι</span> 
     </span>
    </p>
   </div>
   <div class='ocr_carea' id='block_1_3' title="bbox 242 564 1912 660">
    <p class='ocr_par' dir='ltr' id='par_1_3' title="bbox 242 564 1899 660">
     <span class='ocr_line' id='line_1_3' title="bbox 242 564 1899 660; baseline 0.014 -49"><span class='ocrx_word' id='word_1_5' title='bbox 242 564 340 625; x_wconf 63' lang='grc' dir='ltr'><strong>καὶ</strong></span> <span class='ocrx_word' id='word_1_6' title='bbox 376 566 695 639; x_wconf 69' lang='grc' dir='ltr'>φιλάγαθος·</span> <span class='ocrx_word' id='word_1_7' title='bbox 750 568 809 620; x_wconf 72' lang='grc' dir='ltr'>ὲν</span> <span class='ocrx_word' id='word_1_8' title='bbox 841 567 938 660; x_wconf 81' lang='grc' dir='ltr'>μὲν</span> <span class='ocrx_word' id='word_1_9' title='bbox 974 567 1054 639; x_wconf 85' lang='grc' dir='ltr'><strong>τῷ</strong></span> <span class='ocrx_word' id='word_1_10' title='bbox 1083 567 1312 641; x_wconf 78' lang='grc' dir='ltr'>παρόντι</span> <span class='ocrx_word' id='word_1_11' title='bbox 1347 569 1449 641; x_wconf 85' lang='grc' dir='ltr'><strong>βίῳ</strong></span> <span class='ocrx_word' id='word_1_12' title='bbox 1472 571 1649 645; x_wconf 82' lang='grc' dir='ltr'>θερμὴ</span> <span class='ocrx_word' id='word_1_13' title='bbox 1690 589 1825 645; x_wconf 86' lang='grc' dir='ltr'>προ-</span> <span class='ocrx_word' id='word_1_14' title='bbox 1851 578 1899 636; x_wconf 79' lang='grc' dir='ltr'><strong>Δ</strong></span> 
     </span>
    </p>
   </div>
   <div class='ocr_carea' id='block_1_4' title="bbox 1837 564 3507 660">
    <p class='ocr_par' dir='ltr' id='par_1_4' title="bbox 1851 571 3507 660">
     <span class='ocr_line' id='line_1_4' title="bbox 1851 571 3507 660; baseline 0.01 -35"><span class='ocrx_word' id='word_1_15' title='bbox 1851 578 1899 636; x_wconf 73' lang='grc' dir='ltr'>Α</span> <span class='ocrx_word' id='word_1_16' title='bbox 1928 571 2101 637; x_wconf 83' lang='lat' dir='ltr'><strong>bona;</strong></span> <span class='ocrx_word' id='word_1_17' title='bbox 2137 582 2192 627; x_wconf 94' lang='lat' dir='ltr'><strong>et</strong></span> <span class='ocrx_word' id='word_1_18' title='bbox 2228 573 2281 627; x_wconf 92' lang='lat' dir='ltr'><strong>in</strong></span> <span class='ocrx_word' id='word_1_19' title='bbox 2304 574 2407 629; x_wconf 88' lang='lat' dir='ltr'><strong>hac</strong></span> <span class='ocrx_word' id='word_1_20' title='bbox 2433 572 2652 645; x_wconf 80' lang='lat' dir='ltr'><strong>quidem</strong></span> <span class='ocrx_word' id='word_1_21' title='bbox 2678 575 2787 628; x_wconf 75' lang='lat' dir='ltr'><strong>vita</strong></span> <span class='ocrx_word' id='word_1_22' title='bbox 2824 577 3316 660; x_wconf 77' lang='lat' dir='ltr'><strong>fervenspatrona,</strong></span> <span class='ocrx_word' id='word_1_23' title='bbox 3339 592 3507 655; x_wconf 76' lang='lat' dir='ltr'><strong>atque</strong></span> 
     </span>
    </p>
   </div>
   <div class='ocr_carea' id='block_1_5' title="bbox 245 658 1824 732">
    <p class='ocr_par' dir='ltr' id='par_1_5' title="bbox 245 658 1824 732">
     <span class='ocr_line' id='line_1_5' title="bbox 245 658 1824 732; baseline 0.006 -19"><span class='ocrx_word' id='word_1_24' title='bbox 245 662 432 727; x_wconf 86' lang='grc' dir='ltr'>στάτις</span> <span class='ocrx_word' id='word_1_25' title='bbox 454 662 547 715; x_wconf 77' lang='grc' dir='ltr'>καὶ</span> <span class='ocrx_word' id='word_1_26' title='bbox 572 658 785 730; x_wconf 81' lang='grc' dir='ltr'>βοηθὸς,</span> <span class='ocrx_word' id='word_1_27' title='bbox 814 659 913 724; x_wconf 87' lang='grc' dir='ltr'><strong>τάς</strong></span> <span class='ocrx_word' id='word_1_28' title='bbox 932 660 1042 715; x_wconf 87' lang='grc' dir='ltr'><strong>τῶν</strong></span> <span class='ocrx_word' id='word_1_29' title='bbox 1062 662 1320 716; x_wconf 73' lang='grc' dir='ltr'><strong>ἐναντίων</strong></span> <span class='ocrx_word' id='word_1_30' title='bbox 1348 662 1572 732; x_wconf 76' lang='grc' dir='ltr'><strong>ἐφόδους</strong></span> <span class='ocrx_word' id='word_1_31' title='bbox 1602 668 1824 724; x_wconf 79' lang='grc' dir='ltr'>ἀποτει-</span> 
     </span>
    </p>
   </div>
   <div class='ocr_carea' id='block_1_6' title="bbox 242 743 1824 827">
    <p class='ocr_par' dir='ltr' id='par_1_6' title="bbox 242 743 1824 827">
     <span class='ocr_line' id='line_1_6' title="bbox 242 743 1824 827; baseline 0.003 -22"><span class='ocrx_word' id='word_1_32' title='bbox 242 753 487 824; x_wconf 77' lang='grc' dir='ltr'>χίζουσα,</span> <span class='ocrx_word' id='word_1_33' title='bbox 520 752 615 805; x_wconf 75' lang='grc' dir='ltr'>καὶ</span> <span class='ocrx_word' id='word_1_34' title='bbox 642 752 781 823; x_wconf 82' lang='grc' dir='ltr'>πρὸς</span> <span class='ocrx_word' id='word_1_35' title='bbox 804 743 1079 826; x_wconf 71' lang='grc' dir='ltr'>σωτηρίαν</span> <span class='ocrx_word' id='word_1_36' title='bbox 1118 754 1497 827; x_wconf 82' lang='grc' dir='ltr'>καθοδηγοῦσά</span> <span class='ocrx_word' id='word_1_37' title='bbox 1527 773 1616 826; x_wconf 83' lang='grc' dir='ltr'><strong>με,</strong></span> <span class='ocrx_word' id='word_1_38' title='bbox 1647 760 1739 812; x_wconf 80' lang='grc' dir='ltr'>καὶ</span> <span class='ocrx_word' id='word_1_39' title='bbox 1766 760 1824 812; x_wconf 81' lang='grc' dir='ltr'>ὲν</span> 
     </span>
    </p>
   </div>
   <div class='ocr_carea' id='block_1_7' title="bbox 240 842 1825 920">
    <p class='ocr_par' dir='ltr' id='par_1_7' title="bbox 240 842 1825 920">
     <span class='ocr_line' id='line_1_7' title="bbox 240 842 1825 920; baseline 0.006 -26"><span class='ocrx_word' id='word_1_40' title='bbox 240 844 318 912; x_wconf 75' lang='grc' dir='ltr'>τῷ</span> <span class='ocrx_word' id='word_1_41' title='bbox 350 842 531 914; x_wconf 80' lang='grc' dir='ltr'><strong>καιρῷ</strong></span> <span class='ocrx_word' id='word_1_42' title='bbox 556 844 655 914; x_wconf 83' lang='grc' dir='ltr'>τῆς</span> <span class='ocrx_word' id='word_1_43' title='bbox 687 843 866 907; x_wconf 76' lang='grc' dir='ltr'>ἐξόδου</span> <span class='ocrx_word' id='word_1_44' title='bbox 902 863 1003 916; x_wconf 89' lang='grc' dir='ltr'><strong>μου</strong></span> <span class='ocrx_word' id='word_1_45' title='bbox 1031 846 1131 918; x_wconf 76' lang='grc' dir='ltr'>τὴν</span> <span class='ocrx_word' id='word_1_46' title='bbox 1160 846 1353 901; x_wconf 83' lang='grc' dir='ltr'>ἀθλίαν</span> <span class='ocrx_word' id='word_1_47' title='bbox 1391 865 1492 918; x_wconf 89' lang='grc' dir='ltr'><strong>μου</strong></span> <span class='ocrx_word' id='word_1_48' title='bbox 1511 847 1688 920; x_wconf 75' lang='grc' dir='ltr'>ψυχὴν</span> <span class='ocrx_word' id='word_1_49' title='bbox 1729 868 1825 904; x_wconf 72' lang='grc' dir='ltr'>πεο</span> 
     </span>
    </p>
   </div>
   <div class='ocr_carea' id='block_1_8' title="bbox 246 931 1823 1009">
    <p class='ocr_par' dir='ltr' id='par_1_8' title="bbox 246 931 1823 1009">
     <span class='ocr_line' id='line_1_8' title="bbox 246 931 1823 1009; baseline 0.007 -26"><span class='ocrx_word' id='word_1_50' title='bbox 246 931 535 1001; x_wconf 82' lang='grc' dir='ltr'>ριέπουσα,</span> <span class='ocrx_word' id='word_1_51' title='bbox 568 932 660 985; x_wconf 76' lang='grc' dir='ltr'>καὶ</span> <span class='ocrx_word' id='word_1_52' title='bbox 691 932 791 997; x_wconf 81' lang='grc' dir='ltr'><strong>τάς</strong></span> <span class='ocrx_word' id='word_1_53' title='bbox 824 934 1104 997; x_wconf 83' lang='grc' dir='ltr'>σκοτεινάς</span> <span class='ocrx_word' id='word_1_54' title='bbox 1131 934 1283 1003; x_wconf 65' lang='grc' dir='ltr'>ὄψεις</span> <span class='ocrx_word' id='word_1_55' title='bbox 1307 936 1415 987; x_wconf 87' lang='grc' dir='ltr'><strong>τῶν</strong></span> <span class='ocrx_word' id='word_1_56' title='bbox 1449 937 1697 1009; x_wconf 82' lang='grc' dir='ltr'><strong>πονηρῶν</strong></span> <span class='ocrx_word' id='word_1_57' title='bbox 1718 940 1823 994; x_wconf 83' lang='grc' dir='ltr'>δαι-</span> 
     </span>
    </p>
   </div>
   <div class='ocr_carea' id='block_1_9' title="bbox 245 1020 1824 1105">
    <p class='ocr_par' dir='ltr' id='par_1_9' title="bbox 245 1020 1824 1105">
     <span class='ocr_line' id='line_1_9' title="bbox 245 1020 1824 1105; baseline 0.008 -33"><span class='ocrx_word' id='word_1_58' title='bbox 245 1022 432 1090; x_wconf 82' lang='grc' dir='ltr'>μόνων</span> <span class='ocrx_word' id='word_1_59' title='bbox 472 1020 662 1094; x_wconf 77' lang='grc' dir='ltr'>πόρρω</span> <span class='ocrx_word' id='word_1_60' title='bbox 711 1024 882 1097; x_wconf 78' lang='grc' dir='ltr'>αὐτῆς</span> <span class='ocrx_word' id='word_1_61' title='bbox 911 1024 1310 1080; x_wconf 85' lang='grc' dir='ltr'>ἀπελαύνουσα·</span> <span class='ocrx_word' id='word_1_62' title='bbox 1346 1027 1403 1081; x_wconf 75' lang='grc' dir='ltr'>ὲν</span> <span class='ocrx_word' id='word_1_63' title='bbox 1428 1028 1486 1081; x_wconf 87' lang='grc' dir='ltr'>δὲ</span> <span class='ocrx_word' id='word_1_64' title='bbox 1517 1031 1581 1099; x_wconf 75' lang='grc' dir='ltr'>τῇ</span> <span class='ocrx_word' id='word_1_65' title='bbox 1620 1031 1824 1105; x_wconf 78' lang='grc' dir='ltr'>φοϐερᾷ</span> 
     </span>
    </p>
   </div>
   <div class='ocr_carea' id='block_1_10' title="bbox 243 1113 1823 1210">
    <p class='ocr_par' dir='ltr' id='par_1_10' title="bbox 243 1113 1823 1210">
     <span class='ocr_line' id='line_1_10' title="bbox 243 1113 1823 1210; baseline 0.006 -40"><span class='ocrx_word' id='word_1_66' title='bbox 243 1113 429 1186; x_wconf 70' lang='grc' dir='ltr'>ἡμέρᾳ</span> <span class='ocrx_word' id='word_1_67' title='bbox 458 1115 556 1187; x_wconf 77' lang='grc' dir='ltr'>τῆς</span> <span class='ocrx_word' id='word_1_68' title='bbox 614 1118 851 1189; x_wconf 87' lang='grc' dir='ltr'>κρίσεως</span> <span class='ocrx_word' id='word_1_69' title='bbox 900 1116 998 1186; x_wconf 77' lang='grc' dir='ltr'>τῆς</span> <span class='ocrx_word' id='word_1_70' title='bbox 1042 1118 1259 1171; x_wconf 75' lang='grc' dir='ltr'>αἰωνίου</span> <span class='ocrx_word' id='word_1_71' title='bbox 1292 1136 1359 1187; x_wconf 87' lang='grc' dir='ltr'><strong>με</strong></span> <span class='ocrx_word' id='word_1_72' title='bbox 1401 1122 1634 1193; x_wconf 76' lang='grc' dir='ltr'><strong>ῥυομένη</strong></span> <span class='ocrx_word' id='word_1_73' title='bbox 1663 1126 1823 1210; x_wconf 50' lang='grc' dir='ltr'>κολάς-</span> 
     </span>
    </p>
   </div>
   <div class='ocr_carea' id='block_1_11' title="bbox 245 1206 1825 1277">
    <p class='ocr_par' dir='ltr' id='par_1_11' title="bbox 245 1206 1825 1277">
     <span class='ocr_line' id='line_1_11' title="bbox 245 1206 1825 1277; baseline 0.009 -22"><span class='ocrx_word' id='word_1_74' title='bbox 245 1220 405 1270; x_wconf 85' lang='grc' dir='ltr'>σεως,</span> <span class='ocrx_word' id='word_1_75' title='bbox 426 1206 638 1277; x_wconf 75' lang='grc' dir='ltr'>καὶτῆς</span> <span class='ocrx_word' id='word_1_76' title='bbox 673 1206 987 1277; x_wconf 76' lang='grc' dir='ltr'>ἀπορρήτου</span> <span class='ocrx_word' id='word_1_77' title='bbox 1013 1206 1173 1277; x_wconf 77' lang='grc' dir='ltr'>δόξης</span> <span class='ocrx_word' id='word_1_78' title='bbox 1200 1208 1294 1262; x_wconf 85' lang='grc' dir='ltr'><strong>τοῦ</strong></span> <span class='ocrx_word' id='word_1_79' title='bbox 1314 1210 1406 1265; x_wconf 87' lang='grc' dir='ltr'><strong>σοῦ</strong></span> <span class='ocrx_word' id='word_1_80' title='bbox 1426 1211 1557 1265; x_wconf 87' lang='grc' dir='ltr'><strong>Υίοῦ</strong></span> <span class='ocrx_word' id='word_1_81' title='bbox 1587 1212 1681 1266; x_wconf 75' lang='grc' dir='ltr'><strong>καὶ</strong></span> <span class='ocrx_word' id='word_1_82' title='bbox 1692 1206 1825 1271; x_wconf 86' lang='grc' dir='ltr'>Θεοῦ</span> 
     </span>
    </p>
   </div>
   <div class='ocr_carea' id='block_1_12' title="bbox 244 1294 1823 1377">
    <p class='ocr_par' dir='ltr' id='par_1_12' title="bbox 244 1294 1823 1377">
     <span class='ocr_line' id='line_1_12' title="bbox 244 1294 1823 1377; baseline 0.008 -28"><span class='ocrx_word' id='word_1_83' title='bbox 244 1294 402 1365; x_wconf 80' lang='grc' dir='ltr'>ἡμῶν</span> <span class='ocrx_word' id='word_1_84' title='bbox 432 1297 768 1367; x_wconf 79' lang='grc' dir='ltr'>κληρονόμον</span> <span class='ocrx_word' id='word_1_85' title='bbox 792 1313 858 1366; x_wconf 84' lang='grc' dir='ltr'><strong>με</strong></span> <span class='ocrx_word' id='word_1_86' title='bbox 888 1296 1338 1356; x_wconf 75' lang='grc' dir='ltr'>ἀποδεικνύουσα·</span> <span class='ocrx_word' id='word_1_87' title='bbox 1366 1297 1435 1376; x_wconf 81' lang='grc' dir='ltr'>ἦς</span> <span class='ocrx_word' id='word_1_88' title='bbox 1463 1304 1556 1357; x_wconf 81' lang='grc' dir='ltr'>καὶ</span> <span class='ocrx_word' id='word_1_89' title='bbox 1585 1303 1823 1377; x_wconf 76' lang='grc' dir='ltr'>τύχοιμι,</span> 
     </span>
    </p>
   </div>
   <div class='ocr_carea' id='block_1_13' title="bbox 243 1389 1825 1467">
    <p class='ocr_par' dir='ltr' id='par_1_13' title="bbox 243 1389 1825 1467">
     <span class='ocr_line' id='line_1_13' title="bbox 243 1389 1825 1467; baseline 0.008 -27"><span class='ocrx_word' id='word_1_90' title='bbox 243 1389 511 1441; x_wconf 83' lang='grc' dir='ltr'>Δέσποινά</span> <span class='ocrx_word' id='word_1_91' title='bbox 568 1406 670 1459; x_wconf 90' lang='grc' dir='ltr'><strong>μου</strong></span> <span class='ocrx_word' id='word_1_92' title='bbox 708 1390 982 1460; x_wconf 82' lang='grc' dir='ltr'>ὑπεραγία</span> <span class='ocrx_word' id='word_1_93' title='bbox 1008 1390 1257 1459; x_wconf 85' lang='grc' dir='ltr'>Θεοτόκε,</span> <span class='ocrx_word' id='word_1_94' title='bbox 1286 1394 1373 1449; x_wconf 84' lang='grc' dir='ltr'><strong>διά</strong></span> <span class='ocrx_word' id='word_1_95' title='bbox 1410 1397 1508 1466; x_wconf 80' lang='grc' dir='ltr'>τῆς</span> <span class='ocrx_word' id='word_1_96' title='bbox 1536 1396 1639 1466; x_wconf 82' lang='grc' dir='ltr'>σῆς</span> <span class='ocrx_word' id='word_1_97' title='bbox 1673 1414 1825 1467; x_wconf 88' lang='grc' dir='ltr'>μεσι-</span> 
     </span>
    </p>
   </div>
   <div class='ocr_carea' id='block_1_14' title="bbox 243 1481 1823 1559">
    <p class='ocr_par' dir='ltr' id='par_1_14' title="bbox 243 1481 1823 1559">
     <span class='ocr_line' id='line_1_14' title="bbox 243 1481 1823 1559; baseline 0.008 -27"><span class='ocrx_word' id='word_1_98' title='bbox 243 1482 395 1543; x_wconf 84' lang='grc' dir='ltr'>τείας</span> <span class='ocrx_word' id='word_1_99' title='bbox 438 1481 531 1534; x_wconf 78' lang='grc' dir='ltr'>καὶ</span> <span class='ocrx_word' id='word_1_100' title='bbox 565 1481 923 1551; x_wconf 80' lang='grc' dir='ltr'>ἀντιλήψεως,</span> <span class='ocrx_word' id='word_1_101' title='bbox 958 1484 1140 1556; x_wconf 86' lang='grc' dir='ltr'>χάριτι</span> <span class='ocrx_word' id='word_1_102' title='bbox 1182 1488 1276 1540; x_wconf 82' lang='grc' dir='ltr'>καὶ</span> <span class='ocrx_word' id='word_1_103' title='bbox 1311 1486 1691 1559; x_wconf 76' lang='grc' dir='ltr'>φιλανθρωπίᾳ</span> <span class='ocrx_word' id='word_1_104' title='bbox 1729 1490 1823 1544; x_wconf 80' lang='grc' dir='ltr'><strong>τοῦ</strong></span> 
     </span>
    </p>
   </div>
   <div class='ocr_carea' id='block_1_15' title="bbox 249 1569 1827 1645">
    <p class='ocr_par' dir='ltr' id='par_1_15' title="bbox 249 1569 1827 1645">
     <span class='ocr_line' id='line_1_15' title="bbox 249 1569 1827 1645; baseline 0.01 -25"><span class='ocrx_word' id='word_1_105' title='bbox 249 1569 572 1638; x_wconf 74' lang='grc' dir='ltr'>μονογενοῦς</span> <span class='ocrx_word' id='word_1_106' title='bbox 601 1587 693 1623; x_wconf 91' lang='grc' dir='ltr'><strong>σου</strong></span> <span class='ocrx_word' id='word_1_107' title='bbox 722 1570 874 1637; x_wconf 89' lang='grc' dir='ltr'>Υἰοῦ,</span> <span class='ocrx_word' id='word_1_108' title='bbox 905 1574 1000 1628; x_wconf 87' lang='grc' dir='ltr'><strong>τοῦ</strong></span> <span class='ocrx_word' id='word_1_109' title='bbox 1040 1575 1246 1645; x_wconf 80' lang='grc' dir='ltr'>Κυρίου</span> <span class='ocrx_word' id='word_1_110' title='bbox 1282 1579 1377 1631; x_wconf 77' lang='grc' dir='ltr'>καὶ</span> <span class='ocrx_word' id='word_1_111' title='bbox 1406 1580 1562 1644; x_wconf 82' lang='grc' dir='ltr'><strong>Θεοῦ,</strong></span> <span class='ocrx_word' id='word_1_112' title='bbox 1597 1579 1691 1633; x_wconf 76' lang='grc' dir='ltr'>καὶ</span> <span class='ocrx_word' id='word_1_113' title='bbox 1715 1581 1827 1634; x_wconf 79' lang='grc' dir='ltr'><strong>Σωο</strong></span> 
     </span>
    </p>
   </div>
   <div class='ocr_carea' id='block_1_16' title="bbox 244 1659 1823 1743">
    <p class='ocr_par' dir='ltr' id='par_1_16' title="bbox 244 1659 1823 1743">
     <span class='ocr_line' id='line_1_16' title="bbox 244 1659 1823 1743; baseline 0.008 -32"><span class='ocrx_word' id='word_1_114' title='bbox 244 1659 412 1731; x_wconf 81' lang='grc' dir='ltr'>τῆρος</span> <span class='ocrx_word' id='word_1_115' title='bbox 468 1660 623 1731; x_wconf 79' lang='grc' dir='ltr'>ἡμῶν</span> <span class='ocrx_word' id='word_1_116' title='bbox 665 1663 847 1734; x_wconf 83' lang='grc' dir='ltr'><strong>Ἰησοῦ</strong></span> <span class='ocrx_word' id='word_1_117' title='bbox 888 1665 1148 1735; x_wconf 70' lang='grc' dir='ltr'>Χριστοῦ*</span> <span class='ocrx_word' id='word_1_118' title='bbox 1177 1659 1223 1733; x_wconf 84' lang='grc' dir='ltr'>ᾧ</span> <span class='ocrx_word' id='word_1_119' title='bbox 1261 1669 1462 1743; x_wconf 71' lang='grc' dir='ltr'>πρέπει</span> <span class='ocrx_word' id='word_1_120' title='bbox 1497 1671 1645 1724; x_wconf 79' lang='grc' dir='ltr'>πᾶσα</span> <span class='ocrx_word' id='word_1_121' title='bbox 1677 1669 1823 1736; x_wconf 80' lang='grc' dir='ltr'>δόξα,</span> 
     </span>
    </p>
   </div>
   <div class='ocr_carea' id='block_1_17' title="bbox 245 1751 1826 1835">
    <p class='ocr_par' dir='ltr' id='par_1_17' title="bbox 245 1751 1826 1835">
     <span class='ocr_line' id='line_1_17' title="bbox 245 1751 1826 1835; baseline 0.009 -33"><span class='ocrx_word' id='word_1_122' title='bbox 245 1751 379 1822; x_wconf 83' lang='grc' dir='ltr'>τιμὴ</span> <span class='ocrx_word' id='word_1_123' title='bbox 409 1753 502 1806; x_wconf 79' lang='grc' dir='ltr'>καὶ</span> <span class='ocrx_word' id='word_1_124' title='bbox 533 1753 925 1826; x_wconf 81' lang='grc' dir='ltr'>προσκύνησις,</span> <span class='ocrx_word' id='word_1_125' title='bbox 956 1754 1054 1806; x_wconf 79' lang='grc' dir='ltr'>σὺν</span> <span class='ocrx_word' id='word_1_126' title='bbox 1089 1754 1168 1826; x_wconf 82' lang='grc' dir='ltr'>τῷ</span> <span class='ocrx_word' id='word_1_127' title='bbox 1201 1759 1425 1832; x_wconf 85' lang='grc' dir='ltr'>ἀνάρχῳ</span> <span class='ocrx_word' id='word_1_128' title='bbox 1449 1761 1612 1816; x_wconf 83' lang='grc' dir='ltr'>αὐτοῦ</span> <span class='ocrx_word' id='word_1_129' title='bbox 1650 1763 1826 1835; x_wconf 75' lang='grc' dir='ltr'>Πατρὶ</span> 
     </span>
    </p>
   </div>
   <div class='ocr_carea' id='block_1_18' title="bbox 247 1842 1824 1923">
    <p class='ocr_par' dir='ltr' id='par_1_18' title="bbox 247 1842 1824 1923">
     <span class='ocr_line' id='line_1_18' title="bbox 247 1842 1824 1923; baseline 0.01 -29"><span class='ocrx_word' id='word_1_130' title='bbox 247 1843 342 1897; x_wconf 77' lang='grc' dir='ltr'>καὶ</span> <span class='ocrx_word' id='word_1_131' title='bbox 358 1842 435 1914; x_wconf 83' lang='grc' dir='ltr'>τῷ</span> <span class='ocrx_word' id='word_1_132' title='bbox 460 1845 708 1914; x_wconf 87' lang='grc' dir='ltr'>παναγίῳ</span> <span class='ocrx_word' id='word_1_133' title='bbox 734 1844 828 1897; x_wconf 78' lang='grc' dir='ltr'>καὶ</span> <span class='ocrx_word' id='word_1_134' title='bbox 851 1844 1042 1917; x_wconf 83' lang='grc' dir='ltr'>ἀγαθῷ</span> <span class='ocrx_word' id='word_1_135' title='bbox 1066 1848 1157 1900; x_wconf 81' lang='grc' dir='ltr'>καὶ</span> <span class='ocrx_word' id='word_1_136' title='bbox 1182 1848 1429 1923; x_wconf 77' lang='grc' dir='ltr'>ζωοποιῷ</span> <span class='ocrx_word' id='word_1_137' title='bbox 1461 1853 1625 1908; x_wconf 85' lang='grc' dir='ltr'>αὑτοῦ</span> <span class='ocrx_word' id='word_1_138' title='bbox 1654 1856 1824 1909; x_wconf 80' lang='grc' dir='ltr'>Πνεῦ-</span> 
     </span>
    </p>
   </div>
   <div class='ocr_carea' id='block_1_19' title="bbox 249 1932 1896 2003">
    <p class='ocr_par' dir='ltr' id='par_1_19' title="bbox 249 1932 1896 2003">
     <span class='ocr_line' id='line_1_19' title="bbox 249 1932 1896 2003; baseline 0.012 -19"><span class='ocrx_word' id='word_1_139' title='bbox 249 1950 400 2003; x_wconf 85' lang='grc' dir='ltr'>ματι,</span> <span class='ocrx_word' id='word_1_140' title='bbox 431 1933 527 1987; x_wconf 89' lang='grc' dir='ltr'><strong>νῦν</strong></span> <span class='ocrx_word' id='word_1_141' title='bbox 554 1936 649 1987; x_wconf 78' lang='grc' dir='ltr'>καὶ</span> <span class='ocrx_word' id='word_1_142' title='bbox 675 1932 785 1999; x_wconf 77' lang='grc' dir='ltr'>ἀεὶ,</span> <span class='ocrx_word' id='word_1_143' title='bbox 812 1935 907 1989; x_wconf 77' lang='grc' dir='ltr'>καὶ</span> <span class='ocrx_word' id='word_1_144' title='bbox 934 1936 1014 1999; x_wconf 87' lang='grc' dir='ltr'><strong>εἰς</strong></span> <span class='ocrx_word' id='word_1_145' title='bbox 1041 1937 1168 2001; x_wconf 84' lang='grc' dir='ltr'>τοὺς</span> <span class='ocrx_word' id='word_1_146' title='bbox 1210 1938 1413 2003; x_wconf 88' lang='grc' dir='ltr'>αἰῶνας</span> <span class='ocrx_word' id='word_1_147' title='bbox 1442 1943 1548 1997; x_wconf 91' lang='grc' dir='ltr'><strong>τῶν</strong></span> <span class='ocrx_word' id='word_1_148' title='bbox 1587 1943 1818 2003; x_wconf 89' lang='grc' dir='ltr'>αἰώνων.</span> <span class='ocrx_word' id='word_1_149' title='bbox 1852 1947 1896 2002; x_wconf 85' lang='grc' dir='ltr'>Β</span> 
     </span>
    </p>
   </div>
   <div class='ocr_carea' id='block_1_20' title="bbox 258 2020 455 2092">
    <p class='ocr_par' dir='ltr' id='par_1_20' title="bbox 258 2020 455 2092">
     <span class='ocr_line' id='line_1_20' title="bbox 258 2020 455 2092; baseline 0.02 -20"><span class='ocrx_word' id='word_1_150' title='bbox 258 2020 455 2092; x_wconf 74' lang='grc' dir='ltr'>’Δμήν.</span> 
     </span>
    </p>
   </div>
   <div class='ocr_carea' id='block_1_21' title="bbox 313 2154 1824 2231">
    <p class='ocr_par' dir='ltr' id='par_1_21' title="bbox 313 2154 1824 2231">
     <span class='ocr_line' id='line_1_21' title="bbox 313 2154 1824 2231; baseline 0.005 -23"><span class='ocrx_word' id='word_1_151' title='bbox 313 2156 426 2210; x_wconf 85' lang='lat' dir='ltr'><strong>Kal</strong></span> <span class='ocrx_word' id='word_1_152' title='bbox 478 2154 567 2221; x_wconf 78' lang='grc' dir='ltr'><strong>δὺς</strong></span> <span class='ocrx_word' id='word_1_153' title='bbox 612 2157 762 2227; x_wconf 77' lang='grc' dir='ltr'>ἡμῖν,</span> <span class='ocrx_word' id='word_1_154' title='bbox 809 2156 1075 2223; x_wconf 73' lang='grc' dir='ltr'>Δέσποτα,</span> <span class='ocrx_word' id='word_1_155' title='bbox 1141 2159 1279 2231; x_wconf 83' lang='grc' dir='ltr'>πρὸς</span> <span class='ocrx_word' id='word_1_156' title='bbox 1336 2158 1500 2214; x_wconf 77' lang='grc' dir='ltr'>ὕπνον</span> <span class='ocrx_word' id='word_1_157' title='bbox 1573 2160 1824 2217; x_wconf 77' lang='grc' dir='ltr'>ἀπιοῦσιν</span> 
     </span>
    </p>
   </div>
   <div class='ocr_carea' id='block_1_22' title="bbox 243 2246 1823 2327">
    <p class='ocr_par' dir='ltr' id='par_1_22' title="bbox 243 2246 1823 2327">
     <span class='ocr_line' id='line_1_22' title="bbox 243 2246 1823 2327; baseline 0.006 -26"><span class='ocrx_word' id='word_1_158' title='bbox 243 2248 551 2302; x_wconf 78' lang='grc' dir='ltr'>ἀνάπαυσιν</span> <span class='ocrx_word' id='word_1_159' title='bbox 576 2246 824 2319; x_wconf 84' lang='grc' dir='ltr'>σώματος</span> <span class='ocrx_word' id='word_1_160' title='bbox 847 2251 941 2305; x_wconf 74' lang='grc' dir='ltr'>καὶ</span> <span class='ocrx_word' id='word_1_161' title='bbox 969 2250 1169 2323; x_wconf 72' lang='grc' dir='ltr'><strong>ψυχῆς⁵</strong></span> <span class='ocrx_word' id='word_1_162' title='bbox 1200 2251 1296 2306; x_wconf 74' lang='grc' dir='ltr'>καὶ</span> <span class='ocrx_word' id='word_1_163' title='bbox 1322 2251 1645 2324; x_wconf 79' lang='grc' dir='ltr'>διαφύλαξον</span> <span class='ocrx_word' id='word_1_164' title='bbox 1675 2256 1823 2327; x_wconf 75' lang='grc' dir='ltr'>ἡμᾶς</span> 
     </span>
    </p>
   </div>
   <div class='ocr_carea' id='block_1_23' title="bbox 242 2338 1819 2417">
    <p class='ocr_par' dir='ltr' id='par_1_23' title="bbox 242 2338 1819 2417">
     <span class='ocr_line' id='line_1_23' title="bbox 242 2338 1819 2417; baseline 0.006 -25"><span class='ocrx_word' id='word_1_165' title='bbox 242 2339 352 2395; x_wconf 78' lang='grc' dir='ltr'>ἀπὸ</span> <span class='ocrx_word' id='word_1_166' title='bbox 396 2339 491 2394; x_wconf 88' lang='grc' dir='ltr'><strong>τοῦ</strong></span> <span class='ocrx_word' id='word_1_167' title='bbox 521 2338 752 2411; x_wconf 80' lang='grc' dir='ltr'>ζοφεροῦ</span> <span class='ocrx_word' id='word_1_168' title='bbox 787 2341 957 2397; x_wconf 82' lang='grc' dir='ltr'>ῦπνου</span> <span class='ocrx_word' id='word_1_169' title='bbox 987 2345 1087 2416; x_wconf 84' lang='grc' dir='ltr'>τῆς</span> <span class='ocrx_word' id='word_1_170' title='bbox 1127 2345 1421 2417; x_wconf 79' lang='grc' dir='ltr'>ἁμαρτίας,</span> <span class='ocrx_word' id='word_1_171' title='bbox 1445 2346 1540 2400; x_wconf 76' lang='grc' dir='ltr'>καὶ</span> <span class='ocrx_word' id='word_1_172' title='bbox 1570 2347 1678 2401; x_wconf 83' lang='grc' dir='ltr'>ἀπὸ</span> <span class='ocrx_word' id='word_1_173' title='bbox 1711 2348 1819 2403; x_wconf 81' lang='grc' dir='ltr'>πά-</span> 
     </span>
    </p>
   </div>
   <div class='ocr_carea' id='block_1_24' title="bbox 244 2433 1821 2508">
    <p class='ocr_par' dir='ltr' id='par_1_24' title="bbox 244 2433 1821 2508">
     <span class='ocr_line' id='line_1_24' title="bbox 244 2433 1821 2508; baseline 0.006 -25"><span class='ocrx_word' id='word_1_174' title='bbox 244 2447 345 2505; x_wconf 83' lang='grc' dir='ltr'><strong>σης</strong></span> <span class='ocrx_word' id='word_1_175' title='bbox 397 2433 678 2499; x_wconf 68' lang='lat' dir='ltr'><strong>exoravi);</strong></span> <span class='ocrx_word' id='word_1_176' title='bbox 719 2434 813 2486; x_wconf 78' lang='grc' dir='ltr'>καὶ</span> <span class='ocrx_word' id='word_1_177' title='bbox 858 2436 1182 2507; x_wconf 74' lang='grc' dir='ltr'>νυκτερινῆς</span> <span class='ocrx_word' id='word_1_178' title='bbox 1226 2437 1571 2508; x_wconf 77' lang='grc' dir='ltr'>ἡδυπαθείας.</span> <span class='ocrx_word' id='word_1_179' title='bbox 1604 2438 1821 2494; x_wconf 85' lang='grc' dir='ltr'>Παῦσον</span> 
     </span>
    </p>
   </div>
   <div class='ocr_carea' id='block_1_25' title="bbox 242 2523 1821 2603">
    <p class='ocr_par' dir='ltr' id='par_1_25' title="bbox 242 2523 1821 2603">
     <span class='ocr_line' id='line_1_25' title="bbox 242 2523 1821 2603; baseline 0.004 -27"><span class='ocrx_word' id='word_1_180' title='bbox 242 2523 345 2587; x_wconf 76' lang='grc' dir='ltr'>τὰς</span> <span class='ocrx_word' id='word_1_181' title='bbox 376 2524 551 2596; x_wconf 80' lang='grc' dir='ltr'>ὁρμάς</span> <span class='ocrx_word' id='word_1_182' title='bbox 581 2524 691 2578; x_wconf 86' lang='grc' dir='ltr'><strong>τῶν</strong></span> <span class='ocrx_word' id='word_1_183' title='bbox 724 2523 933 2581; x_wconf 80' lang='grc' dir='ltr'>παθῶν·</span> <span class='ocrx_word' id='word_1_184' title='bbox 972 2526 1163 2580; x_wconf 75' lang='grc' dir='ltr'>σϐέσον</span> <span class='ocrx_word' id='word_1_185' title='bbox 1190 2526 1258 2580; x_wconf 91' lang='grc' dir='ltr'><strong>τά</strong></span> <span class='ocrx_word' id='word_1_186' title='bbox 1283 2529 1654 2600; x_wconf 78' lang='grc' dir='ltr'>πεπυρωμένα</span> <span class='ocrx_word' id='word_1_187' title='bbox 1693 2529 1821 2603; x_wconf 65' lang='grc' dir='ltr'>βέλη</span> 
     </span>
    </p>
   </div>
   <div class='ocr_carea' id='block_1_26' title="bbox 241 2611 1823 2690">
    <p class='ocr_par' dir='ltr' id='par_1_26' title="bbox 241 2611 1823 2690">
     <span class='ocr_line' id='line_1_26' title="bbox 241 2611 1823 2690; baseline 0.006 -24"><span class='ocrx_word' id='word_1_188' title='bbox 241 2612 338 2667; x_wconf 89' lang='grc' dir='ltr'><strong>τοῦ</strong></span> <span class='ocrx_word' id='word_1_189' title='bbox 389 2617 647 2688; x_wconf 86' lang='grc' dir='ltr'>πονηροῦ,</span> <span class='ocrx_word' id='word_1_190' title='bbox 680 2611 749 2672; x_wconf 84' lang='grc' dir='ltr'><strong>τά</strong></span> <span class='ocrx_word' id='word_1_191' title='bbox 793 2616 915 2672; x_wconf 80' lang='grc' dir='ltr'>καθ’</span> <span class='ocrx_word' id='word_1_192' title='bbox 946 2616 1103 2689; x_wconf 76' lang='grc' dir='ltr'>ἡμῶν</span> <span class='ocrx_word' id='word_1_193' title='bbox 1148 2617 1339 2681; x_wconf 84' lang='grc' dir='ltr'>δολίως</span> <span class='ocrx_word' id='word_1_194' title='bbox 1375 2618 1693 2690; x_wconf 66' lang='grc' dir='ltr'>κινούμενα*</span> <span class='ocrx_word' id='word_1_195' title='bbox 1722 2621 1823 2687; x_wconf 85' lang='grc' dir='ltr'><strong>τὰς</strong></span> 
     </span>
    </p>
   </div>
   <div class='ocr_carea' id='block_1_27' title="bbox 242 2702 1823 2778">
    <p class='ocr_par' dir='ltr' id='par_1_27' title="bbox 242 2702 1823 2778">
     <span class='ocr_line' id='line_1_27' title="bbox 242 2702 1823 2778; baseline 0.007 -22"><span class='ocrx_word' id='word_1_196' title='bbox 242 2702 345 2771; x_wconf 81' lang='grc' dir='ltr'>τῆς</span> <span class='ocrx_word' id='word_1_197' title='bbox 372 2707 572 2776; x_wconf 78' lang='grc' dir='ltr'>σαρκὸς</span> <span class='ocrx_word' id='word_1_198' title='bbox 588 2708 746 2778; x_wconf 79' lang='grc' dir='ltr'>ἡμῶν</span> <span class='ocrx_word' id='word_1_199' title='bbox 771 2710 1167 2775; x_wconf 67' lang='grc' dir='ltr'>ἐπαναστάσεις</span> <span class='ocrx_word' id='word_1_200' title='bbox 1189 2709 1559 2778; x_wconf 85' lang='grc' dir='ltr'>κατάστειλον,</span> <span class='ocrx_word' id='word_1_201' title='bbox 1590 2711 1685 2765; x_wconf 83' lang='grc' dir='ltr'><strong>καὶ</strong></span> <span class='ocrx_word' id='word_1_202' title='bbox 1715 2714 1823 2767; x_wconf 75' lang='grc' dir='ltr'>πᾶν</span> 
     </span>
    </p>
   </div>
   <div class='ocr_carea' id='block_1_28' title="bbox 241 2800 1824 2879">
    <p class='ocr_par' dir='ltr' id='par_1_28' title="bbox 241 2800 1824 2879">
     <span class='ocr_line' id='line_1_28' title="bbox 241 2800 1824 2879; baseline 0.007 -26"><span class='ocrx_word' id='word_1_203' title='bbox 241 2800 445 2869; x_wconf 76' lang='grc' dir='ltr'>γεῶδες</span> <span class='ocrx_word' id='word_1_204' title='bbox 475 2802 570 2855; x_wconf 75' lang='grc' dir='ltr'>καὶ</span> <span class='ocrx_word' id='word_1_205' title='bbox 604 2803 784 2857; x_wconf 84' lang='grc' dir='ltr'>ὑλικὸν</span> <span class='ocrx_word' id='word_1_206' title='bbox 818 2802 972 2875; x_wconf 79' lang='grc' dir='ltr'>ἡμῶν</span> <span class='ocrx_word' id='word_1_207' title='bbox 1005 2806 1259 2877; x_wconf 81' lang='grc' dir='ltr'>φρόνημα</span> <span class='ocrx_word' id='word_1_208' title='bbox 1290 2806 1571 2879; x_wconf 86' lang='grc' dir='ltr'>κοίμησον·</span> <span class='ocrx_word' id='word_1_209' title='bbox 1596 2808 1691 2863; x_wconf 75' lang='grc' dir='ltr'>καὶ</span> <span class='ocrx_word' id='word_1_210' title='bbox 1721 2807 1824 2863; x_wconf 83' lang='grc' dir='ltr'>δώ-</span> 
     </span>
    </p>
   </div>
   <div class='ocr_carea' id='block_1_29' title="bbox 245 2892 1820 2971">
    <p class='ocr_par' dir='ltr' id='par_1_29' title="bbox 245 2892 1820 2971">
     <span class='ocr_line' id='line_1_29' title="bbox 245 2892 1820 2971; baseline 0.007 -27"><span class='ocrx_word' id='word_1_211' title='bbox 245 2907 412 2962; x_wconf 89' lang='grc' dir='ltr'>ρησαι</span> <span class='ocrx_word' id='word_1_212' title='bbox 437 2892 588 2963; x_wconf 74' lang='grc' dir='ltr'>ἡμῖν,</span> <span class='ocrx_word' id='word_1_213' title='bbox 634 2894 663 2946; x_wconf 84' lang='grc' dir='ltr'><strong>ὁ</strong></span> <span class='ocrx_word' id='word_1_214' title='bbox 703 2892 856 2959; x_wconf 77' lang='grc' dir='ltr'>Θεὸς,</span> <span class='ocrx_word' id='word_1_215' title='bbox 905 2897 1176 2967; x_wconf 74' lang='grc' dir='ltr'>γρηγορον</span> <span class='ocrx_word' id='word_1_216' title='bbox 1204 2896 1351 2961; x_wconf 87' lang='grc' dir='ltr'>νοῦν,</span> <span class='ocrx_word' id='word_1_217' title='bbox 1385 2892 1634 2970; x_wconf 81' lang='grc' dir='ltr'>σώφρονα</span> <span class='ocrx_word' id='word_1_218' title='bbox 1671 2900 1820 2971; x_wconf 86' lang='grc' dir='ltr'>λογι-</span> 
     </span>
    </p>
   </div>
   <div class='ocr_carea' id='block_1_30' title="bbox 243 2983 1820 3064">
    <p class='ocr_par' dir='ltr' id='par_1_30' title="bbox 243 2983 1820 3064">
     <span class='ocr_line' id='line_1_30' title="bbox 243 2983 1820 3064; baseline 0.006 -28"><span class='ocrx_word' id='word_1_219' title='bbox 243 2983 403 3055; x_wconf 83' lang='grc' dir='ltr'>σμδν,</span> <span class='ocrx_word' id='word_1_220' title='bbox 430 2985 656 3057; x_wconf 82' lang='grc' dir='ltr'>καρδίαν</span> <span class='ocrx_word' id='word_1_221' title='bbox 678 2987 978 3058; x_wconf 80' lang='grc' dir='ltr'>νήφουσαν,</span> <span class='ocrx_word' id='word_1_222' title='bbox 1015 2986 1196 3042; x_wconf 76' lang='grc' dir='ltr'>’ὕπνον</span> <span class='ocrx_word' id='word_1_223' title='bbox 1231 2987 1488 3059; x_wconf 64' lang='grc' dir='ltr'>ἐλαφρὸν,</span> <span class='ocrx_word' id='word_1_224' title='bbox 1515 2990 1609 3044; x_wconf 82' lang='grc' dir='ltr'>καὶ</span> <span class='ocrx_word' id='word_1_225' title='bbox 1640 2992 1820 3064; x_wconf 82' lang='grc' dir='ltr'>πάσης</span> 
     </span>
    </p>
   </div>
   <div class='ocr_carea' id='block_1_31' title="bbox 242 3077 1819 3154">
    <p class='ocr_par' dir='ltr' id='par_1_31' title="bbox 242 3077 1819 3154">
     <span class='ocr_line' id='line_1_31' title="bbox 242 3077 1819 3154; baseline 0.005 -24"><span class='ocrx_word' id='word_1_226' title='bbox 242 3077 544 3148; x_wconf 78' lang='grc' dir='ltr'>σατανικῆς</span> <span class='ocrx_word' id='word_1_227' title='bbox 574 3080 871 3148; x_wconf 72' lang='grc' dir='ltr'>φαντασίας</span> <span class='ocrx_word' id='word_1_228' title='bbox 897 3079 1337 3152; x_wconf 73' lang='grc' dir='ltr'>ἀπηλλαγμένον.</span> <span class='ocrx_word' id='word_1_229' title='bbox 1364 3081 1731 3154; x_wconf 78' lang='grc' dir='ltr'>Διανάστησον</span> <span class='ocrx_word' id='word_1_230' title='bbox 1762 3084 1819 3138; x_wconf 65' lang='grc' dir='ltr'>δὲ</span> 
     </span>
    </p>
   </div>
   <div class='ocr_carea' id='block_1_32' title="bbox 1930 664 3505 743">
    <p class='ocr_par' dir='ltr' id='par_1_32' title="bbox 1930 664 3505 743">
     <span class='ocr_line' id='line_1_32' title="bbox 1930 664 3505 743; baseline 0.01 -28"><span class='ocrx_word' id='word_1_231' title='bbox 1930 664 2279 727; x_wconf 78' lang='lat' dir='ltr'><strong>ausiliatrix,</strong></span> <span class='ocrx_word' id='word_1_232' title='bbox 2334 679 2599 722; x_wconf 86' lang='lat' dir='ltr'><strong>coercens</strong></span> <span class='ocrx_word' id='word_1_233' title='bbox 2650 667 3052 725; x_wconf 75' lang='lat' dir='ltr'><strong>adversantium</strong></span> <span class='ocrx_word' id='word_1_234' title='bbox 3108 673 3391 743; x_wconf 84' lang='lat' dir='ltr'><strong>impetus,</strong></span> <span class='ocrx_word' id='word_1_235' title='bbox 3447 686 3505 732; x_wconf 84' lang='lat' dir='ltr'><strong>et</strong></span> 
     </span>
    </p>
   </div>
   <div class='ocr_carea' id='block_1_33' title="bbox 1929 754 3504 825">
    <p class='ocr_par' dir='ltr' id='par_1_33' title="bbox 1929 754 3504 825">
     <span class='ocr_line' id='line_1_33' title="bbox 1929 754 3504 825; baseline 0.01 -16"><span class='ocrx_word' id='word_1_236' title='bbox 1929 754 2071 809; x_wconf 81' lang='lat' dir='ltr'><strong>viain</strong></span> <span class='ocrx_word' id='word_1_237' title='bbox 2096 756 2162 809; x_wconf 91' lang='lat' dir='ltr'><strong>ad</strong></span> <span class='ocrx_word' id='word_1_238' title='bbox 2186 757 2417 811; x_wconf 85' lang='lat' dir='ltr'><strong>salutem</strong></span> <span class='ocrx_word' id='word_1_239' title='bbox 2452 770 2924 825; x_wconf 89' lang='lat' dir='ltr'><strong>eommonstrans;</strong></span> <span class='ocrx_word' id='word_1_240' title='bbox 2971 762 3163 821; x_wconf 81' lang='lat' dir='ltr'><strong>deinde</strong></span> <span class='ocrx_word' id='word_1_241' title='bbox 3186 766 3368 823; x_wconf 78' lang='lat' dir='ltr'><strong>exitus</strong></span> <span class='ocrx_word' id='word_1_242' title='bbox 3395 770 3504 825; x_wconf 88' lang='lat' dir='ltr'><strong>mei</strong></span> 
     </span>
    </p>
   </div>
   <div class='ocr_carea' id='block_1_34' title="bbox 1933 851 3503 920">
    <p class='ocr_par' dir='ltr' id='par_1_34' title="bbox 1933 851 3503 920">
     <span class='ocr_line' id='line_1_34' title="bbox 1933 851 3503 920; baseline 0.01 -20"><span class='ocrx_word' id='word_1_243' title='bbox 1933 855 2175 915; x_wconf 87' lang='lat' dir='ltr'><strong>tempore</strong></span> <span class='ocrx_word' id='word_1_244' title='bbox 2202 858 2423 919; x_wconf 86' lang='lat' dir='ltr'><strong>protege</strong></span> <span class='ocrx_word' id='word_1_245' title='bbox 2466 851 2721 905; x_wconf 90' lang='lat' dir='ltr'><strong>miseram</strong></span> <span class='ocrx_word' id='word_1_246' title='bbox 2755 866 2929 905; x_wconf 84' lang='lat' dir='ltr'><strong>meant</strong></span> <span class='ocrx_word' id='word_1_247' title='bbox 2958 851 3220 920; x_wconf 70' lang='lat' dir='ltr'><strong>anitnfr‘m,</strong></span> <span class='ocrx_word' id='word_1_248' title='bbox 3247 858 3503 914; x_wconf 88' lang='lat' dir='ltr'><strong>tenebro-</strong></span> 
     </span>
    </p>
   </div>
   <div class='ocr_carea' id='block_1_35' title="bbox 1931 941 3501 1016">
    <p class='ocr_par' dir='ltr' id='par_1_35' title="bbox 1931 941 3501 1016">
     <span class='ocr_line' id='line_1_35' title="bbox 1931 941 3501 1016; baseline 0.008 -23"><span class='ocrx_word' id='word_1_249' title='bbox 1931 954 2127 1009; x_wconf 86' lang='lat' dir='ltr'><strong>sasqne</strong></span> <span class='ocrx_word' id='word_1_250' title='bbox 2151 941 2415 995; x_wconf 80' lang='lat' dir='ltr'><strong>maiorum</strong></span> <span class='ocrx_word' id='word_1_251' title='bbox 2441 941 2743 996; x_wconf 67' lang='lat' dir='ltr'><strong>daemonum</strong></span> <span class='ocrx_word' id='word_1_252' title='bbox 2783 943 2987 998; x_wconf 77' lang='lat' dir='ltr'><strong>formas</strong></span> <span class='ocrx_word' id='word_1_253' title='bbox 3040 946 3225 1012; x_wconf 82' lang='lat' dir='ltr'><strong>procul</strong></span> <span class='ocrx_word' id='word_1_254' title='bbox 3263 949 3501 1016; x_wconf 86' lang='lat' dir='ltr'><strong>repelle;</strong></span> 
     </span>
    </p>
   </div>
   <div class='ocr_carea' id='block_1_36' title="bbox 1931 1031 3503 1106">
    <p class='ocr_par' dir='ltr' id='par_1_36' title="bbox 1931 1031 3503 1106">
     <span class='ocr_line' id='line_1_36' title="bbox 1931 1031 3503 1106; baseline 0.009 -22"><span class='ocrx_word' id='word_1_255' title='bbox 1931 1031 1986 1085; x_wconf 87' lang='lat' dir='ltr'><strong>in</strong></span> <span class='ocrx_word' id='word_1_256' title='bbox 2024 1033 2302 1087; x_wconf 82' lang='lat' dir='ltr'><strong>tremendo</strong></span> <span class='ocrx_word' id='word_1_257' title='bbox 2331 1042 2513 1087; x_wconf 90' lang='lat' dir='ltr'><strong>autem</strong></span> <span class='ocrx_word' id='word_1_258' title='bbox 2544 1033 2631 1086; x_wconf 90' lang='lat' dir='ltr'><strong>die</strong></span> <span class='ocrx_word' id='word_1_259' title='bbox 2668 1034 2859 1102; x_wconf 84' lang='lat' dir='ltr'><strong>judicii</strong></span> <span class='ocrx_word' id='word_1_260' title='bbox 2917 1052 2945 1090; x_wconf 92' lang='lat' dir='ltr'><strong>a</strong></span> <span class='ocrx_word' id='word_1_261' title='bbox 2978 1050 3134 1105; x_wconf 76' lang='lat' dir='ltr'><strong>pmna</strong></span> <span class='ocrx_word' id='word_1_262' title='bbox 3169 1039 3503 1106; x_wconf 81' lang='lat' dir='ltr'><strong>sempiterna</strong></span> 
     </span>
    </p>
   </div>
   <div class='ocr_carea' id='block_1_37' title="bbox 1928 1121 3503 1186">
    <p class='ocr_par' dir='ltr' id='par_1_37' title="bbox 1928 1121 3503 1186">
     <span class='ocr_line' id='line_1_37' title="bbox 1928 1121 3503 1186; baseline 0.006 -10"><span class='ocrx_word' id='word_1_263' title='bbox 1928 1135 2059 1176; x_wconf 90' lang='lat' dir='ltr'><strong>erue</strong></span> <span class='ocrx_word' id='word_1_264' title='bbox 2090 1137 2198 1186; x_wconf 91' lang='lat' dir='ltr'><strong>me,</strong></span> <span class='ocrx_word' id='word_1_265' title='bbox 2227 1133 2281 1176; x_wconf 90' lang='lat' dir='ltr'><strong>et</strong></span> <span class='ocrx_word' id='word_1_266' title='bbox 2318 1121 2403 1177; x_wconf 84' lang='lat' dir='ltr'><strong>fac</strong></span> <span class='ocrx_word' id='word_1_267' title='bbox 2434 1122 2702 1177; x_wconf 67' lang='lat' dir='ltr'><strong>literedem</strong></span> <span class='ocrx_word' id='word_1_268' title='bbox 2755 1125 2874 1179; x_wconf 83' lang='lat' dir='ltr'><strong>Filii</strong></span> <span class='ocrx_word' id='word_1_269' title='bbox 2934 1126 3009 1180; x_wconf 91' lang='lat' dir='ltr'><strong>tni</strong></span> <span class='ocrx_word' id='word_1_270' title='bbox 3068 1135 3123 1180; x_wconf 88' lang='lat' dir='ltr'><strong>et</strong></span> <span class='ocrx_word' id='word_1_271' title='bbox 3183 1128 3278 1182; x_wconf 86' lang='lat' dir='ltr'><strong>Dei</strong></span> <span class='ocrx_word' id='word_1_272' title='bbox 3327 1131 3503 1186; x_wconf 85' lang='lat' dir='ltr'><strong>nostri</strong></span> 
     </span>
    </p>
   </div>
   <div class='ocr_carea' id='block_1_38' title="bbox 1928 1214 3501 1288">
    <p class='ocr_par' dir='ltr' id='par_1_38' title="bbox 1928 1214 3501 1288">
     <span class='ocr_line' id='line_1_38' title="bbox 1928 1214 3501 1288; baseline 0.004 -17"><span class='ocrx_word' id='word_1_273' title='bbox 1928 1214 2219 1271; x_wconf 87' lang='lat' dir='ltr'><strong>ineiiabilis</strong></span> <span class='ocrx_word' id='word_1_274' title='bbox 2247 1215 2467 1284; x_wconf 62' lang='lat' dir='ltr'><strong>gloriae;</strong></span> <span class='ocrx_word' id='word_1_275' title='bbox 2501 1231 2663 1285; x_wconf 89' lang='lat' dir='ltr'><strong>quam</strong></span> <span class='ocrx_word' id='word_1_276' title='bbox 2698 1219 2912 1272; x_wconf 83' lang='lat' dir='ltr'><strong>tandem</strong></span> <span class='ocrx_word' id='word_1_277' title='bbox 2936 1219 3233 1288; x_wconf 80' lang='lat' dir='ltr'><strong>adipiscar,</strong></span> <span class='ocrx_word' id='word_1_278' title='bbox 3271 1220 3501 1279; x_wconf 81' lang='lat' dir='ltr'><strong>Domina</strong></span> 
     </span>
    </p>
   </div>
   <div class='ocr_carea' id='block_1_39' title="bbox 1928 1309 3493 1378">
    <p class='ocr_par' dir='ltr' id='par_1_39' title="bbox 1928 1309 3493 1378">
     <span class='ocr_line' id='line_1_39' title="bbox 1928 1309 3493 1378; baseline 0.001 -13"><span class='ocrx_word' id='word_1_279' title='bbox 1928 1323 2049 1365; x_wconf 90' lang='lat' dir='ltr'><strong>mea</strong></span> <span class='ocrx_word' id='word_1_280' title='bbox 2077 1309 2425 1364; x_wconf 84' lang='lat' dir='ltr'><strong>sanctissima</strong></span> <span class='ocrx_word' id='word_1_281' title='bbox 2457 1309 2718 1378; x_wconf 74' lang='lat' dir='ltr'><strong>Deipara;</strong></span> <span class='ocrx_word' id='word_1_282' title='bbox 2742 1321 2831 1365; x_wconf 92' lang='lat' dir='ltr'><strong>tua</strong></span> <span class='ocrx_word' id='word_1_283' title='bbox 2863 1310 3257 1369; x_wconf 81' lang='lat' dir='ltr'><strong>intercessione</strong></span> <span class='ocrx_word' id='word_1_284' title='bbox 3286 1329 3351 1368; x_wconf 87' lang='lat' dir='ltr'><strong>ac</strong></span> <span class='ocrx_word' id='word_1_285' title='bbox 3403 1324 3493 1369; x_wconf 88' lang='lat' dir='ltr'><strong>tn-</strong></span> 
     </span>
    </p>
   </div>
   <div class='ocr_carea' id='block_1_40' title="bbox 1927 1401 3501 1475">
    <p class='ocr_par' dir='ltr' id='par_1_40' title="bbox 1927 1401 3501 1475">
     <span class='ocr_line' id='line_1_40' title="bbox 1927 1401 3501 1475; baseline 0.002 -18"><span class='ocrx_word' id='word_1_286' title='bbox 1927 1402 2061 1466; x_wconf 86' lang='lat' dir='ltr'><strong>tela,</strong></span> <span class='ocrx_word' id='word_1_287' title='bbox 2116 1401 2399 1473; x_wconf 84' lang='lat' dir='ltr'><strong>gratiaque</strong></span> <span class='ocrx_word' id='word_1_288' title='bbox 2446 1412 2502 1457; x_wconf 90' lang='lat' dir='ltr'><strong>et</strong></span> <span class='ocrx_word' id='word_1_289' title='bbox 2532 1403 2869 1473; x_wconf 79' lang='lat' dir='ltr'><strong>benignitate</strong></span> <span class='ocrx_word' id='word_1_290' title='bbox 2914 1406 3177 1475; x_wconf 77' lang='lat' dir='ltr'><strong>unigeniti</strong></span> <span class='ocrx_word' id='word_1_291' title='bbox 3210 1407 3287 1461; x_wconf 90' lang='lat' dir='ltr'><strong>tni</strong></span> <span class='ocrx_word' id='word_1_292' title='bbox 3336 1406 3501 1474; x_wconf 83' lang='lat' dir='ltr'><strong>Filii,</strong></span> 
     </span>
    </p>
   </div>
   <div class='ocr_carea' id='block_1_41' title="bbox 1928 1492 3497 1563">
    <p class='ocr_par' dir='ltr' id='par_1_41' title="bbox 1928 1492 3497 1563">
     <span class='ocr_line' id='line_1_41' title="bbox 1928 1492 3497 1563; baseline 0.005 -15"><span class='ocrx_word' id='word_1_293' title='bbox 1928 1493 2169 1557; x_wconf 88' lang='lat' dir='ltr'><strong>Domini.</strong></span> <span class='ocrx_word' id='word_1_294' title='bbox 2204 1492 2299 1551; x_wconf 88' lang='lat' dir='ltr'><strong>Dei</strong></span> <span class='ocrx_word' id='word_1_295' title='bbox 2329 1504 2385 1550; x_wconf 89' lang='lat' dir='ltr'><strong>et</strong></span> <span class='ocrx_word' id='word_1_296' title='bbox 2426 1493 2739 1551; x_wconf 82' lang='lat' dir='ltr'><strong>Servatoris</strong></span> <span class='ocrx_word' id='word_1_297' title='bbox 2768 1497 2941 1551; x_wconf 85' lang='lat' dir='ltr'><strong>nostri</strong></span> <span class='ocrx_word' id='word_1_298' title='bbox 2971 1495 3098 1551; x_wconf 83' lang='lat' dir='ltr'><strong>Jesu</strong></span> <span class='ocrx_word' id='word_1_299' title='bbox 3126 1498 3362 1563; x_wconf 85' lang='lat' dir='ltr'><strong>Christi;</strong></span> <span class='ocrx_word' id='word_1_300' title='bbox 3407 1502 3497 1557; x_wconf 90' lang='lat' dir='ltr'><strong>cui</strong></span> 
     </span>
    </p>
   </div>
   <div class='ocr_carea' id='block_1_42' title="bbox 1928 1586 3501 1658">
    <p class='ocr_par' dir='ltr' id='par_1_42' title="bbox 1928 1586 3501 1658">
     <span class='ocr_line' id='line_1_42' title="bbox 1928 1586 3501 1658; baseline 0.006 -19"><span class='ocrx_word' id='word_1_301' title='bbox 1928 1590 2186 1658; x_wconf 76' lang='lat' dir='ltr'><strong>convenit</strong></span> <span class='ocrx_word' id='word_1_302' title='bbox 2222 1588 2403 1642; x_wconf 92' lang='lat' dir='ltr'><strong>omnis</strong></span> <span class='ocrx_word' id='word_1_303' title='bbox 2431 1586 2627 1658; x_wconf 88' lang='lat' dir='ltr'><strong>gloria,</strong></span> <span class='ocrx_word' id='word_1_304' title='bbox 2662 1588 2839 1643; x_wconf 87' lang='lat' dir='ltr'><strong>honor</strong></span> <span class='ocrx_word' id='word_1_305' title='bbox 2873 1599 2929 1643; x_wconf 92' lang='lat' dir='ltr'><strong>et</strong></span> <span class='ocrx_word' id='word_1_306' title='bbox 2951 1589 3220 1653; x_wconf 86' lang='lat' dir='ltr'><strong>adoratio,</strong></span> <span class='ocrx_word' id='word_1_307' title='bbox 3245 1608 3369 1647; x_wconf 85' lang='lat' dir='ltr'><strong>cum</strong></span> <span class='ocrx_word' id='word_1_308' title='bbox 3399 1608 3501 1648; x_wconf 88' lang='lat' dir='ltr'><strong>suo</strong></span> 
     </span>
    </p>
   </div>
   <div class='ocr_carea' id='block_1_43' title="bbox 1928 1654 3499 1748">
    <p class='ocr_par' dir='ltr' id='par_1_43' title="bbox 1928 1654 3499 1748">
     <span class='ocr_line' id='line_1_43' title="bbox 1928 1654 3499 1748; baseline 0.006 -19"><span class='ocrx_word' id='word_1_309' title='bbox 1928 1654 2169 1743; x_wconf 86' lang='lat' dir='ltr'><strong>ingenito</strong></span> <span class='ocrx_word' id='word_1_310' title='bbox 2200 1676 2384 1744; x_wconf 82' lang='lat' dir='ltr'><strong>Patre,</strong></span> <span class='ocrx_word' id='word_1_311' title='bbox 2416 1654 2473 1733; x_wconf 75' lang='lat' dir='ltr'><strong>et</strong></span> <span class='ocrx_word' id='word_1_312' title='bbox 2504 1678 2872 1745; x_wconf 84' lang='lat' dir='ltr'><strong>sanctissimo,</strong></span> <span class='ocrx_word' id='word_1_313' title='bbox 2893 1680 3166 1748; x_wconf 84' lang='lat' dir='ltr'><strong>bonoque,</strong></span> <span class='ocrx_word' id='word_1_314' title='bbox 3199 1696 3263 1736; x_wconf 90' lang='lat' dir='ltr'><strong>ac</strong></span> <span class='ocrx_word' id='word_1_315' title='bbox 3285 1684 3499 1739; x_wconf 73' lang='lat' dir='ltr'><strong>viviiico</strong></span> 
     </span>
    </p>
   </div>
   <div class='ocr_carea' id='block_1_44' title="bbox 1926 1768 3496 1841">
    <p class='ocr_par' dir='ltr' id='par_1_44' title="bbox 1926 1768 3496 1841">
     <span class='ocr_line' id='line_1_44' title="bbox 1926 1768 3496 1841; baseline 0.006 -18"><span class='ocrx_word' id='word_1_316' title='bbox 1926 1784 2026 1823; x_wconf 90' lang='lat' dir='ltr'><strong>suo</strong></span> <span class='ocrx_word' id='word_1_317' title='bbox 2051 1768 2277 1839; x_wconf 89' lang='lat' dir='ltr'><strong>Spiritu,</strong></span> <span class='ocrx_word' id='word_1_318' title='bbox 2309 1786 2453 1827; x_wconf 92' lang='lat' dir='ltr'><strong>nunc</strong></span> <span class='ocrx_word' id='word_1_319' title='bbox 2497 1780 2553 1827; x_wconf 89' lang='lat' dir='ltr'><strong>et</strong></span> <span class='ocrx_word' id='word_1_320' title='bbox 2576 1785 2815 1841; x_wconf 79' lang='lat' dir='ltr'><strong>semper,</strong></span> <span class='ocrx_word' id='word_1_321' title='bbox 2844 1780 2898 1826; x_wconf 90' lang='lat' dir='ltr'><strong>et</strong></span> <span class='ocrx_word' id='word_1_322' title='bbox 2932 1772 2985 1825; x_wconf 92' lang='lat' dir='ltr'><strong>in</strong></span> <span class='ocrx_word' id='word_1_323' title='bbox 3042 1770 3239 1827; x_wconf 73' lang='lat' dir='ltr'><strong>sreeuia</strong></span> <span class='ocrx_word' id='word_1_324' title='bbox 3267 1776 3496 1832; x_wconf 74' lang='lat' dir='ltr'><strong>szeculo-</strong></span> 
     </span>
    </p>
   </div>
   <div class='ocr_carea' id='block_1_45' title="bbox 1927 1861 2286 1917">
    <p class='ocr_par' dir='ltr' id='par_1_45' title="bbox 1927 1861 2286 1917">
     <span class='ocr_line' id='line_1_45' title="bbox 1927 1861 2286 1917; baseline -0.006 -1"><span class='ocrx_word' id='word_1_325' title='bbox 1927 1876 2066 1917; x_wconf 88' lang='lat' dir='ltr'><strong>rum.</strong></span> <span class='ocrx_word' id='word_1_326' title='bbox 2092 1861 2286 1916; x_wconf 83' lang='lat' dir='ltr'><strong>Amen.</strong></span> 
     </span>
    </p>
   </div>
   <div class='ocr_carea' id='block_1_46' title="bbox 1991 2162 3496 2236">
    <p class='ocr_par' dir='ltr' id='par_1_46' title="bbox 1991 2162 3496 2236">
     <span class='ocr_line' id='line_1_46' title="bbox 1991 2162 3496 2236; baseline 0.013 -19"><span class='ocrx_word' id='word_1_327' title='bbox 1991 2162 2118 2217; x_wconf 76' lang='lat'><strong>273.</strong></span> <span class='ocrx_word' id='word_1_328' title='bbox 2173 2165 2244 2221; x_wconf 83' lang='lat' dir='ltr'><strong>Da</strong></span> <span class='ocrx_word' id='word_1_329' title='bbox 2277 2166 2453 2235; x_wconf 87' lang='lat' dir='ltr'><strong>nobis,</strong></span> <span class='ocrx_word' id='word_1_330' title='bbox 2486 2167 2735 2235; x_wconf 89' lang='lat' dir='ltr'><strong>Domine,</strong></span> <span class='ocrx_word' id='word_1_331' title='bbox 2793 2170 3031 2226; x_wconf 90' lang='lat' dir='ltr'><strong>cuoitnm</strong></span> <span class='ocrx_word' id='word_1_332' title='bbox 3071 2177 3496 2236; x_wconf 72' lang='lat' dir='ltr'><strong>concedentibus</strong></span> 
     </span>
    </p>
   </div>
   <div class='ocr_carea' id='block_1_47' title="bbox 1921 2254 3496 2340">
    <p class='ocr_par' dir='ltr' id='par_1_47' title="bbox 1921 2254 3496 2340">
     <span class='ocr_line' id='line_1_47' title="bbox 1921 2254 3496 2340; baseline 0.013 -32"><span class='ocrx_word' id='word_1_333' title='bbox 1921 2254 2161 2326; x_wconf 86' lang='lat' dir='ltr'><strong>quietem</strong></span> <span class='ocrx_word' id='word_1_334' title='bbox 2198 2262 2460 2329; x_wconf 90' lang='lat' dir='ltr'><strong>corporis,</strong></span> <span class='ocrx_word' id='word_1_335' title='bbox 2495 2274 2553 2319; x_wconf 91' lang='lat' dir='ltr'><strong>et</strong></span> <span class='ocrx_word' id='word_1_336' title='bbox 2581 2266 2797 2327; x_wconf 63' lang='lat' dir='ltr'><strong>animae.</strong></span> <span class='ocrx_word' id='word_1_337' title='bbox 2832 2274 2886 2321; x_wconf 90' lang='lat' dir='ltr'><strong>et</strong></span> <span class='ocrx_word' id='word_1_338' title='bbox 2911 2282 2940 2321; x_wconf 89' lang='lat' dir='ltr'><strong>a</strong></span> <span class='ocrx_word' id='word_1_339' title='bbox 2964 2265 3261 2339; x_wconf 84' lang='lat' dir='ltr'><strong>caliginoso</strong></span> <span class='ocrx_word' id='word_1_340' title='bbox 3288 2275 3496 2340; x_wconf 84' lang='lat' dir='ltr'><strong>peccati</strong></span> 
     </span>
    </p>
   </div>
   <div class='ocr_carea' id='block_1_48' title="bbox 1923 2345 3494 2423">
    <p class='ocr_par' dir='ltr' id='par_1_48' title="bbox 1923 2345 3494 2423">
     <span class='ocr_line' id='line_1_48' title="bbox 1923 2345 3494 2423; baseline 0.015 -26"><span class='ocrx_word' id='word_1_341' title='bbox 1923 2358 2115 2399; x_wconf 89' lang='lat' dir='ltr'><strong>somno</strong></span> <span class='ocrx_word' id='word_1_342' title='bbox 2146 2359 2247 2401; x_wconf 90' lang='lat' dir='ltr'><strong>nos</strong></span> <span class='ocrx_word' id='word_1_343' title='bbox 2306 2345 2498 2413; x_wconf 87' lang='lat' dir='ltr'><strong>libera,</strong></span> <span class='ocrx_word' id='word_1_344' title='bbox 2529 2355 2784 2423; x_wconf 89' lang='lat' dir='ltr'><strong>omnique</strong></span> <span class='ocrx_word' id='word_1_345' title='bbox 2821 2358 3102 2413; x_wconf 89' lang='lat' dir='ltr'><strong>tenebrosa</strong></span> <span class='ocrx_word' id='word_1_346' title='bbox 3138 2374 3202 2416; x_wconf 86' lang='lat' dir='ltr'><strong>ac</strong></span> <span class='ocrx_word' id='word_1_347' title='bbox 3228 2372 3494 2421; x_wconf 85' lang='lat' dir='ltr'><strong>nocturna</strong></span> 
     </span>
    </p>
   </div>
   <div class='ocr_carea' id='block_1_49' title="bbox 1919 2437 3493 2531">
    <p class='ocr_par' dir='ltr' id='par_1_49' title="bbox 1919 2437 3493 2531">
     <span class='ocr_line' id='line_1_49' title="bbox 1919 2437 3493 2531; baseline 0.014 -38"><span class='ocrx_word' id='word_1_348' title='bbox 1919 2437 2170 2494; x_wconf 81' lang='lat' dir='ltr'><strong>mollitie.</strong></span> <span class='ocrx_word' id='word_1_349' title='bbox 2215 2438 2472 2512; x_wconf 77' lang='lat' dir='ltr'><strong>Reprime</strong></span> <span class='ocrx_word' id='word_1_350' title='bbox 2521 2445 2819 2502; x_wconf 87' lang='lat' dir='ltr'><strong>motionum</strong></span> <span class='ocrx_word' id='word_1_351' title='bbox 2870 2449 3149 2520; x_wconf 83' lang='lat' dir='ltr'><strong>impetus;</strong></span> <span class='ocrx_word' id='word_1_352' title='bbox 3200 2458 3493 2531; x_wconf 80' lang='lat' dir='ltr'><strong>exstingue</strong></span> 
     </span>
    </p>
   </div>
   <div class='ocr_carea' id='block_1_50' title="bbox 1921 2528 3491 2620">
    <p class='ocr_par' dir='ltr' id='par_1_50' title="bbox 1921 2528 3491 2620">
     <span class='ocr_line' id='line_1_50' title="bbox 1921 2528 3491 2620; baseline 0.017 -39"><span class='ocrx_word' id='word_1_353' title='bbox 1921 2528 2087 2598; x_wconf 78' lang='lat' dir='ltr'><strong>ignita</strong></span> <span class='ocrx_word' id='word_1_354' title='bbox 2117 2533 2335 2605; x_wconf 89' lang='lat' dir='ltr'><strong>maligni</strong></span> <span class='ocrx_word' id='word_1_355' title='bbox 2362 2535 2545 2607; x_wconf 74' lang='lat' dir='ltr'><strong>jacula‘</strong></span> <span class='ocrx_word' id='word_1_356' title='bbox 2586 2538 2876 2594; x_wconf 73' lang='lat' dir='ltr'><strong>adversum</strong></span> <span class='ocrx_word' id='word_1_357' title='bbox 2903 2556 3005 2597; x_wconf 83' lang='lat' dir='ltr'><strong>nos</strong></span> <span class='ocrx_word' id='word_1_358' title='bbox 3038 2542 3225 2601; x_wconf 84' lang='lat' dir='ltr'><strong>dolose</strong></span> <span class='ocrx_word' id='word_1_359' title='bbox 3251 2528 3491 2620; x_wconf 76' lang='lat' dir='ltr'><strong>emissa;</strong></span> 
     </span>
    </p>
   </div>
   <div class='ocr_carea' id='block_1_51' title="bbox 1921 2621 3492 2700">
    <p class='ocr_par' dir='ltr' id='par_1_51' title="bbox 1921 2621 3492 2700">
     <span class='ocr_line' id='line_1_51' title="bbox 1921 2621 3492 2700; baseline 0.015 -27"><span class='ocrx_word' id='word_1_360' title='bbox 1921 2621 2104 2677; x_wconf 86' lang='lat' dir='ltr'><strong>carnis</strong></span> <span class='ocrx_word' id='word_1_361' title='bbox 2144 2636 2344 2681; x_wconf 57' lang='lat' dir='ltr'><strong>nostras</strong></span> <span class='ocrx_word' id='word_1_362' title='bbox 2396 2627 2749 2685; x_wconf 89' lang='lat' dir='ltr'><strong>rebellionem</strong></span> <span class='ocrx_word' id='word_1_363' title='bbox 2802 2646 3093 2700; x_wconf 89' lang='lat' dir='ltr'><strong>compone,</strong></span> <span class='ocrx_word' id='word_1_364' title='bbox 3154 2645 3212 2691; x_wconf 89' lang='lat' dir='ltr'><strong>et</strong></span> <span class='ocrx_word' id='word_1_365' title='bbox 3270 2652 3492 2696; x_wconf 88' lang='lat' dir='ltr'><strong>omnem</strong></span> 
     </span>
    </p>
   </div>
   <div class='ocr_carea' id='block_1_52' title="bbox 1923 2720 3491 2801">
    <p class='ocr_par' dir='ltr' id='par_1_52' title="bbox 1923 2720 3491 2801">
     <span class='ocr_line' id='line_1_52' title="bbox 1923 2720 3491 2801; baseline 0.013 -36"><span class='ocrx_word' id='word_1_366' title='bbox 1923 2720 2194 2770; x_wconf 87' lang='lat' dir='ltr'><strong>terrenam</strong></span> <span class='ocrx_word' id='word_1_367' title='bbox 2223 2756 2238 2779; x_wconf 91' lang='lat'><strong>,</strong></span> <span class='ocrx_word' id='word_1_368' title='bbox 2269 2725 2431 2788; x_wconf 85' lang='lat' dir='ltr'><strong>atque</strong></span> <span class='ocrx_word' id='word_1_369' title='bbox 2454 2722 2787 2778; x_wconf 87' lang='lat' dir='ltr'><strong>materialem</strong></span> <span class='ocrx_word' id='word_1_370' title='bbox 2824 2724 2875 2778; x_wconf 93' lang='lat' dir='ltr'><strong>in</strong></span> <span class='ocrx_word' id='word_1_371' title='bbox 2902 2725 3062 2781; x_wconf 89' lang='lat' dir='ltr'><strong>nobis</strong></span> <span class='ocrx_word' id='word_1_372' title='bbox 3101 2728 3491 2801; x_wconf 66' lang='lat' dir='ltr'><strong>cogitationem</strong></span> 
     </span>
    </p>
   </div>
   <div class='ocr_carea' id='block_1_53' title="bbox 1920 2804 3490 2891">
    <p class='ocr_par' dir='ltr' id='par_1_53' title="bbox 1920 2804 3490 2891">
     <span class='ocr_line' id='line_1_53' title="bbox 1920 2804 3490 2891; baseline 0.011 -32"><span class='ocrx_word' id='word_1_373' title='bbox 1920 2804 2038 2874; x_wconf 87' lang='lat' dir='ltr'><strong>sopi</strong></span> <span class='ocrx_word' id='word_1_374' title='bbox 2065 2822 2079 2870; x_wconf 88' lang='lat'><strong>;</strong></span> <span class='ocrx_word' id='word_1_375' title='bbox 2116 2806 2317 2879; x_wconf 86' lang='lat' dir='ltr'><strong>largire</strong></span> <span class='ocrx_word' id='word_1_376' title='bbox 2354 2821 2532 2866; x_wconf 87' lang='lat' dir='ltr'><strong>autem</strong></span> <span class='ocrx_word' id='word_1_377' title='bbox 2560 2814 2716 2869; x_wconf 81' lang='lat' dir='ltr'><strong>nobis</strong></span> <span class='ocrx_word' id='word_1_378' title='bbox 2737 2855 2752 2879; x_wconf 93' lang='lat'><strong>,</strong></span> <span class='ocrx_word' id='word_1_379' title='bbox 2785 2816 2944 2874; x_wconf 86' lang='lat' dir='ltr'><strong>Dens.</strong></span> <span class='ocrx_word' id='word_1_380' title='bbox 2970 2828 3207 2875; x_wconf 86' lang='lat' dir='ltr'><strong>mentem</strong></span> <span class='ocrx_word' id='word_1_381' title='bbox 3258 2822 3490 2891; x_wconf 75' lang='lat' dir='ltr'><strong>vigilan-</strong></span> 
     </span>
    </p>
   </div>
   <div class='ocr_carea' id='block_1_54' title="bbox 1922 2902 3491 2977">
    <p class='ocr_par' dir='ltr' id='par_1_54' title="bbox 1922 2902 3491 2977">
     <span class='ocr_line' id='line_1_54' title="bbox 1922 2902 3491 2977; baseline 0.011 -23"><span class='ocrx_word' id='word_1_382' title='bbox 1922 2908 2050 2961; x_wconf 91' lang='lat' dir='ltr'><strong>tem.</strong></span> <span class='ocrx_word' id='word_1_383' title='bbox 2082 2902 2401 2971; x_wconf 84' lang='lat' dir='ltr'><strong>prudentem</strong></span> <span class='ocrx_word' id='word_1_384' title='bbox 2436 2903 2795 2973; x_wconf 86' lang='lat' dir='ltr'><strong>intellectum,</strong></span> <span class='ocrx_word' id='word_1_385' title='bbox 2832 2922 2927 2963; x_wconf 89' lang='lat' dir='ltr'><strong>cor</strong></span> <span class='ocrx_word' id='word_1_386' title='bbox 2950 2921 3198 2977; x_wconf 79' lang='lat' dir='ltr'><strong>castum,</strong></span> <span class='ocrx_word' id='word_1_387' title='bbox 3234 2928 3491 2971; x_wconf 73' lang='lat' dir='ltr'><strong>somnum</strong></span> 
     </span>
    </p>
   </div>
   <div class='ocr_carea' id='block_1_55' title="bbox 1918 2990 3487 3070">
    <p class='ocr_par' dir='ltr' id='par_1_55' title="bbox 1918 2990 3487 3070">
     <span class='ocr_line' id='line_1_55' title="bbox 1918 2990 3487 3070; baseline 0.013 -25"><span class='ocrx_word' id='word_1_388' title='bbox 1918 2990 2119 3058; x_wconf 80' lang='lat' dir='ltr'><strong>levem,</strong></span> <span class='ocrx_word' id='word_1_389' title='bbox 2142 3001 2197 3047; x_wconf 91' lang='lat' dir='ltr'><strong>et</strong></span> <span class='ocrx_word' id='word_1_390' title='bbox 2230 2992 2298 3048; x_wconf 86' lang='lat' dir='ltr'><strong>ab</strong></span> <span class='ocrx_word' id='word_1_391' title='bbox 2325 2994 2473 3050; x_wconf 92' lang='lat' dir='ltr'><strong>omni</strong></span> <span class='ocrx_word' id='word_1_392' title='bbox 2510 2994 2767 3053; x_wconf 82' lang='lat' dir='ltr'><strong>Satanica</strong></span> <span class='ocrx_word' id='word_1_393' title='bbox 2808 2997 3196 3070; x_wconf 87' lang='lat' dir='ltr'><strong>imaginatione</strong></span> <span class='ocrx_word' id='word_1_394' title='bbox 3234 3002 3487 3065; x_wconf 80' lang='lat' dir='ltr'><strong>liberum.</strong></span> 
     </span>
    </p>
   </div>
   <div class='ocr_carea' id='block_1_56' title="bbox 1919 3080 3490 3159">
    <p class='ocr_par' dir='ltr' id='par_1_56' title="bbox 1919 3080 3490 3159">
     <span class='ocr_line' id='line_1_56' title="bbox 1919 3080 3490 3159; baseline 0.011 -23"><span class='ocrx_word' id='word_1_395' title='bbox 1919 3080 2185 3151; x_wconf 79' lang='lat' dir='ltr'><strong>Tempore</strong></span> <span class='ocrx_word' id='word_1_396' title='bbox 2209 3086 2474 3141; x_wconf 88' lang='lat' dir='ltr'><strong>orationis</strong></span> <span class='ocrx_word' id='word_1_397' title='bbox 2502 3087 2571 3143; x_wconf 90' lang='lat' dir='ltr'><strong>de</strong></span> <span class='ocrx_word' id='word_1_398' title='bbox 2597 3103 2790 3146; x_wconf 91' lang='lat' dir='ltr'><strong>somno</strong></span> <span class='ocrx_word' id='word_1_399' title='bbox 2816 3092 2993 3147; x_wconf 79' lang='lat' dir='ltr'><strong>excita</strong></span> <span class='ocrx_word' id='word_1_400' title='bbox 3030 3109 3149 3159; x_wconf 89' lang='lat' dir='ltr'><strong>nos,</strong></span> <span class='ocrx_word' id='word_1_401' title='bbox 3183 3095 3236 3148; x_wconf 90' lang='lat' dir='ltr'><strong>in</strong></span> <span class='ocrx_word' id='word_1_402' title='bbox 3263 3100 3490 3153; x_wconf 85' lang='lat' dir='ltr'><strong>manda-</strong></span> 
     </span>
    </p>
   </div>
   <div class='ocr_carea' id='block_1_57' title="bbox 238 3167 1908 3257">
    <p class='ocr_par' dir='ltr' id='par_1_57' title="bbox 238 3167 1819 3242">
     <span class='ocr_line' id='line_1_57' title="bbox 238 3167 1819 3242; baseline 0.003 -21"><span class='ocrx_word' id='word_1_403' title='bbox 238 3167 391 3237; x_wconf 74' lang='grc' dir='ltr'>ἡμᾶς</span> <span class='ocrx_word' id='word_1_404' title='bbox 425 3169 482 3222; x_wconf 71' lang='grc' dir='ltr'>ὲν</span> <span class='ocrx_word' id='word_1_405' title='bbox 499 3168 577 3239; x_wconf 82' lang='grc' dir='ltr'><strong>τῷ</strong></span> <span class='ocrx_word' id='word_1_406' title='bbox 617 3168 793 3242; x_wconf 89' lang='grc' dir='ltr'>καιρῷ</span> <span class='ocrx_word' id='word_1_407' title='bbox 818 3168 920 3239; x_wconf 87' lang='grc' dir='ltr'>τῆς</span> <span class='ocrx_word' id='word_1_408' title='bbox 940 3171 1266 3241; x_wconf 81' lang='grc' dir='ltr'>προσευχῆς,</span> <span class='ocrx_word' id='word_1_409' title='bbox 1301 3170 1724 3241; x_wconf 70' lang='grc' dir='ltr'>ιστηριγμένους</span> <span class='ocrx_word' id='word_1_410' title='bbox 1759 3173 1819 3226; x_wconf 68' lang='grc' dir='ltr'>ἐν</span> 
     </span>
    </p>
   </div>
   <div class='ocr_carea' id='block_1_58' title="bbox 1820 3167 3490 3257">
    <p class='ocr_par' dir='ltr' id='par_1_58' title="bbox 1921 3171 3490 3257">
     <span class='ocr_line' id='line_1_58' title="bbox 1921 3171 3490 3257; baseline 0.011 -32"><span class='ocrx_word' id='word_1_411' title='bbox 1921 3171 1990 3227; x_wconf 90' lang='lat' dir='ltr'><strong>tis</strong></span> <span class='ocrx_word' id='word_1_412' title='bbox 2021 3174 2126 3227; x_wconf 90' lang='lat' dir='ltr'><strong>tuis</strong></span> <span class='ocrx_word' id='word_1_413' title='bbox 2155 3173 2399 3230; x_wconf 77' lang='lat' dir='ltr'><strong>ﬁrmatos</strong></span> <span class='ocrx_word' id='word_1_414' title='bbox 2425 3191 2442 3243; x_wconf 86' lang='lat'><strong>;</strong></span> <span class='ocrx_word' id='word_1_415' title='bbox 2474 3186 2528 3232; x_wconf 91' lang='lat' dir='ltr'><strong>et</strong></span> <span class='ocrx_word' id='word_1_416' title='bbox 2556 3176 2663 3241; x_wconf 83' lang='lat' dir='ltr'><strong>fac,</strong></span> <span class='ocrx_word' id='word_1_417' title='bbox 2704 3186 2765 3234; x_wconf 90' lang='lat' dir='ltr'><strong>ut</strong></span> <span class='ocrx_word' id='word_1_418' title='bbox 2804 3184 3121 3238; x_wconf 80' lang='lat' dir='ltr'><strong>memoriam</strong></span> <span class='ocrx_word' id='word_1_419' title='bbox 3153 3195 3368 3241; x_wconf 91' lang='lat' dir='ltr'><strong>tuorum</strong></span> <span class='ocrx_word' id='word_1_420' title='bbox 3382 3186 3490 3257; x_wconf 62' lang='grc' dir='ltr'>,ἰυ-</span> 
     </span>
    </p>
   </div>
   <div class='ocr_carea' id='block_1_59' title="bbox 236 3259 1906 3350">
    <p class='ocr_par' dir='ltr' id='par_1_59' title="bbox 236 3259 1885 3350">
     <span class='ocr_line' id='line_1_59' title="bbox 236 3259 1885 3350; baseline 0.005 -41"><span class='ocrx_word' id='word_1_421' title='bbox 236 3260 363 3322; x_wconf 81' lang='grc' dir='ltr'>ταῖς</span> <span class='ocrx_word' id='word_1_422' title='bbox 374 3259 612 3325; x_wconf 64' lang='grc' dir='ltr'>ἐντολαῖς</span> <span class='ocrx_word' id='word_1_423' title='bbox 641 3277 757 3326; x_wconf 90' lang='grc' dir='ltr'>σου,</span> <span class='ocrx_word' id='word_1_424' title='bbox 787 3262 879 3316; x_wconf 80' lang='grc' dir='ltr'>καὶ</span> <span class='ocrx_word' id='word_1_425' title='bbox 892 3261 991 3334; x_wconf 84' lang='grc' dir='ltr'>τὴν</span> <span class='ocrx_word' id='word_1_426' title='bbox 1006 3261 1225 3333; x_wconf 84' lang='grc' dir='ltr'>μνήμην</span> <span class='ocrx_word' id='word_1_427' title='bbox 1238 3259 1347 3315; x_wconf 90' lang='grc' dir='ltr'><strong>τῶν</strong></span> <span class='ocrx_word' id='word_1_428' title='bbox 1374 3260 1483 3314; x_wconf 87' lang='grc' dir='ltr'><strong>σῶν</strong></span> <span class='ocrx_word' id='word_1_429' title='bbox 1512 3263 1814 3334; x_wconf 76' lang='grc' dir='ltr'>χριμάτων,</span> <span class='ocrx_word' id='word_1_430' title='bbox 1841 3292 1885 3350; x_wconf 76' lang='lat' dir='ltr'><strong>c</strong></span> 
     </span>
    </p>
   </div>
   <div class='ocr_carea' id='block_1_60' title="bbox 1811 3259 3481 3350">
    <p class='ocr_par' dir='ltr' id='par_1_60' title="bbox 1811 3263 3481 3350">
     <span class='ocr_line' id='line_1_60' title="bbox 1811 3263 3481 3350; baseline 0.013 -34"><span class='ocrx_word' id='word_1_431' title='bbox 1811 3310 1814 3324; x_wconf 88' lang='grc'><strong>,</strong></span> <span class='ocrx_word' id='word_1_432' title='bbox 1841 3292 1885 3350; x_wconf 75' lang='lat' dir='ltr'><strong>c</strong></span> <span class='ocrx_word' id='word_1_433' title='bbox 1919 3263 2182 3321; x_wconf 88' lang='lat' dir='ltr'><strong>diciorum</strong></span> <span class='ocrx_word' id='word_1_434' title='bbox 2227 3265 2563 3324; x_wconf 84' lang='lat' dir='ltr'><strong>indelebilem</strong></span> <span class='ocrx_word' id='word_1_435' title='bbox 2598 3285 2898 3328; x_wconf 82' lang='lat' dir='ltr'><strong>servemus.</strong></span> <span class='ocrx_word' id='word_1_436' title='bbox 2933 3272 3009 3329; x_wconf 91' lang='lat' dir='ltr'><strong>Da</strong></span> <span class='ocrx_word' id='word_1_437' title='bbox 3044 3276 3199 3333; x_wconf 87' lang='lat' dir='ltr'><strong>nobis</strong></span> <span class='ocrx_word' id='word_1_438' title='bbox 3238 3294 3481 3349; x_wconf 80' lang='lat' dir='ltr'><strong>quoque.</strong></span> 
     </span>
    </p>
   </div>
   <div class='ocr_carea' id='block_1_61' title="bbox 240 3350 1910 3429">
    <p class='ocr_par' dir='ltr' id='par_1_61' title="bbox 240 3350 1815 3428">
     <span class='ocr_line' id='line_1_61' title="bbox 240 3350 1815 3428; baseline 0.005 -27"><span class='ocrx_word' id='word_1_439' title='bbox 240 3350 301 3400; x_wconf 74' lang='grc' dir='ltr'>ὲν</span> <span class='ocrx_word' id='word_1_440' title='bbox 334 3350 546 3415; x_wconf 68' lang='grc' dir='ltr'>ἑαυτοῖς</span> <span class='ocrx_word' id='word_1_441' title='bbox 578 3352 1032 3423; x_wconf 80' lang='grc' dir='ltr'>ἀπαράθραυστον</span> <span class='ocrx_word' id='word_1_442' title='bbox 1083 3352 1322 3424; x_wconf 68' lang='grc' dir='ltr'>ἔχοντας.</span> <span class='ocrx_word' id='word_1_443' title='bbox 1364 3354 1666 3426; x_wconf 82' lang='grc' dir='ltr'>Παννύχιον</span> <span class='ocrx_word' id='word_1_444' title='bbox 1686 3357 1815 3428; x_wconf 77' lang='grc' dir='ltr'>ἡμῖν</span> 
     </span>
    </p>
   </div>
   <div class='ocr_carea' id='block_1_62' title="bbox 1816 3350 3486 3429">
    <p class='ocr_par' dir='ltr' id='par_1_62' title="bbox 1916 3362 3486 3429">
     <span class='ocr_line' id='line_1_62' title="bbox 1916 3362 3486 3429; baseline 0.011 -18"><span class='ocrx_word' id='word_1_445' title='bbox 1916 3365 1975 3411; x_wconf 93' lang='lat' dir='ltr'><strong>ut</strong></span> <span class='ocrx_word' id='word_1_446' title='bbox 2020 3371 2118 3429; x_wconf 92' lang='lat' dir='ltr'><strong>per</strong></span> <span class='ocrx_word' id='word_1_447' title='bbox 2149 3367 2359 3414; x_wconf 82' lang='lat' dir='ltr'><strong>noctem</strong></span> <span class='ocrx_word' id='word_1_448' title='bbox 2407 3369 2570 3416; x_wconf 83' lang='lat' dir='ltr'><strong>totam</strong></span> <span class='ocrx_word' id='word_1_449' title='bbox 2615 3362 2950 3421; x_wconf 87' lang='lat' dir='ltr'><strong>celebremus</strong></span> <span class='ocrx_word' id='word_1_450' title='bbox 2996 3379 3052 3423; x_wconf 91' lang='lat' dir='ltr'><strong>et</strong></span> <span class='ocrx_word' id='word_1_451' title='bbox 3104 3367 3486 3429; x_wconf 88' lang='lat' dir='ltr'><strong>benedieamus</strong></span> 
     </span>
    </p>
   </div>
   <div class='ocr_carea' id='block_1_63' title="bbox 237 3437 1815 3517">
    <p class='ocr_par' dir='ltr' id='par_1_63' title="bbox 237 3437 1815 3517">
     <span class='ocr_line' id='line_1_63' title="bbox 237 3437 1815 3517; baseline 0.008 -27"><span class='ocrx_word' id='word_1_452' title='bbox 237 3437 338 3510; x_wconf 75' lang='grc' dir='ltr'>τὴν</span> <span class='ocrx_word' id='word_1_453' title='bbox 369 3440 677 3510; x_wconf 77' lang='grc' dir='ltr'>δοξολογίαν</span> <span class='ocrx_word' id='word_1_454' title='bbox 723 3443 965 3515; x_wconf 86' lang='grc' dir='ltr'>χάρισαι,</span> <span class='ocrx_word' id='word_1_455' title='bbox 1001 3446 1081 3509; x_wconf 91' lang='grc' dir='ltr'><strong>εἰς</strong></span> <span class='ocrx_word' id='word_1_456' title='bbox 1109 3445 1171 3500; x_wconf 80' lang='grc' dir='ltr'>τὸ</span> <span class='ocrx_word' id='word_1_457' title='bbox 1212 3446 1402 3517; x_wconf 82' lang='grc' dir='ltr'>ὑμνεῖν</span> <span class='ocrx_word' id='word_1_458' title='bbox 1440 3448 1534 3499; x_wconf 77' lang='grc' dir='ltr'>καὶ</span> <span class='ocrx_word' id='word_1_459' title='bbox 1572 3446 1815 3516; x_wconf 80' lang='grc' dir='ltr'>εὐλογεῖν</span> 
     </span>
    </p>
   </div>
   <div class='ocr_carea' id='block_1_64' title="bbox 238 3531 1816 3609">
    <p class='ocr_par' dir='ltr' id='par_1_64' title="bbox 238 3531 1816 3609">
     <span class='ocr_line' id='line_1_64' title="bbox 238 3531 1816 3609; baseline 0.005 -24"><span class='ocrx_word' id='word_1_460' title='bbox 238 3532 332 3585; x_wconf 71' lang='grc' dir='ltr'>καὶ</span> <span class='ocrx_word' id='word_1_461' title='bbox 356 3531 599 3597; x_wconf 79' lang='grc' dir='ltr'>δοξάζειν</span> <span class='ocrx_word' id='word_1_462' title='bbox 629 3535 690 3587; x_wconf 81' lang='grc' dir='ltr'>τὸ</span> <span class='ocrx_word' id='word_1_463' title='bbox 723 3535 987 3605; x_wconf 83' lang='grc' dir='ltr'>πάντιμον</span> <span class='ocrx_word' id='word_1_464' title='bbox 1045 3537 1137 3590; x_wconf 78' lang='grc' dir='ltr'>καὶ</span> <span class='ocrx_word' id='word_1_465' title='bbox 1188 3537 1604 3608; x_wconf 74' lang='grc' dir='ltr'>μεγαλοπρεπὲς</span> <span class='ocrx_word' id='word_1_466' title='bbox 1644 3538 1816 3609; x_wconf 73' lang='grc' dir='ltr'>ὄνομά</span> 
     </span>
    </p>
   </div>
   <div class='ocr_carea' id='block_1_65' title="bbox 239 3622 1815 3699">
    <p class='ocr_par' dir='ltr' id='par_1_65' title="bbox 239 3622 1815 3699">
     <span class='ocr_line' id='line_1_65' title="bbox 239 3622 1815 3699; baseline 0.005 -24"><span class='ocrx_word' id='word_1_467' title='bbox 239 3639 358 3685; x_wconf 89' lang='grc' dir='ltr'>σου,</span> <span class='ocrx_word' id='word_1_468' title='bbox 382 3622 476 3677; x_wconf 89' lang='grc' dir='ltr'><strong>τοῦ</strong></span> <span class='ocrx_word' id='word_1_469' title='bbox 510 3626 740 3696; x_wconf 81' lang='grc' dir='ltr'>Πατρδς,</span> <span class='ocrx_word' id='word_1_470' title='bbox 768 3626 972 3680; x_wconf 78' lang='grc' dir='ltr'>καὶτοῦ</span> <span class='ocrx_word' id='word_1_471' title='bbox 1018 3627 1168 3691; x_wconf 81' lang='grc' dir='ltr'>Υίοῦ,</span> <span class='ocrx_word' id='word_1_472' title='bbox 1198 3628 1292 3681; x_wconf 70' lang='grc' dir='ltr'>καὶ</span> <span class='ocrx_word' id='word_1_473' title='bbox 1328 3627 1424 3681; x_wconf 90' lang='grc' dir='ltr'><strong>τοῦ</strong></span> <span class='ocrx_word' id='word_1_474' title='bbox 1457 3630 1615 3699; x_wconf 89' lang='grc' dir='ltr'>ἀγίου</span> <span class='ocrx_word' id='word_1_475' title='bbox 1644 3629 1815 3683; x_wconf 86' lang='grc' dir='ltr'>Πνεύ-</span> 
     </span>
    </p>
   </div>
   <div class='ocr_carea' id='block_1_66' title="bbox 239 3712 1805 3797">
    <p class='ocr_par' dir='ltr' id='par_1_66' title="bbox 239 3712 1805 3797">
     <span class='ocr_line' id='line_1_66' title="bbox 239 3712 1805 3797; baseline 0.008 -31"><span class='ocrx_word' id='word_1_476' title='bbox 239 3729 430 3784; x_wconf 84' lang='grc' dir='ltr'>ματος,</span> <span class='ocrx_word' id='word_1_477' title='bbox 448 3712 543 3768; x_wconf 80' lang='grc' dir='ltr'><strong>νῦν</strong></span> <span class='ocrx_word' id='word_1_478' title='bbox 570 3715 664 3769; x_wconf 74' lang='grc' dir='ltr'>καὶ</span> <span class='ocrx_word' id='word_1_479' title='bbox 690 3716 799 3780; x_wconf 78' lang='grc' dir='ltr'>ἀεὶ,</span> <span class='ocrx_word' id='word_1_480' title='bbox 830 3717 922 3773; x_wconf 73' lang='grc' dir='ltr'>καὶ</span> <span class='ocrx_word' id='word_1_481' title='bbox 948 3718 1028 3782; x_wconf 87' lang='grc' dir='ltr'><strong>εἰς</strong></span> <span class='ocrx_word' id='word_1_482' title='bbox 1056 3719 1181 3784; x_wconf 78' lang='grc' dir='ltr'>τοὺς</span> <span class='ocrx_word' id='word_1_483' title='bbox 1212 3717 1414 3786; x_wconf 84' lang='grc' dir='ltr'>αἰῶνας</span> <span class='ocrx_word' id='word_1_484' title='bbox 1437 3722 1546 3775; x_wconf 88' lang='grc' dir='ltr'><strong>τῶν</strong></span> <span class='ocrx_word' id='word_1_485' title='bbox 1574 3718 1805 3797; x_wconf 81' lang='grc' dir='ltr'>αἰώνων.</span> 
     </span>
    </p>
   </div>
   <div class='ocr_carea' id='block_1_67' title="bbox 250 3803 441 3876">
    <p class='ocr_par' dir='ltr' id='par_1_67' title="bbox 250 3803 441 3876">
     <span class='ocr_line' id='line_1_67' title="bbox 250 3803 441 3876; baseline 0.016 -22"><span class='ocrx_word' id='word_1_486' title='bbox 250 3803 441 3876; x_wconf 80' lang='grc' dir='ltr'>’Δμήν.</span> 
     </span>
    </p>
   </div>
   <div class='ocr_carea' id='block_1_68' title="bbox 304 3917 1807 3999">
    <p class='ocr_par' dir='ltr' id='par_1_68' title="bbox 304 3917 1807 3999">
     <span class='ocr_line' id='line_1_68' title="bbox 304 3917 1807 3999; baseline 0.006 -28"><span class='ocrx_word' id='word_1_487' title='bbox 304 3917 419 3972; x_wconf 97' lang='lat' dir='ltr'><strong>Kal</strong></span> <span class='ocrx_word' id='word_1_488' title='bbox 482 3918 688 3987; x_wconf 86' lang='grc' dir='ltr'>γίνεται</span> <span class='ocrx_word' id='word_1_489' title='bbox 738 3918 1021 3987; x_wconf 79' lang='grc' dir='ltr'>ἀπόλυσις,</span> <span class='ocrx_word' id='word_1_490' title='bbox 1064 3921 1157 3974; x_wconf 84' lang='grc' dir='ltr'><strong>καὶ</strong></span> <span class='ocrx_word' id='word_1_491' title='bbox 1192 3922 1226 3994; x_wconf 76' lang='grc' dir='ltr'><strong>η</strong></span> <span class='ocrx_word' id='word_1_492' title='bbox 1269 3938 1616 3997; x_wconf 84' lang='grc' dir='ltr'>συγχώρησις</span> <span class='ocrx_word' id='word_1_493' title='bbox 1654 3925 1807 3999; x_wconf 78' lang='grc' dir='ltr'>παρὰ</span> 
     </span>
    </p>
   </div>
   <div class='ocr_carea' id='block_1_69' title="bbox 235 4005 555 4079">
    <p class='ocr_par' dir='ltr' id='par_1_69' title="bbox 235 4005 555 4079">
     <span class='ocr_line' id='line_1_69' title="bbox 235 4005 555 4079; baseline 0.003 -18"><span class='ocrx_word' id='word_1_494' title='bbox 235 4005 330 4061; x_wconf 72' lang='grc' dir='ltr'>τοῦ</span> <span class='ocrx_word' id='word_1_495' title='bbox 365 4008 555 4079; x_wconf 73' lang='grc' dir='ltr'>ἱερέως</span> 
     </span>
    </p>
   </div>
   <div class='ocr_carea' id='block_1_70' title="bbox 1913 3451 3483 3529">
    <p class='ocr_par' dir='ltr' id='par_1_70' title="bbox 1913 3451 3483 3529">
     <span class='ocr_line' id='line_1_70' title="bbox 1913 3451 3483 3529; baseline 0.011 -25"><span class='ocrx_word' id='word_1_496' title='bbox 1913 3461 2075 3519; x_wconf 90' lang='lat' dir='ltr'><strong>atque</strong></span> <span class='ocrx_word' id='word_1_497' title='bbox 2100 3451 2465 3524; x_wconf 88' lang='lat' dir='ltr'><strong>gloriiieemus</strong></span> <span class='ocrx_word' id='word_1_498' title='bbox 2504 3464 2791 3524; x_wconf 87' lang='lat' dir='ltr'><strong>augustum</strong></span> <span class='ocrx_word' id='word_1_499' title='bbox 2818 3465 2875 3512; x_wconf 78' lang='lat' dir='ltr'><strong>et</strong></span> <span class='ocrx_word' id='word_1_500' title='bbox 2904 3458 3249 3529; x_wconf 83' lang='lat' dir='ltr'><strong>magnificum</strong></span> <span class='ocrx_word' id='word_1_501' title='bbox 3284 3478 3483 3521; x_wconf 86' lang='lat' dir='ltr'><strong>nomen</strong></span> 
     </span>
    </p>
   </div>
   <div class='ocr_carea' id='block_1_71' title="bbox 1913 3542 3484 3620">
    <p class='ocr_par' dir='ltr' id='par_1_71' title="bbox 1913 3542 3484 3620">
     <span class='ocr_line' id='line_1_71' title="bbox 1913 3542 3484 3620; baseline 0.011 -25"><span class='ocrx_word' id='word_1_502' title='bbox 1913 3553 2085 3606; x_wconf 89' lang='lat' dir='ltr'><strong>tuum,</strong></span> <span class='ocrx_word' id='word_1_503' title='bbox 2142 3542 2321 3599; x_wconf 84' lang='lat' dir='ltr'><strong>Patris</strong></span> <span class='ocrx_word' id='word_1_504' title='bbox 2353 3553 2409 3599; x_wconf 91' lang='lat' dir='ltr'><strong>et</strong></span> <span class='ocrx_word' id='word_1_505' title='bbox 2444 3544 2567 3601; x_wconf 84' lang='lat' dir='ltr'><strong>Filii</strong></span> <span class='ocrx_word' id='word_1_506' title='bbox 2614 3555 2669 3601; x_wconf 86' lang='lat' dir='ltr'><strong>et</strong></span> <span class='ocrx_word' id='word_1_507' title='bbox 2712 3549 2885 3605; x_wconf 89' lang='lat' dir='ltr'><strong>sancti</strong></span> <span class='ocrx_word' id='word_1_508' title='bbox 2917 3550 3152 3620; x_wconf 86' lang='lat' dir='ltr'><strong>Spiritus</strong></span> <span class='ocrx_word' id='word_1_509' title='bbox 3174 3592 3191 3620; x_wconf 92' lang='lat'><strong>,</strong></span> <span class='ocrx_word' id='word_1_510' title='bbox 3226 3570 3369 3613; x_wconf 90' lang='lat' dir='ltr'><strong>nunc</strong></span> <span class='ocrx_word' id='word_1_511' title='bbox 3425 3567 3484 3613; x_wconf 86' lang='lat' dir='ltr'><strong>et</strong></span> 
     </span>
    </p>
   </div>
   <div class='ocr_carea' id='block_1_72' title="bbox 1910 3634 3128 3703">
    <p class='ocr_par' dir='ltr' id='par_1_72' title="bbox 1910 3634 3128 3703">
     <span class='ocr_line' id='line_1_72' title="bbox 1910 3634 3128 3703; baseline 0.007 -14"><span class='ocrx_word' id='word_1_512' title='bbox 1910 3648 2144 3703; x_wconf 87' lang='lat' dir='ltr'><strong>semper,</strong></span> <span class='ocrx_word' id='word_1_513' title='bbox 2171 3644 2226 3689; x_wconf 88' lang='lat' dir='ltr'><strong>et</strong></span> <span class='ocrx_word' id='word_1_514' title='bbox 2258 3634 2311 3690; x_wconf 92' lang='lat' dir='ltr'><strong>in</strong></span> <span class='ocrx_word' id='word_1_515' title='bbox 2332 3634 2529 3691; x_wconf 70' lang='lat' dir='ltr'><strong>sacula</strong></span> <span class='ocrx_word' id='word_1_516' title='bbox 2557 3638 2898 3696; x_wconf 67' lang='lat' dir='ltr'><strong>seculorum.</strong></span> <span class='ocrx_word' id='word_1_517' title='bbox 2929 3641 3128 3697; x_wconf 76' lang='lat' dir='ltr'><strong>Amen.</strong></span> 
     </span>
    </p>
   </div>
   <div class='ocr_carea' id='block_1_73' title="bbox 1983 3921 3477 4004">
    <p class='ocr_par' dir='ltr' id='par_1_73' title="bbox 1983 3921 3477 4004">
     <span class='ocr_line' id='line_1_73' title="bbox 1983 3921 3477 4004; baseline 0.01 -28"><span class='ocrx_word' id='word_1_518' title='bbox 1983 3921 2051 3977; x_wconf 81' lang='lat' dir='ltr'><strong>Et</strong></span> <span class='ocrx_word' id='word_1_519' title='bbox 2093 3921 2153 3977; x_wconf 87' lang='lat' dir='ltr'><strong>iit</strong></span> <span class='ocrx_word' id='word_1_520' title='bbox 2188 3921 2452 3990; x_wconf 88' lang='lat' dir='ltr'><strong>dimissio,</strong></span> <span class='ocrx_word' id='word_1_521' title='bbox 2511 3933 2568 3980; x_wconf 90' lang='lat' dir='ltr'><strong>et</strong></span> <span class='ocrx_word' id='word_1_522' title='bbox 2612 3924 2935 3984; x_wconf 87' lang='lat' dir='ltr'><strong>delictorum</strong></span> <span class='ocrx_word' id='word_1_523' title='bbox 2972 3930 3184 3986; x_wconf 82' lang='lat' dir='ltr'><strong>veniam</strong></span> <span class='ocrx_word' id='word_1_524' title='bbox 3207 3933 3345 4004; x_wconf 78' lang='lat' dir='ltr'><strong>petit</strong></span> <span class='ocrx_word' id='word_1_525' title='bbox 3390 3950 3477 3991; x_wconf 87' lang='lat' dir='ltr'><strong>sa-</strong></span> 
     </span>
    </p>
   </div>
   <div class='ocr_carea' id='block_1_74' title="bbox 1912 4015 2125 4072">
    <p class='ocr_par' dir='ltr' id='par_1_74' title="bbox 1912 4015 2125 4072">
     <span class='ocr_line' id='line_1_74' title="bbox 1912 4015 2125 4072; baseline 0.009 -2"><span class='ocrx_word' id='word_1_526' title='bbox 1912 4015 2125 4072; x_wconf 86' lang='lat' dir='ltr'><strong>eerdos.</strong></span> 
     </span>
    </p>
   </div>
   <div class='ocr_carea' id='block_1_75' title="bbox 300 4181 3470 4276">
    <p class='ocr_par' dir='ltr' id='par_1_75' title="bbox 300 4181 3470 4276">
     <span class='ocr_line' id='line_1_75' title="bbox 300 4181 3470 4276; baseline 0.008 -40"><span class='ocrx_word' id='word_1_527' title='bbox 300 4181 430 4276; x_wconf 50' lang='grc' dir='ltr'>εει.</span> <span class='ocrx_word' id='word_1_528' title='bbox 461 4181 635 4240; x_wconf 80' lang='lat' dir='ltr'><strong>Con.</strong></span> <span class='ocrx_word' id='word_1_529' title='bbox 667 4183 763 4276; x_wconf 52' lang='lat' dir='ltr'><strong>HLic</strong></span> <span class='ocrx_word' id='word_1_530' title='bbox 791 4198 972 4276; x_wconf 55' lang='lat' dir='ltr'><strong>monet</strong></span> <span class='ocrx_word' id='word_1_531' title='bbox 1000 4188 1371 4276; x_wconf 67' lang='lat' dir='ltr'><strong>&quot;prologinm,</strong></span> <span class='ocrx_word' id='word_1_532' title='bbox 1392 4193 1551 4276; x_wconf 60' lang='lat' dir='ltr'><strong>illum</strong></span> <span class='ocrx_word' id='word_1_533' title='bbox 1577 4194 1752 4276; x_wconf 68' lang='lat' dir='ltr'><strong>venire</strong></span> <span class='ocrx_word' id='word_1_534' title='bbox 1775 4198 2017 4264; x_wconf 62' lang='lat' dir='ltr'><strong>petenda</strong></span> <span class='ocrx_word' id='word_1_535' title='bbox 2071 4196 2234 4250; x_wconf 90' lang='lat' dir='ltr'><strong>ritum</strong></span> <span class='ocrx_word' id='word_1_536' title='bbox 2263 4194 2609 4267; x_wconf 61' lang='lat' dir='ltr'><strong>querendum</strong></span> <span class='ocrx_word' id='word_1_537' title='bbox 2656 4210 2777 4252; x_wconf 84' lang='lat' dir='ltr'><strong>esse</strong></span> <span class='ocrx_word' id='word_1_538' title='bbox 2799 4211 2867 4253; x_wconf 76' lang='lat' dir='ltr'><strong>ex</strong></span> <span class='ocrx_word' id='word_1_539' title='bbox 2908 4197 3190 4271; x_wconf 78' lang='lat' dir='ltr'><strong>Apodipno</strong></span> <span class='ocrx_word' id='word_1_540' title='bbox 3245 4203 3470 4276; x_wconf 78' lang='lat' dir='ltr'><strong>majore,</strong></span> 
     </span>
    </p>
   </div>
   <div class='ocr_carea' id='block_1_76' title="bbox 234 4252 1871 4336">
    <p class='ocr_par' dir='ltr' id='par_1_76' title="bbox 234 4252 1871 4336">
     <span class='ocr_line' id='line_1_76' title="bbox 234 4252 1871 4336; baseline 0.009 -31"><span class='ocrx_word' id='word_1_541' title='bbox 234 4252 377 4306; x_wconf 88' lang='lat' dir='ltr'><strong>unde</strong></span> <span class='ocrx_word' id='word_1_542' title='bbox 403 4268 511 4308; x_wconf 86' lang='lat' dir='ltr'><strong>non</strong></span> <span class='ocrx_word' id='word_1_543' title='bbox 537 4256 800 4325; x_wconf 81' lang='lat' dir='ltr'><strong>gravabor</strong></span> <span class='ocrx_word' id='word_1_544' title='bbox 838 4258 991 4314; x_wconf 89' lang='lat' dir='ltr'><strong>illum</strong></span> <span class='ocrx_word' id='word_1_545' title='bbox 1022 4252 1369 4317; x_wconf 49' lang='lat' dir='ltr'><strong>describere;</strong></span> <span class='ocrx_word' id='word_1_546' title='bbox 1392 4262 1483 4319; x_wconf 89' lang='lat' dir='ltr'><strong>Sic</strong></span> <span class='ocrx_word' id='word_1_547' title='bbox 1513 4278 1642 4336; x_wconf 81' lang='lat' dir='ltr'><strong>ergo</strong></span> <span class='ocrx_word' id='word_1_548' title='bbox 1666 4252 1829 4321; x_wconf 77' lang='lat' dir='ltr'><strong>habet</strong></span> <span class='ocrx_word' id='word_1_549' title='bbox 1855 4281 1871 4320; x_wconf 85' lang='lat'><strong>:</strong></span> 
     </span>
    </p>
   </div>
   <div class='ocr_carea' id='block_1_77' title="bbox 300 4416 1970 4511">
    <p class='ocr_par' dir='ltr' id='par_1_77' title="bbox 300 4416 1880 4502">
     <span class='ocr_line' id='line_1_77' title="bbox 300 4416 1880 4502; baseline 0.013 -34"><span class='ocrx_word' id='word_1_550' title='bbox 300 4416 539 4485; x_wconf 81' lang='grc' dir='ltr'>Ποιήσας</span> <span class='ocrx_word' id='word_1_551' title='bbox 582 4419 616 4471; x_wconf 85' lang='grc' dir='ltr'><strong>ο</strong></span> <span class='ocrx_word' id='word_1_552' title='bbox 659 4420 939 4493; x_wconf 81' lang='grc' dir='ltr'>προεστὼς</span> <span class='ocrx_word' id='word_1_553' title='bbox 994 4424 1282 4495; x_wconf 56' lang='grc' dir='ltr'>μετάνοιαν</span> <span class='ocrx_word' id='word_1_554' title='bbox 1325 4429 1419 4484; x_wconf 68' lang='grc' dir='ltr'><strong>ἐπὶ</strong></span> <span class='ocrx_word' id='word_1_555' title='bbox 1475 4430 1600 4502; x_wconf 85' lang='grc' dir='ltr'>γῆς,</span> <span class='ocrx_word' id='word_1_556' title='bbox 1652 4430 1801 4501; x_wconf 70' lang='grc' dir='ltr'>λέγει</span> <span class='ocrx_word' id='word_1_557' title='bbox 1832 4435 1880 4495; x_wconf 89' lang='lat' dir='ltr'><strong>D</strong></span> 
     </span>
    </p>
   </div>
   <div class='ocr_carea' id='block_1_78' title="bbox 1796 4416 3466 4511">
    <p class='ocr_par' dir='ltr' id='par_1_78' title="bbox 1796 4433 3466 4511">
     <span class='ocr_line' id='line_1_78' title="bbox 1796 4433 3466 4511; baseline 0.007 -24"><span class='ocrx_word' id='word_1_558' title='bbox 1796 4435 1880 4495; x_wconf 81' lang='lat' dir='ltr'><strong>.D</strong></span> <span class='ocrx_word' id='word_1_559' title='bbox 1978 4433 2308 4502; x_wconf 66' lang='lat' dir='ltr'><strong>Prapositns</strong></span> <span class='ocrx_word' id='word_1_560' title='bbox 2338 4433 2603 4489; x_wconf 81' lang='lat' dir='ltr'><strong>inclinans</strong></span> <span class='ocrx_word' id='word_1_561' title='bbox 2642 4449 2703 4489; x_wconf 88' lang='lat' dir='ltr'><strong>se</strong></span> <span class='ocrx_word' id='word_1_562' title='bbox 2765 4436 2832 4490; x_wconf 88' lang='lat' dir='ltr'><strong>ad</strong></span> <span class='ocrx_word' id='word_1_563' title='bbox 2890 4447 3090 4495; x_wconf 80' lang='lat' dir='ltr'><strong>ternm</strong></span> <span class='ocrx_word' id='word_1_564' title='bbox 3132 4456 3305 4511; x_wconf 86' lang='lat' dir='ltr'><strong>usque</strong></span> <span class='ocrx_word' id='word_1_565' title='bbox 3332 4443 3466 4500; x_wconf 81' lang='lat' dir='ltr'><strong>dicit</strong></span> 
     </span>
    </p>
   </div>
   <div class='ocr_carea' id='block_1_79' title="bbox 227 4507 1802 4597">
    <p class='ocr_par' dir='ltr' id='par_1_79' title="bbox 227 4507 1802 4597">
     <span class='ocr_line' id='line_1_79' title="bbox 227 4507 1802 4597; baseline 0.019 -44"><span class='ocrx_word' id='word_1_566' title='bbox 227 4508 344 4570; x_wconf 71' lang='grc' dir='ltr'>τοῖς</span> <span class='ocrx_word' id='word_1_567' title='bbox 369 4507 639 4578; x_wconf 75' lang='grc' dir='ltr'>ἀδελφοῖς·</span> <span class='ocrx_word' id='word_1_568' title='bbox 677 4512 986 4581; x_wconf 79' lang='grc' dir='ltr'>Εὐλογεῐτε,</span> <span class='ocrx_word' id='word_1_569' title='bbox 1031 4518 1268 4589; x_wconf 72' lang='grc' dir='ltr'>πατέρες</span> <span class='ocrx_word' id='word_1_570' title='bbox 1310 4521 1477 4589; x_wconf 84' lang='grc' dir='ltr'>άγιοι,</span> <span class='ocrx_word' id='word_1_571' title='bbox 1518 4526 1802 4597; x_wconf 81' lang='grc' dir='ltr'>συγχωρή-</span> 
     </span>
    </p>
   </div>
   <div class='ocr_carea' id='block_1_80' title="bbox 131 4598 1801 4683">
    <p class='ocr_par' dir='ltr' id='par_1_80' title="bbox 131 4598 1801 4683">
     <span class='ocr_line' id='line_1_80' title="bbox 131 4598 1801 4683; baseline 0.013 -34"><span class='ocrx_word' id='word_1_572' title='bbox 131 4677 134 4681; x_wconf 20' lang='grc'><strong>’</strong></span> <span class='ocrx_word' id='word_1_573' title='bbox 231 4598 364 4651; x_wconf 82' lang='grc' dir='ltr'>σατέ</span> <span class='ocrx_word' id='word_1_574' title='bbox 395 4614 486 4669; x_wconf 85' lang='grc' dir='ltr'><strong>μοι</strong></span> <span class='ocrx_word' id='word_1_575' title='bbox 527 4599 606 4670; x_wconf 82' lang='grc' dir='ltr'><strong>τῷ</strong></span> <span class='ocrx_word' id='word_1_576' title='bbox 634 4602 960 4678; x_wconf 80' lang='grc' dir='ltr'>ἁμαρτωλῷ.</span> <span class='ocrx_word' id='word_1_577' title='bbox 1012 4610 1123 4664; x_wconf 81' lang='grc' dir='ltr'><strong>Καὶ</strong></span> <span class='ocrx_word' id='word_1_578' title='bbox 1154 4612 1204 4665; x_wconf 83' lang='grc' dir='ltr'><strong>οἰ</strong></span> <span class='ocrx_word' id='word_1_579' title='bbox 1260 4612 1495 4682; x_wconf 86' lang='grc' dir='ltr'>ἀδελφοί·</span> <span class='ocrx_word' id='word_1_580' title='bbox 1564 4614 1624 4669; x_wconf 89' lang='lat'><strong>&#39;0</strong></span> <span class='ocrx_word' id='word_1_581' title='bbox 1670 4616 1801 4683; x_wconf 78' lang='grc' dir='ltr'>Θεὸς</span> 
     </span>
    </p>
   </div>
   <div class='ocr_carea' id='block_1_81' title="bbox 231 4696 1799 4775">
    <p class='ocr_par' dir='ltr' id='par_1_81' title="bbox 231 4696 1799 4775">
     <span class='ocr_line' id='line_1_81' title="bbox 231 4696 1799 4775; baseline 0.013 -34"><span class='ocrx_word' id='word_1_582' title='bbox 231 4696 573 4763; x_wconf 67' lang='grc' dir='ltr'>συγχωρήσει</span> <span class='ocrx_word' id='word_1_583' title='bbox 621 4709 724 4761; x_wconf 88' lang='grc' dir='ltr'>σοι,</span> <span class='ocrx_word' id='word_1_584' title='bbox 772 4697 954 4769; x_wconf 86' lang='grc' dir='ltr'>Πάτερ</span> <span class='ocrx_word' id='word_1_585' title='bbox 984 4699 1125 4770; x_wconf 71' lang='grc' dir='ltr'>ἅγιε.</span> <span class='ocrx_word' id='word_1_586' title='bbox 1158 4703 1268 4757; x_wconf 88' lang='lat' dir='ltr'><strong>Kal</strong></span> <span class='ocrx_word' id='word_1_587' title='bbox 1293 4705 1545 4775; x_wconf 77' lang='grc' dir='ltr'>ἄρχονται</span> <span class='ocrx_word' id='word_1_588' title='bbox 1568 4707 1619 4760; x_wconf 84' lang='grc' dir='ltr'><strong>οἰ</strong></span> <span class='ocrx_word' id='word_1_589' title='bbox 1644 4707 1799 4761; x_wconf 83' lang='grc' dir='ltr'>ἀδελ-</span> 
     </span>
    </p>
   </div>
   <div class='ocr_carea' id='block_1_82' title="bbox 227 4784 1797 4868">
    <p class='ocr_par' dir='ltr' id='par_1_82' title="bbox 227 4784 1797 4868">
     <span class='ocr_line' id='line_1_82' title="bbox 227 4784 1797 4868; baseline 0.01 -31"><span class='ocrx_word' id='word_1_590' title='bbox 227 4787 319 4855; x_wconf 77' lang='grc' dir='ltr'>φοὶ</span> <span class='ocrx_word' id='word_1_591' title='bbox 335 4786 444 4839; x_wconf 82' lang='grc' dir='ltr'>ἀπὸ</span> <span class='ocrx_word' id='word_1_592' title='bbox 469 4784 562 4839; x_wconf 88' lang='grc' dir='ltr'><strong>τοῦ</strong></span> <span class='ocrx_word' id='word_1_593' title='bbox 595 4784 768 4852; x_wconf 74' lang='grc' dir='ltr'>δεξιοῦ</span> <span class='ocrx_word' id='word_1_594' title='bbox 798 4790 892 4843; x_wconf 77' lang='grc' dir='ltr'>καὶ</span> <span class='ocrx_word' id='word_1_595' title='bbox 930 4792 1217 4864; x_wconf 84' lang='grc' dir='ltr'>ἀριστεροῦ</span> <span class='ocrx_word' id='word_1_596' title='bbox 1254 4794 1417 4868; x_wconf 90' lang='grc' dir='ltr'>χοροῦ</span> <span class='ocrx_word' id='word_1_597' title='bbox 1455 4798 1597 4852; x_wconf 88' lang='grc' dir='ltr'><strong>κατά</strong></span> <span class='ocrx_word' id='word_1_598' title='bbox 1645 4798 1797 4864; x_wconf 81' lang='grc' dir='ltr'>τάξιν</span> 
     </span>
    </p>
   </div>
   <div class='ocr_carea' id='block_1_83' title="bbox 225 4868 1796 4959">
    <p class='ocr_par' dir='ltr' id='par_1_83' title="bbox 225 4868 1796 4959">
     <span class='ocr_line' id='line_1_83' title="bbox 225 4868 1796 4959; baseline 0.011 -32"><span class='ocrx_word' id='word_1_599' title='bbox 225 4869 308 4938; x_wconf 76' lang='grc' dir='ltr'><strong>εἷς</strong></span> <span class='ocrx_word' id='word_1_600' title='bbox 350 4875 445 4929; x_wconf 83' lang='grc' dir='ltr'>καὶ</span> <span class='ocrx_word' id='word_1_601' title='bbox 482 4868 563 4941; x_wconf 76' lang='grc' dir='ltr'><strong>εἷς</strong></span> <span class='ocrx_word' id='word_1_602' title='bbox 588 4880 760 4931; x_wconf 68' lang='grc' dir='ltr'><strong>¹ποιεῖν</strong></span> <span class='ocrx_word' id='word_1_603' title='bbox 792 4878 1014 4950; x_wconf 83' lang='grc' dir='ltr'>ὁμοίως,</span> <span class='ocrx_word' id='word_1_604' title='bbox 1041 4883 1132 4936; x_wconf 76' lang='grc' dir='ltr'><strong>καὶ</strong></span> <span class='ocrx_word' id='word_1_605' title='bbox 1166 4885 1437 4939; x_wconf 74' lang='grc' dir='ltr'>αἰτεῖσθαι</span> <span class='ocrx_word' id='word_1_606' title='bbox 1461 4889 1554 4941; x_wconf 75' lang='grc' dir='ltr'>καὶ</span> <span class='ocrx_word' id='word_1_607' title='bbox 1582 4888 1796 4959; x_wconf 75' lang='grc' dir='ltr'>λαμϐά-</span> 
     </span>
    </p>
   </div>
   <div class='ocr_carea' id='block_1_84' title="bbox 224 4967 1793 5048">
    <p class='ocr_par' dir='ltr' id='par_1_84' title="bbox 224 4967 1793 5048">
     <span class='ocr_line' id='line_1_84' title="bbox 224 4967 1793 5048; baseline 0.011 -29"><span class='ocrx_word' id='word_1_608' title='bbox 224 4983 337 5020; x_wconf 87' lang='grc' dir='ltr'>νειν</span> <span class='ocrx_word' id='word_1_609' title='bbox 366 4967 730 5042; x_wconf 84' lang='grc' dir='ltr'>συγχώρησιν,</span> <span class='ocrx_word' id='word_1_610' title='bbox 790 4971 983 5043; x_wconf 80' lang='grc' dir='ltr'>μέχρις</span> <span class='ocrx_word' id='word_1_611' title='bbox 1020 4972 1085 5028; x_wconf 86' lang='grc' dir='ltr'><strong>ἀν</strong></span> <span class='ocrx_word' id='word_1_612' title='bbox 1143 4974 1505 5048; x_wconf 82' lang='grc' dir='ltr'>πληρωθῶσιν</span> <span class='ocrx_word' id='word_1_613' title='bbox 1536 4977 1793 5042; x_wconf 72' lang='grc' dir='ltr'>ἅπαντες.</span> 
     </span>
    </p>
   </div>
   <div class='ocr_carea' id='block_1_85' title="bbox 235 5056 1797 5144">
    <p class='ocr_par' dir='ltr' id='par_1_85' title="bbox 235 5056 1797 5144">
     <span class='ocr_line' id='line_1_85' title="bbox 235 5056 1797 5144; baseline 0.012 -34"><span class='ocrx_word' id='word_1_614' title='bbox 235 5056 376 5111; x_wconf 71' lang='grc' dir='ltr'><strong>ὐδὶ</strong></span> <span class='ocrx_word' id='word_1_615' title='bbox 420 5058 596 5131; x_wconf 72' lang='grc' dir='ltr'>ίερείις</span> <span class='ocrx_word' id='word_1_616' title='bbox 635 5061 801 5132; x_wconf 74' lang='grc' dir='ltr'>λέγει’</span> <span class='ocrx_word' id='word_1_617' title='bbox 831 5064 1129 5137; x_wconf 80' lang='grc' dir='ltr'>Εὐξώμεθα</span> <span class='ocrx_word' id='word_1_618' title='bbox 1174 5070 1313 5142; x_wconf 71' lang='grc' dir='ltr'>ὑπὲρ</span> <span class='ocrx_word' id='word_1_619' title='bbox 1345 5070 1455 5124; x_wconf 86' lang='grc' dir='ltr'><strong>τῶν</strong></span> <span class='ocrx_word' id='word_1_620' title='bbox 1497 5071 1797 5144; x_wconf 82' lang='grc' dir='ltr'>ὀρθοδόξων</span> 
     </span>
    </p>
   </div>
   <div class='ocr_carea' id='block_1_86' title="bbox 221 5147 1793 5237">
    <p class='ocr_par' dir='ltr' id='par_1_86' title="bbox 221 5147 1793 5237">
     <span class='ocr_line' id='line_1_86' title="bbox 221 5147 1793 5237; baseline 0.013 -37"><span class='ocrx_word' id='word_1_621' title='bbox 221 5147 583 5220; x_wconf 78' lang='grc' dir='ltr'>Χριστιανῶν.</span> <span class='ocrx_word' id='word_1_622' title='bbox 633 5153 743 5207; x_wconf 87' lang='lat' dir='ltr'><strong>Kal</strong></span> <span class='ocrx_word' id='word_1_623' title='bbox 773 5155 989 5227; x_wconf 75' lang='grc' dir='ltr'>ἀδελφοὶ</span> <span class='ocrx_word' id='word_1_624' title='bbox 1031 5161 1269 5230; x_wconf 89' lang='grc' dir='ltr'>συνεχῶς</span> <span class='ocrx_word' id='word_1_625' title='bbox 1306 5162 1389 5227; x_wconf 79' lang='grc' dir='ltr'>τὸ,</span> <span class='ocrx_word' id='word_1_626' title='bbox 1420 5163 1612 5236; x_wconf 76' lang='grc' dir='ltr'>Κύριε,</span> <span class='ocrx_word' id='word_1_627' title='bbox 1642 5165 1793 5237; x_wconf 66' lang='grc' dir='ltr'>ἐλέη-</span> 
     </span>
    </p>
   </div>
   <div class='ocr_carea' id='block_1_87' title="bbox 222 5241 1790 5328">
    <p class='ocr_par' dir='ltr' id='par_1_87' title="bbox 222 5241 1790 5328">
     <span class='ocr_line' id='line_1_87' title="bbox 222 5241 1790 5328; baseline 0.01 -33"><span class='ocrx_word' id='word_1_628' title='bbox 222 5256 334 5295; x_wconf 84' lang='grc' dir='ltr'>σον.</span> <span class='ocrx_word' id='word_1_629' title='bbox 353 5241 523 5314; x_wconf 69' lang='grc' dir='ltr'>’Υπὲρ</span> <span class='ocrx_word' id='word_1_630' title='bbox 537 5243 839 5311; x_wconf 82' lang='grc' dir='ltr'>εὐοδώσεως</span> <span class='ocrx_word' id='word_1_631' title='bbox 862 5250 955 5303; x_wconf 81' lang='grc' dir='ltr'>καὶ</span> <span class='ocrx_word' id='word_1_632' title='bbox 970 5251 1294 5322; x_wconf 67' lang='grc' dir='ltr'>ἑνισχύσεως</span> <span class='ocrx_word' id='word_1_633' title='bbox 1331 5252 1426 5308; x_wconf 89' lang='grc' dir='ltr'><strong>τοῦ</strong></span> <span class='ocrx_word' id='word_1_634' title='bbox 1447 5254 1790 5328; x_wconf 83' lang='grc' dir='ltr'>φιλοχρίστου</span> 
     </span>
    </p>
   </div>
   <div class='ocr_carea' id='block_1_88' title="bbox 220 5330 1791 5418">
    <p class='ocr_par' dir='ltr' id='par_1_88' title="bbox 220 5330 1791 5418">
     <span class='ocr_line' id='line_1_88' title="bbox 220 5330 1791 5418; baseline 0.013 -35"><span class='ocrx_word' id='word_1_635' title='bbox 220 5330 453 5403; x_wconf 87' lang='grc' dir='ltr'>στρατοῦ</span> <span class='ocrx_word' id='word_1_636' title='bbox 462 5372 478 5386; x_wconf 96' lang='grc'><strong>.</strong></span> <span class='ocrx_word' id='word_1_637' title='bbox 494 5331 660 5405; x_wconf 70' lang='grc' dir='ltr'>’Υπὲρ</span> <span class='ocrx_word' id='word_1_638' title='bbox 672 5336 763 5388; x_wconf 87' lang='grc' dir='ltr'><strong>τοῦ</strong></span> <span class='ocrx_word' id='word_1_639' title='bbox 774 5337 1205 5409; x_wconf 84' lang='grc' dir='ltr'>ἀρχιεπισκόπου</span> <span class='ocrx_word' id='word_1_640' title='bbox 1219 5344 1493 5415; x_wconf 71' lang='grc' dir='ltr'>ήμῶν,καὶ</span> <span class='ocrx_word' id='word_1_641' title='bbox 1504 5346 1683 5418; x_wconf 86' lang='grc' dir='ltr'>πάσης</span> <span class='ocrx_word' id='word_1_642' title='bbox 1694 5348 1791 5418; x_wconf 86' lang='grc' dir='ltr'><strong>τῆς</strong></span> 
     </span>
    </p>
   </div>
   <div class='ocr_carea' id='block_1_89' title="bbox 218 5421 1790 5507">
    <p class='ocr_par' dir='ltr' id='par_1_89' title="bbox 218 5421 1790 5507">
     <span class='ocr_line' id='line_1_89' title="bbox 218 5421 1790 5507; baseline 0.013 -35"><span class='ocrx_word' id='word_1_643' title='bbox 218 5421 277 5473; x_wconf 67' lang='grc' dir='ltr'>ὲν</span> <span class='ocrx_word' id='word_1_644' title='bbox 304 5421 525 5492; x_wconf 78' lang='grc' dir='ltr'>Χριστῷ</span> <span class='ocrx_word' id='word_1_645' title='bbox 543 5425 700 5495; x_wconf 84' lang='grc' dir='ltr'>ἡμῶν</span> <span class='ocrx_word' id='word_1_646' title='bbox 717 5427 1094 5500; x_wconf 75' lang='grc' dir='ltr'>ἀδελφότητος.</span> <span class='ocrx_word' id='word_1_647' title='bbox 1124 5434 1294 5507; x_wconf 77' lang='grc' dir='ltr'>Ὑπὲρ</span> <span class='ocrx_word' id='word_1_648' title='bbox 1314 5435 1424 5489; x_wconf 86' lang='grc' dir='ltr'><strong>τῶν</strong></span> <span class='ocrx_word' id='word_1_649' title='bbox 1440 5436 1790 5506; x_wconf 77' lang='grc' dir='ltr'>ἀπολειφθέν-</span> 
     </span>
    </p>
   </div>
   <div class='ocr_carea' id='block_1_90' title="bbox 219 5514 1790 5599">
    <p class='ocr_par' dir='ltr' id='par_1_90' title="bbox 219 5514 1790 5599">
     <span class='ocr_line' id='line_1_90' title="bbox 219 5514 1790 5599; baseline 0.012 -35"><span class='ocrx_word' id='word_1_650' title='bbox 219 5527 325 5565; x_wconf 91' lang='grc' dir='ltr'><strong>των</strong></span> <span class='ocrx_word' id='word_1_651' title='bbox 371 5514 622 5585; x_wconf 77' lang='grc' dir='ltr'>πατέρων</span> <span class='ocrx_word' id='word_1_652' title='bbox 653 5518 746 5571; x_wconf 76' lang='grc' dir='ltr'>καὶ</span> <span class='ocrx_word' id='word_1_653' title='bbox 776 5519 1021 5591; x_wconf 75' lang='grc' dir='ltr'>ἀδελφῶν</span> <span class='ocrx_word' id='word_1_654' title='bbox 1052 5524 1231 5595; x_wconf 87' lang='grc' dir='ltr'>ήμῶν.</span> <span class='ocrx_word' id='word_1_655' title='bbox 1273 5528 1446 5599; x_wconf 81' lang='grc' dir='ltr'>Ὑπὲρ</span> <span class='ocrx_word' id='word_1_656' title='bbox 1476 5528 1585 5581; x_wconf 92' lang='grc' dir='ltr'><strong>τῶν</strong></span> <span class='ocrx_word' id='word_1_657' title='bbox 1607 5528 1790 5583; x_wconf 83' lang='grc' dir='ltr'>διακο-</span> 
     </span>
    </p>
   </div>
   <div class='ocr_carea' id='block_1_91' title="bbox 218 5600 1788 5689">
    <p class='ocr_par' dir='ltr' id='par_1_91' title="bbox 218 5600 1788 5689">
     <span class='ocr_line' id='line_1_91' title="bbox 218 5600 1788 5689; baseline 0.013 -36"><span class='ocrx_word' id='word_1_658' title='bbox 218 5600 449 5656; x_wconf 78' lang='grc' dir='ltr'>νούντων</span> <span class='ocrx_word' id='word_1_659' title='bbox 476 5605 569 5659; x_wconf 72' lang='grc' dir='ltr'>καὶ</span> <span class='ocrx_word' id='word_1_660' title='bbox 582 5604 1011 5680; x_wconf 86' lang='grc' dir='ltr'>διακονησάντων</span> <span class='ocrx_word' id='word_1_661' title='bbox 1044 5614 1191 5684; x_wconf 74' lang='grc' dir='ltr'>ἡμῖν.</span> <span class='ocrx_word' id='word_1_662' title='bbox 1227 5616 1399 5689; x_wconf 75' lang='grc' dir='ltr'>Ὑπὲρ</span> <span class='ocrx_word' id='word_1_663' title='bbox 1428 5616 1536 5671; x_wconf 89' lang='grc' dir='ltr'><strong>τῶν</strong></span> <span class='ocrx_word' id='word_1_664' title='bbox 1573 5618 1788 5689; x_wconf 85' lang='grc' dir='ltr'>μισούν-</span> 
     </span>
    </p>
   </div>
   <div class='ocr_carea' id='block_1_92' title="bbox 1906 4524 3467 4604">
    <p class='ocr_par' dir='ltr' id='par_1_92' title="bbox 1906 4524 3467 4604">
     <span class='ocr_line' id='line_1_92' title="bbox 1906 4524 3467 4604; baseline 0.008 -23"><span class='ocrx_word' id='word_1_665' title='bbox 1906 4525 2164 4581; x_wconf 88' lang='lat' dir='ltr'><strong>fratribus</strong></span> <span class='ocrx_word' id='word_1_666' title='bbox 2195 4542 2210 4580; x_wconf 89' lang='lat'><strong>:</strong></span> <span class='ocrx_word' id='word_1_667' title='bbox 2245 4524 2573 4591; x_wconf 88' lang='lat' dir='ltr'><strong>Benedicite,</strong></span> <span class='ocrx_word' id='word_1_668' title='bbox 2597 4525 2787 4583; x_wconf 83' lang='lat' dir='ltr'><strong>Patres</strong></span> <span class='ocrx_word' id='word_1_669' title='bbox 2817 4532 3012 4595; x_wconf 87' lang='lat' dir='ltr'><strong>sancti,</strong></span> <span class='ocrx_word' id='word_1_670' title='bbox 3038 4532 3302 4604; x_wconf 89' lang='lat' dir='ltr'><strong>ignoscite</strong></span> <span class='ocrx_word' id='word_1_671' title='bbox 3332 4535 3467 4593; x_wconf 89' lang='lat' dir='ltr'><strong>mibi</strong></span> 
     </span>
    </p>
   </div>
   <div class='ocr_carea' id='block_1_93' title="bbox 1902 4614 3469 4690">
    <p class='ocr_par' dir='ltr' id='par_1_93' title="bbox 1902 4614 3469 4690">
     <span class='ocr_line' id='line_1_93' title="bbox 1902 4614 3469 4690; baseline 0.01 -23"><span class='ocrx_word' id='word_1_672' title='bbox 1902 4616 2187 4683; x_wconf 87' lang='lat' dir='ltr'><strong>peceatori.</strong></span> <span class='ocrx_word' id='word_1_673' title='bbox 2243 4614 2309 4669; x_wconf 86' lang='lat' dir='ltr'><strong>Et</strong></span> <span class='ocrx_word' id='word_1_674' title='bbox 2365 4614 2604 4671; x_wconf 81' lang='lat' dir='ltr'><strong>fratres:</strong></span> <span class='ocrx_word' id='word_1_675' title='bbox 2643 4618 2783 4673; x_wconf 89' lang='lat' dir='ltr'><strong>Deus</strong></span> <span class='ocrx_word' id='word_1_676' title='bbox 2830 4619 3073 4689; x_wconf 90' lang='lat' dir='ltr'><strong>ignoscet</strong></span> <span class='ocrx_word' id='word_1_677' title='bbox 3134 4624 3276 4690; x_wconf 89' lang='lat' dir='ltr'><strong>tibi,</strong></span> <span class='ocrx_word' id='word_1_678' title='bbox 3302 4623 3469 4683; x_wconf 86' lang='lat' dir='ltr'><strong>Pater</strong></span> 
     </span>
    </p>
   </div>
   <div class='ocr_carea' id='block_1_94' title="bbox 1900 4704 3466 4775">
    <p class='ocr_par' dir='ltr' id='par_1_94' title="bbox 1900 4704 3466 4775">
     <span class='ocr_line' id='line_1_94' title="bbox 1900 4704 3466 4775; baseline 0.011 -18"><span class='ocrx_word' id='word_1_679' title='bbox 1900 4714 2105 4760; x_wconf 88' lang='lat' dir='ltr'><strong>sancte.</strong></span> <span class='ocrx_word' id='word_1_680' title='bbox 2137 4704 2205 4761; x_wconf 84' lang='lat' dir='ltr'><strong>Et</strong></span> <span class='ocrx_word' id='word_1_681' title='bbox 2235 4705 2500 4775; x_wconf 86' lang='lat' dir='ltr'><strong>incipiunt</strong></span> <span class='ocrx_word' id='word_1_682' title='bbox 2557 4705 2756 4762; x_wconf 89' lang='lat' dir='ltr'><strong>fratres</strong></span> <span class='ocrx_word' id='word_1_683' title='bbox 2794 4724 2823 4762; x_wconf 89' lang='lat' dir='ltr'><strong>a</strong></span> <span class='ocrx_word' id='word_1_684' title='bbox 2861 4710 3086 4768; x_wconf 80' lang='lat' dir='ltr'><strong>dextero</strong></span> <span class='ocrx_word' id='word_1_685' title='bbox 3138 4724 3197 4770; x_wconf 90' lang='lat' dir='ltr'><strong>et</strong></span> <span class='ocrx_word' id='word_1_686' title='bbox 3240 4716 3466 4774; x_wconf 87' lang='lat' dir='ltr'><strong>sinistro</strong></span> 
     </span>
    </p>
   </div>
   <div class='ocr_carea' id='block_1_95' title="bbox 1897 4794 3464 4867">
    <p class='ocr_par' dir='ltr' id='par_1_95' title="bbox 1897 4794 3464 4867">
     <span class='ocr_line' id='line_1_95' title="bbox 1897 4794 3464 4867; baseline 0.008 -18"><span class='ocrx_word' id='word_1_687' title='bbox 1897 4794 2067 4849; x_wconf 85' lang='lat' dir='ltr'><strong>choro</strong></span> <span class='ocrx_word' id='word_1_688' title='bbox 2093 4796 2388 4850; x_wconf 85' lang='lat' dir='ltr'><strong>secundum</strong></span> <span class='ocrx_word' id='word_1_689' title='bbox 2406 4797 2654 4852; x_wconf 85' lang='lat' dir='ltr'><strong>ordinem</strong></span> <span class='ocrx_word' id='word_1_690' title='bbox 2678 4796 2874 4867; x_wconf 87' lang='lat' dir='ltr'><strong>singuli</strong></span> <span class='ocrx_word' id='word_1_691' title='bbox 2905 4798 3082 4856; x_wconf 83' lang='lat' dir='ltr'><strong>facere</strong></span> <span class='ocrx_word' id='word_1_692' title='bbox 3104 4804 3464 4863; x_wconf 85' lang='lat' dir='ltr'><strong>consimiliter</strong></span> 
     </span>
    </p>
   </div>
   <div class='ocr_carea' id='block_1_96' title="bbox 1896 4884 3461 4961">
    <p class='ocr_par' dir='ltr' id='par_1_96' title="bbox 1896 4884 3461 4961">
     <span class='ocr_line' id='line_1_96' title="bbox 1896 4884 3461 4961; baseline 0.013 -24"><span class='ocrx_word' id='word_1_693' title='bbox 1896 4892 1952 4938; x_wconf 89' lang='lat' dir='ltr'><strong>et</strong></span> <span class='ocrx_word' id='word_1_694' title='bbox 1974 4884 2109 4938; x_wconf 89' lang='lat' dir='ltr'><strong>alter</strong></span> <span class='ocrx_word' id='word_1_695' title='bbox 2141 4884 2210 4940; x_wconf 88' lang='lat' dir='ltr'><strong>ab</strong></span> <span class='ocrx_word' id='word_1_696' title='bbox 2238 4887 2409 4941; x_wconf 92' lang='lat' dir='ltr'><strong>altero</strong></span> <span class='ocrx_word' id='word_1_697' title='bbox 2432 4896 2638 4955; x_wconf 86' lang='lat' dir='ltr'><strong>petere,</strong></span> <span class='ocrx_word' id='word_1_698' title='bbox 2668 4896 2723 4941; x_wconf 86' lang='lat' dir='ltr'><strong>et</strong></span> <span class='ocrx_word' id='word_1_699' title='bbox 2755 4889 3004 4958; x_wconf 87' lang='lat' dir='ltr'><strong>accipere</strong></span> <span class='ocrx_word' id='word_1_700' title='bbox 3037 4894 3270 4961; x_wconf 77' lang='lat' dir='ltr'><strong>veniam,</strong></span> <span class='ocrx_word' id='word_1_701' title='bbox 3290 4897 3461 4957; x_wconf 81' lang='lat' dir='ltr'><strong>donec</strong></span> 
     </span>
    </p>
   </div>
   <div class='ocr_carea' id='block_1_97' title="bbox 1894 4976 3457 5047">
    <p class='ocr_par' dir='ltr' id='par_1_97' title="bbox 1894 4976 3457 5047">
     <span class='ocr_line' id='line_1_97' title="bbox 1894 4976 3457 5047; baseline 0.012 -18"><span class='ocrx_word' id='word_1_702' title='bbox 1894 4988 2084 5029; x_wconf 89' lang='lat' dir='ltr'><strong>omnes</strong></span> <span class='ocrx_word' id='word_1_703' title='bbox 2131 4976 2483 5032; x_wconf 80' lang='lat' dir='ltr'><strong>absolverint.</strong></span> <span class='ocrx_word' id='word_1_704' title='bbox 2522 4976 2657 5033; x_wconf 85' lang='lat' dir='ltr'><strong>Tum</strong></span> <span class='ocrx_word' id='word_1_705' title='bbox 2688 4984 2946 5038; x_wconf 84' lang='lat' dir='ltr'><strong>sacerdos</strong></span> <span class='ocrx_word' id='word_1_706' title='bbox 3007 4985 3179 5042; x_wconf 87' lang='lat' dir='ltr'><strong>dicit:</strong></span> <span class='ocrx_word' id='word_1_707' title='bbox 3222 4986 3457 5047; x_wconf 90' lang='lat' dir='ltr'><strong>Oremus</strong></span> 
     </span>
    </p>
   </div>
   <div class='ocr_carea' id='block_1_98' title="bbox 1895 5061 3460 5135">
    <p class='ocr_par' dir='ltr' id='par_1_98' title="bbox 1895 5061 3460 5135">
     <span class='ocr_line' id='line_1_98' title="bbox 1895 5061 3460 5135; baseline 0.013 -20"><span class='ocrx_word' id='word_1_708' title='bbox 1895 5077 1995 5132; x_wconf 89' lang='lat' dir='ltr'><strong>pro</strong></span> <span class='ocrx_word' id='word_1_709' title='bbox 2022 5061 2345 5120; x_wconf 84' lang='lat' dir='ltr'><strong>Christianis</strong></span> <span class='ocrx_word' id='word_1_710' title='bbox 2378 5076 2525 5123; x_wconf 89' lang='lat' dir='ltr'><strong>recte</strong></span> <span class='ocrx_word' id='word_1_711' title='bbox 2567 5068 2946 5127; x_wconf 83' lang='lat' dir='ltr'><strong>sentientibus.</strong></span> <span class='ocrx_word' id='word_1_712' title='bbox 2981 5072 3047 5128; x_wconf 84' lang='lat' dir='ltr'><strong>Et</strong></span> <span class='ocrx_word' id='word_1_713' title='bbox 3088 5074 3287 5133; x_wconf 84' lang='lat' dir='ltr'><strong>fratres</strong></span> <span class='ocrx_word' id='word_1_714' title='bbox 3316 5081 3460 5135; x_wconf 81' lang='lat' dir='ltr'><strong>assi-</strong></span> 
     </span>
    </p>
   </div>
   <div class='ocr_carea' id='block_1_99' title="bbox 1894 5153 3459 5230">
    <p class='ocr_par' dir='ltr' id='par_1_99' title="bbox 1894 5153 3459 5230">
     <span class='ocr_line' id='line_1_99' title="bbox 1894 5153 3459 5230; baseline 0.013 -24"><span class='ocrx_word' id='word_1_715' title='bbox 1894 5153 2019 5217; x_wconf 86' lang='lat' dir='ltr'><strong>due,</strong></span> <span class='ocrx_word' id='word_1_716' title='bbox 2054 5155 2298 5222; x_wconf 87' lang='lat' dir='ltr'><strong>Domine,</strong></span> <span class='ocrx_word' id='word_1_717' title='bbox 2325 5156 2601 5215; x_wconf 87' lang='lat' dir='ltr'><strong>miserere.</strong></span> <span class='ocrx_word' id='word_1_718' title='bbox 2626 5158 2732 5215; x_wconf 86' lang='lat' dir='ltr'><strong>Pro</strong></span> <span class='ocrx_word' id='word_1_719' title='bbox 2764 5161 2904 5218; x_wconf 82' lang='lat' dir='ltr'><strong>felici</strong></span> <span class='ocrx_word' id='word_1_720' title='bbox 2939 5164 3154 5230; x_wconf 85' lang='lat' dir='ltr'><strong>itinere,</strong></span> <span class='ocrx_word' id='word_1_721' title='bbox 3177 5177 3233 5223; x_wconf 92' lang='lat' dir='ltr'><strong>et</strong></span> <span class='ocrx_word' id='word_1_722' title='bbox 3261 5170 3459 5225; x_wconf 87' lang='lat' dir='ltr'><strong>robore</strong></span> 
     </span>
    </p>
   </div>
   <div class='ocr_carea' id='block_1_100' title="bbox 1892 5244 3455 5328">
    <p class='ocr_par' dir='ltr' id='par_1_100' title="bbox 1892 5244 3455 5328">
     <span class='ocr_line' id='line_1_100' title="bbox 1892 5244 3455 5328; baseline 0.012 -29"><span class='ocrx_word' id='word_1_723' title='bbox 1892 5244 2185 5300; x_wconf 84' lang='lat' dir='ltr'><strong>Christiani</strong></span> <span class='ocrx_word' id='word_1_724' title='bbox 2217 5248 2510 5304; x_wconf 76' lang='lat' dir='ltr'><strong>exercitus.</strong></span> <span class='ocrx_word' id='word_1_725' title='bbox 2538 5250 2643 5305; x_wconf 86' lang='lat' dir='ltr'><strong>Pro</strong></span> <span class='ocrx_word' id='word_1_726' title='bbox 2671 5252 3084 5324; x_wconf 83' lang='lat' dir='ltr'><strong>archiepiscopo</strong></span> <span class='ocrx_word' id='word_1_727' title='bbox 3130 5267 3315 5315; x_wconf 85' lang='lat' dir='ltr'><strong>nostro</strong></span> <span class='ocrx_word' id='word_1_728' title='bbox 3337 5302 3355 5328; x_wconf 96' lang='lat'><strong>,</strong></span> <span class='ocrx_word' id='word_1_729' title='bbox 3397 5274 3455 5319; x_wconf 90' lang='lat' dir='ltr'><strong>et</strong></span> 
     </span>
    </p>
   </div>
   <div class='ocr_carea' id='block_1_101' title="bbox 1894 5337 3453 5419">
    <p class='ocr_par' dir='ltr' id='par_1_101' title="bbox 1894 5337 3453 5419">
     <span class='ocr_line' id='line_1_101' title="bbox 1894 5337 3453 5419; baseline 0.014 -31"><span class='ocrx_word' id='word_1_730' title='bbox 1894 5343 2003 5390; x_wconf 92' lang='lat' dir='ltr'><strong>tota</strong></span> <span class='ocrx_word' id='word_1_731' title='bbox 2036 5348 2218 5391; x_wconf 88' lang='lat' dir='ltr'><strong>nostra</strong></span> <span class='ocrx_word' id='word_1_732' title='bbox 2251 5339 2304 5392; x_wconf 91' lang='lat' dir='ltr'><strong>in</strong></span> <span class='ocrx_word' id='word_1_733' title='bbox 2330 5337 2548 5396; x_wconf 84' lang='lat' dir='ltr'><strong>Christo</strong></span> <span class='ocrx_word' id='word_1_734' title='bbox 2582 5341 2947 5401; x_wconf 87' lang='lat' dir='ltr'><strong>fraternitate.</strong></span> <span class='ocrx_word' id='word_1_735' title='bbox 2966 5346 3072 5402; x_wconf 89' lang='lat' dir='ltr'><strong>Pro</strong></span> <span class='ocrx_word' id='word_1_736' title='bbox 3101 5351 3364 5419; x_wconf 84' lang='lat' dir='ltr'><strong>patribus,</strong></span> <span class='ocrx_word' id='word_1_737' title='bbox 3394 5365 3453 5410; x_wconf 88' lang='lat' dir='ltr'><strong>et</strong></span> 
     </span>
    </p>
   </div>
   <div class='ocr_carea' id='block_1_102' title="bbox 1889 5428 3453 5513">
    <p class='ocr_par' dir='ltr' id='par_1_102' title="bbox 1889 5428 3453 5513">
     <span class='ocr_line' id='line_1_102' title="bbox 1889 5428 3453 5513; baseline 0.015 -33"><span class='ocrx_word' id='word_1_738' title='bbox 1889 5428 2149 5483; x_wconf 77' lang='lat' dir='ltr'><strong>fratribus</strong></span> <span class='ocrx_word' id='word_1_739' title='bbox 2180 5431 2381 5485; x_wconf 81' lang='lat' dir='ltr'><strong>nostris</strong></span> <span class='ocrx_word' id='word_1_740' title='bbox 2410 5432 2701 5489; x_wconf 83' lang='lat' dir='ltr'><strong>derelictis.</strong></span> <span class='ocrx_word' id='word_1_741' title='bbox 2735 5435 2840 5489; x_wconf 88' lang='lat' dir='ltr'><strong>Pro</strong></span> <span class='ocrx_word' id='word_1_742' title='bbox 2865 5439 3136 5506; x_wconf 88' lang='lat' dir='ltr'><strong>omnibus,</strong></span> <span class='ocrx_word' id='word_1_743' title='bbox 3165 5445 3256 5513; x_wconf 89' lang='lat' dir='ltr'><strong>qui</strong></span> <span class='ocrx_word' id='word_1_744' title='bbox 3297 5447 3453 5503; x_wconf 83' lang='lat' dir='ltr'><strong>nobis</strong></span> 
     </span>
    </p>
   </div>
   <div class='ocr_carea' id='block_1_103' title="bbox 1888 5520 3449 5606">
    <p class='ocr_par' dir='ltr' id='par_1_103' title="bbox 1888 5520 3449 5606">
     <span class='ocr_line' id='line_1_103' title="bbox 1888 5520 3449 5606; baseline 0.012 -31"><span class='ocrx_word' id='word_1_745' title='bbox 1888 5520 2148 5585; x_wconf 83' lang='lat' dir='ltr'><strong>serviunt,</strong></span> <span class='ocrx_word' id='word_1_746' title='bbox 2185 5530 2241 5577; x_wconf 86' lang='lat' dir='ltr'><strong>et</strong></span> <span class='ocrx_word' id='word_1_747' title='bbox 2287 5528 2612 5582; x_wconf 81' lang='lat' dir='ltr'><strong>servierunt.</strong></span> <span class='ocrx_word' id='word_1_748' title='bbox 2642 5526 2750 5582; x_wconf 91' lang='lat' dir='ltr'><strong>Pro</strong></span> <span class='ocrx_word' id='word_1_749' title='bbox 2782 5528 3106 5589; x_wconf 76' lang='lat' dir='ltr'><strong>habentibus</strong></span> <span class='ocrx_word' id='word_1_750' title='bbox 3156 5550 3254 5591; x_wconf 85' lang='lat' dir='ltr'><strong>nos</strong></span> <span class='ocrx_word' id='word_1_751' title='bbox 3302 5538 3449 5606; x_wconf 87' lang='lat' dir='ltr'><strong>odio,</strong></span> 
     </span>
    </p>
   </div>
   <div class='ocr_carea' id='block_1_104' title="bbox 1887 5615 3451 5701">
    <p class='ocr_par' dir='ltr' id='par_1_104' title="bbox 1887 5615 3451 5701">
     <span class='ocr_line' id='line_1_104' title="bbox 1887 5615 3451 5701; baseline 0.01 -29"><span class='ocrx_word' id='word_1_752' title='bbox 1887 5625 1939 5672; x_wconf 86' lang='lat' dir='ltr'><strong>et</strong></span> <span class='ocrx_word' id='word_1_753' title='bbox 1966 5615 2294 5670; x_wconf 84' lang='lat' dir='ltr'><strong>amantibus.</strong></span> <span class='ocrx_word' id='word_1_754' title='bbox 2343 5616 2449 5671; x_wconf 88' lang='lat' dir='ltr'><strong>Pro</strong></span> <span class='ocrx_word' id='word_1_755' title='bbox 2501 5619 2756 5676; x_wconf 88' lang='lat' dir='ltr'><strong>omnibns</strong></span> <span class='ocrx_word' id='word_1_756' title='bbox 2777 5661 2793 5685; x_wconf 92' lang='lat'><strong>,</strong></span> <span class='ocrx_word' id='word_1_757' title='bbox 2828 5624 2918 5692; x_wconf 86' lang='lat' dir='ltr'><strong>qui</strong></span> <span class='ocrx_word' id='word_1_758' title='bbox 2964 5638 2993 5677; x_wconf 87' lang='lat' dir='ltr'><strong>a</strong></span> <span class='ocrx_word' id='word_1_759' title='bbox 3025 5626 3182 5684; x_wconf 89' lang='lat' dir='ltr'><strong>nobis</strong></span> <span class='ocrx_word' id='word_1_760' title='bbox 3212 5628 3451 5701; x_wconf 88' lang='lat' dir='ltr'><strong>indignis</strong></span> 
     </span>
    </p>
   </div>
   <div class='ocr_carea' id='block_1_105' title="bbox 215 5696 1885 5793">
    <p class='ocr_par' dir='ltr' id='par_1_105' title="bbox 215 5696 1885 5779">
     <span class='ocr_line' id='line_1_105' title="bbox 215 5696 1885 5779; baseline 0.013 -33"><span class='ocrx_word' id='word_1_761' title='bbox 215 5709 323 5747; x_wconf 72' lang='grc' dir='ltr'><strong>των</strong></span> <span class='ocrx_word' id='word_1_762' title='bbox 346 5696 440 5748; x_wconf 77' lang='grc' dir='ltr'>καὶ</span> <span class='ocrx_word' id='word_1_763' title='bbox 462 5696 798 5764; x_wconf 79' lang='grc' dir='ltr'>ἀγαπώντων</span> <span class='ocrx_word' id='word_1_764' title='bbox 841 5701 1009 5772; x_wconf 72' lang='grc' dir='ltr'>ἡμᾶς.</span> <span class='ocrx_word' id='word_1_765' title='bbox 1054 5705 1221 5778; x_wconf 79' lang='grc' dir='ltr'>’Υπὲρ</span> <span class='ocrx_word' id='word_1_766' title='bbox 1254 5708 1360 5761; x_wconf 89' lang='grc' dir='ltr'><strong>τῶν</strong></span> <span class='ocrx_word' id='word_1_767' title='bbox 1392 5708 1785 5779; x_wconf 74' lang='grc' dir='ltr'>ἑντειλαμένων</span> <span class='ocrx_word' id='word_1_768' title='bbox 1884 5728 1885 5731; x_wconf 81' lang='lat'>‘</span> 
     </span>
    </p>
   </div>
   <div class='ocr_carea' id='block_1_106' title="bbox 1781 5696 3451 5793">
    <p class='ocr_par' dir='ltr' id='par_1_106' title="bbox 1781 5696 3451 5793">
     <span class='ocr_line' id='line_1_106' title="bbox 1781 5696 3451 5793; baseline 0.01 -31"><span class='ocrx_word' id='word_1_769' title='bbox 1781 5728 1785 5754; x_wconf 71' lang='grc' dir='ltr'><strong>ι</strong></span> <span class='ocrx_word' id='word_1_770' title='bbox 1884 5711 2153 5779; x_wconf 85' lang='lat' dir='ltr'><strong>petierunt</strong></span> <span class='ocrx_word' id='word_1_771' title='bbox 2209 5725 2305 5781; x_wconf 92' lang='lat' dir='ltr'><strong>pro</strong></span> <span class='ocrx_word' id='word_1_772' title='bbox 2345 5726 2404 5767; x_wconf 91' lang='lat' dir='ltr'><strong>se</strong></span> <span class='ocrx_word' id='word_1_773' title='bbox 2454 5713 2622 5769; x_wconf 86' lang='lat' dir='ltr'><strong>orari.</strong></span> <span class='ocrx_word' id='word_1_774' title='bbox 2651 5714 2755 5771; x_wconf 92' lang='lat' dir='ltr'><strong>Pro</strong></span> <span class='ocrx_word' id='word_1_775' title='bbox 2787 5718 3161 5789; x_wconf 87' lang='lat' dir='ltr'><strong>redemptione</strong></span> <span class='ocrx_word' id='word_1_776' title='bbox 3205 5696 3451 5793; x_wconf 77' lang='lat' dir='ltr'><strong>captivo-</strong></span> 
     </span>
    </p>
   </div>
   <div class='ocr_carea' id='block_1_107' title="bbox 221 5784 1782 5873">
    <p class='ocr_par' dir='ltr' id='par_1_107' title="bbox 221 5784 1782 5873">
     <span class='ocr_line' id='line_1_107' title="bbox 221 5784 1782 5873; baseline 0.012 -37"><span class='ocrx_word' id='word_1_777' title='bbox 221 5784 347 5855; x_wconf 61' lang='grc' dir='ltr'>ημῖν</span> <span class='ocrx_word' id='word_1_778' title='bbox 390 5790 505 5850; x_wconf 82' lang='grc' dir='ltr'>τοῖς</span> <span class='ocrx_word' id='word_1_779' title='bbox 554 5787 792 5855; x_wconf 81' lang='grc' dir='ltr'>ἀναξίοις</span> <span class='ocrx_word' id='word_1_780' title='bbox 847 5791 1102 5865; x_wconf 74' lang='grc' dir='ltr'>εὔχεσθαι</span> <span class='ocrx_word' id='word_1_781' title='bbox 1152 5798 1291 5869; x_wconf 78' lang='grc' dir='ltr'>ὑπὲρ</span> <span class='ocrx_word' id='word_1_782' title='bbox 1334 5801 1533 5854; x_wconf 84' lang='grc' dir='ltr'>αὐτῶν.</span> <span class='ocrx_word' id='word_1_783' title='bbox 1611 5800 1782 5873; x_wconf 81' lang='grc' dir='ltr'>Ὑπὲρ</span> 
     </span>
    </p>
   </div>
   <div class='ocr_carea' id='block_1_108' title="bbox 214 5878 1785 5962">
    <p class='ocr_par' dir='ltr' id='par_1_108' title="bbox 214 5878 1785 5962">
     <span class='ocr_line' id='line_1_108' title="bbox 214 5878 1785 5962; baseline 0.009 -29"><span class='ocrx_word' id='word_1_784' title='bbox 214 5878 564 5949; x_wconf 71' lang='grc' dir='ltr'>ἀναρρύσεως</span> <span class='ocrx_word' id='word_1_785' title='bbox 609 5882 716 5941; x_wconf 82' lang='grc' dir='ltr'><strong>τῶν</strong></span> <span class='ocrx_word' id='word_1_786' title='bbox 746 5885 1123 5958; x_wconf 79' lang='grc' dir='ltr'>αἰχμαλώτων.</span> <span class='ocrx_word' id='word_1_787' title='bbox 1168 5889 1335 5962; x_wconf 80' lang='grc' dir='ltr'>’Υπὲρ</span> <span class='ocrx_word' id='word_1_788' title='bbox 1355 5891 1463 5945; x_wconf 82' lang='grc' dir='ltr'><strong>τῶν</strong></span> <span class='ocrx_word' id='word_1_789' title='bbox 1494 5894 1551 5948; x_wconf 78' lang='grc' dir='ltr'>ὲν</span> <span class='ocrx_word' id='word_1_790' title='bbox 1589 5891 1785 5949; x_wconf 83' lang='grc' dir='ltr'>θαλάσ-</span> 
     </span>
    </p>
   </div>
   <div class='ocr_carea' id='block_1_109' title="bbox 1890 5800 3443 5878">
    <p class='ocr_par' dir='ltr' id='par_1_109' title="bbox 1890 5800 3443 5878">
     <span class='ocr_line' id='line_1_109' title="bbox 1890 5800 3443 5878; baseline 0.011 -25"><span class='ocrx_word' id='word_1_791' title='bbox 1890 5815 2030 5858; x_wconf 90' lang='lat' dir='ltr'><strong>rum.</strong></span> <span class='ocrx_word' id='word_1_792' title='bbox 2070 5800 2176 5857; x_wconf 90' lang='lat' dir='ltr'><strong>Pro</strong></span> <span class='ocrx_word' id='word_1_793' title='bbox 2195 5803 2573 5872; x_wconf 76' lang='lat' dir='ltr'><strong>navigantibus</strong></span> <span class='ocrx_word' id='word_1_794' title='bbox 2605 5805 2656 5858; x_wconf 92' lang='lat' dir='ltr'><strong>in</strong></span> <span class='ocrx_word' id='word_1_795' title='bbox 2690 5806 2850 5860; x_wconf 88' lang='lat' dir='ltr'><strong>mari.</strong></span> <span class='ocrx_word' id='word_1_796' title='bbox 2879 5806 2984 5861; x_wconf 89' lang='lat' dir='ltr'><strong>Pro</strong></span> <span class='ocrx_word' id='word_1_797' title='bbox 3023 5806 3334 5878; x_wconf 77' lang='lat' dir='ltr'><strong>iacentibus</strong></span> <span class='ocrx_word' id='word_1_798' title='bbox 3391 5814 3443 5870; x_wconf 86' lang='lat' dir='ltr'><strong>in</strong></span> 
     </span>
    </p>
   </div>
   <div class='ocr_carea' id='block_1_110' title="bbox 1890 5893 3445 5961">
    <p class='ocr_par' dir='ltr' id='par_1_110' title="bbox 1890 5893 3445 5961">
     <span class='ocr_line' id='line_1_110' title="bbox 1890 5893 3445 5961; baseline 0.006 -10"><span class='ocrx_word' id='word_1_799' title='bbox 1890 5894 2224 5953; x_wconf 86' lang='lat' dir='ltr'><strong>intirtnitate.</strong></span> <span class='ocrx_word' id='word_1_800' title='bbox 2256 5893 2361 5952; x_wconf 86' lang='lat' dir='ltr'><strong>Pro</strong></span> <span class='ocrx_word' id='word_1_801' title='bbox 2384 5896 2630 5953; x_wconf 88' lang='lat' dir='ltr'><strong>ubertate</strong></span> <span class='ocrx_word' id='word_1_802' title='bbox 2654 5898 2925 5955; x_wconf 87' lang='lat' dir='ltr'><strong>fructuum</strong></span> <span class='ocrx_word' id='word_1_803' title='bbox 2969 5910 3147 5957; x_wconf 63' lang='lat' dir='ltr'><strong>terra.</strong></span> <span class='ocrx_word' id='word_1_804' title='bbox 3196 5903 3300 5960; x_wconf 90' lang='lat' dir='ltr'><strong>Pro</strong></span> <span class='ocrx_word' id='word_1_805' title='bbox 3329 5920 3445 5961; x_wconf 79' lang='grc' dir='ltr'>οω-</span> 
     </span>
    </p>
   </div>
  </div>
