4230 6510
748 495 1087 539 εεςιιιινιιι

2147 468 2681 528 PllOLEGOMENA.

746 600 909 657 cibus
938 596 1227 661 defunctis,
1256 594 1525 666 patribus,
1551 603 1604 649 et
1632 590 1920 659 fratribus,
1951 592 2039 647 hic
2068 590 2322 661 sepultis,
2353 598 2401 657 Α

2353 598 2401 657 Α
2432 607 2498 661 σῃ
2524 587 2815 642 πλεόντων.
2835 587 3004 659 ’Υπὲρ
3024 586 3134 640 τῶν
3159 587 3217 639 ὲν
3240 588 3546 655 ἀσθενείαις
3572 586 4003 659 κατακειμένων.

748 702 804 749 et
839 708 939 763 pro
974 689 1308 747 Ortltodoxis
1331 730 1347 754 ,
1373 691 1468 760 qui
1496 696 1623 743 sunt
1661 686 1861 755 ubique
1899 696 2191 741 terrarum.
2226 683 2319 738 Di-

748 799 935 840 camus
956 791 1013 839 et
1041 798 1136 854 pro
1169 780 1297 846 illis,
1330 780 1576 846 Domine,
1601 778 1880 833 miserere.

816 1054 949 1114 S75.
978 1053 1259 1111 Etomnes
1314 1051 1613 1121 accipimus
1686 1048 1900 1105 veniam
1926 1063 1961 1101 a
2002 1049 2319 1117 prmposito,

749 1160 807 1205 et
826 1149 1155 1205 discedimus
1174 1146 1242 1200 ad
1275 1158 1429 1199 suam
1467 1144 1696 1215 quisque
1720 1140 1991 1205 cellulam,
2025 1142 2318 1197 recitantes

753 1241 893 1296 lianc
914 1238 1219 1293 cntionem
1247 1253 1262 1290 :

822 1327 1155 1384 Habentibus
1209 1341 1310 1383 nos
1376 1326 1540 1390 odio,
1583 1336 1637 1381 et
1680 1324 2002 1382 laedentibus
2064 1327 2321 1397 ignosce.

753 1422 997 1478 Domine.
1031 1418 1503 1477 Bencfaciontibus
1530 1418 1782 1474 benefac.
1824 1418 2127 1479 Fratribus,
2161 1426 2324 1487 atque

751 1512 1112 1569 familiaribus
1141 1516 1375 1569 concede
1392 1509 1643 1565 facientia
1675 1511 1743 1565 ad
1769 1512 1994 1568 salutem
2028 1508 2321 1579 postulata,

752 1616 808 1662 et
832 1606 1000 1660 vitam
1021 1615 1300 1659 aeternam.
1326 1601 1575 1657 Infirmos
1604 1604 1835 1671 respice,
1868 1610 1926 1653 et
1958 1598 2025 1651 iis
2052 1597 2320 1653 medelam

750 1697 969 1769 largire.
998 1696 1248 1751 Guberna
1282 1696 1333 1748 in
1389 1696 1525 1748 mari
1557 1696 1896 1766 navigantes.
1922 1688 2024 1746 lter
2056 1692 2323 1746 facientes

750 1795 1031 1849 comitare.
1056 1792 1113 1847 lu
1141 1792 1283 1848 bello
1308 1790 1503 1861 adjuva
1531 1793 1934 1869 imperatorem.
1969 1786 2326 1841 Mendicanti-

750 1885 853 1942 bus
879 1900 977 1956 pro
1031 1885 1185 1940 nobis
1208 1927 1225 1952 ,
1252 1894 1309 1940 et
1338 1884 1509 1940 nostri
1542 1881 1927 1936 miserentibus
1958 1882 2169 1935 veniam
2200 1895 2325 1949 pec-

751 1990 997 2035 calorum
1025 1979 1222 2034 tribue.
1251 1976 1555 2031 Secundum
1583 1988 1836 2043 magnam
1884 1970 2321 2026 misericordiam

753 2081 903 2126 tuam
965 2071 1224 2125 miserere
1276 2082 1461 2123 eorum
1483 2106 1498 2130 ,
1534 2065 1625 2134 qui
1656 2081 1714 2120 se
1744 2065 1944 2119 nostris
1977 2064 2321 2133 indignorum

752 2163 1006 2233 precibus
1056 2151 1519 2217 commendarunt.
1576 2158 1868 2223 Memento,
1925 2157 2177 2227 Domine,
2229 2160 2323 2215 de-

751 2254 1057 2311 functorum
1083 2263 1293 2322 patrum
1324 2291 1340 2315 ,
1374 2267 1438 2306 ac
1470 2252 1702 2306 fratrum
1735 2262 2072 2319 nostrorum,
2117 2266 2321 2321 eosque

752 2347 827 2403 ibi
863 2345 1127 2410 refoeilla,
1160 2345 1249 2400 ubi
1303 2344 1482 2399 lumen
1514 2345 1692 2400 vultus
1749 2345 1824 2399 tui
1876 2346 2165 2417 aspicitur.
2214 2344 2324 2400 Me-

750 2446 958 2499 mento.
992 2435 1234 2500 Domine,
1263 2433 1491 2489 fratrum
1539 2445 1849 2490 nostrorum
1877 2438 2242 2506 captivorum,
2270 2443 2324 2490 et

749 2540 846 2581 eos
872 2524 944 2581 ab
976 2526 1122 2581 onmi
1166 2526 1489 2581 necessitate
1517 2524 1712 2583 libera.
1742 2525 2039 2595 Memento,
2072 2527 2316 2590 Domine.

752 2616 1105 2674 referentium
1134 2616 1343 2674 fructus
1370 2633 1435 2675 ac
1468 2620 1608 2675 bene
1658 2619 1971 2675 facientium
1998 2622 2201 2675 sanctis
2225 2618 2324 2674 Ec-

752 2710 938 2768 ciesiis
970 2712 1100 2775 tuis.
1127 2712 1343 2783 illisque
1369 2713 1610 2767 cuncede
1645 2713 1906 2768 salutaria
1962 2712 2198 2781 ipsorum
2228 2724 2324 2779 po-

750 2805 972 2871 stulata,
992 2816 1047 2861 et
1069 2805 1235 2859 vitam
1263 2815 1549 2863 aeternam.
1579 2806 1869 2868 Memento.
1893 2804 2139 2869 Domine,
2157 2803 2322 2857 etiam

752 2905 997 2952 nostrum
1054 2895 1342 2950 humilium
1373 2935 1390 2962 ,
1427 2906 1777 2966 peccatorum
1810 2935 1827 2960 ,
1866 2894 2325 2965 indignorumque

750 2989 1075 3047 famulorum
1132 2999 1386 3056 tuorum;
1435 2998 1600 3060 atque
1644 2989 1892 3045 illumina
1947 2998 2183 3045 mentem
2226 2988 2327 3043 no-

752 3094 926 3138 stram
953 3082 1155 3139 lumine
1187 3081 1513 3154 cognitionis
1560 3092 1684 3149 tua,
1710 3081 1842 3138 etin
1880 3082 2075 3138 semita
2102 3082 2327 3137 manda-

754 3189 935 3231 torum
974 3184 1187 3230 tuorum
1225 3190 1323 3231 nos
1353 3175 1851 3245 dirige,‘precibus
1882 3171 2326 3232 incontam'inatte

2436 680 2609 753 ’Υπὲρ
2628 682 2888 755 εὐφορίας
2906 680 3015 735 τῶν
3048 679 3276 751 καρπῶν
3299 680 3398 750 τῆς
3417 684 3542 755 γῆς.
3571 682 3681 737 Καὶ
3703 679 3849 752 ὑπὲρ
3875 682 4010 733 πάν-

2431 789 2540 826 των
2562 772 2669 826 τῶν
2711 772 3292 853 προαναπαυσαμένων
3333 774 3583 845 πατέρων
3618 774 3713 830 καὶ
3740 771 4006 842 ἀδελφῶν,

2425 866 2537 922 τῶν
2562 866 2748 924 ἐνθάδε
2774 867 3055 940 κειμένων.
3105 868 3199 921 καὶ
3231 869 3545 937 ἅπανταχοῦ
3572 868 3890 943 ὀροοὸόξων.
3921 867 4009 919 Εἵ-

2428 977 2621 1030 πωμεν
2641 962 2735 1015 καὶ
2762 963 2901 1032 ὑπὲρ
2932 958 3109 1013 αὐτῶν
3136 960 3216 1022 τὸ,
3248 958 3441 1032 Κύριε,
3462 959 3682 1033 ἐλέησον

2496 1051 2607 1105 Καὶ
2655 1051 3001 1126 λαμϐάνομεν
3045 1051 3095 1103 oi
3150 1051 3349 1116 πάντες
3386 1051 3735 1124 συγχώρησιν
3773 1051 3882 1110 ἀπὸ
3914 1048 4007 1105 τοῦ

2424 1147 2786 1215 προεστῶτος,
2816 1144 2908 1199 καὶ
2936 1145 3293 1217 ἀπερχόμεθα
3325 1150 3383 1201 ὲν
3408 1148 3523 1208 τοῖς
3562 1140 3793 1211 κελλίοις
3825 1144 4006 1217 ἡμῶν,

2422 1235 2672 1307 λέγοντες
2704 1239 2803 1309 τὴν
2843 1236 3009 1309 εὐχὴν
3038 1237 3241 1309 ταύτην
3263 1256 3276 1269 ·

2495 1331 2622 1397 Τοῐς
2666 1328 2881 1403 μισοῦσι
2902 1331 2995 1384 καὶ
3019 1330 3294 1383 ἀδικοῦσιν
3323 1332 3470 1403 ἡμᾶς
3501 1328 3878 1402 συγχώρησον,
3897 1327 4009 1382 Κύ-

2432 1440 2535 1493 ριε.
2571 1423 2693 1484 Τοῖς
2708 1420 3128 1489 ἁγαθοποιοῦσιν
3162 1421 3579 1492 ἀγαθοποίησον.
3617 1420 3743 1483 Τοῖς
3762 1422 4010 1491 ἀδελφοῖς

2424 1516 2518 1568 καὶ
2548 1514 2694 1576 ἰδίοις
2723 1512 2880 1583 ἡμῶν
2911 1512 3135 1584 χάρισαι
3158 1512 3227 1566 τὰ
3258 1512 3394 1584 πρὸς
3426 1513 3701 1585 σωτηρίαν
3731 1516 4011 1586 αἰτήματα

2424 1606 2520 1659 καὶ
2550 1603 2693 1674 ζωὴν
2720 1602 2815 1674 τὴν
2859 1602 3097 1657 αἰώνιον.
3138 1603 3276 1666 Τοὺς
3310 1602 3368 1655 ὲν
3414 1602 3668 1673 ἀσθενείᾳ
3694 1601 4008 1672 ἐπίσκεψαι,

2425 1700 2517 1752 καὶ
2542 1700 2682 1752 ἴασιν
2696 1696 3103 1769 δώρησαι.Τοί›ς
3120 1700 3177 1751 ὲν
3193 1697 3434 1769 Θαλάσσῃ
3452 1696 3583 1749 κυϐέ
3594 1695 3937 1767 ρνησον.Τοῖς
3952 1697 4011 1748 ὲν

2424 1789 2757 1861 ὁδοιπορίαις
2794 1791 3126 1847 συνόδευσον.
3152 1791 3242 1863 Τῷ
3260 1789 3467 1862 βασιλεῖ
3485 1788 3867 1861 συμμάχησον.
3885 1789 4010 1851 Τοῖς

2423 1883 2760 1941 διακονοῦσιν
2790 1887 2883 1942 καὶ
2915 1886 3124 1940 ἐλεοῦσι
3155 1887 3328 1957 ἡμᾶς,
3367 1885 3653 1958 ἁμαρτιῶν
3687 1885 3881 1954 ἄφεσιν
3903 1880 4007 1937 δώ·

2357 1957 2399 2011 Β
2426 1992 2607 2049 ρησαι.
2646 1976 2784 2043 Τοὺς
2804 1976 3214 2046 ἐντειλαμένους
3258 1980 3394 2050 ἡμῖν
3413 1957 3534 2044 τοῖς
3559 1977 3821 2043 ἀναξίοις.
3852 1974 4008 2047 εὔχε-

2426 2068 2545 2121 σοαι
2582 2068 2722 2141 ὑπὲρ
2761 2068 2962 2131 αὐτῶν,
2993 2066 3215 2139 ἐλέησον
3254 2070 3395 2124 κατὰ
3434 2070 3496 2124 τὸ
3532 2070 3674 2141 μέγα
3710 2086 3805 2123 σου
3841 2068 4005 2132 ἕλεος.

2422 2160 2728 2233 Μνήσθητι,
2764 2159 2958 2231 Κύριε,
2990 2159 3100 2224 τῶν
3127 2159 3610 2231 προκοιμηθέντων
3638 2162 3890 2232 πατέρων
3916 2160 4009 2215 καὶ

2431 2252 2677 2323 ἀδελφῶν
2705 2253 2882 2323 ἡμῶν,
2917 2253 3011 2306 καὶ
3048 2254 3359 2309 ἀνάπαυσον
3398 2253 3595 2315 αὐτοὺς
3627 2253 3762 2305 ὅπου
3788 2254 4007 2305 ὲπισκο-

2428 2351 2611 2401 πεῖται
2643 2346 2703 2400 τὸ
2736 2345 2852 2415 φῶς
2904 2347 2999 2399 τοῦ
3031 2344 3325 2418 προσώπου
3353 2363 3469 2399 σου.
3490 2344 4006 2417 Μνήσθητι,Κύριε,

2424 2438 2536 2492 τῶν
2558 2437 2802 2507 ἀδελφῶν
2829 2437 2989 2509 ἡμῶν
3040 2436 3149 2491 τῶν
3181 2436 3566 2508 αἰχμαλώτων,
3612 2435 3713 2490 καὶ
3734 2433 4007 2507 λύτρωσαι

2423 2532 2620 2596 αὐτοὺς
2649 2530 2757 2586 ἀπὸ
2791 2532 2970 2602 πάσης
3007 2530 3404 2605 περιστάσεως.
3437 2528 3755 2601 Μνήσθητι,
3809 2526 4004 2600 Κύριε,

2423 2621 2531 2675 τῶν
2576 2620 3069 2693 καρποφορούντων
3120 2619 3213 2673 καὶ
3255 2616 3723 2687 καλλιεργούντων
3776 2618 3839 2684 ὲν
3888 2619 4006 2681 ταῖς

2424 2715 2609 2783 ἁγίαις
2642 2730 2735 2767 σου
2777 2712 3147 2785 Ἐκκλησίαις,
3182 2710 3278 2765 καὶ
3302 2710 3391 2774 δὸς
3427 2711 3614 2773 αὐτοῖς
3635 2709 3704 2763 τὰ
3732 2708 3869 2781 πρὸς
3904 2725 4005 2762 σω-

2425 2807 2621 2879 τηρίαν
2664 2807 2941 2877 αἰτήματα
2977 2805 3072 2858 καὶ
3106 2803 3252 2876 ζωὴν
3291 2804 3388 2875 τὴν
3420 2802 3659 2859 αἰώνιον.
3700 2803 4003 2877 Μνήσθητι,

2425 2894 2619 2968 Κύριε,
2653 2895 2747 2950 καὶ
2771 2893 2929 2967 ἡμῶν
2954 2896 3061 2951 τῶν
3087 2896 3379 2960 ταπεινῶν,
3410 2897 3505 2951 καὶ
3527 2894 3888 2968 ἁμαρτωλῶν,
3915 2894 4006 2948 καὶ

2426 2985 2661 3054 ἀναξίων
2689 2987 2888 3045 δούλων
2912 3006 3027 3044 σοιν
3057 2991 3150 3044 καὶ
3179 2989 3413 3059 φώτισον
3445 2988 3604 3061 ἡμῶν
3634 2990 3726 3043 τὸν
3757 2988 3883 3042 νοῦν
3929 2987 4005 3057 τῷ

2428 3082 2569 3153 φωτὶ
2609 3086 2707 3155 τῆς
2751 3065 3005 3153 γνώσεώς
3042 3100 3158 3149 σου,
3197 3085 3292 3137 καὶ
3339 3083 3603 3155 ὁδήγησον
3641 3084 3793 3153 ἡμᾶς
3832 3083 3890 3135 ὲν
3937 3082 4001 3151 τῇ

2428 3173 2598 3245 τρίϐῳ
2629 3173 2738 3227 τῶν
2764 3172 2991 3225 ἐντολῶν
3011 3188 3127 3237 σου,
3157 3171 3475 3244 πρεσϐείαις
3498 3171 3599 3241 τῆς
3625 3169 4004 3240 παναχράντου

757 3263 994 3360 nomine
1025 3271 1224 3319 nostra
1250 3263 1492 3332 Deipara:
1522 3274 1579 3319 et
1607 3278 1823 3360 semper
1851 3264 2088 3335 Virginis
2113 3264 2321 3327 Mariae.
2352 3303 2395 3360 ϐ

2352 3303 2395 3360 c
2429 3266 2727 3334 Δεσποίνης
2760 3266 2920 3336 ἡμῶν
2951 3264 3215 3319 Θεοτὸκου
3242 3266 3337 3318 καὶ
3360 3263 4002 3360 ἀειπαρθένουνΜαρίας,

752 3352 1101 3424 omniumque
1125 3364 1441 3409 sanctorum
1468 3391 1487 3419 ,
1522 3354 1650 3426 quia
1673 3352 1999 3412 benedictus
2045 3370 2105 3410 es
2133 3354 2198 3414 in.
2221 3370 2322 3410 δω-

752 3444 871 3507 enla
901 3445 1243 3504 steculorutu.
1268 3452 1465 3504 Amen.

2430 3354 2525 3407 καὶ
2547 3352 2763 3407 πάντων
2788 3369 2881 3406 σου
2914 3352 3023 3406 τῶν
3048 3352 3239 3421 ἁγίων·
3271 3352 3351 3406 ὅτι
3380 3350 3670 3423 εὐλογητὸς
3702 3343 3753 3403 εἴ
3778 3350 3861 3414 εἰς
3882 3350 4004 3417 τοὺς

2427 3443 2630 3507 αίῶνας
2651 3442 2758 3498 τῶν
2790 3444 3022 3500 αἴώνων.
3070 3444 3264 3517 Ἀμήν.

2196 3887 2592 3948 CONCLUSIO.

834 4151 959 4211 ‘78.
987 4153 1086 4210 llic
1110 4154 1300 4221 habes,
1338 4154 1549 4211 erudite
1586 4153 1779 4221 lector,
1805 4163 1978 4211 totum
2006 4153 2163 4210 oliicii
2187 4154 2332 4211 Gue-

759 4262 812 4303 ct
852 4249 1095 4303 ordinem
1131 4260 1148 4302 :
1179 4246 1233 4301 in
1268 4262 1377 4317 quo
1417 4247 1537 4302 sine
1587 4245 1752 4303 dubio
1803 4247 2136 4314 observasti,
2167 4262 2328 4317 quam

757 4354 901 4409 sape
934 4339 1133 4409 ubique
1164 4338 1522 4407 ingeminetur
1553 4338 1751 4410 Κύριε,
1780 4338 2003 4411 ἐλέησον
2034 4348 2091 4394 et
2115 4338 2329 4409 Ἄγιος,

760 4432 939 4503 ἅγιος,
991 4433 1167 4503 ἅγιος.
1218 4432 1379 4488 Certe
1417 4433 1707 4489 concilium
1740 4433 2005 4500 Vaseuse,
2032 4447 2127 4488 seu
2156 4432 2328 4489 Vaco-

760 4542 933 4585 nsuse
962 4531 1190 4599 (errant,
1219 4526 1310 4596 qui
1352 4523 1650 4581 Vasatense
1674 4524 1971 4597 appellant)
2006 4524 2205 4594 passim
2231 4534 2333 4580 ter-

762 4622 895 4676 tium
928 4620 1271 4690 inscriptum,
1292 4627 1346 4674 et
1382 4616 1762 4673 celebrandum
1792 4631 1938 4673 anno
1975 4632 2144 4672 nsxtx
2164 4634 2179 4682 ;
2202 4631 2331 4673 con-

760 4711 1103 4770 suetudinem
1145 4713 1302 4767 istam
1348 4710 1577 4767 mirilice
1611 4708 1891 4777 dilaudat;
1945 4709 2165 4781 quando
2194 4725 2319 4766 can.

762 4804 838 4869 3,
873 4798 951 4860 ita
994 4804 1213 4860 sancit:
1248 4820 1269 4854 s
1303 4802 1371 4858 Et
1421 4801 1552 4873 quia
1588 4810 1699 4855 tam
1735 4801 1787 4855 in
1826 4800 1956 4856 sede
2008 4800 2325 4871 apostolica,

759 4911 921 4967 quam
951 4896 1116 4953 etiam
1150 4911 1250 4967 per
1274 4904 1415 4950 totas
1445 4892 1761 4950 Orientales
1794 4901 1957 4963 atque
1985 4892 2152 4948 Italia
2196 4907 2324 4961 pro-

759 4985 989 5053 vincias,
1017 4986 1188 5042 dulcis
1224 4994 1280 5039 et
1310 4985 1534 5039 nimium
1576 4983 1834 5040 salutaris
1877 4985 2215 5040 consuetudo
2246 4994 2331 5040 est

762 5073 1095 5137 intromissa,
1128 5081 1188 5127 ut
1210 5068 1381 5140 [tyrio
1404 5069 1601 5125 aleison
1636 5070 1976 5140 frequentius
2000 5084 2125 5125 cum
2164 5085 2332 5140 gran-

760 5171 814 5227 di
849 5167 1044 5226 aﬂectu
1065 5145 1567 5233 efcmnpnnctione
1593 5163 1809 5218 dicatur
1852 5184 1866 5219 :
1913 5162 2114 5234 placuit
2164 5162 2327 5218 etiam

760 5260 941 5325 nobis,
966 5269 1027 5316 ut
1050 5261 1105 5315 in
1128 5258 1380 5315 omnibus
1404 5256 1653 5313 ecclesiis
1686 5257 1891 5313 nostris
1931 5257 2033 5313 ista
2064 5268 2172 5313 tam
2199 5271 2328 5311 san-

762 5366 848 5410 cta
879 5352 1236 5417 consuetudo,
1265 5358 1321 5406 et
1364 5349 1430 5405 ad
1461 5347 1779 5404 ﬂatutinum
1807 5387 1824 5412 ,
1853 5357 1907 5404 et
1935 5349 2001 5403 ad
2032 5346 2247 5411 Missas.
2277 5355 2332 5403 et

764 5448 835 5505 ad
858 5446 1178 5515 Vesperam,
1197 5441 1309 5498 Deo
1331 5441 1564 5512 propitio
1596 5440 2013 5495 intromittatur.
2044 5440 2109 5495 Et
2132 5440 2183 5494 in
2208 5455 2330 5495 om-

765 5538 928 5596 nibus
956 5537 1155 5605 lissis,
1186 5549 1281 5591 seu
1323 5535 1376 5588 in
1399 5532 1677 5588 llatutiuis
1704 5571 1720 5595 ,
1760 5545 1856 5586 seu
1883 5530 1936 5585 in
1966 5530 2330 5602 Quadragesi-

764 5632 1019 5699 malibus,
1036 5645 1131 5687 seu
1157 5628 1210 5684 in
1234 5626 1361 5692 illis,
1390 5639 1512 5696 qua:
1541 5638 1638 5691 pro
1670 5620 2057 5678 defunctorum
2090 5637 2333 5677 comme-

764 5725 1069 5784 moratione
1095 5724 1261 5787 llunt,
1293 5733 1511 5790 semper
1542 5716 1797 5778 Sanctus.
1838 5723 2076 5779 sanctus,
2114 5725 2332 5771 sanctus

760 5840 831 5881 eo
865 5822 1078 5889 ordine,
1132 5816 1401 5891 quomodo
1426 5814 1494 5870 ad
1545 5811 1737 5868 llissas
1796 5808 2043 5881 publicas
2101 5810 2333 5875 dicitur,

761 5917 869 5975 dici
896 5915 1117 5976 debeat;
1151 5912 1277 5987 quia
1310 5918 1418 5967 tam
1448 5916 1637 5967 sancta
1663 5916 1719 5963 et
1751 5911 1861 5960 tam
1890 5902 2063 5960 dulcis
2100 5913 2153 5961 et
2181 5904 2327 5961 desi-

2434 4154 2693 4212 derabilis
2722 4170 2849 4221 vos,
2878 4157 3092 4214 etiamsi
3120 4158 3209 4213 die
3240 4168 3513 4231 noctuque
3539 4158 3718 4228 [tth
3760 4161 3891 4226 dici,
3921 4162 4001 4219 fa-

2432 4248 2652 4305 stidium
2679 4264 2783 4303 non
2809 4250 3012 4320 poterit
3042 4266 3325 4322 generare.
3355 4271 3395 4314 ι,

2500 4339 2631 4398 277.
2660 4331 2993 4407 Observasti,
3019 4342 3236 4413 Opinor,
3267 4354 3531 4416 prmterea
3584 4345 3831 4419 singulos
3884 4368 4001 4408 mo-

2431 4434 2609 4497 dulos.
2642 4437 2758 4491 sive
2790 4436 3027 4506 troparia
3056 4451 3176 4492 esse
3199 4438 3371 4492 ferme
3398 4438 3639 4509 singulas
3665 4440 3788 4496 fidei
3822 4443 4006 4498 ortho-

2431 4527 2586 4581 doxa:
2642 4527 3053 4583 confessiones:
3089 4529 3249 4583 modo
3283 4530 3430 4584 enim
3473 4531 3657 4595 Arius,
3690 4534 3849 4587 modo
3894 4533 4001 4589 Ne-

2429 4616 2651 4679 storins,
2678 4616 2836 4671 modo
2860 4616 3153 4686 Eutyclies,
3186 4619 3348 4674 modo
3375 4618 3666 4684 Sabellins,
3702 4622 3862 4677 modo
3895 4623 3998 4679 alia

2429 4708 2806 4763 haereticorum
2885 4719 3130 4765 monstra
3186 4709 3561 4781 profligantur.
3610 4711 3997 4769 Verumtamen

2429 4797 2725 4855 Orientalis
2778 4799 3024 4855 Ecclesia
3060 4815 3157 4870 per
3206 4816 3363 4857 suum
3399 4803 3510 4857 Καὶ
3571 4803 3689 4870 νῦν,
3741 4822 3851 4860 non
3895 4817 4000 4864 tam

2430 4892 2577 4948 clare
2615 4892 2781 4947 verbo
2826 4894 3191 4948 aeternitatem
3228 4893 3501 4966 explicat,
3536 4911 3701 4964 quam
3734 4898 4002 4955 Occiden-

2433 4984 2555 5040 talls
2594 4998 2690 5052 per
2755 4998 2912 5038 suum
2972 4982 3122 5040 Sicut
3195 4998 3309 5040 erat
3372 4989 3427 5041 in
3492 4990 3771 5057 principio.
3817 4992 4001 5059 Quan-

2431 5090 2593 5146 quam
2649 5074 2936 5130 concilium
3008 5074 3246 5132 Vasense
3304 5092 3465 5148 supra
3515 5080 3738 5135 citatum
3789 5098 3914 5138 can.
3948 5082 4004 5151 5,

2435 5169 2575 5223 lianc
2605 5168 2902 5223 clausulam
2925 5172 3088 5224 etiam
3121 5172 3174 5225 in
3208 5170 3449 5227 Ecclesia
3481 5169 3745 5228 Orientali
3778 5191 4005 5245 usurpa-

2435 5267 2541 5314 tam
2568 5258 2737 5315 fuisse
2774 5258 3061 5331 supponat.
3089 5281 3108 5314 ι
3147 5262 3212 5317 Et
3232 5263 3357 5333 quia
3384 5302 3401 5329 ,
3436 5263 3635 5334 inquit,
3663 5282 3772 5322 non
3830 5270 4004 5325 solum

2434 5352 2487 5407 in
2519 5353 2647 5408 sede
2691 5353 3016 5422 apostolica,
3048 5356 3141 5411 sed
3166 5354 3349 5410 etiann
3365 5371 3463 5425 per
3496 5367 3667 5411 totum
3694 5357 4005 5426 Orientem,

2432 5454 2487 5499 et
2511 5453 2679 5499 totam
2713 5444 3084 5511 Africam,vel
3113 5445 3347 5510 Italiam,
3376 5458 3599 5517 propter
3624 5448 4002 5505 haereticorum

2436 5536 2715 5604 astutiam,
2738 5535 2832 5606 qui
2882 5535 2972 5590 Dei
3006 5534 3205 5591 Filium
3257 5553 3363 5592 non
3398 5552 3616 5608 semper
3670 5554 3793 5595 cum
3849 5541 4005 5601 Patre

2437 5630 2624 5695 fuisse,
2658 5630 2751 5684 sed
2786 5646 2815 5683 a
2847 5639 3091 5697 tempore
3117 5629 3351 5701 cepisse
3375 5629 3777 5700 blaspliemant,
3803 5633 3859 5689 in
3891 5650 4006 5690 om-

2436 5720 2597 5774 nibus
2627 5718 2885 5775 clausulis
2908 5727 3032 5789 post
3057 5718 3269 5787 Gloria,
3294 5718 3449 5775 Sicut
3469 5730 3588 5775 erat
3620 5721 3674 5776 in
3707 5725 4003 5795 principio,

2436 5811 2637 5866 dicitur
2664 5832 2674 5867 :
2704 5811 2868 5866 etiam
2890 5820 2947 5864 et
2980 5826 3097 5875 nos,
3127 5812 3179 5866 in
3212 5810 3485 5867 universis
3512 5810 3780 5873 Ecclesiis
3806 5819 4004 5876 nostris

2436 5904 2538 5960 hoc
2559 5903 2630 5958 ita
2660 5903 2947 5960 dicendum
2981 5918 3125 5973 esse,
3156 5903 3522 5962 decernimus.
3555 5924 3577 5958 ι
