4230 6506
1377 465 1762 519 Ααιιλέῑιιιλ
1806 464 2138 520 TRIPLICIS
2179 464 2391 518 FESTl.

3211 480 3503 518 CCCLXXXIX

327 579 453 634 278.
490 579 595 634 Sed
651 583 703 636 in
739 583 1036 652 qmestione
1088 585 1215 636 fat-ti
1273 584 1614 652 particularis
1677 583 1830 636 facile
1869 586 1907 639 Δ
1939 586 2226 652 procedere
2258 598 2348 652 per
2378 581 2571 634 Filium
2602 623 2615 646 ,
2648 591 2699 632 et
2741 579 2812 632 ait
2852 600 2864 634 :
2904 597 2921 629 ι
2964 578 3076 632 Hoc
3106 579 3294 647 thgma
3326 579 3495 631 Tara-

259 686 444 723 errare
477 675 995 734 potuit'concilium.
1060 675 1223 728 Multo
1258 675 1465 728 facilius
1526 690 1711 728 errare
1739 690 1831 742 po-

264 761 334 813 tui
393 776 490 832 ego
543 766 594 818 in
649 767 871 834 hujusce
915 767 1080 820 oﬂicii
1139 768 1377 835 partibus
1442 767 1829 836 conjungeudis

261 853 742 927 explicandisque;
771 875 941 928 neque
969 859 1177 924 dubito,
1197 861 1322 928 quin
1358 862 1654 915 erraverim
1705 876 1824 930 per-

261 960 402 1016 saepe
437 969 451 1004 :
489 952 610 1020 quis
662 953 802 1004 enim
855 962 965 1005 tam
996 952 1220 1015 linceus,
1253 955 1342 1021 qui
1376 953 1427 1006 in
1465 956 1629 1007 lamis
1676 963 1825 1006 tene-

259 1038 372 1096 bris
405 1059 664 1112 nusquam
699 1043 938 1098 offendat
974 1084 988 1108 ,
1019 1060 1281 1113 nusquam
1319 1046 1596 1100 incurrat?
1645 1046 1822 1111 Quare

259 1151 358 1190 oro
381 1138 650 1190 eruditum
705 1139 962 1190 lectorem
992 1177 1004 1200 ,
1037 1149 1093 1190 ιιι
1121 1154 1258 1207 quos
1287 1139 1703 1206 deprehenderit
1736 1157 1824 1194 er-

260 1242 438 1292 rores,
468 1228 596 1281 mihi
629 1228 866 1280 indicare
899 1243 964 1283 ue
990 1239 1263 1296 gravetur.
1299 1230 1428 1283 Rem
1453 1242 1658 1298 gratam
1689 1249 1824 1301 prae-

258 1318 460 1370 stiterit
513 1327 722 1382 parato,
750 1317 837 1385 qui
871 1320 1138 1388 corrigam
1180 1336 1194 1372 :
1224 1335 1345 1372 nam
1376 1326 1453 1386 (ut
1483 1320 1670 1389 loquar
1703 1337 1822 1374 cum

257 1408 315 1462 S.
349 1408 648 1476 Augustino
680 1407 735 1461 in
767 1411 1030 1474 promunio
1062 1410 1180 1463 libri
1209 1427 1269 1474 ll,
1300 1414 1362 1465 de
1392 1411 1609 1480 Trinil.)
1653 1431 1669 1461 ι
1711 1430 1822 1466 ma-

253 1497 335 1567 gis
357 1496 553 1566 Optabo
594 1513 621 1549 a
648 1498 883 1566 quolibet
915 1499 1257 1566 reprehendi,
1283 1515 1443 1569 quam
1478 1503 1590 1555 sive
1621 1504 1686 1554 ab
1736 1519 1822 1557 er-

255 1599 429 1654 rantc,
456 1589 568 1642 sive
603 1589 668 1642 ab
721 1590 978 1644 adulante
1032 1590 1240 1645 laudari
1269 1611 1283 1646 :
1313 1593 1488 1648 nullus
1534 1595 1675 1647 enim
1738 1611 1823 1650 re-

251 1683 548 1750 prehensor
579 1680 853 1735 timendus
877 1685 1204 1739 estamatori
1238 1686 1504 1740 veritatis.
1542 1707 1560 1737 ι
1600 1687 1710 1741 lloc
1735 1699 1817 1741 ta-

253 1788 373 1827 men
413 1786 628 1835 moneo,
669 1773 948 1841 antiquum
981 1773 1294 1827 Graecorum
1322 1774 1601 1842 Oﬂicium,
1644 1792 1816 1845 neque

247 1862 312 1915 ad
347 1862 736 1932 Anthologium
761 1864 1216 1919 AntoniiArcudii
1245 1905 1261 1926 ,
1295 1881 1465 1934 neque
1496 1867 1561 1919 ad
1589 1866 1813 1922 Horolo-

245 1953 389 2024 gium
437 1954 889 2025 Cryptaz-l‘erratte
950 1955 1156 2010 ordinis
1213 1954 1482 2010 S..Basilii
1512 1996 1527 2021 ,
1558 1966 1812 2026 tanquam

244 2045 310 2098 ad
346 2061 501 2100 suam
539 2063 805 2112 normam,
857 2046 1180 2116 exigendum
1214 2062 1374 2102 esse:
1408 2048 1533 2117 quia
1579 2049 1679 2103 hoc
1709 2048 1814 2104 llo-

245 2137 508 2208 rologium
539 2140 728 2194 ritibus
757 2138 967 2193 Latinis
999 2137 1335 2192 conformius
1365 2150 1468 2204 est,
1495 2155 1652 2209 quam
1673 2141 1817 2195 (ἐνθεν

243 2230 320 2283 eis
350 2249 362 2283 :
396 2231 524 2284 illud
548 2240 724 2283 autem
749 2231 1130 2300 Anthologium
1165 2241 1371 2286 tantum
1426 2243 1509 2287 est
1564 2251 1658 2304 pro
1723 2238 1806 2304 iis,

249 2339 266 2368 ι
297 2322 385 2388 qui
413 2322 515 2373 iter
539 2331 760 2389 agentes
787 2338 878 2375 seu
916 2339 1137 2394 peregre
1166 2324 1573 2393 proﬁciscentes
1596 2366 1609 2389 ,
1633 2341 1804 2394 aegro-

242 2421 436 2477 tantes,
490 2415 569 2465 vel
634 2413 768 2468 alias
824 2416 1058 2484 legitime
1111 2417 1374 2485 impediti,
1421 2417 1586 2472 choro
1639 2418 1804 2472 inter—

237 2517 360 2556 esse
416 2515 729 2572 nequeunt,
780 2527 797 2558 ι
854 2517 910 2560 ιιι
956 2520 1098 2577 patet
1137 2526 1201 2564 ex
1256 2511 1453 2565 litteris
1513 2514 1813 2570 Clementis

236 2610 387 2665 papae
434 2593 548 2648 Vlll
601 2598 666 2651 ad
721 2599 958 2667 ejusdem
1021 2602 1327 2673 Anthologii
1381 2605 1584 2659 calcem
1634 2606 1812 2675 legen-

237 2690 338 2742 dis.

303 2782 433 2839 279.
467 2783 544 2838 De
593 2783 747 2847 hujus
801 2784 959 2839 olIicii
1016 2797 1237 2842 auctore
1289 2786 1499 2842 Joanne
1546 2789 1807 2843 Euchaita

236 2876 491 2930 dubitare
548 2876 743 2944 poterit
778 2877 973 2946 aliquis
1002 2918 1017 2941 ,
1051 2880 1466 2934 orthodoxusne
1495 2879 1657 2933 fuerit
1689 2920 1702 2943 ,
1739 2897 1806 2932 au

231 2965 522 3018 haereticus
559 2982 572 3019 :
607 2966 756 3034 quia,
799 2981 946 3018 num.
976 2965 1099 3029 186,
1142 2966 1341 3021 diserte
1372 2965 1652 3019 aﬂlrmans
1687 2981 1808 3034 pro-

233 3057 534 3112 cessionern
565 3056 796 3126 Spiritus
821 3077 849 3111 ιι
884 3057 1045 3113 Patre
1099 3066 1239 3112 tacet
1276 3058 1342 3112 de
1398 3058 1579 3122 Filio;
1632 3072 1804 3127 eoque

233 3159 411 3219 potest
443 3150 494 3203 in
527 3151 886 3218 suspicionem
922 3153 1124 3212 venire,
1165 3167 1228 3205 ne
1272 3151 1541 3206 communi
1584 3150 1805 3205 Graeco-

235 3258 350 3294 rum
384 3242 617 3309 plurium
652 3256 836 3295 errore
881 3244 1131 3295 eumdem
1164 3259 1192 3294 a
1227 3242 1367 3296 Filio
1400 3257 1616 3310 quoque
1675 3258 1802 3311 pro-
1832 3270 1874 3324 ο

232 3333 426 3386 cedere
481 3346 585 3384 non
633 3332 941 3384 crediderit.
999 3331 1186 3397 Error,
1221 3332 1415 3393 fateor,
1466 3331 1552 3384 hic
1611 3331 1801 3384 luisset

231 3422 529 3492 gravis,et
579 3424 791 3492 quidem
843 3425 955 3493 jam
996 3435 1104 3477 tum
1142 3424 1430 3478 damnatus
1483 3439 1509 3476 a
1556 3424 1799 3476 Romana

232 3511 475 3566 Ecclesia
510 3528 524 3565 :
561 3513 651 3567 sed
676 3528 736 3566 ex
783 3513 886 3568 isto
923 3515 1158 3578 silentio,
1188 3512 1382 3569 Joanni
1421 3513 1494 3568 illi
1527 3514 1800 3568 haereseos

232 3615 358 3659 nota
384 3601 624 3660 aﬂ'rlcari
653 3622 757 3660 non
784 3618 979 3675 potest.
1032 3605 1163 3660 Nam
1206 3609 1285 3678 (ut
1319 3617 1395 3663 est
1445 3609 1582 3677 apud
1637 3606 1801 3661 Baro-

231 3699 380 3751 uium
414 3709 542 3753 tom.
570 3698 636 3752 IX
674 3700 739 3753 ad
764 3716 850 3754 an.
887 3699 1011 3768 791)
1042 3701 1236 3763 Graeci,
1263 3701 1501 3756 dicentes
1535 3700 1796 3770 Spiritum

230 3801 473 3844 sanetum
503 3805 530 3842 a
575 3791 731 3845 Patre
759 3794 1070 3860 procedere,
1095 3793 1184 3844 sed
1221 3806 1323 3844 non
1372 3802 1627 3860 negantes
1672 3805 1798 3859 pro-

229 3888 422 3938 cedere
476 3899 506 3936 a
559 3882 717 3947 Filio,
751 3902 855 3938 non
885 3885 1241 3948 damnantur;
1276 3883 1368 3936 sed
1408 3883 1478 3934 illi
1515 3886 1794 3945 duntaxat,

231 3977 317 4043 qui
360 3975 410 4027 id
461 3984 678 4044 negant.
707 3977 881 4044 Atque
914 3975 1013 4028 hoc
1049 3978 1204 4030 modo
1236 3975 1503 4029 Adrianus
1541 3990 1699 4044 papa,
1745 3977 1796 4028 in

231 4067 668 4136 responsionibus
705 4068 768 4120 ad
796 4067 1045 4120 Carolum
1089 4067 1337 4136 Magnum
1374 4066 1514 4119 datis
1542 4069 1798 4121 adversus

227 4159 415 4229 synodi
444 4157 695 4212 secunda:
734 4155 965 4211 Nicaeum
1000 4157 1392 4209 obtrectatores
1428 4165 1650 4209 excusat
1680 4156 1789 4210 Ta-

231 4249 425 4305 rasium
454 4290 468 4314 ,
518 4251 608 4318 qui
644 4247 903 4319 Spiritum
960 4255 1207 4303 sanctum
1261 4247 1471 4300 dixerat
1504 4260 1568 4299 ex
1629 4247 1788 4302 Patre
1826 4243 1868 4297 D

1938 676 2049 730 sius
2079 691 2182 727 non
2212 690 2304 743 per
2334 688 2392 727 se
2432 672 2755 740 explanavit,
2803 672 2891 723 sed
2932 685 3028 738 per
3057 669 3358 723 doctrinam
3395 668 3493 721 SS.

1935 764 2153 818 Patrum
2179 764 2449 819 ceul'essus
2469 773 2566 817 est.
2585 782 2601 812 ι
2642 762 2857 816 Consuli
2887 761 3045 814 etiam
3084 771 3257 827 pelest
3278 760 3337 813 S.
3360 760 3500 812 Tho-

1934 874 2048 912 mas
2098 874 2148 927 p.
2179 875 2218 922 ι,
2250 875 2303 927 q.
2336 858 2424 922 '56,
2454 868 2557 910 art.
2594 859 2645 911 5.
2698 857 2837 908 Nihil
2886 868 3060 908 autem
3101 855 3150 906 in
3187 855 3326 907 hanc
3385 869 3497 906 rem

1930 959 2106 1019 potest
2129 948 2304 1004 ali'erri
2344 950 2624 1008 illustrius,
2659 964 2818 1016 quam
2851 949 2923 1011 id,
2959 949 3097 1017 quod
3131 947 3180 998 in
3232 962 3325 998 sua
3355 946 3496 999 Cou-

1930 1043 2207 1095 stitutioue
2246 1082 2260 1102 ,
2301 1062 2316 1091 ι
2360 1041 2662 1103 Presbyteri
2708 1039 2877 1095 Grzeci
2910 1083 2922 1104 ,
2995 1060 3011 1091 ι
3057 1040 3214 1092 habet
3245 1038 3497 1094 Clemens

1933 1131 2060 1185 \‘lll.
2102 1151 2119 1182 ι
2158 1131 2354 1193 Grznci,
2408 1132 2624 1200 inquit,
2666 1132 2881 1184 credere
2921 1140 3191 1190 tenentur,
3245 1128 3410 1181 etiam
3466 1144 3493 1177 a

1931 1224 2066 1277 Filio
2106 1225 2364 1290 Spiritum
2395 1235 2640 1278 sanctum
2672 1222 2959 1292 procedere
2991 1263 3001 1283 ,
3033 1221 3126 1274 sed
3163 1235 3264 1273 non
3305 1231 3490 1273 tenen-

1933 1326 2018 1370 tur
2041 1318 2416 1386 pronuntiare,
2451 1317 2549 1369 nisi
2586 1317 2832 1370 subesset
2868 1314 3221 1377 scandalum;
3265 1326 3486 1382 prteser-

1930 1411 2021 1462 tim
2057 1412 2100 1463 si
2133 1413 2327 1480 degant
2359 1411 2497 1463 inter
2527 1409 2767 1473 Latinos,
2797 1418 2887 1461 aut
2917 1407 3207 1462 necessitas
3257 1407 3494 1474 postula-

1927 1511 2008 1554 ret
2045 1501 2337 1555 conliteudi
2375 1501 2528 1556 tidem
2553 1500 2900 1567 catholicam,
2947 1499 3070 1568 quia
3105 1511 3231 1553 tunc
3266 1511 3482 1571 oporte-

1929 1600 2011 1645 ret
2041 1592 2198 1643 etiam
2236 1592 2606 1661 pronuntiare.
2638 1610 2655 1642 ι

1989 1683 2112 1738 280.
2151 1683 2333 1754 Igitur,
2368 1700 2487 1738 cum
2539 1685 2626 1739 hic
2679 1695 2915 1739 scauuau
2953 1694 3244 1753 periculum
3297 1684 3483 1737 ablue-

1923 1779 2012 1841 rit,
2043 1778 2110 1830 ob
2134 1776 2275 1830 istud
2311 1778 2376 1831 de
2417 1776 2761 1846 processione
2789 1791 2854 1829 ex
2899 1774 3038 1828 Filio
3070 1776 3368 1837 silentium,
3396 1790 3487 1828 or-

1922 1870 2172 1924 thodoxia
2203 1868 2425 1923 Joannis
2453 1871 2502 1922 in
2534 1870 2894 1937 suspicionem
2921 1868 3100 1923 vocari
3129 1885 3230 1921 non
3263 1876 3437 1936 potest
3470 1887 3481 1920 :

1919 1962 2162 2030 adeoque
2212 1976 2310 2016 nec
2349 1961 2458 2031 ipsa
2516 1962 2782 2015 institutio
2813 1962 2930 2015 festi
2961 2003 2974 2027 ,
3005 1962 3374 2030 ordinatioque
3403 1963 3484 2014 ol‘.

1928 2055 2054 2118 llcii,
2095 2070 2322 2124 quorum
2357 2069 2515 2107 causa
2549 2055 2662 2109 lure
2700 2055 3069 2118 tractavimus,
3100 2055 3164 2106 ad
3209 2054 3366 2106 trium
3397 2052 3484 2106 dn-

1919 2161 2124 2204 ctorum
2157 2149 2466 2203 Graecorum
2524 2163 2861 2202 communem
2912 2147 3143 2200 laudem.
3183 2146 3290 2199 Nec
3338 2147 3481 2200 ειιῙιιι

1921 2242 1998 2296 fas
2035 2243 2103 2294 sit
2143 2241 2368 2308 opinari,
2402 2256 2493 2294 eos
2523 2255 2581 2293 se
2611 2240 2841 2293 voluisse
2869 2253 2963 2308 per
2999 2236 3272 2292 hominem
3307 2238 3480 2290 lucre-

1920 2334 2082 2386 ticmu
2133 2334 2225 2386 toti
2278 2332 2537 2387 Orientali
2589 2330 2837 2386 Ecclesia:
2885 2331 3281 2392 commendare,
3336 2329 3482 2382 velut

1916 2434 1981 2472 ex
2034 2419 2356 2474 revelatione
2404 2420 2657 2474 divinitus
2691 2419 2847 2473 facta.
2899 2417 3110 2472 Maneat
3168 2419 3328 2472 etiam
3385 2433 3479 2472 no-

1917 2512 2000 2564 bis
2033 2510 2286 2574 Joannes,
2337 2526 2400 2566 eo
2453 2526 2560 2578 quo
2595 2526 2622 2563 a
2655 2511 2858 2564 Graecis
2916 2513 3035 2580 jure
3088 2510 3473 2580 appellabatur,

1920 2619 1937 2649 ι
1977 2610 2192 2654 sanctus
2223 2601 2375 2654 Pater
2402 2610 2614 2663 uoster;
2658 2619 2673 2649 ι
2705 2600 2828 2653 licet
2861 2601 3084 2653 necdum
3140 2611 3474 2668 compertqu

1914 2693 2001 2756 sit,
2033 2709 2098 2746 an
2139 2702 2190 2747 et
2215 2708 2319 2762 quo
2346 2695 2431 2747 die
2461 2692 2622 2747 fuerit
2657 2709 2686 2746 a
2725 2695 2837 2746 suis
2873 2689 3146 2748 Euchaitis
3186 2693 3382 2756 cultus,
3418 2704 3476 2745 ut

1915 2782 2068 2846 talis;
2102 2795 2152 2836 et
2178 2786 2467 2837 credantur
2492 2786 2659 2838 sancti
2694 2785 2812 2852 ipsi,
2846 2799 2906 2838 ea
2932 2784 3052 2837 novi
3102 2786 3182 2838 sui
3237 2784 3357 2839 festi
3395 2787 3477 2839 iu-

1911 2873 2208 2938 stitutione,
2241 2875 2482 2943 ipsismet
2510 2915 2523 2937 ,
2554 2875 2642 2942 qui
2705 2876 2829 2928 illud
2865 2885 2988 2928 tunc
3027 2877 3326 2943 suscepturi
3384 2891 3472 2931 es-

1910 2964 2301 3030 sent,'Gr;ncis,
2334 2977 2587 3035 tanquam
2626 2968 2746 3020 lidei
2793 2982 2821 3019 a
2866 2982 2922 3021 se
2969 2967 3267 3036 praedicata:
3301 2979 3473 3022 secta-

1910 3058 2159 3122 toribus,
2220 3059 2583 3113 testimonium
2644 3059 2853 3112 dedisse
2898 3059 3285 3122 orthodoxize,
3347 3059 3474 3113 licet

1910 3145 2083 3210 quoad
2116 3145 2255 3197 istud
2280 3139 2538 3213 punctum
2568 3148 2748 3201 minus
2780 3148 3067 3216 explicitze,
3097 3149 3471 3216 dilucidteque.

1911 3231 2107 3290 Oretur
2137 3247 2313 3291 autem
2352 3238 2588 3307 ipsorum
2635 3239 2913 3294 doctorum
2950 3241 3077 3293 trias
3103 3279 3116 3300 ,
3169 3250 3224 3293 ut
3255 3243 3320 3296 ad
3352 3242 3470 3294 lidei

1911 3333 2190 3386 catholica:
2226 3335 2513 3397 unitatem,
2563 3349 2722 3402 quam
2756 3333 2854 3402 ipsi
2899 3343 3206 3397 tenuerunt,
3246 3337 3472 3390 redeant

1909 3439 2092 3477 omnes
2120 3426 2316 3492 ubique
2341 3441 2528 3480 eorum
2579 3426 2802 3496 posteri,
2855 3427 3053 3495 quibus
3091 3436 3196 3480 tam
3241 3427 3469 3480 salutari

1909 3516 2145 3569 doctrina
2183 3515 2308 3569 olim
2365 3517 2468 3569 frui
2525 3525 2576 3569 et
2638 3516 2920 3570 informari
2983 3517 3175 3571 licuit:
3211 3533 3273 3571 ac
3323 3517 3468 3570 salva

1909 3607 2103 3660 rituum
2173 3607 2296 3662 hinc
2354 3603 2497 3660 illine
2558 3606 2895 3661 laudabiliter
2954 3608 3322 3661 institutorum
3385 3609 3468 3661 di-

1906 3700 2203 3762 versitate,
2261 3709 2364 3752 tam
2436 3699 2508 3753 illi
2584 3709 2892 3754 reverenter
2957 3700 3250 3767 suspiciant
3317 3699 3468 3753 Lati-

1906 3805 2093 3843 norum
2147 3791 2440 3845 ofﬁciorum
2485 3807 2697 3846 cursum
2746 3793 3089 3855 breviorem,
3142 3809 3300 3861 quam
3362 3793 3435 3845 La

1905 3883 1998 3938 tini
2066 3884 2290 3950 probant
2357 3883 2702 3950 prolixiorem
2759 3883 3066 3938 Grmeorum
3115 3886 3215 3936 hoe
3263 3893 3466 3937 tracta-

1907 3984 1958 4024 tu
2018 3975 2338 4042 CXllllCallllll
2373 4017 2386 4039 ,
2437 3975 2500 4028 ad
2559 3975 2672 4042 ejus
2723 3975 2977 4028 honorem
3010 4013 3025 4038 ,
3084 3989 3243 4043 quem
3293 3977 3467 4026 outriis

1906 4065 2079 4131 lingua
2131 4063 2311 4116 laudat
2373 4066 2652 4118 Dominum
2684 4104 2700 4129 ,
2762 4066 2813 4118 in
2870 4066 3066 4120 sascula
3119 4065 3462 4120 smculorum.

1903 4158 2096 4210 Amen.

789 4605 882 4666 DE
936 4603 1394 4666 RECENTIORI
1438 4600 1867 4672 TRIBUSQUE
1924 4600 2358 4662 GR/ECORUM
2415 4594 2901 4669 DOCTORIBUS,

549 4827 1082 4936 BASILIO,
1161 4832 1927 4924 NAZIANZENO
2000 4834 2146 4918 ET
2219 4825 3142 4945 CHRYSOSTOMO,

1546 5076 1859 5132 CUMMUNI
1898 5076 2142 5143 resro,

414 5280 536 5342 Per
570 5280 875 5342 Joannem
911 5280 1367 5354 metronolitam
1404 5279 1836 5342 Euehaitarum
1882 5281 2162 5345 instituto
2196 5300 2600 5362 ipsorumque
2650 5281 2906 5357 vulgatis
2947 5279 3256 5342 iconibus.

281 5644 588 5713 Janningus
623 5653 824 5705 noster,
874 5645 936 5694 ad
965 5645 1102 5697 diem
1134 5660 1160 5694 ν
1191 5641 1354 5704 Junii,
1393 5644 1442 5694 in
1474 5641 1776 5713 Corollarjo

225 5739 290 5792 de
317 5735 492 5791 tribus
528 5736 730 5789 sanctis
763 5734 1066 5799 Dorotheis,
1106 5735 1260 5786 unius
1292 5747 1476 5785 eorum
1529 5732 1654 5784 dicti
1686 5723 1782 5785 Iu-

216 5829 384 5885 nioris
419 5828 592 5882 Vitam
626 5827 842 5879 daturus
870 5867 884 5889 ,
924 5841 1140 5880 auctore
1189 5825 1397 5879 Joanne
1438 5824 1782 5891 metropolita

213 5922 622 5980 Euchailarum,
661 5922 722 5972 de
774 5920 929 5980 huius
958 5929 1130 5982 :etate,
1170 5922 1304 5982 sede,
1351 5929 1510 5986 atque
1542 5918 1760 5986 scriptis

412 6017 687 6077 ΡΑτιιοι.
731 6016 841 6073 Gn.
896 6015 1126 6074 ΧΧΙΧ.

1897 5642 2154 5709 prolixius
2188 5639 2296 5708 agit
2327 5639 2484 5709 toto§
2518 5641 2591 5704 '5;
2644 5641 2927 5704 docetque,
2964 5654 3026 5691 ex
3060 5639 3273 5692 Andrea
3317 5639 3449 5689 Dar~

1897 5735 2093 5793 mario,
2125 5741 2240 5800 post
2279 5749 2448 5787 annos
2473 5747 2723 5787 ccccmv
2761 5746 2922 5798 opera
2972 5731 3110 5783 illius
3138 5730 3452 5783 ιιρειτιιὺειι-

1893 5837 1965 5891 te,
1998 5829 2181 5896 eisque
2209 5828 2565 5896 praeminente
2586 5828 2851 5895 epitomeu
2880 5827 3021 5890 vine,
3049 5826 3278 5894 cmpisse
3305 5822 3453 5877 illum

1891 5919 2271 5975 Euchaitarum
2302 5919 2597 5974 Ecclesiam
2624 5932 2805 5990 regere
2828 5918 2925 5973 sub
2951 5917 3310 5972 Constantino
3336 5913 3452 5969 Mo-

3112 6030 3145 6068 Ζ
