4230 6486
750 458 912 498 CCCXC

2111 439 2644 498 PROLLGOMENA.

753 566 1019 620 nomaclto
1071 574 1124 620 et
1170 564 1517 636 imperatrice
1563 563 1693 619 Zoe.
1737 564 1983 632 Suscepit
2036 566 2323 630 imperium
2366 572 2411 625 Α
2439 565 2665 619 lustituli
2721 575 2903 621 autem
2967 564 3088 622 festi
3134 567 3381 633 historia,
3434 583 3595 637 quam
3631 567 3774 633 dixi,
3819 582 4013 623 consc-

752 659 1146 712 Monontacltus
1177 672 1318 711 anno
1348 672 1499 712 Ixut
1529 698 1543 723 ,
1570 668 1623 711 et
1654 657 1830 710 tenuit
1872 670 2040 723 usque
2082 657 2145 707 ad
2177 671 2333 719 stur,

757 755 1103 822 perrexitque
1134 767 1360 820 regnare
1396 752 1513 819 ejus
1560 766 1691 803 uxor
1721 749 1831 803 Zoe
1864 763 2033 816 usque
2064 750 2125 799 ad
2156 764 2331 802 ιιιυιι.

758 848 1150 902 Successernnt
1176 847 1225 898 in
1260 846 1489 913 sceptris
1520 843 1747 897 Michael
1779 840 2155 899 Stratonicus,
2202 841 2337 893 Isaa-

756 955 855 993 cus
880 938 1212 998 Comnenus,
1246 936 1636 989 Constantinus
1673 935 1841 987 Ducas
1864 974 1878 998 ,
1910 932 2184 985 Romanus
2211 931 2335 984 Dio-

757 1046 942 1101 genes,
991 1030 1218 1084 Michael
1284 1029 1489 1092 Ducas,
1540 1036 1594 1082 et
1633 1025 1968 1094 Nicephorus
2022 1023 2335 1078 Botoniates

755 1139 926 1194 usque
962 1125 1025 1177 ad
1063 1139 1262 1176 annum
1292 1136 1531 1184 sunt;
1567 1120 1782 1188 quando
1817 1128 2041 1172 evectus
2086 1117 2151 1170 ad
2178 1117 2335 1169 thro-

757 1234 883 1271 num
918 1216 1015 1270 fuit
1045 1216 1265 1270 Alexius
1292 1213 1644 1277 Comnenus;
1679 1221 1732 1264 et
1765 1210 1941 1264 adhuc
1970 1210 2022 1262 in
2060 1207 2196 1261 vivis
2218 1215 2339 1261 erat

757 1310 1117 1382 praelaudatus
1142 1308 1395 1364 Joannes.
1436 1308 1541 1359 Isto
1591 1304 1734 1358 enim
1808 1317 1946 1356 anno
1991 1301 2332 1355 occasionem

760 1406 940 1456 datam
999 1400 1160 1453 fuisse
1196 1415 1332 1453 novo
1396 1398 1531 1451 festo
1564 1436 1579 1461 ,
1636 1396 1700 1449 de
1754 1408 1860 1463 quo
1915 1406 2073 1460 agere
2130 1392 2215 1445 hic
2257 1392 2339 1444 in-

756 1492 1073 1551 stituimus,
1132 1489 1457 1557 intelligitur
1512 1504 1577 1543 ex
1642 1487 1715 1540 rei
1770 1494 1935 1556 gestte
1977 1485 2328 1548 narratione,

757 1601 877 1655 qum
912 1584 1103 1653 legitur
1150 1584 1200 1637 in
1237 1583 1451 1636 excusis
1499 1580 1717 1634 Menaeis
1768 1580 1833 1633 ad
1896 1578 2036 1632 diem
2092 1593 2195 1630 xxx
2232 1576 2327 1630 Ja-

759 1676 979 1738 nuarii,
1039 1674 1253 1740 quando
1309 1673 1448 1725 istud
1502 1669 1699 1724 festum
1762 1669 1959 1722 ibidem
2015 1668 2093 1721 sic
2144 1667 2335 1719 indici-

759 1781 877 1826 tur:
908 1767 984 1830 Τῇ
1011 1768 1147 1836 ἀυτῇ
1178 1766 1306 1835 μηνὶ
1338 1766 1417 1818 A'.
1469 1781 1487 1814 ι
1514 1762 1769 1830 Ejusdem
1809 1762 2012 1815 mensis
2044 1761 2127 1813 die
2159 1775 2286 1813 xxx.
2315 1778 2330 1808 ι

755 1860 953 1933 κνήμη
985 1860 1092 1913 τῶν
1124 1859 1179 1910 ἐν
1222 1857 1421 1924 Ἀγίοις
1447 1856 1705 1927 Πατέρων
1732 1855 1889 1926 ἡμῶν
1929 1854 2023 1906 καὶ
2062 1855 2336 1908 οἰκονομι-

2444 669 2671 724 quenter
2698 656 3003 725 deducitur,
3036 659 3124 712 hic
3156 670 3334 713 autem
3378 657 3569 714 Latine
3595 660 3837 713 redditur
3870 674 3897 711 a
3938 656 4005 712 Il.

2442 749 2501 803 P.
2546 751 2758 806 Nicolao
2784 752 2979 823 Rayteo
3011 752 3069 807 S.
3100 752 3165 807 T.
3214 752 3270 805 P.
3309 754 3502 807 studiis
3535 753 3684 807 hisce
3711 751 3936 818 nostris,
3958 751 4008 803 in

2441 859 2592 911 Spem
2621 844 2998 899 continuando:
3026 844 3390 899 successionis
3422 855 3473 899 et
3498 845 3695 914 operis,
3728 860 3791 899 ex
3824 842 4013 895 volun-

2444 945 2553 989 tate
2611 937 2953 1002 superiorum
3009 952 3153 990 nunc
3203 937 3436 1006 primum
3474 937 3698 999 addito,
3738 953 3859 991 cum
3914 935 4016 991 huc

2441 1043 2611 1097 usque
2645 1043 2929 1098 progressa
2985 1029 3269 1098 impressio
3304 1040 3360 1083 ct
3396 1030 3633 1099 reliquus
3685 1030 3891 1083 mensis
3922 1029 4014 1085 Ju-

2443 1120 2563 1173 nius
2609 1118 2759 1187 prelo
2787 1128 2935 1173 esset
2978 1130 3221 1190 paratus.
3263 1120 3450 1190 Itaque
3482 1122 3648 1190 ipsius
3682 1135 3876 1175 nomen
3913 1122 4011 1175 nti-

2442 1226 2541 1264 nns
2572 1211 2885 1281 frequenter
2919 1212 3025 1277 hic,
3056 1211 3494 1282 frequentissime
3536 1220 3712 1266 autem
3751 1222 4010 1275 recurret,

2444 1303 2552 1357 Deo
2600 1305 2763 1357 dante
2791 1346 2804 1370 ,
2839 1304 2891 1357 in
2924 1315 3177 1359 secuturo
3218 1317 3337 1373 post
3364 1303 3582 1359 Junium
3638 1304 3796 1374 primi
3838 1319 4011 1358 seme-

2443 1397 2571 1452 stris
2595 1396 3004 1467 Supplemento.
3041 1396 3257 1451 Interim
3305 1397 3441 1465 ejus,
3476 1395 3662 1451 Graece
3690 1396 3823 1450 bene
3853 1397 4011 1465 periti

2441 1505 2617 1559 operte
2648 1501 2922 1560 acceptum
2953 1488 3111 1555 refer,
3158 1491 3344 1553 lector,
3378 1489 3421 1543 si
3447 1491 3580 1544 Acta
3611 1488 3822 1553 Graeca,
3853 1491 3901 1544 in
3934 1492 4012 1545 di-

2441 1582 2609 1635 midia
2654 1597 2769 1650 qua:
2808 1581 3163 1650 imprimenda
3195 1591 3363 1635 restat
3394 1579 3541 1635 Junii
3576 1592 3727 1651 parte
3754 1598 4013 1637 occursu-

2442 1689 2521 1740 ra,
2553 1673 2784 1744 accipias
2804 1674 2945 1729 haud
2978 1672 3144 1744 paqu
3178 1674 3573 1739 emendatiora,
3595 1690 3756 1743 quant
3791 1673 3923 1729 dare
3951 1675 4003 1728 in

2443 1767 2606 1836 priori
2639 1774 2788 1835 parte
2817 1767 2958 1835 potui
2997 1807 3011 1829 ,
3042 1764 3412 1834 multipliciter
3461 1766 3760 1823 distractus
3817 1768 3869 1822 in
3921 1782 4010 1820 re-

2444 1858 2827 1928 sponsionibus
2867 1862 2931 1912 ad
2966 1858 3340 1914 Carmeliticas
3390 1860 3765 1914 accusationes
3816 1861 4009 1928 depro-

755 1955 865 2007 κῶν
906 1950 1259 2009 διδασκάλων,
1286 1948 1557 2001 Βασιλείοι
1594 1946 1687 2001 τοῦ
1722 1946 1996 2015 Μεγάλου,
2030 1946 2333 2017 Γρηγορίου
2369 1959 2409 2013 Β
2441 1951 2691 2021 per-antiis
2719 1990 2734 2016 ,
2788 1959 2842 2004 et
2894 1950 3155 2005 defensio;

2441 1951 2691 2021 perandis
2719 1990 2734 2016 ,
2788 1959 2842 2004 et
2894 1950 3207 2006 defensione
3258 1950 3440 2005 Romae
3478 1961 3638 2019 atque
3684 1952 3895 2005 Madriti
3926 1952 4011 2006 in-

751 2047 847 2101 τοῦ
876 2046 1157 2113 Θεολόγον,
1186 2042 1278 2095 καὶ
1316 2042 1563 2095 Ἰωάννου
1596 2040 1687 2093 τοῦ
1728 2040 2134 2111 Χρυσοστόμου.
2171 2057 2188 2085 ι
2226 2038 2335 2092 Me-

756 2143 927 2195 moria
961 2150 1273 2195 sanctorum
1329 2135 1551 2188 Patrum
1603 2146 1912 2189 nostrorum
1948 2144 2000 2187 ct
2034 2131 2334 2186 (neunteni-

758 2250 944 2288 corum
981 2232 1292 2295 Doctorum,
1324 2229 1506 2283 Basilii
1536 2227 1739 2297 Magni,
1774 2226 2017 2296 Gregorii
2053 2224 2331 2295 Theologi.

753 2324 1053 2381 etJnannis
1085 2320 1518 2393 Chrysostomi.»

826 2462 975 2517 Hanc
1003 2459 1351 2515 indictionem
1382 2457 1624 2527 sequitur
1648 2458 1966 2519 sticherum,
2008 2469 2113 2507 non
2136 2454 2318 2517 unius,

752 2565 813 2610 ut
847 2554 956 2608 fere
986 2552 1140 2618 alias,
1166 2552 1406 2613 distichi,
1440 2551 1533 2604 scd
1568 2549 1925 2603 distichorum
1970 2545 2327 2598 iambicorum

754 2648 974 2699 omnino
1005 2643 1273 2704 sedecim;
1302 2654 1491 2709 estque
1519 2640 1569 2692 in
1598 2639 1705 2693 line
1738 2638 2120 2701 hexametron,
2152 2636 2331 2690 metri-

754 2754 828 2793 «ze
857 2735 1185 2806 cphemeridi
1224 2744 1427 2804 aptum,
1462 2735 1562 2789 hoc
1598 2732 1753 2786 modo
1788 2750 1801 2786 :

822 2854 1072 2925 Δὰμψεν
1102 2853 1191 2906 ἐνὶ
1240 2850 1563 2920 τριακοστῇ
1595 2846 2102 2917 χρυσοτρισήλιος
2127 2847 2325 2915 αἴγλη.

820 2965 940 3023 Sole
973 2968 1098 3020 uitet
1128 2965 1320 3019 triplici
1344 2964 1532 3017 mensis
1565 2962 1823 3015 tricesima
1848 2958 2001 3012 lani.

2437 2042 2713 2099 Struenda.
2746 2041 2856 2097 Leo
2887 2042 3113 2097 Allatins
3136 2043 3189 2098 in
3215 2058 3312 2099 sua
3345 2044 3409 2098 de
3435 2040 3768 2114 Symeonum
3794 2045 4015 2115 scriptis

2438 2134 2672 2188 Diatriba
2706 2150 2824 2202 pag.
2845 2134 2867 2187 I
2888 2132 2948 2185 I2
2981 2134 3187 2187 indicat
3214 2143 3487 2204 repertum
3516 2148 3545 2186 a
3571 2147 3629 2186 se
3659 2131 3886 2187 Joannis
3911 2150 4015 2188 nie-

2442 2226 2702 2292 trnliolitm
2773 2226 3155 2279 Euchaitarum
3212 2225 3519 2297 Ἐγκὼμιον
3570 2226 3649 2287 είς
3694 2224 3820 2287 τοὺς
3866 2228 4012 2294 tepet;

2438 2318 2623 2386 ἁγίους
2677 2318 2956 2390 ἱεράρχας,
2987 2319 3264 2372 Βασίλειον
3317 2319 3407 2372 τὸν
3449 2319 3660 2388 Μέγαν,
3715 2318 4012 2389 Γρηγόριον

2438 2414 2528 2465 τὸν
2584 2412 2865 2479 Θεολόγον,
2902 2414 2996 2465 καὶ
3042 2413 3296 2482 Ἰωάννην
3342 2413 3435 2466 τὸν
3465 2412 3872 2484 Χρυσόπομον,
3916 2410 4013 2464 hoc

2442 2504 2723 2571 Principio,
2758 2505 2919 2573 Τρεῖς
2973 2522 3039 2575 με
3098 2504 3234 2575 πρὸς
3276 2506 3583 2577 τριώνυμον
3612 2502 4012 2576 παροτρύνουσι

2440 2593 2675 2661 κίνησιν.
2716 2611 2732 2642 t
2760 2593 2893 2647 Tres
2920 2610 3003 2649 me
3039 2595 3105 2648 ad
3145 2595 3489 2649 trinominem
3523 2605 3726 2649 motum
3754 2594 4013 2651 exstimu-

2440 2684 2571 2736 lant.
2604 2704 2621 2734 ι
2661 2682 2876 2737 Utinam
2934 2685 3229 2741 addidisset
3279 2685 3525 2751 Allatitts,
3573 2688 3842 2742 undenam
3872 2696 4012 2741 totus

2437 2784 2723 2828 contextus
2752 2773 2974 2830 Graecus
3001 2777 3187 2831 haberi
3218 2778 3391 2848 possit
3418 2779 3433 2833 ι
3471 2778 3599 2849 quid
3633 2779 3686 2833 ni
3713 2787 3897 2833 tamen
3922 2794 4014 2835 su-

2439 2867 2711 2934 spicemur
2762 2867 2889 2921 inde
2948 2880 3224 2937 sumptam
3273 2884 3395 2925 esse
3445 2873 3617 2940 ipsam
3657 2871 3799 2925 hanc
3844 2885 4006 2939 quam

2362 2955 2404 3011 C
2441 2957 2685 3026 Sttbjicio,
2724 2957 3054 3013 historiam?

1558 3412 2136 3507 HISTORIA
2213 3404 3155 3500 INSTITUTIONIS

1359 3744 1449 3804 Ex
1494 3738 1749 3803 Menaeis
1806 3734 2159 3815 impressis,
2216 3730 2561 3812 interprete
2611 3727 2869 3790 Nicolao
2929 3731 3161 3809 Rayteo
3217 3736 3274 3790 δ.
3327 3726 3361 3793 J

2335 4000 2405 4011 ~—

818 4236 994 4292 Causa
1076 4230 1232 4301 hujus
1310 4227 1429 4283 festi
1508 4224 1627 4278 talis
1706 4223 1933 4278 exstitit.
2023 4221 2323 4288 Itnperante
2512 4217 2575 4269 Ἦ
2615 4218 2757 4269 αἰτία
2785 4220 2882 4287 τῆς
2910 4218 3155 4286 ἐορτῆςγ

2512 4217 2575 4269 'H
2615 4218 2757 4269 αἰτία
2785 4220 2882 4287 τῆς
2910 4218 3102 4286 ἑορτῆς
3140 4216 3326 4285 γέγονε
3365 4235 3559 4282 οντως.
3615 4217 3738 4270 Ἐπὶ
3775 4217 3876 4287 τῆς
3918 4220 4007 4289 βαι

748 4328 934 4384 Alexio
961 4325 1272 4386 Comneno,
1318 4320 1407 4389 qui
1441 4327 1558 4387 post
1590 4316 1923 4369 Botoniatem
1974 4323 2187 4379 sceptra
2221 4311 2320 4362 im-
2433 4313 2635 4374 σιλείας
2682 4314 2773 4365 τοῦ
2818 4312 3072 4378 Ἀλεξίου,
3116 4312 3155 4364 ὃς

2433 4313 2635 4374 σιλείας
2682 4314 2773 4365 τοῦ
2818 4312 3072 4378 Ἀλεξίου,
3116 4312 3172 4375 ὃς
3222 4316 3356 4383 μετὰ
3394 4315 3713 4382 Βοτονιάτην
3775 4316 3843 4369 τὰ
3887 4316 4012 4384 σκῆ-

750 4420 883 4489 perii
920 4415 1191 4485 suscepit,
1222 4422 1339 4468 orta
1386 4421 1470 4466 est
1523 4405 1984 4475 Constantinopoli
2027 4404 2317 4465 dissensio.
2355 4428 2398 4482 ι)
2430 4418 2575 4474 πτρα
2631 4404 2725 4472 τῆς
2757 4402 3031 4473 βασιλείας
3074 4404 3155 4457 έδέ

2430 4418 2575 4474 πτρα
2631 4404 2725 4472 τῆς
2757 4402 3031 4473 βασιλείας
3074 4403 3307 4469 ἐδέξατο,
3345 4408 3401 4457 ὲν
3444 4406 4013 4459 Κωνσταντινουπόλει

750 4514 891 4565 inter
923 4512 1069 4563 viros
1103 4508 1325 4561 scientia
1375 4513 1429 4559 et
1482 4505 1603 4557 vitae
1635 4500 1909 4571 probitate
1965 4494 2314 4562 conspicuos.

748 4601 853 4657 Alii
902 4598 1356 4655 commendabant
1408 4595 1656 4666 Magnum
1692 4592 1946 4645 Basiliam
1976 4631 1991 4655 ,
2032 4589 2299 4651 dicentes,

751 4711 874 4749 eum
917 4693 1021 4746 alta
1060 4702 1114 4745 et
1144 4702 1335 4758 magna
1369 4689 1683 4754 praedicare,
1722 4698 1897 4736 rerum
1924 4679 2163 4735 omnium
2218 4696 2316 4731 na-

751 4796 921 4839 turam
978 4782 1191 4853 ingenio
1246 4780 1540 4843 discutere,
1596 4778 1795 4829 virtute
1839 4773 2009 4826 ferme
2048 4785 2318 4840 superare

747 4876 966 4948 angelos
997 4915 1010 4938 ,
1047 4874 1127 4927 vel
1174 4889 1277 4925 non
1335 4868 1491 4923 facile
1531 4870 1663 4937 ipsis
1718 4866 2056 4928 concedere;
2116 4863 2315 4932 pollere

748 4982 958 5023 morum
1013 4965 1278 5033 gravitate
1308 5002 1321 5024 ,
1361 4974 1535 5028 neque
1566 4958 1860 5026 quidquam
1900 4965 2174 5009 terrenum
2221 4954 2317 5006 ha-

746 5061 894 5115 bere.
926 5056 1304 5111 Extenuabant
1333 5064 1510 5107 autem
1541 5051 1701 5103 iidem
1743 5049 1814 5102 illi
1842 5047 2083 5100 divinum
2124 5046 2306 5115 Chry-

748 5160 1071 5210 snstomum,
1102 5147 1251 5213 quasi
1284 5144 1408 5197 huic
1448 5142 1671 5196 omnino
1699 5142 2027 5209 Oppositum,
2065 5154 2125 5191 ac
2160 5138 2315 5191 talem

744 5245 901 5313 cujus
931 5241 1193 5310 optimum
1230 5252 1499 5306 quemque
1553 5233 1806 5287 facillime
1840 5234 2083 5287 taederet.
2114 5231 2214 5282 Alii
2274 5246 2303 5283 c

746 5336 1019 5391 contrario
1046 5330 1297 5385 eumdem
1344 5330 1581 5383 divinum
1616 5328 2061 5398 Cltrysoslomum
2095 5326 2319 5377 extolle-

743 5430 898 5492 bant,
932 5427 1077 5479 vclut
1109 5423 1401 5492 impensius
1437 5422 1672 5475 deditum
1698 5421 1977 5484 doctrinae,
2006 5427 2059 5472 et
2098 5425 2323 5470 cunctos

744 5524 1030 5573 ducentem
1081 5518 1304 5570 lenitate
1328 5515 1591 5567 orationis
1612 5554 1625 5579 ,
1663 5524 2051 5580 vocantemque
2076 5510 2143 5563 ad
2179 5510 2313 5562 resi-

741 5607 1099 5679 piscentiaut;
1130 5607 1342 5659 demum
1381 5605 1755 5657 mellilluorum
1800 5605 2085 5657 verborum
2140 5600 2314 5653 mulli-

756 5703 939 5753 tudine
963 5710 1015 5751 et
1050 5698 1350 5753 subtilitate
1387 5699 1776 5763 cogitationum
1809 5712 1931 5749 eum
1959 5692 2315 5763 prteferebant

748 5792 939 5858 Magno
976 5790 1172 5842 Basilio
1201 5798 1252 5841 et
1286 5788 1549 5853 Gregorio
1574 5788 1865 5853 Theologo.
1894 5786 1993 5835 Alii
2025 5800 2148 5853 erga
2179 5784 2319 5835 hunc

755 5881 925 5948 magis
954 5879 1344 5943 aﬂicicbantttr,
1378 5878 1598 5943 perinde
1633 5892 1694 5931 ac
1742 5879 1784 5929 si
1815 5876 2050 5941 eleganti
2084 5914 2098 5937 ,
2132 5876 2299 5935 vario,

2430 4497 2617 4558 στάσις
2647 4494 2833 4562 γέγονε
2859 4495 3007 4567 παρὰ
3036 4496 3144 4549 τῶν
3174 4497 3469 4566 ἐλλογίμων
3500 4497 3593 4549 καὶ
3626 4497 3898 4567 ἐναρέτων
3924 4500 4014 4551 ἀν-

2424 4587 2599 4660 δρῶν·
2644 4587 2750 4639 τῶν
2805 4588 2901 4658 μὲν
2946 4589 3343 4661 ὑπερτιθέντων
3378 4587 3465 4640 τὸν
3491 4587 3674 4657 Μέγαν
3712 4589 4009 4655 Βασίλειον,

2426 4681 2701 4751 ὐᾲήγορον
2731 4681 2892 4733 αὑτὸν
2946 4682 3235 4749 λεγόντων,
3273 4679 3347 4743 ὡς
3377 4679 3474 4750 τὴν
3507 4680 3616 4733 τῶν
3643 4680 3814 4734 ὅντων
3854 4682 4015 4749 φύσιν

2425 4775 2847 4845 ὲξερευνήσαντα
2876 4775 2967 4825 καὶ
2988 4778 3105 4838 ταῖς
3135 4776 3355 4842 ἀρεταῖς
3388 4773 3585 4843 μικροῦ
3610 4775 3723 4835 τοῖς
3760 4774 4013 4841 ἀγγέλοις

2427 4866 2937 4939 παραμιλλώμενον,
2967 4868 3060 4920 καὶ
3102 4866 3174 4937 μὴ
3204 4865 3249 4918 δ’
3288 4867 3348 4919 ὲκ
3372 4866 3465 4919 τοῦ
3490 4864 3780 4937 προχείρου
3807 4883 4015 4937 συγχω-

2427 4962 2641 5031 ροῦντα,
2695 4962 2788 5013 καὶ
2841 4960 2901 5011 τὸ
2960 4956 3092 5030 ἦθος
3149 4957 3410 5031 ἐμϐριθῆ,
3470 4960 3562 5011 καὶ
3621 4958 3791 5029 μηδὲν
3824 4963 4011 5029 γήινον

2425 5051 2632 5121 ἔχοντα’
2671 5051 3107 5117 ὑποὸιὸαζόντων
3133 5052 3189 5105 δὲ
3214 5052 3301 5105 τὸν
3333 5052 3477 5104 θεῖον
3507 5051 4011 5123 Χρυσόστομον,ὡς

2428 5144 2685 5209 ἐναντίως
2720 5143 2877 5213 δῆθεν
2910 5144 3105 5213 ἐκείνῳ
3140 5143 3479 5214 διακείμενον
3523 5142 3663 5195 κατὰ
3692 5141 3752 5193 τὸ
3788 5142 4005 5210 πρόχει-

2428 5254 2515 5307 ρον
2543 5232 2681 5289 εἶναι
2714 5238 2806 5291 καὶ
2840 5237 3085 5289 ἑλκτικὸν
3114 5236 3193 5298 είς
3219 5238 3525 5306 μετάνοιαν·
3568 5234 3678 5287 τῶν
3718 5233 3777 5285 δὲ
3823 5233 4009 5287 τοῦτον

2422 5328 2485 5399 δὴ
2516 5329 2605 5381 τὸν
2631 5328 2770 5380 Οεῖον
2801 5329 3183 5399 Χρυσόστομον
3214 5327 3512 5398 ὑψούντων,
3553 5327 3628 5389 ὼς
3645 5325 4008 5398 ἀνθρωπικώ-

2423 5436 2576 5489 τερον
2599 5419 2935 5487 διακείμενον
2958 5422 3077 5482 ταίς
3111 5419 3502 5481 διδασκαλίαις,
3529 5419 3624 5470 καὶ
3652 5417 3728 5486 τῷ
3752 5417 3885 5489 λείῳ
3911 5420 4009 5488 τῆς

2425 5512 2674 5580 φράσεως
2722 5511 2931 5573 πάντας
2967 5509 3387 5579 καθώηγοῦντα,
3431 5512 3523 5561 καὶ
3556 5508 3693 5578 πρὸς
3719 5510 4008 5579 μετάνοιαν

2424 5604 2652 5657 ὲκκαλοὺ
2663 5622 2841 5673 μενον,
2879 5605 2972 5657 καὶ
2991 5603 3067 5672 τῷ
3085 5603 3276 5673 πλήθει
3302 5602 3408 5654 τῶν
3444 5602 3783 5673 μελιρῤύτων
3814 5600 4005 5670 λόγων,

2428 5698 2600 5765 καὶτῇ
2634 5698 2750 5747 κατ’
2788 5696 2995 5749 ἔννοιαν
3012 5696 3276 5766 δεινότητι
3315 5694 3679 5765 προτιθέντων
3712 5692 3804 5746 τοῦ
3831 5711 3888 5745 τε
3920 5710 4009 5763 με·

2431 5788 2593 5847 γάλου
2628 5786 2906 5837 Βασιλείον
2936 5789 3029 5839 καὶ
3065 5788 3390 5855 Γρηγορίου·
3423 5787 3625 5856 ἑτέρων
3662 5785 3720 5835 δὲ
3760 5785 3838 5854 τῷ
3878 5785 4005 5836 Θεο-

2433 5876 2572 5942 λογῳ
2614 5876 2893 5943 Γρηγορίῳ
2922 5878 3352 5945 προσκειμένων,
3383 5878 3475 5927 ἅτε
3499 5876 3562 5943 δὴ
3593 5873 3673 5942 τῷ
3704 5873 3901 5942 mpii"?
3919 5871 4005 5923 καὶ
