4230 6494
1452 459 1594 506 ιιιδί
1609 457 1773 508 UHIA
1813 455 2298 510 INTITUTIONIS.

3307 473 3350 507 υ.
3372 471 3490 508 ί.ἱεί

255 587 330 638 τῳ
370 568 795 638 πεποικιλμένῳ,
854 587 929 637 τῳ
980 569 1206 639 διατόρῳ
1239 586 1294 618 τε
1343 567 1447 617 των
1502 568 1693 634 λόγων,
1731 576 1819 620 καὶ
1851 587 1892 642 Α

1851 587 1892 642 Α
1942 572 2344 637 insinuantiquc
2380 589 2442 627 ac
2471 575 2661 629 ﬂorido
2685 572 2893 627 dicendi
2923 585 3119 640 genere
3146 570 3358 622 vici~sct
3381 585 3495 621 om-

255 663 331 732 τῷ
357 665 464 717 τῶν
496 662 694 726 λέξεων
737 660 974 731 ἀνθηρῷ,
1003 662 1206 724 πάντας
1247 661 1369 721 τοὺς
1398 660 1488 709 ἐπὶ
1527 664 1592 728 τῇ
1638 661 1822 729 Ἐλλη-

256 759 378 826 νιχῇ
415 755 632 824 παιδεία
680 754 1017 822 διαϐοήτους,
1053 754 1144 806 καὶ
1173 754 1296 814 τοὺς
1332 750 1450 803 καθ’
1483 751 1624 820 ἡμεῖς
1659 755 1826 822 ὑπερ-

255 848 430 902 ϐάντι.
475 846 580 899 Καὶ
633 847 804 916 τούτῳ
843 849 940 918 τὴν
973 847 1209 901 νικῶσαν
1257 844 1525 903 διδόντων,
1562 846 1823 897 κάκείνων

257 939 726 1010 ὑπερϐιῦαζὸντων
758 942 940 1002 αὑτὸν,
987 941 1059 1002 ὡς
1105 936 1443 1007 συμϐαίνειν,
1493 936 1824 1007 διαιρεθῆναι

255 1033 324 1085 τὰ
349 1031 547 1104 πλήθη,
576 1035 673 1087 καὶ
693 1035 815 1094 τοὺς
859 1034 955 1102 μὲν
997 1032 1300 1093 ’ἰωαννίτας
1324 1030 1596 1097 λέγεσθαι,
1619 1033 1740 1093 τοὺς
1769 1031 1824 1084 δὲ

260 1125 596 1189 Βασιλείτας,
642 1124 1006 1195 Γρηγορείτας
1039 1122 1095 1174 δὲ
1128 1125 1250 1187 τοὺς
1280 1123 1517 1184 λοιπούς.

340 1261 462 1312 Ἐπὶ
514 1260 718 1320 τούτοις
768 1257 830 1328 δὴ
882 1261 992 1318 τοῖς
1011 1259 1232 1328 ὀνόμασι
1295 1259 1402 1312 τῶν
1464 1259 1590 1329 περὶ
1639 1259 1824 1325 λόγους

259 1348 677 1412 στασιαζόντων,
708 1350 801 1401 καὶ
839 1349 1040 1403 τούτων
1065 1351 1204 1404 οὕτω
1245 1351 1548 1421 λεγομένων
1578 1351 1669 1401 ἐπὶ
1706 1351 1826 1419 χρό-

258 1456 368 1502 νοις
422 1438 726 1511 ἐσύστερον,
762 1439 1081 1495 οπτάνονται
1142 1443 1189 1493 οἱ
1242 1442 1495 1511 μέγιστοι
1530 1435 1672 1492 οὗτοι
1708 1439 1824 1492 καθ’

257 1532 354 1582 ἕνα
402 1530 682 1602 πρότερον,
731 1528 846 1584 εἶτα
897 1534 987 1584 καὶ
1034 1533 1145 1600 ἅμα
1173 1533 1362 1601 (ὕπαρ,
1403 1532 1502 1584 ούκ
1553 1530 1702 1600 ova?)
1752 1531 1827 1601 τῷ

256 1623 380 1676 τότε
429 1625 528 1695 τῆς
564 1623 838 1693 Εύχαῖτῶν
869 1623 1074 1683 πόλεως
1105 1620 1212 1673 τῶν
1251 1621 1410 1691 ἱερῶν
1460 1621 1823 1692 ὲξηγονμὲνῳ,

270 1717 492 1788 Ἰωάννῃ
545 1713 621 1782 τῷ
678 1713 817 1764 πάνυ
851 1713 1024 1782 ἀνδρὶ,
1073 1712 1239 1765 τᾶλλα
1273 1713 1368 1781 μὲν
1411 1712 1696 1784 ἐλλογίμῳ,
1736 1717 1828 1767 καὶ

258 1810 502 1870 παιδείας
539 1805 854 1875 Ἑλληνικῆς
880 1807 978 1859 οὐκ
1003 1805 1227 1876 ἀμαθῶς
1249 1806 1440 1875 ἔχοντι,
1468 1807 1542 1870 ὡς
1580 1808 1645 1859 τὰ
1685 1806 1828 1877 αύτῷ

1929 687 2044 735 nes,
2073 673 2160 738 qui
2189 673 2351 726 etiam
2384 683 2567 727 nostra
2593 677 2754 722 aetate
2787 666 3024 728 fuerunt,
3060 662 3196 716 fatua
3221 658 3496 714 Graecani-

1926 779 2002 818 ca:
2036 763 2360 819 eruditionis
2395 765 2648 832 insignes.
2674 761 2738 814 Et
2779 759 2831 811 hi
2887 759 3008 812 huic
3053 755 3255 826 primas
3282 751 3494 807 delere-

1929 858 2090 924 bant,
2141 857 2260 912 aliis
2335 873 2426 912 cas
2503 853 2950 912 transferentibus
3011 854 3060 906 in
3139 849 3291 904 alios.
3349 846 3498 901 Unde

1929 951 2128 1006 factum
2159 961 2261 1016 est,
2296 962 2372 1015 ut,
2418 951 2590 1004 scisso
2627 951 2804 1003 studia
2854 948 2902 1002 in
2961 946 3233 998 contraria
3291 942 3496 995 incerto

1930 1042 2108 1112 Vulgo,
2141 1045 2227 1097 alii
2286 1042 2572 1108 Joannitte,
2604 1039 2694 1093 alii
2731 1040 2986 1102 Basilitm,
3019 1034 3325 1103 Gregorita:
3355 1031 3496 1084 voci-

1937 1144 2184 1189 tareutur
2213 1137 2322 1189 alii.

2002 1269 2140 1340 Ergo
2179 1274 2302 1326 dum
2347 1271 2446 1324 sub
2486 1269 2568 1322 his
2603 1268 2904 1322 nominibus
2956 1268 3090 1320 inter
3143 1282 3199 1322 se
3253 1271 3497 1319 oratores

1929 1361 2264 1428 disceptant,
2331 1361 2547 1415 maximi
2586 1361 2698 1425 illi,
2727 1361 2792 1414 de
2841 1359 3034 1430 quibus
3079 1362 3304 1427 agimus,
3364 1357 3495 1410 doc-

1930 1464 2073 1507 tores
2126 1453 2354 1522 pritnum
2423 1454 2689 1518 seorsim,
2742 1454 2931 1506 deinde
2988 1461 3039 1505 ct
3094 1450 3253 1504 simul
3313 1451 3497 1502 viden-

1931 1545 2028 1598 dos
2053 1558 2170 1598 sese
2209 1546 2443 1599 olTerunt
2475 1543 2689 1604 Joanni,
2725 1557 2852 1598 tunc
2887 1544 2938 1595 in
2990 1542 3375 1596 l-luchaitarum
3425 1540 3499 1592 ci-

1931 1634 2094 1687 vitate
2123 1637 2294 1688 sacris
2330 1636 2603 1701 prrefecto,
2637 1634 2792 1688 Valde
2830 1633 3104 1702 praestanti
3133 1633 3276 1692 viro,
3311 1640 3364 1683 et
3398 1645 3500 1681 cm-

1933 1736 2042 1779 tera
2084 1727 2296 1795 quidem
2327 1728 2550 1790 celebri,
2581 1743 2752 1796 neque
2781 1728 2871 1794 (ut
2905 1723 3144 1778 indicant
3172 1737 3291 1790 qua:
3321 1720 3500 1773 elabo-

1934 1816 2071 1870 ravit
2094 1815 2378 1885 opuscula)
2405 1817 2652 1884 imperito
2676 1816 2997 1870 Grmcanicze
3027 1811 3378 1874 eruditionis;
3407 1811 3499 1864 sed

259 1898 561 1969 πονηθέντα
584 1897 871 1960 δείκνυσιν,
897 1899 1095 1970 ἀρετῆς
1127 1898 1183 1951 δὲ
1219 1899 1298 1960 εἰς
1333 1897 1498 1967 ἄκρον
1529 1898 1822 1967 ἐληλυθότι·
1861 1944 1898 1995 Β

1861 1944 1898 1995 Β
1931 1910 2222 1965 celebriori
2259 1919 2477 1978 propter
2507 1910 2780 1972 virtutem,
2808 1911 2962 1977 cujus
2995 1909 3198 1975 apicem
3224 1906 3495 1975 attigerat.

259 1988 351 2040 καί
379 1988 476 2057 μιᾷ
516 1987 727 2059 γλώττῃ
759 1992 889 2058 φασὶ
929 1990 1063 2059 πρὸς
1101 1989 1282 2042 αὐτόν’
1338 1988 1526 2058 Ἡμεῖς
1554 1989 1610 2039 ’ἐν
1641 1989 1825 2056 ἐσμεν,

257 2079 332 2143 ὡς
368 2081 520 2151 ὁρᾷς,
551 2082 698 2150 παρὰ
730 2081 806 2152 τῷ
850 2081 990 2150 Θεῷ,
1020 2083 1114 2133 καὶ
1149 2081 1296 2134 οὐδὲν
1333 2083 1462 2151 ἡμῖν
1490 2079 1825 2142 ὑπεναντίον,

255 2173 375 2226 οὐδὲ
410 2172 666 2244 μάχιμον·
699 2172 832 2226 ἀλλά
881 2175 1093 2242 καιροῖς
1151 2172 1297 2236 ἰδίοις
1330 2173 1558 2236 ἕκαστος
1604 2171 1681 2243 τῷ
1703 2171 1828 2242 θείῳ

258 2266 575 2335 κρουόμενοι
599 2264 892 2336 Πνεύματι,
926 2265 1022 2326 τὰς
1048 2265 1181 2332 πρὸς
1201 2267 1468 2336 σωτηρίαν
1497 2266 1604 2318 τῶν
1623 2267 1830 2338 ἀνθρώ-

259 2375 376 2409 πων
399 2357 743 2419 διδασκαλίας
775 2355 1254 2426 σύνεγραψάμεθα,
1292 2358 1384 2408 καὶ
1421 2357 1456 2408 ἆ
1498 2343 1826 2428 ὲμυούμεοα,

258 2448 656 2518 ὲκδεδὼκαμενο
702 2449 795 2501 καὶ
826 2452 854 2501 ὁ
889 2449 1104 2518 πρῶτος
1135 2450 1191 2501 ὲν
1228 2451 1357 2519 ἡμῖν
1384 2449 1480 2500 οὐκ
1503 2449 1669 2511 ἔστιν,
1707 2449 1829 2501 οὔτε

259 2544 367 2612 μήν
381 2543 488 2610 γεὸ
513 2541 780 2612 δεύτερος·
814 2540 927 2594 ἀλλ’
962 2542 1010 2592 εἰ
1037 2540 1127 2594 τὸν
1150 2541 1244 2592 ἕνα
1269 2539 1459 2604 λέξεις,
1490 2542 1537 2592 οἱ
1579 2539 1670 2592 δύο
1694 2557 1830 2610 παρ-

255 2634 502 2689 έπονται.
562 2633 722 2686 Ὅθεν
769 2634 952 2688 κέλευε
1003 2633 1239 2695 ἀναστὰς
1287 2635 1398 2695 τοῖς
1456 2632 1830 2696 στασιάζουσιν

256 2727 570 2798 ὑπὲρὴμῶν
599 2728 672 2799 μὴ
698 2726 1023 2781 διίστασθαι⁸
1059 2727 1263 2796 σπουδὴ
1291 2726 1398 2798 γὰρ
1432 2727 1524 2778 καὶ
1571 2725 1703 2790 ζῶσι
1741 2727 1831 2780 καὶ

259 2820 588 2886 μεταστᾶσιν
621 2821 750 2887 ἡμῖν
784 2820 1102 2888 εἰρηνεύειν,
1149 2820 1242 2870 καὶ
1269 2821 1347 2881 εἰς
1376 2818 1626 2887 ὁμόνοιαν
1679 2819 1829 2887 ἄγειν

256 2906 324 2960 τὰ
361 2907 590 2978 πέρατα’
619 2909 749 2960 ἀλλά
773 2909 863 2961 καὶ
890 2909 1068 2978 ἡμέρᾳ
1095 2910 1188 2977 μιᾷ
1212 2905 1462 2974 σύναψον.
1493 2908 1620 2966 Καὶ,
1651 2906 1724 2969 ὥς
1749 2925 1830 2959 σοι

258 2999 556 3069 προσῆκον,
597 2999 662 3050 τὰ
692 2999 786 3069 τῆς
817 2999 1010 3070 ἑορτῆς
1051 3001 1179 3068 ἡμῖν
1215 2998 1546 3059 ὲπιτέλεσον,
1578 2999 1671 3050 καὶ
1719 3000 1832 3060 τοῖς

257 3089 387 3160 ἑξῆς
422 3091 677 3160 παράδος,
732 3091 806 3154 ὡς
838 3093 999 3161 ἡμεῖς
1033 3092 1090 3144 ἓν
1125 3092 1292 3161 ἐσμεν
1325 3090 1400 3161 τῷ
1440 3090 1580 3161 Θεῷ,
1619 3090 1833 3154 πάντως

253 3183 312 3237 δὲ
346 3185 439 3237 καὶ
475 3185 629 3255 ἡμεῖς
658 3187 768 3247 τοῖς
803 3185 1081 3238 ἐκτελοῦσι
1118 3185 1214 3254 τὴν
1247 3186 1486 3256 μνήμην,
1525 3184 1592 3237 τὰ
1619 3187 1698 3249 εἰς
1728 3202 1830 3237 σω-

1937 2003 2072 2055 Vera
2108 2003 2242 2056 visio
2282 2000 2412 2063 fuit,
2449 2016 2550 2054 non
2580 2001 2845 2054 somnium
2879 2018 2892 2054 :
2924 2011 2976 2053 et
3010 2002 3120 2054 ha:c
3149 2001 3213 2053 ad
3241 1997 3498 2052 Joannem

1935 2091 2094 2143 missa
2127 2108 2229 2146 vox
2265 2103 2345 2147 est
2379 2111 2391 2146 :
2435 2091 2540 2146 Nos
2573 2107 2738 2144 unum
2792 2107 2978 2146 sumus
3008 2131 3022 2154 ,
3051 2102 3105 2144 ut
3134 2090 3313 2152 vides.
3362 2092 3499 2158 apud

1943 2181 2137 2245 Deum,
2174 2193 2226 2234 et
2254 2185 2396 2235 nulla
2425 2197 2510 2238 est
2535 2184 2674 2238 inter
2703 2199 2798 2236 nos
2823 2183 3106 2244 dissensio,
3127 2180 3267 2234 nulla
3293 2195 3495 2248 pugna;

1939 2287 2129 2326 verum
2183 2290 2319 2338 quas
2370 2276 2482 2328 suis
2525 2276 2754 2346 quisque
2789 2275 3141 2344 temporibus,
3175 2273 3354 2326 divino
3404 2274 3502 2324 iut-

1932 2363 2067 2432 pulsi
2117 2360 2344 2432 Spiritu,
2378 2363 2534 2418 utiles
2586 2366 2650 2418 ad
2702 2365 2975 2418 hominum
3017 2365 3244 2417 salutem
3280 2361 3500 2415 tradidi-

1934 2471 2051 2510 rnns
2087 2457 2518 2526 prmceptioues;
2557 2465 2612 2510 et
2653 2472 2770 2526 qua:
2811 2457 3154 2510 discehanius
3184 2469 3404 2514 arcana,
3437 2469 3498 2505 ea

1935 2545 1986 2596 in
2015 2545 2188 2598 lucem
2218 2548 2522 2602 emisimus.
2553 2545 2736 2616 Neque
2765 2563 2892 2603 vero
2919 2547 3204 2616 quisquam
3241 2544 3380 2597 inter
3403 2559 3501 2597 nos

1936 2635 2141 2703 primus
2177 2645 2280 2700 est,
2309 2654 2406 2691 nec
2436 2640 2726 2692 secundus.
2766 2639 2822 2694 Si
2851 2656 3011 2691 ιιιιιιιιι
3048 2652 3230 2700 voces,
3279 2637 3385 2688 duo
3414 2650 3500 2686 se-

1934 2737 2191 2793 quuntur.
2231 2727 2439 2782 Idcirco
2498 2744 2658 2797 surge
2682 2769 2695 2790 .
2733 2740 2787 2784 et
2822 2731 2905 2782 ilic
2936 2730 3197 2798 partibus,
3227 2743 3292 2780 ne
3331 2727 3500 2779 nostri

1934 2829 2096 2869 causa
2145 2814 2447 2869 dissideant
2483 2831 2498 2868 :
2544 2831 2664 2869 nam
2699 2817 2751 2870 in
2788 2831 2850 2870 ea
2902 2815 3230 2885 cogitatione
3257 2827 3498 2883 curaque

1935 2921 2236 2973 versamur,
2275 2917 2332 2961 ut
2361 2908 2512 2961 vivos
2545 2909 2687 2962 inter
2713 2917 2767 2961 et
2799 2923 2896 2962 nos
2926 2908 3013 2976 qni
3045 2923 3075 2961 e
3104 2907 3240 2960 vivis
3267 2905 3504 2960 excessi-

1936 3011 2076 3058 mus,
2110 2997 2435 3051 concilietur
2460 3014 2588 3065 pax,
2621 3008 2674 3050 et
2710 2999 2761 3050 iu
2808 2997 3150 3051 concordiam
3179 2994 3501 3050 reducantur

1941 3095 2208 3140 extrema.
2237 3087 2404 3153 Quem
2432 3089 2483 3142 in
2519 3088 2676 3141 linem
2706 3103 2800 3141 nos
2835 3103 2940 3141 uuo
2973 3089 3056 3141 die
3085 3089 3348 3156 conjunge
3379 3104 3389 3137 :
3424 3096 3500 3150 et.

1935 3179 2388 3246 quemadmodum
2425 3189 2477 3233 te
2521 3180 2676 3235 decet
2707 3222 2722 3246 ,
2765 3181 2903 3235 diem
2937 3180 3086 3234 illum
3125 3179 3278 3234 nobis
3308 3180 3499 3234 festum

257 3277 448 3348 τηρίαν
512 3274 940 3346 σνμπράξοιμενο
971 3276 1232 3346 δοκοῦμεν
1288 3277 1395 3347 γάρ
1447 3294 1495 3328 τι
1545 3276 1636 3330 καὶ
1676 3277 1903 3346 ἡμεῖςε

1829 3283 1903 3338 :c
1939 3287 2196 3328 consecra
2237 3314 2251 3339 ,
2293 3273 2475 3342 itaque
2536 3274 2759 3326 ostende
2813 3288 2908 3327 nos
2942 3288 3123 3327 coram
3179 3271 3286 3326 Deo
3338 3286 3499 3324 unum

255 3366 400 3435 ἔχειν
433 3367 582 3436 παρά
633 3366 710 3436 τῷ
743 3367 881 3436 Θεῷ.
938 3366 1120 3420 Ταῦτα
1155 3368 1398 3430 εἰπόντες
1438 3367 1616 3430 ἔδοξαν
1674 3364 1826 3430 αὖθις

256 3459 336 3519 εἰς
371 3457 630 3528 οὐρανοὺς
659 3459 980 3520 ἀναπτάναι,
1009 3458 1143 3527 φωτὶ
1167 3458 1377 3529 ἀπείρῳ
1403 3459 1826 3530 καταλαμπόμε-

257 3564 357 3610 νοι,
391 3548 483 3601 καὶ
505 3548 762 3618 ὀνομαστὶ
790 3549 1051 3618 ἀλλήλους
1092 3549 1569 3621 μετακαλούμενοι.

1939 3377 2081 3418 esse.
2117 3359 2226 3416 Nos
2253 3371 2438 3416 autem
2468 3358 2628 3414 simul
2649 3359 2898 3414 dabimus
2929 3375 3141 3414 Otltttcut
3171 3372 3408 3427 operam,
3446 3365 3504 3408 ut

1937 3455 2161 3522 hujusce
2217 3457 2292 3510 rei
2354 3456 2667 3511 memoriam
2736 3452 3060 3507 celebraturi
3125 3450 3390 3519 accipiant
3437 3451 3502 3503 ad

1941 3557 2197 3600 :rternam
2243 3547 2471 3602 salutem
2509 3548 2748 3603 subsidia
2778 3567 2792 3603 :
2825 3547 3068 3602 videmur
3099 3547 3261 3599 etiam
3319 3554 3371 3596 et
3407 3558 3504 3597 nos

257 3654 416 3707 posse
452 3639 651 3708 aliquid
691 3646 828 3710 apud
861 3640 1049 3698 Deum.
1085 3642 1177 3697 His
1229 3645 1385 3698 dictis
1430 3644 1528 3698 visi
1572 3651 1697 3697 sunt
1740 3641 1935 3696 iterum
1988 3641 2276 3696 snbvolare
2331 3643 2380 3695 in
2435 3643 2653 3708 caelum,
2686 3645 2851 3696 multa
2912 3642 3027 3696 luce
3079 3639 3412 3702 circumfusi,
3447 3647 3503 3692 et

262 3734 399 3788 alter
441 3734 668 3786 alterum
714 3752 810 3790 suo
843 3751 1110 3806 quemque
1141 3738 1355 3791 nomine
1387 3739 1792 3806 compellantes.

339 3845 396 3899 '0
457 3846 511 3899 δὲ
558 3847 697 3911 θεῖος
737 3851 942 3914 ἐκεῖνος
1007 3849 1164 3921 ἀνὴρ,
1223 3851 1252 3902 ὁ
1303 3850 1575 3921 Εύχαῖτῶν
1634 3849 1830 3921 δηλαδὴ

269 3939 542 4008 Ἰωάννης,
579 3939 760 4003 καθὼς
783 3943 830 3994 οἰ
863 3944 1044 4012 Ἀγιοι
1085 3946 1444 4015 εἰσηγήσαντο
1483 3944 1826 4016 διεπράξατοο

262 4032 318 4082 τό
351 4049 410 4083 τε
465 4031 667 4101 πλῆθος
721 4033 814 4085 καὶ
870 4037 992 4098 τοὺς
1038 4037 1425 4099 στασιάζοντας
1479 4037 1831 4100 καταστείλας

259 4123 451 4192 (ὶδόκει
479 4125 572 4176 καὶ
601 4125 708 4195 γὰρ
744 4125 1012 4198 ἐπ’ἀρετῇ
1046 4127 1326 4196 διαϐόητος
1349 4131 1375 4181 ὁ
1409 4130 1564 4200 ἀνὴρ)
1588 4131 1684 4200 τὴν
1715 4131 1832 4199 ἑορ-

257 4214 354 4284 τὴν
386 4213 589 4284 ταύτην
636 4215 918 4286 παρέδωκε
950 4220 1013 4289 τῇ
1063 4219 1355 4292 Ἐκκλησία
1382 4222 1654 4290 ἑορτάζειν
1688 4224 1824 4295 Θεῷ.

260 4307 369 4360 Καὶ
400 4307 500 4376 ὅρα
525 4324 613 4378 μοι
641 4308 699 4360 τὸ
729 4310 983 4382 φρόνημα
1016 4311 1107 4364 τοῦ
1135 4313 1345 4384 ἀνδρός.
1393 4315 1543 4368 Ἐπεὶ
1571 4316 1677 4387 γὰρ
1702 4311 1826 4388 εὗρε

257 4398 349 4450 τὸν
385 4399 708 4470 Ἰανουάριον
732 4403 893 4471 μῆνα,
919 4405 1044 4466 τοὺς
1073 4407 1218 4475 τρεῖς
1250 4405 1434 4475 ἔχοντα
1460 4408 1698 4471 τούτους,
1728 4427 1826 4461 κα⁸

256 4491 324 4543 τὰ
377 4490 476 4562 μὲν
505 4491 602 4561 τὴν
642 4491 861 4562 πρώτην
909 4495 1000 4546 τὸν
1043 4496 1215 4564 μέγαν
1252 4498 1546 4563 Βασίλειον,
1581 4501 1719 4553 κατὰ
1771 4501 1826 4555 δὲ

2006 3845 2244 3917 Surgens
2295 3861 2425 3918 ergo
2467 3847 2550 3901 vir
2583 3847 2668 3903 ille
2705 3849 2939 3914 divinus,
2966 3848 3217 3901 mrnirum
3277 3846 3504 3900 Encltai-

1938 3942 2343 3994 tarumautistcs
2393 3939 2646 4006 Joannes,
2704 3941 2826 3995 fecit
2865 3950 2921 3993 ut
2970 3949 3254 3994 suaserunt
3305 3939 3498 3993 sancti.

1937 4032 2219 4103 Postquam
2265 4045 2443 4088 autem
2495 4036 2685 4104 vulgus
2743 4036 3080 4104 partiumque
3134 4041 3355 4088 conatus
3419 4047 3503 4084 re-

1938 4138 2206 4194 presserat
2241 4127 2379 4188 (erat
2404 4128 2546 4182 enim
2573 4128 2695 4182 huic
2729 4129 2844 4181 viro
2873 4144 2966 4196 per
3005 4127 3253 4180 virtutem
3310 4123 3499 4178 conci-

1939 4219 2062 4272 liata
2099 4236 2307 4274 summa
2342 4219 2658 4290 auctoritas)
2689 4262 2703 4286 ,
2738 4231 3090 4274 memoratum
3122 4219 3316 4272 festum
3361 4217 3500 4270 diem

1940 4309 1991 4362 in
2024 4311 2261 4366 Ecclesia
2304 4315 2393 4366 Dei
2421 4318 2688 4384 agendum
2725 4319 2995 4384 praecepit.
3025 4314 3199 4371 Atque
3241 4325 3370 4364 ecce
3404 4309 3500 4361 viri

1941 4405 2308 4468 prudentiam.
2343 4405 2479 4457 Cum
2510 4406 2605 4459 hos
2639 4414 2750 4458 tres
2772 4403 3242 4457 animadvertisset
3265 4400 3369 4455 coli
3399 4416 3504 4452 uno

1937 4502 1990 4543 et
2017 4493 2202 4546 eodem
2232 4511 2415 4550 mense
2449 4496 2728 4560 Januario,
2753 4495 3001 4565 Magnum
3037 4494 3289 4546 Basilium
3310 4492 3501 4561 prima,

254 4581 353 4653 την
384 4582 632 4652 εἰκοστὴν
678 4582 933 4654 πέμπτην
963 4586 1055 4638 τὸν
1085 4585 1226 4640 θεῖον
1254 4589 1569 4660 Γρηγόριον,
1606 4593 1745 4646 κατά
1771 4594 1826 4647 δὲ
1857 4618 1903 4677 D

1857 4618 1903 4677 Β
1936 4581 2177 4634 divinum
2212 4581 2529 4653 Gregorium
2568 4586 2752 4654 quinta
2809 4597 2861 4639 et
2912 4585 3164 4639 vicesima
3190 4626 3204 4650 ,
3246 4601 3308 4639 ac
3357 4585 3499 4636 vice-

254 4675 352 4744 τὴν
385 4673 635 4744 εἰκοστὴν
661 4674 892 4747 ἑϐδόμην
920 4678 1006 4729 τὸν
1038 4677 1177 4731 θεῖον
1209 4681 1608 4752 Χρυσόστομον,
1630 4685 1829 4754 συνῆψε

258 4762 420 4815 πάλιν
451 4763 645 4826 αὐτοὺς
677 4765 944 4838 κατὼτὴν
977 4771 1324 4842 τριακοστὴν,
1360 4773 1545 4825 κανόσι
1587 4776 1677 4827 καὶ
1705 4792 1829 4846 τρο-

257 4854 476 4924 παρίοις
504 4855 598 4908 καὶ
638 4856 932 4926 ἐγκωμίοις
973 4861 1316 4930 καταστέψας
1335 4861 1408 4926 ὡς
1434 4865 1708 4935 προσῆκεν
1741 4868 1831 4920 αὺ-

254 4948 384 5008 τοῖς·
423 4945 458 4998 ἀ
481 4949 575 5000 καὶ
600 4947 777 5001 νεύσει
809 4949 1006 5015 αὐτῶν,
1043 4951 1117 5015 ὡς
1162 4948 1335 5024 οἶμαι,
1366 4957 1644 5024 γεγονότα,
1680 4959 1828 5012 οὐδε-

255 5035 343 5100 νὸς
374 5035 647 5090 λείπονται
674 5039 782 5093 τῶν
821 5042 900 5105 εἰς
929 5041 1174 5108 ἔπαινον,
1199 5045 1275 5108 ὡς
1306 5049 1397 5100 καὶ
1431 5049 1828 5124 πάντωνύπερ-

257 5124 466 5178 κεῖσθαι
503 5126 611 5180 τῶν
637 5129 734 5182 ὅσα
767 5147 826 5183 τε
871 5131 930 5197 ἐξ
954 5135 1161 5187 ἐκείνου
1189 5137 1457 5204 γεγόνασι,
1495 5142 1583 5192 καὶ
1613 5141 1713 5195 ὅσα
1740 5159 1829 5210 γε-

256 5221 529 5287 νήσονται.

324 5503 506 5562 Ἦσαν
539 5511 594 5564 δὲ
652 5514 752 5580 τὴν
791 5513 936 5570 θέσιν
986 5519 1078 5570 τοῦ
1139 5518 1387 5590 σώματος
1421 5522 1512 5574 καὶ
1552 5523 1650 5594 τὴν
1701 5541 1828 5596 μορ·

256 5601 359 5670 φὴν
404 5603 454 5654 οἰ
503 5603 684 5671 ’Ἅγιοι
736 5599 880 5660 οὗτοι
930 5607 1142 5677 ἔχοντες
1183 5611 1371 5674 οὕτως.
1437 5613 1493 5666 '0
1533 5615 1629 5683 μὲν
1687 5613 1826 5680 θεῖος

257 5694 659 5766 Χρυσόστομος,
697 5699 794 5769 τὴν
832 5701 973 5752 ἰδέαν
995 5701 1086 5754 τοῦ
1114 5702 1465 5775 σώματος,ἦν
1503 5707 1703 5778 βραχὺς
1728 5710 1830 5762 πά-

257 5801 317 5837 νυ
339 5786 438 5855 τὴν
470 5788 703 5857 ἡλικίαν,
729 5792 970 5863 μεγάλην
1001 5793 1241 5865 κεφαλὴν
1264 5799 1371 5858 τοῖς
1387 5796 1555 5867 ὤμοις
1590 5800 1824 5871 αἰωρῶν,

263 5877 404 5945 ἰχνὸς
459 5879 538 5940 εἰς
594 5881 653 5933 τὸ
696 5883 1100 5954 ἀκριϐέστατον,
1158 5888 1452 5958 ὲττίρῤικος,
1503 5893 1664 5961 eam;
1705 5896 1827 5956 τοὺς

1937 4674 2073 4725 sima
2108 4675 2337 4741 septima
2378 4676 2618 4730 divinum
2653 4678 3113 4748 Chrysostomum,
3146 4681 3362 4734 eosdem
3383 4691 3506 4732 ccu-

1933 4763 2113 4830 juuxit
2142 4766 2329 4820 iterata
2363 4768 2616 4822 colendos
2670 4771 2754 4823 die
2787 4771 3078 4824 tricesima.
3121 4768 3304 4838 Neque
3364 4786 3503 4836 pra:-

1945 4858 2180 4911 termisit
2244 4875 2338 4914 eos
2391 4860 2584 4916 debitis
2640 4878 2834 4916 ornare
2877 4863 3194 4927 cauonibus,
3250 4863 3502 4916 modulis-

1934 4967 2035 5019 que
2083 4967 2147 5006 ac
2202 4955 2520 5021 pra-coniis;
2562 4956 2612 5008 in
2651 4957 2865 5024 quibus,
2906 4967 3088 5023 utpote
3144 4971 3247 5008 non
3288 4955 3404 5008 sine
3437 4956 3502 5006 il-

1933 5041 2103 5097 lorum
2164 5046 2243 5113 (ut
2278 5061 2376 5114 ego
2404 5046 2619 5114 quidem
2671 5046 2943 5114 existimo)
2991 5061 3210 5101 assensu
3240 5047 3505 5114 composi-

1947 5137 2055 5198 tis,
2117 5137 2245 5188 nihil
2309 5139 2373 5189 ad
2436 5137 2798 5194 laudationem
2863 5139 3155 5192 desiderari
3219 5137 3498 5207 reperias;

1937 5240 2104 5294 usque
2155 5227 2290 5279 adeo
2345 5237 2401 5278 ut
2457 5237 2714 5296 superent
2767 5227 3018 5296 quidquid
3071 5227 3122 5279 iu
3181 5225 3282 5280 isto
3335 5240 3500 5294 gene-

1946 5330 2002 5368 re
2044 5316 2245 5370 editum
2286 5327 2364 5370 est
2428 5332 2596 5386 usque
2643 5319 2815 5373 adhuc
2844 5359 2858 5380 ,
2894 5319 3028 5372 etin
3069 5325 3342 5387 posterum
3372 5317 3498 5370 ede-

1934 5418 2036 5461 tur.

2005 5524 2084 5577 Ad
2142 5523 2581 5578 constitutionem
2655 5525 2899 5594 corporis
2967 5537 3028 5576 ac
3088 5523 3307 5578 formam
3355 5523 3497 5590 quod

1931 5618 2140 5680 attinet,
2200 5619 2249 5671 hi
2296 5617 2467 5672 sancti
2523 5615 2658 5670 tales
2694 5626 2870 5671 erant.
2904 5615 3126 5669 Divinos
3173 5613 3498 5686 Chrysosto-

1937 5725 2077 5772 mus,
2119 5711 2295 5778 quoad
2328 5710 2560 5778 speciem
2594 5708 2861 5778 corporis,
2882 5718 2998 5762 erat
3025 5709 3311 5761 admodum
3352 5705 3498 5758 brevi

1936 5813 2167 5865 Statura,
2199 5819 2393 5871 magno
2421 5803 2667 5872 elatoque
2703 5803 2900 5871 capite,
2942 5817 3145 5855 summa
3177 5799 3499 5870 gracilitate,

1941 5893 2084 5960 justo
2114 5910 2269 5959 naso,
2301 5897 2547 5949 diductus
2579 5912 2681 5949 non
2717 5896 2967 5951 indecore
2993 5897 3231 5958 naribus,
3265 5891 3501 5962 pallidis-
