4230 6492
1490 430 1716 486 CANON
1757 428 1844 482 DE
1884 428 1939 483 S.
1980 429 2262 488 BASILIO.

3255 447 3486 493 εςωιειιι

238 537 408 605 ἡμῶν,
471 541 566 594 καὶ
626 541 842 597 πάντων
892 546 998 598 τῶν
1030 546 1220 614 ἁγίων,
1257 547 1353 610 τὰς
1397 549 1503 600 τῶν
1545 552 1809 622 αἱρέσεων
1840 554 1884 609 Α

1840 549 2146 616 Αοοιίοηε,
2187 551 2402 606 Christe
2480 552 2616 609 Deus
2666 563 2870 618 noster,
2927 554 3190 610 btet'esum
3259 553 3487 608 insolen-

233 631 626 697 ἐπαναστάσεις
676 638 968 700 κατάϐαλε,
1015 640 1108 692 καὶ
1147 641 1293 711 ἡμᾶς
1335 641 1394 692 ἐν
1443 643 1663 714 ὁμονοία
1715 642 1809 695 καὶ

230 727 478 796 εἰρηνικῇ
516 733 842 783 καταστάσει
893 732 1240 802 διαφύλαξον,
1295 735 1390 787 καὶ
1430 734 1528 803 τῆς
1554 735 1807 806 οὐρανίου

232 835 322 869 σου
355 816 633 885 βασιλείας
656 822 906 890 ἀξίωσον,
935 825 1015 879 ὅτι
1043 826 1331 897 εὐλογητός
1361 821 1410 878 εἴ
1438 829 1514 890 εἰς
1543 829 1666 890 τοὺς
1683 826 1808 881 αἰῶ-

229 923 323 967 νας
345 905 453 960 τῶν
479 911 708 964 αἰώνων.
753 915 939 986 Ἀμήν.

1915 643 2042 696 tiam
2084 651 2471 712 compescc,et
2502 659 2604 699 nos
2643 647 2696 702 in
2750 645 3040 703 concordia
3081 657 3240 716 atque
3266 646 3317 700 in
3344 646 3485 713 paci-

1913 733 2010 788 llca
2067 735 2459 802 tranquillitate
2515 741 2721 792 custodi
2751 784 2764 807 ,
2811 757 2873 796 ac
2927 738 3135 794 caelesti
3176 747 3269 793 tuo
3319 751 3488 808 regno

1915 827 2167 894 dignare,
2204 842 2324 881 cum
2360 830 2435 884 sis
2470 829 2786 887 benedictus
2832 834 2882 888 in
2915 831 3109 890 smcula
3139 829 3482 886 sarculorum.

1912 916 2102 971 Amen.

1579 1183 1949 1244 ANNOTATA
1977 1189 2036 1245 D.
2067 1190 2128 1246 Ρ.

295 1455 520 1524 Triplici
575 1455 660 1511 isti
705 1457 814 1526 jam
870 1459 1158 1527 propositae
1230 1455 1577 1525 descriptioni
1618 1451 1806 1508 l'ortnze

231 1547 600 1618 cujuscunque
623 1588 638 1609 .
670 1567 734 1604 eo
774 1549 908 1601 forte
943 1563 1050 1618 quo
1097 1562 1156 1602 se
1195 1549 1610 1617 conspiciendos
1633 1546 1806 1602 sancti

228 1639 493 1693 dederunt
546 1639 716 1704 vultu,
780 1640 1068 1708 respondet
1133 1639 1185 1693 in
1227 1637 1440 1696 Menaeis
1509 1641 1809 1696 communis

229 1730 344 1786 haec
373 1732 614 1785 omnium
645 1740 697 1784 et
728 1729 932 1784 Graecis
967 1731 1270 1785 notissima.

1913 1456 1986 1519 vi,
2023 1452 2326 1522 superciliis
2368 1453 2612 1509 incurm
2639 1493 2653 1518 ,
2688 1455 2853 1508 oarba
2883 1453 3171 1523 promissa,
3219 1453 3484 1510 mediocri

1914 1547 2134 1609 canitie,
2178 1546 2414 1602 maxillis
2473 1545 2760 1617 oblongis,
2811 1548 2966 1616 genis
2999 1564 3190 1617 parum
3232 1546 3487 1618 turgenti-

1921 1643 2057 1705 bus;
2111 1650 2412 1708 temporum
2459 1640 2783 1694 concavitas
2832 1638 3177 1706 c0gitabuudi
3228 1648 3390 1702 erat,
3430 1644 3488 1693 ut

1911 1749 2031 1790 esse
2087 1731 2380 1804 plurimum
2435 1730 2572 1786 solet
2631 1744 2841 1799 eorum,
2886 1729 2981 1802 qui
3018 1730 3156 1785 intra
3186 1745 3244 1786 se
3274 1728 3487 1787 collecti

309 1847 492 1900 Solius
524 1844 732 1912 Basilii,
773 1845 1026 1916 Gregorii
1055 1847 1315 1916 Tlieologi
1343 1888 1358 1912 ,
1390 1855 1553 1914 atque
1577 1844 1807 1914 Cbryso-
1838 1866 1881 1921 Β
1912 1835 2054 1880 5m"-

233 1940 462 1991 sostomi
490 1937 634 2001 icon,
666 1952 763 1993 suo
793 1938 1055 2010 cujusque
1083 1941 1168 1994 die
1206 1941 1256 1994 in
1289 1938 1555 1993 Januario
1587 1950 1805 1990 eorum-

233 2029 354 2079 dem
389 2026 718 2083 Meltzeorum
756 2031 1048 2099 reperitur,
1081 2032 1174 2086 sed
1198 2047 1318 2085 cum
1349 2027 1806 2100 descriptionibus

233 2119 422 2173 furtum
457 2121 934 2186 contractioribus,
969 2137 1104 2190 quas
1132 2122 1523 2192 descriptiones
1552 2120 1684 2176 nihil
1717 2130 1799 2174 ato

236 2216 368 2266 tinet
400 2214 486 2266 bic
517 2214 740 2268 referre.
775 2213 878 2267 Pro
907 2227 966 2267 ea
1010 2223 1188 2267 tamen
1223 2229 1341 2282 qua:
1384 2213 1641 2266 Basiliam
1671 2229 1796 2282 pro-

231 2307 381 2366 punit
414 2305 435 2359 1
476 2304 743 2368 Januarii,
775 2307 958 2374 accipe
991 2307 1408 2375 descriptionem
1435 2305 1684 2367 alteram,
1712 2305 1806 2358 sed

232 2397 413 2453 verbis
453 2399 622 2469 magis
653 2413 813 2464 quam
856 2399 1122 2451 sententia
1156 2399 1449 2460 diversam,
1482 2395 1693 2464 qualem
1741 2409 1805 2449 ex

235 2506 336 2546 ms.
377 2488 632 2544 Vaticano
677 2490 884 2559 accepit
937 2488 1126 2544 Petrus
1169 2489 1357 2544 Frison
1411 2487 1804 2541 Basilianorum

236 2597 461 2649 uperum
493 2582 812 2646 illustratur,
837 2584 887 2635 in
919 2580 1154 2637 editione
1178 2581 1467 2636 Parisiensi
1489 2580 1617 2635 anui
1648 2579 1804 2634 1618.

238 2674 328 2727 Sic
357 2684 537 2726 autem
573 2675 642 2726 ibi
674 2673 888 2742 legitur.

320 2785 378 2837 Ὀ
430 2785 488 2837 ἐν
534 2783 734 2852 ’Λγίοις
765 2783 1041 2846 Βασίλειος
1107 2781 1393 2851 ἐπώνυμος
1438 2782 1648 2848 Μέγας,
1685 2799 1810 2854 προ-

234 2879 416 2947 μήκης
458 2893 517 2928 τε
564 2877 626 2928 τὸ
688 2875 847 2948 σῶμα
899 2877 987 2931 καὶ
1021 2874 1202 2938 εὐθὺς,
1245 2873 1344 2945 sip
1400 2876 1498 2945 μὲν
1541 2875 1810 2945 ξηρότητα

230 2970 392 3039 ἔχων,
421 2969 481 3022 τὸ
514 2969 569 3022 δὲ
604 2969 799 3041 χρῶμα
836 2969 1022 3040 μέλαν,
1066 2970 1157 3023 καὶ
1195 2967 1500 3039 ὠχρότητα,
1542 2968 1634 3021 καὶ
1663 2967 1809 3038 βαδί-

231 3079 435 3131 σματος
468 3058 620 3134 ἦθος,
655 3063 834 3133 ὄρθιος
876 3063 1094 3130 ἐγένετο
1140 3062 1237 3134 τὴν
1283 3065 1425 3133 ῥῖνα,
1456 3062 1554 3126 τὰς
1593 3061 1809 3123 κύκλιος

227 3151 420 3221 ὀφρῦς,
455 3152 776 3223 καθιέμενος
801 3153 890 3205 τὸν
916 3151 1172 3220 πώγωνα,
1201 3153 1436 3224 μετρίως
1464 3153 1652 3216 πολιὰς
1679 3155 1808 3206 ἀνα-

455 3211 792 3316 παραμήκης
829 3244 897 3298 τὰ
936 3211 1180 3318 βλέφαρα
1201 3211 1542 3315 ’ὀλιξίόχοθεη
1573 3211 1647 3297 eoi
1681 3245 1808 3316 περὶ
1835 3211 1882 3274 c

229 3335 502 3405 κροτάφου
525 3335 786 3406 κοίλωμα,
813 3335 1035 3400 σύννους
1067 3353 1127 3389 τε
1153 3337 1228 3400 ὡς
1259 3336 1326 3389 τὰ
1344 3335 1534 3399 πολλὰ,
1566 3337 1656 3389 καὶ
1679 3335 1810 3390 εἴσω

231 3427 597 3498 συνεστηκώς.
634 3429 723 3484 tS.
762 3429 1016 3494 Basilius,
1039 3440 1396 3501 cognomento
1428 3436 1669 3497 Magnus,
1693 3439 1806 3482 sta-

230 3531 348 3573 tura
373 3535 635 3589 procerus
664 3532 779 3577 erat
814 3531 865 3577 et
898 3533 1106 3587 rectus,
1137 3535 1364 3591 corpore
1408 3521 1579 3583 arido,
1619 3520 1802 3576 colore

229 3612 534 3680 nigricante
552 3623 606 3668 et
628 3614 848 3684 pallido,
868 3615 1108 3684 ingressu
1138 3613 1421 3669 moderato
1472 3628 1605 3668 naso
1635 3613 1799 3667 decli-

1982 1959 2130 2016 llanc
2179 1959 2619 2032 descriptionem,
2646 1975 2710 2014 ex
2769 1975 2868 2015 ms.
2902 1958 3164 2015 Vaticano
3209 1969 3488 2028 acceptam

1910 2049 2100 2106 Petrus
2177 2051 2369 2106 Frison
2433 2051 2796 2124 pralaudatus
2857 2053 3138 2122 supposuit
3204 2049 3487 2108 vetustiori

1911 2144 2081 2202 solius
2125 2142 2309 2200 Basilii
2352 2145 2491 2199 iconi
2523 2185 2538 2208 ,
2590 2154 2818 2216 sumptae
2851 2159 2917 2199 ex
2965 2153 3275 2214 pervetusto
3324 2142 3487 2216 Regis

1908 2234 2363 2293 Cbristianissimi
2403 2235 2609 2296 codice.
2651 2241 2740 2304 qui
2798 2234 2981 2306 (sicuti
3020 2235 3319 2306 ascriptum
3347 2233 3487 2305 legi-

1911 2333 2018 2399 tur)
2046 2330 2258 2384 oblatus
2296 2327 2395 2383 fuit
2423 2327 2620 2382 Basilio
2643 2327 2939 2392 Macedoni,
2975 2328 3258 2397 imperium
3297 2326 3486 2385 Orien-

1918 2421 1984 2476 tis
2020 2422 2213 2491 adeptu
2244 2426 2344 2478 sub
2395 2438 2592 2477 annum
2631 2436 2947 2475 ncccuxvn
2982 2463 2997 2487 ,
3031 2421 3269 2492 illudque
3302 2422 3486 2480 mode-

1915 2520 2031 2565 rato
2086 2527 2256 2582 usque
2299 2512 2363 2566 ad
2391 2529 2589 2567 annum
2646 2527 2870 2566 uxxvn.
2908 2510 3004 2564 Est.
3042 2527 3170 2581 ergo
3218 2511 3486 2579 ejusmodi

1915 2603 2034 2658 icon
2065 2619 2172 2670 ,ea
2226 2618 2386 2672 quam
2446 2602 2729 2656 retulimus
2779 2601 3122 2672 apparitione
3184 2603 3481 2672 antiquior,

1915 2696 2125 2751 duobus
2165 2705 2224 2750 Ill.
2252 2694 2531 2749 minimum
2563 2693 2786 2764 integris
2833 2695 3076 2758 saeculis;
3113 2694 3206 2749 sed
3238 2711 3303 2748 an
3358 2694 3480 2749 ideo

1913 2789 2077 2842 etiam
2109 2789 2279 2860 magis
2331 2798 2526 2843 exacta
2583 2788 2648 2842 ad
2684 2787 3009 2841 veritatem?
3065 2787 3178 2840 Non
3209 2787 3485 2844 existimo.

1919 2879 2015 2934 V‘ix
2067 2881 2210 2934 enim
2275 2882 2531 2936 credibile
2577 2891 2698 2945 cst,
2736 2891 3006 2951 sumptam
3040 2895 3160 2935 esse
3213 2895 3277 2934 ex
3311 2880 3487 2949 aliqua

1915 2988 2034 3043 qua:
2078 2972 2241 3026 fuerit
2277 2975 2342 3026 ad
2374 2975 2603 3026 viventis
2638 2975 2840 3026 vultum
2882 2987 3161 3042 expressa.
3192 2971 3248 3026 Si
3303 2980 3486 3025 autem

1919 3065 2078 3116 trium
2116 3062 2343 3117 istorum
2397 3061 2628 3115 fortnam
2687 3063 2766 3116 sic
2815 3063 3082 3129 expressit
3138 3062 3254 3114 suis
3309 3058 3487 3114 verbis

1912 3153 2147 3218 Joannes
2175 3153 2461 3218 Eucbaita,
2505 3153 2718 3222 qualem
2751 3161 3112 3220 conspexerat
3166 3151 3217 3204 in
3255 3151 3486 3217 visione,

1917 3249 2249 3317 lirmiterque
2274 3262 2350 3301 ea:
2373 3262 2491 3316 qua:
2515 3245 2671 3318 vulgo
2702 3244 3168 3298 circumferuntur
3193 3245 3400 3308 icunes,
3430 3251 3486 3298 et

1915 3339 1966 3392 in
2003 3339 2217 3393 Mcnzcis
2243 3341 2676 3408 conspiciuntur,
2715 3339 2939 3407 propius
2973 3336 3239 3407 attingere
3287 3337 3485 3390 verita-

1916 3441 2040 3485 tem.
2077 3431 2283 3485 Placuit
2317 3433 2557 3494 interim,
2587 3439 2644 3486 et
2690 3431 2850 3484 trium
2893 3429 3118 3483 istorum
3151 3441 3218 3482 ex
3249 3425 3486 3493 Nemnis,

1911 3534 1964 3579 et
1991 3524 2149 3578 unius
2187 3521 2368 3576 Basilii
2403 3522 2672 3593 propriam
2705 3537 2772 3576 ex
2801 3521 2985 3576 codice
3016 3518 3186 3590 Regio
3231 3528 3483 3590 spectan-

1914 3617 2034 3672 dam
2071 3617 2220 3671 dare.

757 4135 1036 4202 οΑΝοΝ
1087 4135 1199 4198 DE
1245 4136 1316 4201 S.
1359 4133 1700 4199 BASILIO
1742 4131 1856 4195 AD
1897 4131 2120 4194 DIEM
2174 4126 2528 4192 PRIMUM
2564 4121 2970 4187 JANUARII

1627 4390 1722 4445 EX
1761 4387 2061 4444 ΜΕΝΑΞΙΒ.

891 4818 1023 4876 ΩΔΗ
1041 4821 1122 4878 A'.

292 4955 395 5010 Σοῦ
429 4955 530 5028 τὴν
564 4957 746 5030 φωνὴν
798 4953 905 5011 ἔδει
931 4957 1199 5028 παρεῖναι,
1251 4957 1521 5021 Βασίλειε,
1566 4958 1677 5020 τοῖς
1701 4956 1794 5024 ἑγ-

221 5049 451 5118 κωμίοις
506 5064 620 5100 σουο
663 5048 818 5114 ἀλλὰ,
868 5048 1070 5120 Πάτερ,
1127 5049 1456 5119 συγγνώμην
1498 5046 1790 5118 διδόμενος,

218 5145 316 5218 τὴν
345 5144 506 5216 χάριν
534 5142 714 5212 νέμοις
739 5141 980 5212 ἀφθόνως
1009 5143 1159 5213 ἡμῖν.

288 5282 363 5334 Τὸ
405 5276 648 5350 ἐμπαθὲς
703 5277 983 5349 σκίρτωμα
1021 5276 1118 5346 τῆς
1163 5275 1531 5348 τυραννοὺσης
1573 5277 1794 5347 σαρκὸς,

217 5373 536 5444 φιλοσοφίας
591 5371 750 5442 ἔρωτι
776 5368 1245 5438 ὲπαιδαγώγησας·
1289 5367 1370 5421 διὸ
1399 5370 1457 5421 ὲν
1501 5369 1795 5432 ἀκτρὰτοις

217 5465 426 5530 αὑλίζει
455 5462 764 5534 βασιλείοις,
799 5461 980 5532 Πάτερ
1003 5461 1264 5515 Βασίλειε.

285 5582 408 5635 Τῶν
434 5578 644 5651 ἀρετῶν
679 5579 742 5630 σὺ
762 5577 858 5647 τὴν
887 5577 1142 5648 τραχείαν
1165 5575 1385 5646 βαδίσας
1412 5574 1544 5637 ὁδὸν,
1580 5576 1672 5628 ἐπὶ
1694 5576 1792 5646 τὴν

222 5674 361 5728 λείαν
395 5673 634 5743 ἔφθασας
664 5671 758 5725 καὶ
801 5671 1156 5723 ἀστασίαστον
1199 5670 1296 5739 τὴν
1329 5669 1580 5741 οὐράνιον
1616 5668 1789 5732 Βάσιν,

221 5769 308 5821 καὶ
335 5768 501 5819 πᾶσιν
525 5762 843 5834 ἀναδείχθης
871 5763 1058 5824 τύπος,
1084 5761 1346 5814 Βασίλειε.

286 5880 364 5932 Τὰ
404 5879 503 5946 τῆς
555 5876 731 5947 ψυχῆς
786 5876 930 5946 πάθη
991 5877 1307 5950 χρησίμως,
1368 5873 1631 5940 Βασίλειε,
1673 5874 1788 5945 ἅμα

1829 4823 1876 4879 D

2579 4814 2720 4878 ODE
2764 4815 2806 4875 ι.

1973 4954 2102 5011 Tuis
2133 4955 2380 5009 laudibus
2402 4965 2501 5022 par
2520 4949 2661 5007 foret
2687 4950 2924 5024 linguam
2955 4959 3099 5008 tuam
3133 4952 3347 5018 adesse,
3381 4951 3476 5008 Ba-

1902 5049 1983 5103 sili
2009 5067 2021 5114 ;
2058 5063 2265 5110 verum,
2289 5046 2472 5108 Pater,
2503 5047 2708 5100 veniam
2746 5047 3052 5116 indulgens,
3084 5046 3315 5117 gratiam
3345 5047 3474 5104 abs-

1901 5155 2006 5210 que
2041 5139 2240 5194 iut'idia
2279 5139 2434 5193 uobis
2469 5137 2677 5192 confer.

1969 5275 2323 5330 Passionibus
2377 5275 2665 5328 obnoxium
2732 5271 2916 5326 carnis
2983 5271 3239 5340 impetum
3289 5285 3474 5324 arnore

1898 5367 2254 5437 philosophiae
2318 5365 2648 5436 castigaviin
2693 5373 3021 5432 :propterea
3078 5362 3472 5416 incontamina-

1906 5471 2010 5537 tatn
2039 5461 2251 5516 habitas
2293 5461 2517 5529 regiam,
2548 5457 2712 5512 Pater
2743 5455 2927 5510 Basili.

1968 5577 2201 5630 Arduam
2226 5577 2483 5628 virtutum
2541 5574 2818 5644 ingressus
2869 5570 3011 5623 viam
3038 5611 3053 5634 ,
3090 5569 3156 5621 ad
3188 5568 3358 5623 levem
3409 5577 3464 5623 et

1899 5668 2343 5738 imperturbatum
2385 5667 2436 5720 in
2467 5666 2624 5720 caalis
2655 5661 3357 5730 ascendisti;omnibusque
3387 5660 3466 5714 fa-

1894 5770 2013 5814 ctus
2047 5776 2104 5813 es
2136 5775 2344 5822 norma,
2375 5758 2559 5814 Basili.

1966 5871 2066 5926 l‘as
2086 5872 2273 5927 siones
2299 5872 2487 5938 animi,
2525 5871 2685 5928 simul
2719 5881 2772 5928 et
2801 5871 3046 5940 corporis
3079 5868 3254 5938 gladio
3289 5866 3465 5938 Spiri-
