4230 6488
1474 459 1699 514 ΕΑΝΟΝ
1739 461 1827 515 DE
1864 461 1921 517 S.
1958 462 2245 519 BASlLlO.

1241 576 1550 647 παμμάκαρ
1638 578 1802 631 Βασί-
1835 584 1878 639 Α
1907 579 2112 634 tissime
2160 579 2363 644 Basili,
2399 594 2463 636 ex
2512 580 2714 637 divinis
2766 584 2911 639 thesa

1835 584 1878 639 Α
1907 579 2112 634 tissime
2160 579 2322 635 Basili
2349 618 2363 644 ,
2399 594 2463 636 ex
2512 580 2714 637 divinis
2766 584 3037 640 thesauris
3064 598 3182 640 eam
3221 588 3474 645 omnibus

232 570 517 644 θησαυοῶν
592 572 902 638 ἀνάπτυξας
972 575 1156 639 πᾶσι,

233 667 357 722 λειε.

900 818 1148 885 οΔιίεςκ

300 971 576 1042 Ἐθρεψας
608 972 751 1043 λιμῷ
782 975 1043 1037 τακείσας
1074 975 1253 1046 ψυχὰς
1286 978 1500 1032 πάντων
1533 982 1798 1050 ἀφθόνως,

232 1064 325 1116 καὶ
357 1065 454 1127 τὰς
493 1064 599 1117 τῶν
634 1065 939 1119 πεινώντων
995 1067 1220 1138 καρδίας
1266 1072 1444 1143 πάσης
1478 1073 1798 1144 ἐνέπλησας,

234 1154 499 1218 Βασίλειε,
537 1156 721 1227 θεῖκῆς
752 1158 1107 1228 εὐφροσύνης.

307 1267 576 1337 Ἐθρεψας
631 1269 805 1339 ψυχὰς
850 1272 1120 1337 πεινώσας
1167 1280 1340 1348 τροφῇ
1374 1281 1438 1348 τῇ
1472 1280 1797 1354 ἐπουρανίῳ·

231 1358 393 1428 ἄρτος
422 1360 530 1431 γὰρ
562 1360 666 1411 τῶν
690 1360 935 1428 ἀγγέλων
979 1364 1211 1435 ὑπάρχει
1243 1368 1270 1419 ὁ
1298 1366 1474 1433 λόγος,
1531 1369 1796 1435 Βασίλειε,

231 1445 289 1502 οὗ
318 1452 535 1522 ἄριστος
562 1452 833 1522 σιτοδότης
858 1454 1066 1522 ἐγένου.

302 1565 595 1636 Ἤθροισας
622 1564 699 1635 τῷ
726 1565 824 1635 τῆς
862 1567 1142 1638 μελίσσης,
1179 1571 1446 1637 Βασίλειε,
1495 1575 1798 1644 φιλοπόνως

231 1656 431 1729 ἀρετῆς
465 1658 675 1727 ἀπάσης
709 1659 769 1711 τὸ
819 1661 995 1725 ἄνθος,
1038 1663 1131 1716 καὶ
1180 1664 1481 1735 περιδέξιος
1514 1668 1801 1740 γενόμενος

231 1749 286 1800 ὲν
322 1749 513 1812 αὐταῖς
550 1751 860 1822 μακαρίζει.

304 1859 609 1925 Ἐσπευσας
657 1864 859 1934 κόσμου
903 1868 1153 1938 ῥαγῆναι,
1191 1871 1281 1923 καὶ
1320 1870 1437 1939 Θεῷ
1482 1874 1801 1943 συμϐιοτεῦι

230 1966 337 2005 σιιι⁸
374 1952 456 2005 διὸ
484 1957 594 2017 τοῖς
621 1957 871 2022 ἀστάτοις
900 1961 992 2011 καὶ
1027 1962 1288 2029 ρευστοῖς,
1325 1964 1505 2035 Πάτερ
1530 1943 1795 2033 Βασίλεῖε,

228 2044 294 2097 τὰ
322 2045 549 2114 μένοντα
572 2048 645 2099 ὠ-
682 2050 841 2105 σοφὸ-
876 2053 1212 2123 κατεκτήσω.

900 2248 1031 2303 ΩΔΗ
1062 2250 1135 2304 Z'.

297 2424 474 2479 Εἰκὼν
529 2424 622 2479 τοῦ
674 2427 990 2501 Πνεῦματος
1039 2433 1067 2485 ὁ
1117 2433 1264 2502 Υἱὸς,
1307 2436 1520 2489 καὶτοῦ
1560 2438 1688 2491 Υἰοῦ
1736 2441 1797 2494 τὸ

225 2518 470 2587 Πνεῦμα,
503 2518 564 2570 σὺ
587 2518 643 2571 δὲ
666 2521 758 2574 τοῦ
808 2524 1141 2595 Πνεῦματος,
1180 2527 1442 2592 Βασίλειε,
1470 2530 1796 2600 ᾲκηλίδωτον

225 2611 532 2681 ἱσωπτρον,
586 2608 734 2678 οἶκος
788 2616 844 2669 δὲ
903 2618 1001 2686 τῆς
1060 2618 1186 2689 ὅλης
1245 2620 1487 2690 Τριὰδος
1555 2624 1796 2693 μακαρία

224 2704 256 2773 η
306 2704 493 2775 μνήμη
548 2723 665 2771 σου,
726 2709 817 2762 καὶ
869 2712 917 2763 οἱ
953 2710 1259 2777 δοξάζοντες
1302 2714 1469 2785 αὐτὴν
1524 2714 1793 2780 ἀντιδοξά-

224 2793 425 2858 ζονται.

292 2913 525 2977 Βυθίσας
562 2914 651 2967 τὸν
683 2916 804 2969 νοῦν
833 2919 911 2979 είς
933 2918 1001 2971 τὰ
1030 2918 1165 2989 βάθη
1191 2918 1283 2971 τοῦ
1322 2920 1455 2973 Θεοῦ
1495 2921 1561 2974 τὰ
1598 2924 1794 2978 ἀκατάο

220 3004 419 3075 ληπτα,
464 3005 850 3076 συλλεξάμενος
882 3008 937 3060 δὲ
963 3010 1052 3061 τὸν
1086 3010 1376 3078 πολύτιμον
1422 3012 1485 3064 σὺ
1526 3015 1793 3085 μαργαρί-

220 3113 317 3165 την
341 3098 441 3167 τῆς
467 3097 734 3167 γνώσεως,
763 3098 1079 3161 ὲπλούτισας
1109 3099 1198 3151 τὸν
1225 3102 1424 3169 κόσμον
1452 3103 1660 3170 σοφίας,
1697 3105 1792 3158 καὶ

220 3191 552 3261 κραυγὰζειν
586 3191 845 3254 ἐδίδαξας·
884 3191 1185 3261 Εὐλογητὸς
1217 3194 1246 3244 ὁ
1290 3193 1421 3258 Θεὸς
1460 3193 1569 3247 τῶν
1622 3197 1788 3250 πατέε-

223 3297 329 3349 ρων
351 3281 521 3348 ἡμῶν.

287 3384 358 3439 Ὠ
387 3387 656 3457 σύμπνοια
712 3391 801 3443 νοῦ
835 3393 953 3464 ἱερά
990 3412 1047 3448 τε
1085 3396 1334 3469 ξυνωρὶς,
1392 3402 1423 3471 ἡ
1460 3400 1645 3473 ὥσπερ
1686 3403 1789 3474 μία

220 3478 361 3551 ituri}
390 3480 446 3531 ἐν
470 3479 590 3533 δυσὶ
630 3480 872 3552 σώμασιν
907 3486 1233 3559 ἀδιαίρετος,
1270 3491 1327 3542 ὲν
1363 3492 1647 3563 Γρηγορίῳ
1687 3494 1791 3548 Βα-

220 3571 435 3635 σίλειος,
474 3572 622 3643 πόθῳ
670 3572 833 3642 θεῖκῷ
868 3579 1219 3647 σδνημμένοι,
1258 3581 1315 3632 ὲν
1350 3580 1611 3653 Βασιλείῳ
1646 3582 1685 3634 Γ
1690 3602 1789 3656 ρη-

220 3670 420 3736 γὸριος·
494 3664 585 3715 νῦν
649 3666 957 3719 ἱκετεύσατε
1020 3671 1252 3724 Χοιστὸν
1312 3673 1448 3744 ὑπὲρ
1503 3675 1600 3746 τῆς
1664 3676 1787 3729 ποί-

221 3770 378 3823 μνηςο

288 3866 476 3938 Πατὴρ
496 3867 766 3938 ὀρφανῶν,
791 3870 883 3921 καὶ
900 3870 1080 3941 χηρῶν
1097 3874 1494 3946 προασπιστης,
1521 3877 1614 3929 καὶ
1635 3879 1791 3933 πλοῦ-

218 3974 305 4021 τος
339 3957 553 4029 πένησι,
574 3958 681 4011 τῶν
707 3960 1073 4017 ἀσθενούντων
1100 3967 1132 4036 η
1175 3965 1519 4039 παράκλησις
1553 3970 1649 4022 καὶ
1680 3972 1786 4026 τῶν

216 4050 542 4104 πλοιοῦντων
596 4052 939 4124 κυϐέρνησις,
972 4058 1174 4129 γήρους
1214 4058 1482 4132 βακτηρία
1524 4061 1786 4136 ὲδείχθης,

218 4143 557 4211 παιδαγωγία
585 4144 850 4215 νεάτητος,
879 4148 971 4199 καὶ
1000 4150 1337 4217 μοναξόντων
1365 4154 1565 4226 ἀρετῆς
1581 4157 1780 4226 κανὼν,

218 4232 481 4287 Βασίλειε.

876 4420 1005 4471 ΩΔΗ
1038 4420 1120 4473 H'.

3271 485 3470 528 οοεκεν

1909 672 2207 727 recludens.

2550 827 2684 885 ODE
2719 829 2806 885 Vl.

1973 976 2196 1032 Animas
2228 993 2546 1049 pauperum,
2569 981 2909 1039 tabescentes
2934 985 3098 1050 fame,
3123 987 3241 1042 sine
3265 988 3468 1043 invidia

1905 1068 2197 1135 nntrivisti,
2228 1080 2281 1123 et
2311 1072 2667 1128 esurientium
2693 1076 2875 1142 corda,
2904 1076 3258 1143 Basili,omni
3288 1081 3467 1135 divina

1905 1160 2193 1227 prudentia
2226 1162 2538 1232 implevisti.

1976 1271 2196 1327 Animas
2229 1274 2532 1331 esurientes
2564 1278 2841 1333 nutrivisti
2895 1278 3103 1336 caelesti
3163 1282 3466 1340 alimento:

1908 1379 2031 1417 nam
2088 1366 2241 1434 panis
2282 1368 2590 1437 angelorum
2616 1409 2632 1435 ,
2664 1386 2697 1424 0
2727 1371 2919 1437 Basili,
2946 1381 3031 1430 est
3073 1387 3276 1439 sermo,
3318 1375 3472 1447 cuius

1904 1470 2027 1511 eras
2059 1458 2285 1529 largitor
2309 1461 2566 1530 optimus.

1974 1568 2127 1623 Sicut
2184 1570 2301 1641 apis
2340 1612 2355 1638 ,
2410 1571 2624 1640 Basili,
2680 1590 2908 1645 operose
2953 1576 3220 1648 collegisti
3279 1577 3464 1635 ﬂorem

1902 1662 2078 1716 omnis
2125 1662 2342 1720 virtutis
2368 1702 2384 1730 ,
2413 1673 2469 1721 et
2518 1673 2577 1720 ut
2612 1669 2830 1738 sapiens
2868 1685 2966 1740 per
3015 1685 3133 1726 eam
3189 1673 3468 1732 beatiﬁca-

1904 1767 1997 1807 TIS.

1974 1865 2300 1922 Accelerasti
2327 1867 2567 1926 abscindi
2607 1886 2636 1926 a
2670 1873 2874 1929 mundo
2918 1886 2973 1930 et
3015 1875 3123 1931 Deo
3152 1878 3350 1934 vivere.
3385 1878 3470 1935 Id-

1901 1959 2049 2014 circo
2074 1974 2170 2029 pro
2199 1961 2359 2015 rebus
2382 1961 2725 2019 instabilibus
2754 1980 2818 2020 ac
2841 1966 3000 2022 ﬂuxis
3028 2007 3043 2033 ,
3070 1966 3230 2024 Pater
3253 1968 3296 2023 Β
3315 1969 3465 2035 asili,

1900 2059 2100 2102 aeterna
2127 2050 2399 2120 sapienter
2427 2065 2757 2110 consecutus
2796 2070 2877 2113 es.

2544 2246 2682 2305 ODE
2711 2250 2821 2307 VII.

1969 2438 2135 2478 cuius
2189 2436 2363 2493 imago
2410 2432 2494 2477 est
2528 2421 2785 2495 Spiritus,
2829 2434 2885 2482 et
2933 2426 3170 2499 Spiritus
3196 2428 3361 2500 Filii;
3409 2444 3465 2489 tu

1899 2529 2048 2577 vero,
2084 2512 2270 2577 Basili,
2300 2512 2535 2583 Spiritus
2591 2515 2992 2573 immaculatum
3047 2521 3323 2591 speculum
3351 2561 3367 2587 ,
3412 2535 3469 2580 et

1900 2605 2262 2659 habitaculum
2298 2606 2465 2660 totius
2501 2605 2811 2665 Trinitatis.
2838 2609 3002 2666 Beata
3034 2622 3120 2669 est
3155 2613 3229 2669 tul
3258 2630 3466 2670 memo-

1900 2697 1998 2759 ria,
2034 2706 2097 2750 et
2144 2695 2232 2763 qui
2286 2710 2403 2748 cant
2435 2696 2700 2763 recolunt,
2755 2700 3025 2769 recipiunt
3076 2705 3467 2760 remuneratio-

1896 2803 2040 2841 nem.

1966 2899 2195 2955 Mentem
2240 2901 2768 2974 incomprehensibili
2823 2907 3175 2977 profunditati
3238 2912 3461 2967 immer-

1897 3009 2047 3062 gens,
2087 3005 2141 3049 et
2165 2996 2419 3065 colligens
2441 2998 2902 3067 pretiosissimam
2943 3003 3267 3073 cognitionis
3316 3022 3465 3062 mar-

1895 3086 2122 3153 garitam
2151 3126 2166 3149 ,
2199 3088 2537 3156 locupletasti
2584 3092 2768 3146 orbem
2826 3092 3088 3162 sapientia
3113 3135 3130 3161 ,
3160 3104 3215 3151 et
3271 3098 3455 3154 docui-

1893 3177 1960 3229 sti
2002 3175 2277 3232 clamare:
2316 3176 2635 3236 Benedictus
2668 3196 2747 3247 es,
2799 3182 2939 3238 Deus
2968 3194 3184 3255 patrum
3237 3197 3460 3244 nostro-

1838 3283 1857 3324 λ
1895 3283 2031 3321 ΓυΙΙΙο

1964 3379 2009 3435 0
2042 3383 2322 3439 consensio
2354 3383 2651 3439 animorum
2699 3393 2751 3438 et
2800 3394 2985 3441 sancta
3046 3387 3275 3445 societas
3304 3430 3319 3445 .
3354 3406 3460 3461 qua

1894 3471 2037 3525 velut
2060 3488 2197 3528 unus
2224 3482 2277 3527 et
2318 3472 2624 3530 lndividnus
2676 3474 2727 3529 in
2781 3478 2997 3546 gemino
3026 3493 3254 3550 corpore
3284 3480 3459 3553 Spiri—

1893 3570 1979 3616 tns
2007 3602 2021 3627 ,
2049 3563 2100 3616 in
2133 3561 2399 3634 Gregorio
2436 3563 2668 3621 Basilius
2706 3565 2890 3623 divino
2926 3584 3113 3623 amore.
3150 3571 3351 3641 unitus,
3404 3575 3457 3629 in

1892 3654 2093 3709 Basilio
2114 3654 2414 3725 Gregorius
2434 3656 2553 3713 fuit.
2587 3658 2750 3714 Orate
2784 3674 2926 3717 nunc
2957 3675 3054 3731 pro
3084 3677 3249 3733 grege
3271 3674 3457 3721 nostro

1891 3747 2166 3804 Christum

1958 3859 2288 3934 Pupillorum
2322 3871 2500 3933 pater,
2526 3872 2796 3933 protector
2826 3865 3109 3921 viduarum
3134 3907 3148 3932 ,
3182 3868 3457 3939 opulentia

1891 3969 2224 4027 pauperum,
2257 3955 2638 4023 a-grotantium
2674 3955 2914 4012 solamen
2937 3996 2952 4021 ,
2988 3968 3044 4013 et
3086 3959 3139 4013 in
3180 3960 3282 4016 hoc
3322 3964 3456 4017 mari

1886 4046 2260 4104 ﬂuctuantium
2285 4047 2736 4116 gubernaculum,
2770 4048 2994 4104 baculus
3014 4051 3330 4117 senectutis,
3364 4052 3457 4123 jn-

1885 4139 2124 4194 ventutis
2159 4138 2466 4204 instructio,
2498 4138 2866 4194 solitariorum
2902 4139 3088 4211 regula
3139 4140 3211 4196 ad
3239 4156 3455 4196 omnem

1885 4232 2135 4286 virtutem
2160 4246 2286 4297 es,o
2320 4230 2484 4287 Basili

2512 4408 2647 4466 ODE
2676 4407 2807 4464 VIII.

282 4596 384 4648 Τὸν
410 4597 670 4667 ἀφράστῳ
719 4601 940 4672 προνοίᾳ
981 4601 1363 4671 δωρησάμενον
1398 4604 1675 4660 Βασίλειον
1702 4608 1779 4679 τῷ
1812 4618 1855 4673 ι)

1764 4608 1855 4673 3D
1951 4627 2209 4683 lneﬂ'abili
2266 4628 2606 4697 providentia
2655 4646 2973 4688 concessum
3027 4649 3224 4690 mnnuo
3283 4653 3434 4691 oast-

212 4689 422 4758 χόσμῳ,
467 4688 580 4759 φῶς
617 4690 894 4757 εὐσεϐείας
947 4693 1219 4765 σάλπιγγά
1274 4713 1333 4748 τε
1367 4698 1463 4768 τῆς
1506 4699 1780 4768 θεολογίας

212 4778 526 4851 [ὑμνοῦντες
550 4781 819 4855 λέγομεν]·
852 4787 1158 4856 Εὑλογεῑτε,
1186 4788 1252 4842 τὰ
1272 4790 1407 4862 ἔργα
1440 4793 1531 4846 τοῦ
1551 4796 1774 4866 Κυρίου,

208 4876 299 4928 τὸν
331 4875 551 4947 Κύριον.

282 4993 383 5045 Τὸν
410 4994 621 5063 δαψιλεῖ
647 4994 894 5066 ἐνεργείᾳ
925 4996 1278 5068 ὲνοικήσαντα
1314 4998 1389 5069 τῷ
1431 5001 1578 5069 σοφῷ
1613 5002 1774 5054 Βασι-

207 5086 353 5157 λείῳ,
386 5088 480 5140 καὶ
523 5087 588 5140 δι’
617 5089 780 5141 αὐτοῦ
815 5087 1052 5151 εὐσεϐῶς
1089 5090 1495 5162 θεολογηθένταο
1534 5094 1775 5161 Εὑλογεῖ-

205 5193 284 5233 τε.
316 5178 383 5230 τὰ
406 5178 540 5248 ἔργα
560 5179 651 5233 τοῦ
691 5181 921 5251 Κυρίου,
969 5180 1058 5233 τὸν
1095 5182 1315 5255 Κύριον.

279 5291 340 5344 Oi
366 5292 473 5343 τῶν
528 5291 683 5346 θείων
734 5311 825 5347 σου
858 5295 1029 5363 λόγων
1076 5295 1461 5362 ἀπολαϐόντες,
1497 5299 1769 5367 Βασίλειε,

205 5384 497 5446 ἀπαύστως
528 5386 584 5435 ὲν
608 5388 671 5455 τῇ
707 5402 798 5437 σου
834 5390 1020 5459 μνήμη
1049 5388 1503 5461 πανηγυρίζοντες
1536 5390 1765 5461 βοῶμεν·

205 5476 510 5544 Εὑλογεῖτε,
537 5475 603 5528 τὰ
621 5478 755 5548 ἔργα
789 5478 880 5530 τοῦ
915 5481 1140 5551 Κυρίου,
1162 5481 1250 5534 τὸν
1277 5482 1495 5551 Κύριον,

272 5590 383 5653 Τὰς
418 5591 638 5652 ἀκτῖνας
682 5590 789 5642 τῶν
836 5591 1009 5658 λόγων
1049 5593 1453 5659 ἐξαπέστειλας,
1504 5596 1768 5659 Βασίλειε,

201 5682 277 5753 τῷ
336 5684 546 5753 κόσμῳ,
616 5685 1053 5753 φωταγωγούσας
1118 5688 1245 5754 μίαν
1302 5686 1476 5739 σέϐειν
1545 5689 1769 5759 Τριάδος

201 5775 379 5841 φύσιν’
434 5775 739 5842 Εὑλογεῖτε,
798 5776 866 5827 τὰ
916 5776 1049 5845 ἔργα
1093 5778 1185 5829 τοῦ
1245 5776 1447 5846 Κυρίου
1525 5780 1615 5831 τὸν
1658 5779 1769 5833 Κύ-

200 5883 331 5928 ριον.

1884 4720 2011 4773 Ιίυιη
2041 4761 2057 4783 ,
2098 4719 2323 4788 pietatis
2375 4720 2699 4788 lucernam,
2748 4725 2927 4779 tubam
2983 4726 3262 4799 theologia
3309 4726 3452 4803 [lau-

1880 4812 2067 4866 dantes
2095 4810 2364 4885 dicimus]
2400 4828 2414 4867 :
2446 4811 2777 4880 Benedicite,
2809 4830 2971 4886 opera
3001 4816 3234 4885 Domini,
3265 4821 3450 4876 Domi-

1878 4918 2029 4960 num.

1950 5013 2179 5085 COpiosa
2210 5016 2528 5084 operatione
2579 5017 2969 5075 inbabitantem
2998 5021 3217 5090 Basilio,
3245 5036 3297 5081 et
3330 5029 3444 5098 ipso

1879 5109 2147 5163 mediante
2174 5106 2259 5176 pie
2288 5110 2592 5179 expositum
2615 5130 2630 5167 :
2654 5111 2982 5177 Benedicite,
3008 5129 3167 5184 opera
3206 5115 3443 5187 Domini,

1879 5198 2186 5253 Dominum.

1947 5311 2045 5379 Qui
2077 5312 2271 5370 divinis
2307 5314 2412 5369 tuis
2445 5315 2789 5373 sermonibus
2820 5318 3071 5383 fruimur,
3102 5335 3135 5374 ο
3170 5320 3355 5385 Basili,
3378 5325 3429 5377 in

1879 5401 1951 5454 tui
1988 5406 2301 5457 memoriam
2338 5403 2525 5459 festive
2552 5410 2887 5477 congregati,
2917 5409 3248 5465 clamamus:
3272 5411 3446 5468 Bene-

1879 5495 2060 5559 dicite,
2083 5512 2246 5565 opera
2276 5499 2508 5563 Domini,
2541 5498 2825 5555 Dominum

1946 5607 2145 5664 Radios
2179 5626 2487 5665 sermonum
2523 5620 2733 5666 tuorum
2772 5612 2969 5667 mundo
3001 5616 3251 5680 emisisti,
3282 5635 3314 5671 ο
3343 5618 3441 5672 Ba-

1872 5698 1978 5763 sili,
2013 5700 2317 5753 illuminans
2347 5716 2492 5766 eum,
2528 5714 2585 5755 ut
2618 5717 2777 5756 unam
2812 5704 2861 5757 in
2891 5703 3153 5761 Trinitate
3184 5720 3432 5763 naturam

1871 5802 2151 5855 venerans,
2177 5793 2353 5845 dicat:
2394 5790 2719 5859 Bcnedicite,
2760 5808 2918 5863 opera
2975 5795 3207 5862 Domini,
3255 5798 3434 5854 Domi-

1870 5890 2016 5927 ιιιιιη.
