4230 6492
2909 432 2968 438 -ι
3035 420 3064 428 ’—
3365 429 3430 434 ’.ν

2047 437 2108 445 “⁶
2163 437 2223 445 ““““
2256 433 3318 466 ““’““’“““”““““·-”“’““-·’

549 771 1123 871 MONITUM
1196 769 1345 879 AD
1418 762 2010 861 HOMILIAS
2083 763 2209 855 IN
2284 760 3115 857 HEXAEMERON

319 1430 465 1491 Sunt
488 1436 580 1507 qui
613 1437 924 1494 existiment
948 1435 1205 1493 Basiliam
1240 1435 1491 1506 Magnum
1518 1431 1940 1491 commentarios
1966 1436 2017 1488 in
2044 1442 2211 1488 totam
2245 1430 2579 1500 Scripturam
2597 1424 3055 1496 contexaisse(l):
3086 1423 3180 1481 sed
3214 1438 3338 1479 cum
3363 1424 3482 1478 hac

247 1524 438 1594 opinio
466 1526 584 1581 sola
634 1526 941 1583 Cassiodori
994 1528 1319 1584 auctoritate
1345 1529 1573 1593 nitatur,
1604 1542 1668 1581 ea
1700 1529 1765 1581 de
1808 1540 1869 1580 re
1899 1524 2133 1581 dubitari
2165 1538 2325 1593 posse
2352 1522 2684 1579 arbitramur
2704 1561 2720 1587 ,
2765 1517 3067 1589 pmsertim
3113 1529 3235 1570 cum
3277 1515 3344 1570 de
3376 1514 3479 1569 hac

242 1618 764 1672 commentariorum
797 1620 934 1675 mole
964 1621 1131 1675 altum
1164 1621 1233 1675 sit
1270 1620 1545 1676 silentium
1576 1619 1715 1688 apud
1742 1617 2097 1689 antiquiores.
2135 1616 2407 1671 Habemus
2442 1616 2737 1671 etiamnum
2763 1611 3013 1668 homilias
3042 1624 3232 1665 novem
3267 1608 3320 1662 in
3344 1622 3479 1677 opus

243 1722 340 1763 sex
375 1708 607 1772 dierum,
644 1712 745 1766 hoc
775 1723 894 1779 est,
931 1716 985 1769 in
1020 1714 1403 1776 Hexaemeron,
1437 1712 1714 1768 orationes
1746 1711 1930 1767 decem
1974 1720 2027 1764 et
2067 1720 2272 1777 septem
2321 1709 2375 1763 in
2412 1709 2676 1778 quosdam
2710 1696 3391 1773 Psalmos,‘amplissimum
3423 1702 3480 1759 in

244 1799 428 1868 priora
453 1801 724 1859 sexdecim
759 1804 909 1861 Isaiae
939 1808 1117 1875 capita
1148 1805 1623 1861 commentarium.
1661 1802 1840 1857 Pauca
1872 1801 2093 1873 quidem
2130 1800 2247 1855 haec
2281 1809 2431 1863 sunt,
2457 1800 2501 1854 si
2540 1808 2922 1867 comparentur
2950 1812 3073 1853 cum
3110 1796 3178 1851 iis
3207 1807 3483 1849 commen-

246 1890 403 1946 tariis
427 1893 518 1962 qui
554 1894 685 1949 olim
714 1896 915 1952 Basilio
946 1898 1128 1952 tributi
1172 1897 1324 1953 fuere
1356 1916 1371 1952 :
1400 1898 1495 1952 sed
1534 1905 1712 1949 tamen
1739 1896 2091 1951 nuoramdam
2134 1890 2445 1965 γνησιότης,
2499 1902 2560 1946 ut
2600 1892 2733 1946 mibi
2768 1891 2979 1960 quidem
3004 1889 3233 1950 videtur,
3273 1886 3393 1957 jure
3415 1898 3484 1941 ae

251 1985 447 2038 merito
470 1996 717 2055 suspecta
748 1990 915 2042 videri
945 1998 1140 2057 potest.
1172 1990 1247 2045 De
1274 1988 1361 2045 his
1398 1989 1451 2044 in
1478 1987 1834 2055 Praelatione,
1861 1990 1951 2045 ubi
1986 1990 2051 2045 de
2077 1989 2319 2059 qualibet
2357 2001 2413 2041 re
2445 2000 2543 2039 suo
2571 1984 2762 2040 ordine
2789 2000 2852 2039 ac
2882 1986 3000 2040 loco
3023 1982 3343 2053 disputatur.
3377 1980 3482 2033 Ve-

248 2080 391 2127 teres
420 2082 598 2129 autem
624 2075 809 2143 quanti
853 2074 1214 2133 Hexaemeron
1267 2080 1519 2146 fecerint,
1558 2094 1681 2135 esse
1726 2080 2001 2135 hominem
2032 2080 2123 2149 qui
2166 2080 2378 2149 ignoret
2408 2078 2647 2133 arbitror
2678 2075 2967 2131 neminem.
3018 2074 3145 2142 Ejus
3186 2072 3483 2127 meminere

244 2158 540 2233 Gregorius
566 2165 956 2233 Nazianzenus,
1011 2170 1304 2244 Gregorius
1329 2172 1625 2244 Nyssenus,
1675 2173 2054 2245 Hieronymus,
2083 2173 2336 2228 Socrates
2360 2171 2441 2243 (2)
2466 2181 2521 2227 et
2554 2172 2666 2225 alii.
2711 2170 3013 2240 Optandam
3047 2178 3195 2223 certe
3223 2174 3387 2230 esset,
3421 2176 3483 2217 ut

246 2253 483 2311 lectores
506 2257 592 2313 bis
623 2260 961 2319 orationibus
987 2264 1226 2335 legendis
1259 2266 1332 2320 ita
1359 2268 1515 2321 hodie
1547 2266 1912 2333 allicerentar,
1940 2276 1999 2319 ut
2036 2265 2371 2321 aﬂiciehatur
2407 2264 2536 2321 olim
2577 2264 2873 2334 Gregorius
2905 2261 3298 2324 Nazianzenus,
3327 2257 3481 2327 cujus

247 2343 360 2399 hac
380 2356 507 2401 sunt
533 2350 695 2406 verba
729 2370 742 2407 :
778 2353 945 2411 Ὅταν
977 2357 1078 2429 τὴν
1115 2357 1481 2427 Ἐξαήμερον
1510 2356 1673 2413 αὑτοῦ
1708 2357 2199 2429 μεταχειρίζωμαι,
2230 2356 2322 2410 καὶ
2352 2357 2439 2411 διὰ
2478 2354 2731 2428 γλώσσης
2753 2356 2923 2429 φέρω,
2960 2352 3097 2426 μετὰ
3126 2350 3217 2406 τοῦ
3244 2350 3482 2406 Κτίστον

245 2437 487 2512 γίνομαι,
514 2446 609 2499 καὶ
640 2448 891 2516 γινώσκω
932 2452 1161 2516 κτίσεως
1194 2451 1417 2519 λόγους,
1460 2453 1553 2506 καὶ
1594 2451 1857 2522 Θαυμάξω
1884 2450 1975 2505 τὸν
2000 2449 2241 2521 κτίστην
2274 2450 2435 2503 πλέον
2467 2449 2500 2519 ἢ
2543 2450 2826 2522 πρότερον,
2852 2448 2970 2517 ὄψει
3012 2446 3149 2519 μόνῃ
3184 2443 3487 2513 διδασκάλῳ

246 2528 552 2602 χρώμενος.
591 2554 612 2587 ι
651 2537 786 2594 Cum
819 2540 1181 2596 Hexaemeron
1213 2542 1358 2598 illius
1396 2542 1449 2596 in
1487 2556 1681 2597 manus
1706 2557 1885 2607 sumo,
1922 2553 2086 2611 atque
2121 2544 2174 2597 in
2204 2556 2298 2596 ore
2330 2540 2524 2608 habeo,
2565 2556 2688 2595 cam
2720 2539 2976 2596 Creatore
3016 2537 3319 2608 conjungor
3353 2576 3369 2595 .
3422 2549 3486 2587 ac

246 2623 546 2680 ereationis
572 2626 812 2683 rationes
854 2643 1114 2699 agnosco,
1149 2628 1579 2698 Creatoremque
1621 2628 1793 2696 magis
1822 2630 2066 2685 admiror
2106 2644 2170 2685 ac
2207 2628 2468 2699 suspicio,
2520 2642 2678 2699 quam
2714 2628 2865 2697 prius
2896 2626 3160 2689 solebam,
3202 2639 3325 2679 cum
3368 2624 3485 2679 solo

251 2726 475 2785 aspecta
500 2717 765 2789 magistro
796 2729 999 2776 uterer.
1045 2740 1065 2775 ι
1098 2720 1384 2776 Ascribam
1434 2731 1488 2777 et
1521 2720 1685 2776 verba
1722 2718 1975 2789 Gregorii
2018 2717 2269 2791 Nysseni,
2302 2719 2393 2789 qui
2424 2718 2491 2775 de
2516 2718 2707 2774 eodem
2740 2716 2830 2773 illo
2865 2730 3028 2785 opere
3059 2726 3165 2770 tam
3198 2716 3485 2786 magniﬁco

260 2806 478 2863 locutus
514 2820 619 2872 est.
654 2820 712 2867 ut
747 2813 963 2867 modum
996 2815 1263 2868 excedere
1300 2814 1575 2869 videatur.
1612 2810 1691 2868 lta
1720 2823 1900 2865 autem

1815 2826 1900 2865 em
1932 2812 2149 2880 scripsit
2179 2830 2195 2865 :
2230 2811 2353 2865 Τῶν
2377 2811 2486 2883 γὰρ
2523 2811 2663 2865 κατὰ
2690 2810 2842 2863 θείαν
2869 2808 3154 2863 ιπίπνοιαν
3179 2810 3235 2862 ὲν
3268 2809 3335 2879 τῇ
3387 2822 3485 2861 κο-

247 2900 515 2974 σμογονίᾳ
544 2901 1012 2975 φιλοσοφηθέντων
1032 2905 1109 2976 τῷ
1136 2905 1357 2977 μεγάλῳ
1382 2907 1589 2979 Μωῦσῇ
1611 2948 1627 2965 .
1652 2944 1665 2958 .
1686 2946 1701 2961 .
1724 2945 1738 2960 .
1764 2904 2029 2972 ὲπέταξας
2045 2908 2175 2979 ἡμῖν
2199 2906 2288 2960 διά
2304 2922 2448 2969 τινος
2468 2902 2761 2959 ἀκολούθου
2781 2900 3012 2966 διανοίας
3042 2904 3121 2965 είς
3140 2898 3328 2971 είρμὸν
3355 2900 3487 2981 ἁγὼ

244 2994 386 3063 γεῐν,
409 2993 505 3047 καὶ
537 2994 933 3065 συμφωνοῦσαν
961 2996 1097 3068 πρὸς
1119 2998 1317 3071 ἑαυτὴν
1343 2998 1622 3066 ἀποδεῖξαι
1646 2998 1745 3069 τὴν
1774 2995 1935 3065 ἁγίαν
1957 2998 2180 3071 Γραφήν
2200 3014 2214 3028 ·
2258 2996 2353 3051 καὶ
2386 2995 2560 3049 ταῦτα
2597 2994 2734 3065 μετὰ
2766 2994 2865 3066 τὴν
2896 2992 3248 3046 Θεόπνευστον
3274 2992 3487 3065 ἐκείνην

244 3084 343 3142 τοῦ
374 3084 584 3155 [ἰατρὸς
612 3085 769 3156 ἡμῶν
801 3087 882 3150 είς
910 3086 972 3140 τὸ
1001 3090 1363 3161 προκείμενον
1386 3089 1638 3161 θεωρίαν,
1662 3091 1729 3161 ἢν
1762 3091 1811 3143 oi
1834 3090 2136 3156 ἐγνωκότες
2164 3089 2389 3153 πάντες.
2417 3087 2568 3142 οὐδὲν
2590 3087 2807 3139 ἔλαττον
2844 3084 2952 3138 τῶν
2976 3083 3124 3155 αὐτῷ
3158 3085 3362 3155 Μωῦσῇ
3388 3101 3487 3138 πι-

248 3176 698 3248 φιλοσοφημένων
739 3177 1131 3251 Θαυμάσουσιν,
1174 3179 1233 3236 εὖ
1268 3182 1359 3235 καὶ
1392 3181 1646 3245 εἰκότως,
1684 3175 1837 3252 οἶμαι
1860 3220 1876 3246 ,
1906 3201 1918 3228 ε

1822 3198 1876 3246 ι,
1906 3181 2065 3235 τοῦτο
2097 3180 2397 3244 ποιοῦντες.
2432 3198 2449 3231 ε
2492 3178 2584 3233 Vis
2615 3178 2756 3234 enim
2787 3186 2845 3230 ut
2878 3190 2998 3245 qua:
3025 3177 3231 3231 caelesti
3270 3192 3488 3231 numne

250 3264 464 3323 adlatas
493 3267 561 3323 de
590 3270 771 3324 mundi
796 3270 1174 3340 procreatione
1212 3284 1439 3341 magnus
1472 3270 1686 3342 Moyses
1714 3270 1951 3341 prodidit
1989 3271 2339 3327 monimentis
2370 3270 2697 3334 litterarum,
2720 3268 2909 3323 ordine
2934 3268 3163 3337 quodam
3183 3269 3487 3337 disponam,

258 3369 616 3431 sanctamque
645 3359 985 3433 Seriptaram
1020 3362 1124 3419 sibi
1154 3363 1253 3433 ipsi
1280 3364 1710 3421 consentientem
1742 3380 1808 3420 ac
1834 3373 2177 3422 constantem
2203 3378 2324 3420 esse
2353 3365 2757 3426 demonstrem;
2788 3362 2951 3431 idque
2987 3369 3109 3431 post
3138 3362 3376 3417 divinam
3420 3361 3490 3415 il-

251 3449 360 3505 lam
394 3450 575 3506 Patris
599 3453 771 3509 nostri
812 3454 865 3509 in
906 3456 1044 3509 idem
1096 3466 1479 3526 argumentum
1521 3456 2058 3522 commentationem,
2085 3471 2248 3528 quam
2288 3455 2379 3526 qui
2411 3454 2678 3523 legerant,
2716 3467 2821 3507 non
2855 3452 3035 3507 minas
3061 3467 3221 3522 quam
3249 3467 3336 3515 ea,
3366 3468 3491 3524 qum

254 3544 324 3599 ab
355 3546 470 3611 ipso
504 3544 687 3616 Moyse
714 3548 1011 3619 perscripta
1038 3559 1186 3613 sunt,
1224 3565 1413 3606 omnes
1437 3551 1778 3605 admirantur
1808 3568 1825 3605 :
1859 3558 1916 3605 et
1951 3551 2166 3615 merito,
2194 3564 2310 3605 mea
2344 3548 2560 3620 quidem
2590 3547 2882 3603 sententia.
2926 3564 2946 3600 ι

332 3635 457 3689 Alia
486 3636 706 3703 quidem
745 3639 976 3707 ratione,
1012 3641 1107 3696 sed
1140 3639 1442 3697 emcaciore
1471 3642 1641 3698 multo
1666 3652 1723 3698 et
1750 3641 1818 3695 ad
1858 3641 2293 3712 persuadendum
2322 3642 2533 3711 aptiore
2577 3642 2680 3695 hoc
2730 3639 2871 3694 idem
2919 3654 3057 3708 opus
3091 3639 3493 3695 commendavit

254 3726 600 3796 Ambrosias,
632 3730 784 3795 dum,
820 3734 965 3801 quod
989 3731 1218 3790 Basilius
1239 3733 1533 3805 scripserat
1558 3736 1769 3800 Grece,
1793 3733 1848 3790 id
1876 3735 1991 3805 ipse
2024 3731 2216 3789 Latine
2242 3732 2494 3787 reddidit.
2543 3732 2607 3787 Et
2644 3745 2798 3797 vero,
2844 3744 3001 3785 nemo
3038 3730 3249 3801 opinor.
3300 3730 3488 3797 homo,

264 3820 356 3890 qui
381 3833 675 3892 atrumque
696 3837 835 3893 opus
864 3823 1081 3896 legerit.
1111 3826 1440 3882 inliciabitur
1466 3827 1811 3882 Ambrosiam
1843 3826 1897 3882 in
1940 3826 2047 3882 illis
2068 3827 2180 3880 suis
2220 3824 2560 3881 orationibus
2595 3824 2924 3894 interpretis,
2966 3838 3071 3878 non
3103 3822 3342 3878 auctoris
3374 3838 3494 3877 aiu-

259 3928 389 3969 nere
418 3914 765 3983 perfunctam
803 3914 991 3971 fuisse.
1025 3917 1224 3973 Fateor
1256 3917 1473 3987 quidem
1504 3918 1852 3975 Ambrosiam
1904 3933 2011 3975 non
2041 3917 2176 3972 nihil
2215 3918 2282 3971 de
2334 3931 2432 3973 suo
2458 3917 2679 3981 addere,
2719 3916 2956 3979 demere,
2988 3924 3358 3984 transponere,
3390 3914 3493 3969 im-

257 4016 471 4062 mutare
499 4021 516 4058 :
548 4006 643 4061 sed
679 4006 751 4061 ita
802 4016 1004 4075 tamen,
1038 4018 1097 4064 ut
1144 4010 1500 4080 interpretem
1536 4021 1683 4082 agat,
1710 4012 2096 4081 interpretem,
2152 4008 2392 4077 inquam,
2435 4022 2541 4062 non
2589 4006 2986 4077 scrupulosam,
3033 4004 3125 4061 sed
3161 4003 3487 4062 liberiorem.

254 4097 435 4168 Quare
469 4098 515 4154 si
546 4102 762 4167 quando
797 4100 851 4155 in
892 4101 1184 4157 Ambrosio
1220 4111 1513 4157 occurrant
1557 4102 1675 4157 loca
1710 4103 1956 4171 quaedam
2005 4098 2263 4163 dimcilia,
2314 4098 2585 4169 perplexa,
2618 4100 2982 4165 subobscura,
3046 4107 3320 4167 corrupta,
3373 4112 3495 4169 qua:

257 4188 530 4247 lacessant
560 4191 829 4263 negotium
866 4192 1076 4258 lectori,
1106 4191 1155 4248 ei
1188 4204 1377 4249 auctor
1410 4209 1528 4247 sum
1553 4203 1611 4247 ut
1646 4192 1710 4246 ad
1738 4192 1993 4248 Basiliam
2012 4191 2305 4262 confugiat,
2337 4205 2507 4263 eoque
2540 4191 2798 4261 magistro
2820 4206 2883 4245 ac
2910 4191 3047 4246 duce
3072 4201 3275 4246 utatur.

330 4278 839 4338 ConstatBasilium
876 4283 960 4337 bis
987 4283 1075 4338 die
1109 4284 1492 4339 concionatum
1521 4284 1715 4349 fuisse,
1770 4286 2055 4340 matutinis
2088 4286 2236 4340 boris
2272 4293 2434 4354 atque
2481 4282 2837 4353 vespertinis;
2882 4283 3042 4351 idque
3082 4293 3323 4353 tempore
3351 4279 3491 4348 Qua-

258 4373 581 4445 dragcsima:
611 4394 623 4429 :
675 4376 770 4429 sed
804 4389 911 4444 quo
940 4389 1105 4441 anno,
1158 4375 1317 4430 valde
1364 4376 1653 4431 incertum.
1682 4376 1799 4431 Non
1824 4378 2051 4434 deluere
2073 4379 2163 4447 qui
2192 4394 2255 4433 ex
2281 4376 2544 4433 orationis
2566 4384 2768 4431 octava
2797 4373 2980 4431 verbis
3007 4375 3303 4447 judicarint
3337 4374 3492 4429 Basi-

260 4466 415 4531 liam,
444 4481 565 4535 qua
603 4477 725 4522 erat
754 4469 853 4523 viri
882 4465 1158 4529 facundia,
1188 4468 1479 4523 conciones
1511 4470 1607 4523 has
1634 4468 1701 4523 ad
1730 4470 1986 4538 populum
2014 4486 2081 4525 ex
2112 4480 2355 4540 tempore
2388 4468 2655 4523 habuisse.
2686 4468 2753 4523 Et
2789 4469 3032 4539 quidem,
3059 4471 3103 4524 si
3134 4468 3264 4523 lides
3301 4466 3496 4525 Ruﬁno

259 4558 565 4617 adhibenda
599 4560 670 4615 sit
711 4558 814 4631 (ὅ),
836 4561 915 4615 sic
944 4560 1255 4617 concionari
1283 4560 1493 4615 solebat
1521 4559 1778 4618 Basilius.

340 4654 710 4711 Hexaemeron
737 4653 921 4710 Basilii
960 4656 1089 4711 olim
1111 4658 1161 4709 in
1192 4656 1424 4725 linguam
1453 4655 1699 4712 Latinam
1734 4658 2014 4712 transtulit
2039 4658 2350 4713 Eustathius
2374 4674 2391 4712 :
2420 4657 2513 4711 sed
2542 4654 2675 4711 nihil
2703 4666 2786 4712 est
2820 4654 2961 4724 quod
2986 4655 3074 4710 hic
3101 4654 3166 4709 de
3186 4654 3301 4724 ejus
3323 4665 3497 4713 Inter.

263 4750 573 4823 pretatione
604 4747 1012 4819 proloquamur,
1046 4765 1170 4803 cum
1197 4748 1250 4802 id
1283 4762 1420 4818 opus
1446 4747 1500 4803 in
1536 4750 2076 4820 Appendicepditum
2112 4751 2295 4805 videre
2324 4748 2523 4819 cuique
2556 4748 2736 4804 liceat.
2778 4743 3004 4803 Easdem
3034 4746 3129 4801 bas
3157 4745 3341 4804 Basilii
3372 4764 3494 4805 ora-

264 4844 454 4901 tiones
484 4840 755 4897 transtulit
778 4853 1017 4911 quoque,
1044 4842 1405 4912 quorumdam
1440 4841 1652 4913 judicio
1681 4843 1783 4915 (4),
1806 4842 2098 4912 Dionysius
2123 4842 2366 4912 Exiguus
2397 4859 2410 4896 :
2456 4844 2549 4899 scd
2579 4858 2683 4899 oua
2736 4844 3064 4898 auctoritate
3100 4849 3156 4896 et
3184 4851 3381 4903 uulnus
3406 4854 3492 4898 te-

262 4938 536 4996 stimoniis
563 4936 766 4993 dictum
791 4935 842 4992 id
866 4935 956 4999 sit,
984 4936 1323 5007 ignoramus.
2400 4992 2407 4999 ,

338 5028 582 5085 Necesse
604 5044 710 5083 non
744 5038 830 5084 est
856 5026 1023 5083 multa
1056 5030 1158 5083 hoc
1186 5027 1307 5083 loco
1333 5029 1513 5085 dicere
1538 5041 1607 5085 ac
1631 5029 1816 5085 tribas
1843 5029 2199 5093 orationibus,
2224 5044 2451 5099 quaram
2482 5030 2601 5087 duae
2628 5030 2837 5101 priores
2870 5030 3082 5100 scripta:
3127 5037 3257 5085 sunt
3299 5031 3367 5087 de
3397 5030 3493 5085 ho-

267 5120 432 5177 minis
458 5118 803 5186 formatione,
833 5120 994 5175 tertia
1018 5119 1084 5174 de
1113 5120 1387 5189 paradiso.
1419 5120 1552 5177 Nam
1581 5135 1645 5176 ea
1676 5122 1746 5177 de
1776 5136 1839 5177 re
1887 5122 2020 5179 satis
2046 5120 2163 5178 fuse
2210 5120 2267 5177 in
2316 5120 2639 5179 Prml‘atione
2676 5121 2983 5191 disputatur
3016 5140 3030 5177 :
3072 5136 3235 5194 quam
3270 5123 3363 5194 qui
3405 5138 3506 5179 vo-

268 5218 400 5285 lent,
427 5217 606 5289 lcgcre
632 5224 882 5286 poterant
909 5215 937 5288 θ
964 5214 1005 5283 l,
1034 5230 1088 5271 n.
1116 5217 1210 5272 l3.

369 5485 419 5556 Ι)
443 5483 642 5556 Barca.
660 5482 815 5556 A578;
847 5478 1091 5556 Cassiod.
1122 5476 1351 5556 θεῇσι.

360 5485 419 5557 l)
443 5483 640 5539 Baron.
678 5482 815 5547 578;
847 5478 1091 5536 Cassiod.
1122 5478 1197 5535 Ds
1224 5479 1438 5606 insta.
1475 5478 1601 5535 538.

360 5553 600 5636 ἤρεφε.
628 5554 759 5610 Nae.
790 5563 931 5636 orat.
960 5550 1053 5620 20,
1092 5566 1146 5623 p.
1187 5549 1325 5615 365;
1417 5564 1529 5621 reg.
1572 5548 1729 5621 Nyss.
1773 5548 2022 5608 Housm.
2076 5568 2129 5624 p.
2170 5553 2234 5620 l,
2278 5553 2315 5608 2
2362 5561 2414 5609 ct
2464 5568 2518 5624 p.
2555 5553 2660 5621 45;
2699 5551 3013 5628 llieronym.
3059 5550 3121 5608 V.
3152 5552 3233 5608 ill.
3282 5550 3506 5622 c.1l6;

270 5621 431 5683 Socr.
472 5621 573 5681 lib.
603 5639 678 5689 tv,
705 5640 757 5679 c.
794 5621 886 5679 16.

346 5695 422 5766 (³)
592 5709 655 5766 ['9
686 5708 735 5766 cf

373 5764 423 5837 6)
449 5765 578 5823 Elia
602 5764 816 5835 Dupini,
857 5775 964 5822 etc.

594 5862 867 5925 Parnm.
924 5866 1041 5926 Gn.
1124 5864 1363 5928 XXIX.

3172 5873 3204 5933 1
