4230 6528
273 479 310 529 9
1400 484 1675 540 HOMILIA
1716 486 1736 539 Ι
1779 488 1839 540 IN
1882 487 1921 541 ll

1894 487 2374 547 llEXAEMERON.
3428 495 3492 553 Nl

272 608 470 675 φλιαῖς
522 602 676 669 ήμῶν
722 601 971 672 ἐμϐαλὼν
1019 603 1080 656 τὸ
1124 605 1485 677 πολυτίμητον
1524 607 1690 678 ὄνομα
1726 610 1837 678 (25)
1872 614 1909 667 Α

1894 612 2166 682 lsigillam
2219 627 2271 668 et
2323 616 2623 670 antidotum
2667 613 2718 667 in
2748 612 2943 668 animis
2984 618 3177 673 nostris
3213 617 3493 686 imprimit,

272 695 366 747 τοῦ
392 690 546 752 Θεοῦ,
599 690 785 744 εἰπών·
842 694 943 748 Ἐν
967 692 1124 762 ἀρχῇ
1163 695 1501 765 ἐποίησενό
1544 701 1704 766 Θεός.
1773 700 1837 752 Ἡ

1938 707 2166 761 dicens:
2215 706 2280 760 In
2308 709 2559 775 principio
2600 708 2720 775 fecit
2757 705 2910 761 Deus.
2955 705 3114 760 Beata
3148 723 3366 773 natura,
3411 709 3495 763 iu-

278 781 523 856 μακαρία
572 781 811 855 φύσις.ὴ
862 785 1087 853 ἄφθονος
1132 788 1419 859 ἀγαθότης,
1474 791 1534 843 τὸ
1562 791 1838 863 ἀγαπητὸν

277 877 412 928 πᾶσι
436 875 545 935 τοῖς
571 874 726 944 λόγου
760 876 1123 946 μετειληφόσι,
1148 881 1207 933 τὸ
1235 881 1602 951 πολυπόθητον
1626 884 1836 947 κάλλος,

276 965 307 1032 ἡ
339 962 486 1031 ἀρχὴ
504 962 818 1026 τῶνόντων.
853 964 884 1034 ἡ
915 966 1063 1038 πηγὴ
1086 969 1185 1038 τῆς
1212 970 1374 1039 ζωῆς.
1401 969 1461 1021 τὺ
1484 972 1666 1041 νοερὸν
1700 975 1836 1042 φῶςν

277 1053 312 1122 ἡ
340 1052 623 1123 ἀπρόσιτος
680 1054 861 1121 σοφία,
900 1050 1050 1121 οὗτος
1100 1059 1412 1123 Ἐποίησεν
1446 1061 1516 1114 ἐν
1549 1062 1703 1131 ἀρχῇ
1736 1067 1841 1119 τὸν

277 1144 537 1211 οὐρανὸν
562 1145 660 1197 καὶ
687 1143 801 1210 τὴν
825 1144 957 1214 γῆν.

349 1237 401 1291 '5.
437 1239 525 1307 Μὴ
554 1232 645 1288 οὖν
664 1234 868 1307 ἄναρχα
900 1237 1193 1305 φαντάζου,
1216 1238 1489 1311 ἄνθρωπε,
1530 1245 1595 1297 τά
1635 1245 1843 1316 ὁρώμε-

278 1342 365 1387 να,
405 1327 559 1398 μηδὲ,
595 1326 780 1398 ἐπειδὴ
811 1327 1037 1379 κυκλόσε
1063 1330 1451 1400 περιτρέχειτά
1472 1334 1590 1383 κατ’
1617 1336 1844 1403 οὐρανὸν

280 1418 643 1487 κινούμενα,ἡ
679 1418 736 1470 δὲ
769 1417 861 1470 τοῦ
882 1419 1078 1472 κύκλου
1112 1422 1335 1493 ἀρχὴτῇ
1364 1423 1633 1493 προχείρῳ
1659 1425 1846 1495 αἰσθή-

282 1524 365 1559 σει
406 1506 559 1574 ἡμῶν
592 1508 691 1559 οὐκ
716 1506 996 1577 εῡληπτος,
1030 1510 1261 1580 ἄναρχον
1299 1506 1438 1563 εἶναι
1471 1515 1696 1586 νομίσῃς
1738 1513 1847 1565 τῶν

281 1596 689 1669 κυκλοφορικῶν
726 1602 988 1671 σωμάτων
1018 1603 1113 1671 τὴν
1169 1600 1345 1669 φύσιν.
1371 1602 1502 1656 Οὐδὲ
1534 1604 1643 1675 γὰρ
1693 1607 1721 1657 ό
1748 1606 1847 1658 κύ-

283 1686 619 1754 κλος-οὖτος,
668 1692 729 1744 τὸ
772 1693 1021 1745 ἐπίπεδον
1058 1691 1200 1760 λέγω
1256 1694 1437 1765 σχῆμα
1474 1697 1532 1750 τὸ
1562 1698 1665 1751 ὑπὸ
1720 1700 1849 1768 μιᾶς

282 1781 544 1851 γραμμῆς
594 1782 996 1851 περιεχόμενον,
1045 1783 1230 1854 ἐπειδὴ
1276 1783 1552 1855 διαφεύγει
1580 1789 1690 1859 (24)
1749 1792 1848 1861 τὴν

283 1869 553 1941 ἡμετέραν
583 1872 848 1940 αἴσθησιν.
871 1872 963 1924 καὶ
982 1870 1101 1926 οὔτε
1126 1874 1244 1929 ὅθεν
1261 1876 1460 1946 ἤρξατο
1474 1878 1711 1951 ἐξευρεῖν
1737 1882 1846 1952 (25)

282 1958 573 2028 δυνάμεθα,
599 1959 721 2012 οὔτε
748 1962 827 2024 είς
859 1961 887 2015 ὃ
924 1965 1235 2034 κατέληξεν,
1262 1967 1359 2036 ήδη
1392 1968 1483 2019 καὶ
1512 1970 1743 2039 ἄναρχον
1762 1951 1851 2025 αύ-
1882 1951 1921 2003 Β

284 2050 375 2101 τὸν
406 2048 687 2119 ὀφείλομεν
718 2051 1078 2105 ὑποτίθεσθαι.
1124 2054 1281 2107 Ἀλλά
1330 2056 1431 2109 κᾶν
1470 2057 1567 2128 τὴν
1599 2060 1849 2130 αἴσθησιν

283 2139 570 2211 διαφεύγῃ,
617 2143 682 2211 τῇ
720 2158 782 2209 γε
830 2141 1052 2215 ἀληθείᾳ
1081 2145 1295 2208 πάντως
1336 2147 1444 2200 ἀπό
1474 2166 1614 2213 τινος
1645 2152 1849 2224 ἤρξατο

280 2230 535 2303 όκέντρῳ
569 2235 659 2287 καὶ
681 2234 1005 2305 διαστήματι
1034 2255 1137 2291 τινι
1162 2240 1506 2311 περιγράψας
1538 2244 1715 2299 αύτὸν.
1748 2245 1852 2299 0‘3-

285 2339 362 2376 τω
394 2323 486 2377 καὶ
520 2326 582 2378 σὺ
622 2325 715 2396 μὴ,
742 2327 926 2400 ἐπειδὴ
979 2330 1059 2392 είς
1096 2331 1263 2383 ὲαυτά
1307 2333 1546 2387 συννεύει
1572 2335 1639 2388 τὰ
1668 2336 1850 2409 κύκλῳ

284 2418 600 2489 κινούμενα,
626 2420 685 2472 τὸ
708 2420 806 2487 τῆς
845 2422 1106 2490 κινήσεως
1153 2423 1331 2475 αὐτῶν
1357 2426 1575 2494 ὁμαλὸν,
1627 2429 1719 2481 καὶ
1750 2447 1851 2498 μη-

283 2508 395 2561 δενὶ
433 2508 579 2577 μέσῳ
607 2509 715 2575 (26)
756 2510 1195 2579 διακοπτόμενον,
1232 2514 1328 2582 τὴν
1358 2514 1451 2567 τοῦ
1487 2517 1719 2587 ἄναρχον
1760 2521 1852 2573 τὸν

288 2599 490 2669 κόσμον
538 2602 632 2652 καὶ
665 2600 1015 2670 ἀτελεύτητον
1044 2598 1177 2655 εἷναί
1215 2621 1295 2657 σοι
1330 2605 1531 2678 πλάνην
1563 2612 1852 2677 ἐγκαταλί.

288 2708 387 2765 πῃ.
415 2690 666 2760 Παράγει
697 2692 805 2761 γὰρ
841 2691 908 2745 τὸ
956 2693 1165 2763 σχῆμα
1216 2696 1321 2751 τοῦ
1353 2700 1849 2767 κόσμου.τούτουο

288 2784 402 2845 καὶ,
462 2784 523 2836 '0
568 2786 820 2851 οὐρανὸς
871 2785 969 2838 καὶ
1022 2788 1057 2854 ἡ
1103 2785 1176 2854 τῆ
1211 2792 1680 2856 παρελεύσονται
1715 2794 1847 2864 (27).

289 2875 748 2946 Προαναφώνησις
768 2878 875 2928 τῶν
913 2878 1039 2948 περὶ
1074 2879 1380 2941 συντελείας
1426 2882 1709 2952 δογμάτων
1758 2885 1853 2938 καὶ

291 2966 421 3037 περὶ
459 2966 558 3036 τῆς
591 2967 682 3019 τοῦ
717 2969 921 3038 κόσμου
965 2972 1390 3039 μεταποιήσεως,
1418 2972 1485 3025 τά
1512 2973 1603 3025 νῦν
1636 2976 1692 3026 ὲν
1726 2976 1853 3045 βρα-

290 3057 409 3127 χέσι
451 3060 587 3112 κατά
636 3059 732 3129 τὴν
780 3060 1114 3129 στοιχείωσιν
1168 3062 1265 3131 τῆς
1315 3061 1666 3119 θεοπνεύστου
1712 3068 1855 3121 διδαο

293 3150 519 3215 σκαλίας
555 3152 969 3223 παραδιδόμενα.
1000 3153 1100 3206 Ἑν
1128 3154 1283 3222 ἀρχῇ
1317 3155 1601 3222 ἐποίησεν
1628 3162 1660 3211 d
1690 3162 1850 3227 Θεός.

1946 813 2075 865 gens
2105 800 2336 862 bonitas,
2364 799 2591 866 idipsum
2629 799 2767 868 quod
2798 798 3046 851 omnibus
3082 800 3300 855 rationis
3329 801 3498 870 parti-

1941 890 2148 959 cipibus
2178 902 2263 945 est
2288 892 2536 955 amabile,
2557 889 2896 958 pulchritudo
2924 890 3076 943 valde
3105 889 3493 961 desiderabilis,

1940 994 2123 1031 eorum
2151 995 2268 1047 qua
2297 980 2560 1033 essistunt
2612 980 2965 1051 principium,
2996 977 3115 1031 fons
3145 981 3266 1031 vitre
3289 1019 3304 1045 ,
3338 982 3497 1047 spiri-

1946 1069 2105 1122 tualis
2144 1068 2254 1131 lux,
2303 1071 2564 1137 sapientia
2630 1071 2923 1137 inaccessa,
2977 1071 3099 1132 bic,
3149 1068 3212 1122 In
3242 1071 3499 1139 principio

1942 1159 2063 1229 fecit
2100 1161 2283 1213 calum
2312 1170 2359 1214 et
2394 1172 2602 1215 terram.

2011 1254 2066 1307 ’5.
2110 1252 2185 1305 Ne
2212 1254 2372 1322 igitur
2393 1256 2620 1324 c0gites,
2657 1270 2689 1307 υ
2711 1253 2890 1314 homo.
2917 1269 2975 1308 ea
3006 1269 3125 1324 quae
3153 1252 3497 1322 conspicitmo

1948 1356 2050 1407 tur,
2083 1346 2348 1414 principio
2381 1361 2567 1399 carere
2600 1364 2613 1399 :
2650 1357 2703 1400 et
2731 1350 2855 1416 quia
2887 1360 2948 1399 ea
2980 1362 3095 1413 quae
3133 1346 3184 1400 in
3220 1344 3356 1399 caalo
3390 1360 3504 1395 mo-

1946 1447 2155 1498 ventur.
2220 1441 2661 1507 circumaguntur
2712 1438 3053 1503 circulatim,
3105 1438 3397 1507 circulique
3450 1434 3507 1501 [ι

1948 1530 2261 1597 principium
2292 1537 2540 1597 prompto
2578 1541 2737 1580 sensu
2780 1543 2808 1580 a
2845 1527 2997 1581 nobis
3034 1526 3234 1596 percipi
3278 1542 3381 1579 non
3413 1542 3506 1593 po-

1950 1628 2074 1681 test,
2112 1633 2176 1672 ne
2206 1619 2405 1673 idcirco
2433 1630 2679 1671 naturam
2701 1631 2884 1669 eorum
2911 1631 3194 1684 corporum
3221 1628 3340 1684 qua:
3363 1616 3507 1667 orbi-

1948 1707 2168 1761 culatim
2192 1720 2473 1761 moventur
2499 1708 2773 1776 putaveris
2797 1706 3043 1775 principii
3066 1721 3185 1759 esse
3208 1713 3505 1773 expertem.

1950 1798 2132 1868 Neque
2157 1798 2297 1851 enim
2350 1797 2604 1850 circulum
2653 1799 2791 1852 hunc
2826 1796 3077 1866 (tiguram
3131 1797 3249 1850 dico
3288 1798 3505 1866 planam

1951 1904 2053 1943 una
2111 1888 2244 1942 linea
2282 1886 2802 1959 circumscriptam),
2851 1888 3107 1960 quoniam
3158 1901 3373 1941 sensum
3417 1903 3513 1941 no-

1951 1988 2120 2033 strum
2174 1978 2358 2048 eﬂ'ugit
2386 2018 2401 2044 ,
2437 1988 2530 2031 aut
2559 1978 2813 2046 quoniam
2868 1994 3040 2049 neque
3073 1980 3213 2033 unde
3260 1978 3505 2046 coeperit,

1953 2083 2123 2135 neque
2155 2070 2204 2120 in
2238 2069 2361 2136 quid
2394 2067 2865 2122 desinatinveuire
2904 2083 3205 2136 possumus,
3245 2068 3505 2123 ccutiqu

1950 2169 2004 2213 et
2029 2159 2274 2229 principii
2303 2171 2569 2213 exsortem
2594 2174 2713 2213 esse
2735 2168 2969 2213 statuere
2986 2159 3258 2213 debemus.
3286 2159 3510 2225 Verum,

1953 2252 2164 2306 tametsi
2196 2267 2409 2306 sensum
2452 2252 2620 2321 fugit,
2654 2267 2838 2309 revera
2871 2262 3047 2307 tamen
3084 2254 3302 2307 omnino
3340 2255 3510 2319 cmpit

1952 2359 1978 2397 a
2011 2345 2262 2415 quopiam
2289 2384 2304 2408 ,
2336 2343 2426 2411 qui
2473 2359 2595 2397 eum
2650 2354 2838 2398 centro
2871 2356 2926 2399 et
2971 2346 3197 2413 quodam
3230 2345 3512 2400 intervallo

1952 2435 2455 2503 circumscripserit.
2487 2435 2577 2491 Sic
2608 2448 2662 2490 et
2697 2448 2774 2498 tn,
2802 2438 3056 2504 quoniam
3091 2451 3210 2503 qua:
3247 2438 3296 2488 in
3325 2436 3509 2489 orbem

1952 2534 2255 2587 versantur,
2284 2526 2469 2579 eodem
2506 2526 2756 2591 redeunt,
2790 2540 2856 2580 ne
2887 2525 2955 2579 ob
2988 2526 3123 2579 hanc
3159 2535 3334 2579 motus
3364 2525 3510 2594 ipso-

1956 2629 2073 2668 rum
2130 2616 2553 2682 aaqualiilitatcm
2604 2618 2751 2671 nullo
2803 2618 3091 2671 interstitio
3131 2617 3507 2685 interruptam,

1953 2702 2087 2759 falso
2115 2702 2420 2768 arbitreris,
2460 2704 2713 2757 muudmn
2740 2705 2999 2773 principio
3030 2720 3094 2758 ac
3128 2704 3231 2757 line
3261 2704 3500 2756 destitui.

1954 2794 2161 2849 Transit
2188 2797 2322 2850 enim
2348 2796 2518 2865 ﬁgura
2541 2796 2695 2865 hujus
2716 2798 2894 2847 mundi
2912 2796 2953 2849 '.
2977 2794 3059 2861 Et,
3084 2793 3281 2849 (Icelum
3299 2804 3345 2847 et
3365 2802 3510 2846 terra

1952 2887 2243 2938 transibunt
2263 2887 2303 2938 ⁸.
2346 2887 2473 2951 Qum.
2513 2900 2652 2938 nunc
2681 2884 2913 2939 breviter
2942 2886 3091 2939 initio
3133 2885 3392 2939 doctrinm
3426 2885 3509 2937 di-

1954 2978 2149 3031 vinitus
2194 2977 2462 3045 inspirata:
2500 2977 2800 3042 traduntur,
2854 2976 3103 3046 dogmata
3143 2975 3209 3029 de
3256 2989 3510 3028 consum—

1956 3067 2210 3129 matione,
2240 3067 2409 3133 deque
2444 3066 2624 3118 mundi
2651 3067 3025 3118 immutatione
3058 3062 3396 3133 praecinunt:
3432 3060 3499 3117 In

1954 3160 2211 3229 principio
2247 3159 2367 3225 fecit
2394 3157 2554 3210 Deus.
2597 3158 2725 3223 Quae
2754 3171 2781 3207 a
2815 3165 3053 3222 tempore
3095 3155 3303 3209 initium
3346 3154 3515 3209 diue-

292 3244 372 3297 Τά
392 3244 498 3297 ἀπὸ
521 3244 710 3315 χρόνου
748 3244 1024 3316 ἀρξάμενα
1058 3246 1204 3299 πᾶσα
1231 3246 1438 3317 ἀνάγκη
1471 3249 1562 3301 καὶ
1594 3249 1649 3302 ὲν
1682 3251 1855 3322 χρόνῳ
1880 3274 1921 3329 c

1894 3274 1921 3329 ε
1960 3258 2101 3314 runt,
2135 3264 2195 3301 ea
2226 3247 2279 3300 in
2308 3255 2544 3315 tempore
2566 3246 2727 3299 etiam
2762 3258 2981 3299 necesse
3004 3253 3087 3297 est
3108 3242 3329 3297 omnino
3353 3242 3514 3295 inter-

294 3337 798 3406 συντελεσθῆναι.Εί
823 3337 935 3407 (98)
965 3338 1137 3409 ἀρχὴν
1194 3338 1304 3409 ἔχει
1334 3340 1606 3410 χρονικὴν,
1638 3340 1713 3413 μὴ
1740 3343 1849 3412 ἀμ-

295 3427 529 3498 φιϐάλῃς
562 3429 685 3499 περὶ
738 3428 831 3480 τού
875 3428 1078 3492 τέλους.
1128 3430 1458 3501 Γεωμετρίαι
1489 3432 1596 3503 γὰρ
1619 3436 1710 3486 καὶ
1734 3437 1853 3507 ἀριο

293 3519 557 3591 θμητικαὶ
588 3519 824 3591 μέθοδοι,
851 3521 944 3572 καὶ
972 3520 1167 3591 αἱπερὶ
1187 3522 1295 3574 τῶν
1340 3523 1571 3592 στερεῶν
1600 3542 1857 3595 πραγμα-

292 3614 454 3671 τεῖαι,
479 3610 573 3664 καὶ
617 3610 1097 3681 ἡπολυθρύλλητος
1133 3612 1479 3683 ἀστρονομία,
1508 3616 1541 3683 ὴ
1569 3614 1860 3687 πολυάσχο-

292 3700 383 3765 λος
443 3702 760 3772 ματαιότης,
814 3701 947 3772 πρὸς
996 3705 1142 3754 ποῖον
1195 3704 1624 3773 καταστρέφουσι
1673 3705 1852 3771 τέλος;

295 3792 467 3863 Εἴπερ
507 3794 555 3846 oi
600 3794 726 3865 περὶ
769 3794 939 3847 ταῦτα
968 3792 1363 3856 ἐσπουδακότες
1421 3796 1686 3857 συναῖδιον
1720 3793 1857 3851 εἶναι

296 3882 372 3952 τῷ
416 3884 608 3957 κτίστῃ
658 3883 765 3937 τῶν
798 3886 933 3938 ὅλων
968 3884 1086 3956 Θεῷ
1131 3885 1223 3937 καὶ
1252 3884 1342 3937 τὸν
1379 3884 1649 3955 ὁρώμενον
1673 3888 1857 3943 τοῦτον

297 3974 499 4044 κόσμον
521 3976 894 4046 διενοήθησαν,
938 3976 1072 4049 πρὸς
1112 3977 1209 4047 τὴν
1244 3976 1412 4047 αὐτὴν
1443 3977 1598 4042 δόξαν
1626 3981 1853 4049 ἀγαγόν-

368 4084 390 4117 ³
421 4084 587 4140 lCor.
617 4100 711 4147 vn,
737 4085 825 4140 51.
902 4086 923 4116 ⁶
953 4086 1140 4142 Matth.
1173 4103 1319 4150 utv,
1342 4087 1429 4140 55.

368 4204 485 4273 (23)
518 4203 666 4258 Colb.
724 4207 989 4258 secundus
1039 4203 1332 4273 πολύτιμον
1370 4204 1571 4273 ὄνομα.
1618 4200 1737 4273 Νεε
1783 4203 1855 4256 ita

298 4272 474 4330 multo
497 4283 615 4339 post
640 4274 777 4327 idem
807 4274 973 4327 codex
1006 4290 1125 4326 cum
1154 4272 1392 4328 Coinbef.
1417 4273 1477 4325 τὸ
1506 4272 1856 4339 ἀγαπητὸν...

298 4344 535 4424 ἀξίῳμα,
566 4344 811 4424 maiestas
827 4345 1083 4424 amabilis.
1121 4344 1314 4424 Ibidem
1343 4358 1479 4424 unus
1511 4340 1859 4424 Βεβκμετει-

299 4410 509 4483 ληχὸσι.
566 4410 702 4464 Infra
735 4410 881 4465 Bodl.
926 4428 1060 4483 (cum
1092 4412 1247 4466 editis
1290 4411 1481 4483 ἐπειδὴ
1538 4410 1724 4481 κύκλῳ
1774 4428 1853 4466 σε.

300 4483 467 4553 Cois].
500 4484 765 4534 secundus
787 4483 841 4534 ὲν
870 4482 1052 4553 κύκλῳ
1068 4498 1148 4547 σε,
1181 4482 1385 4553 duabus
1416 4483 1596 4535 itidem
1614 4482 1855 4553 vocibus.

302 4554 373 4606 At
413 4552 541 4619 Reg.
574 4559 759 4604 sextus
790 4554 942 4605 unica
975 4568 1103 4607 voce
1148 4552 1391 4605 κύκλωσε
1422 4571 1435 4607 :
1478 4552 1569 4606 sed
1615 4552 1860 4605 scriben-

303 4623 452 4685 dum,
483 4622 533 4673 ui
570 4620 739 4677 fallor.
773 4620 1021 4687 κυκλόσε,
1050 4639 1150 4675 non
1178 4622 1439 4678 κύκλωσε.

383 4689 498 4762 (2‘)
529 4689 669 4762 Editi
718 4688 1000 4762 διαερεύγῃ.
1028 4692 1094 4745 At
1120 4704 1341 4758 uterque
1376 4693 1504 4762 Dur.
1538 4700 1588 4745 et
1624 4688 1711 4742 alii
1758 4689 1860 4762 duo

308 4776 439 4816 mss.
464 4758 763 4828 διαφεύγει.
794 4758 987 4814 Statim
1017 4776 1147 4814 mss.
1179 4777 1267 4815 sex
1297 4762 1389 4815 καὶ
1412 4760 1555 4813 οὔτε.
1585 4762 1739 4814 Deest
1767 4758 1859 4811 καί

306 4828 360 4885 in
386 4830 564 4883 editis.

380 4898 499 4969 (25)
526 4898 675 4969 Colb.
703 4898 907 4969 primus
937 4898 1289 4969 stipam)“:
1320 4900 1458 4953 idem
1506 4914 1609 4952 ms.
1632 4898 1694 4951 τὸ
1726 4894 1861 4962 εἶδος

306 4965 599 5036 διαφεύγῃ.
626 4968 763 5021 Editi
790 4965 1087 5037 διαφεύγει.
1116 4967 1224 5021 Νεε
1256 4971 1325 5021 ita
1357 4970 1522 5023 multo
1564 4976 1683 5037 post
1728 4985 1861 5025 mss.

310 5040 560 5110 quinque
573 5039 605 5110 _6
631 5037 853 5109 κέντρῳ.
880 5037 1016 5110 Qliti
1040 5041 1067 5092 ό
1092 5037 1169 5107 τῷ
1196 5040 1424 5110 κέντρῳ.

382 5106 497 5178 (26)
530 5107 625 5178 Sig
645 5106 876 5178 uterque
908 5108 1037 5163 Duc.
1066 5118 1119 5162 et
1142 5106 1149 5107 “
1169 5106 1457 5178 Attglic.'_et
1483 5106 1637 5165 Colb.
1671 5122 1863 5165 secun-

311 5175 413 5229 dus
442 5175 565 5230 cum
599 5175 777 5241 Regiis
794 5177 972 5246 primo
1001 5188 1051 5231 et
1096 5175 1304 5246 quinto.
1368 5176 1509 5231 Editi
1551 5194 1678 5246 cum
1708 5178 1861 5233 Colb.

311 5247 486 5316 primo
513 5246 700 5316 μηδενὶ
736 5245 918 5314 μέσον,
965 5245 1127 5301 male.
1164 5246 1283 5301 Mox
1334 5248 1497 5301 editio
1545 5245 1705 5301 Basil.
1743 5263 1863 5301 cum

311 5314 465 5387 _C_olb.
502 5314 675 5387 primo
703 5316 1088 5387 ἐγκαταλείπῃ.
1124 5316 1255 5383 Reg.
1311 5319 1579 5372 secundus
1638 5320 1869 5386 ἔγκατα·

309 5382 705 5457 λίποιζειίὶιίο
768 5384 937 5441 Paris.
978 5382 1099 5439 cu't'u
1145 5386 1411 5456 aliquibus
1454 5401 1587 5441 mss.
1640 5382 1873 5457 ἐγκατα-

308 5452 497 5593 λιτῖἒῆ)
516 5521 653 5578 Editi
677 5537 797 5578 cum
814 5523 945 5647 Reg.
968 5522 1139 5590 primo
1156 5533 1209 5578 et
1229 5540 1350 5579 cum
1378 5540 1532 5580 sacro
1556 5535 1702 5580 textu
1728 5542 1872 5596 παρ-

313 5592 644 5647 ελεύσονται.
707 5594 779 5647 At
821 5610 889 5647 au
916 5608 1056 5647 naue
1119 5594 1208 5647 alii
1268 5610 1395 5647 mss.
1458 5595 1868 5647 παρελεύσεται.

313 5592 644 5667 ελεύσονται.
689 5594 791 5667 _A_t_
821 5592 1056 5667 quinque
1119 5594 1208 5647 alii
1260 5610 1395 5667 mss.
1430 5592 1868 5667 παρελεύσεται.

319 5662 653 5735 Haudlouge
679 5662 1066 5735 Colb.;primus
1104 5663 1533 5735 παραδεδομένα.

384 5731 499 5801 (93)
529 5729 620 5785 Sic
638 5734 811 5787 editio
826 5729 986 5787 Basil.
1011 5748 1131 5788 cum
1161 5729 1253 5788 sex
1294 5729 1422 5787 mss.
1458 5736 1523 5787 At
1561 5735 1725 5789 editio
1760 5732 1859 5786 Pa-

318 5800 412 5856 ris.
440 5804 491 5873 εί
529 5802 670 5873 γάρ.
716 5802 849 5873 Mox,
880 5804 1119 5873 quinque,
1161 5818 1292 5857 mss.
1337 5805 1667 5873 ἀμφιϐάλῃς.
1720 5804 1860 5857 Editi

314 5870 676 5946 ἀμφιδάλλῄς.
708 5872 857 5939 Quod
879 5870 953 5929 ait
975 5870 1345 5939 COmbeﬁsius,
1380 5870 1518 5930 hanc
1558 5870 1736 5928 Basilii
1766 5875 1858 5929 do-

1954 3342 2053 3397 ire.
2084 3340 2138 3395 Si
2168 3338 2462 3408 temporale
2491 3336 2699 3391 initium
2731 3349 3025 3403 accepere,
3078 3345 3143 3385 ne
3190 3331 3399 3386 dubites
3447 3332 3515 3385 de

1956 3435 2081 3487 fine.
2114 3430 2246 3486 Nam
2282 3431 2569 3501 geometria
2591 3469 2605 3491 ,
2640 3427 2873 3480 rationes
2918 3423 3303 3488 arithmeticae,
3340 3422 3515 3491 inqui-

1955 3526 2174 3581 sitiOnes
2203 3526 2269 3578 de
2306 3524 2489 3578 solidis
2511 3561 2525 3583 .
2558 3519 2883 3573 astronomia
2922 3519 3055 3570 adeo
3081 3516 3383 3580 decantata,
3415 3529 3514 3569 ne-

1958 3614 2317 3685 gotiosissima
2354 3613 2558 3664 vanitas
2582 3650 2595 3673 ,
2632 3610 2696 3661 ad
2745 3606 2955 3678 qualem
2998 3607 3156 3660 linem
3210 3603 3514 3660 divortunt?

1959 3704 2235 3773 Siquidem
2283 3703 2538 3757 harumce
2588 3714 2764 3753 rerum
2814 3699 3040 3752 studiosi
3088 3699 3227 3751 hunc
3259 3698 3513 3751 mundum

1955 3795 2218 3850 visibilem
2251 3795 2637 3861 sempiternum
2665 3805 2786 3845 esse
2813 3805 2914 3844 una
2948 3804 3068 3843 cum
3101 3790 3380 3844 conditore
3402 3790 3516 3841 uni-

1956 3902 2234 3942 versorum
2280 3887 2386 3940 Deo
2413 3887 2799 3951 dedreverunt;
2842 3884 3039 3937 mundo
3070 3880 3476 3949 circumscripto
3496 3921 3511 3945 ,

1960 3980 2241 4049 eidemque
2289 3994 2484 4046 corpus
2532 3991 2596 4031 ex
2638 3977 2862 4031 materia
2918 3984 3254 4030 comoactum
3297 3972 3514 4028 babenti

1962 4204 2188 4258 ctrinam
2232 4201 2360 4255 nihil
2390 4201 2595 4271 ﬁrmam
2622 4215 2754 4271 esse,
2809 4200 2859 4271 id
2892 4207 3093 4255 temere
3129 4198 3330 4253 dictum
3361 4212 3513 4268 puta.

1963 4289 2103 4327 mus.
2134 4273 2304 4326 Causa
2333 4268 2508 4324 autem
2530 4286 2627 4322 cur
2652 4270 2720 4321 ita
2738 4268 2958 4335 judicet,
2987 4271 3099 4323 hare
3124 4279 3225 4336 est,
3252 4272 3391 4337 quod
3418 4289 3515 4325 au-

1962 4343 2062 4410 geli
2105 4344 2387 4411 animaque
2434 4340 2711 4407 coeperint.
2749 4354 2847 4411 nec
2887 4347 3064 4392 tamen
3096 4340 3219 4411 Asi_nt
3252 4354 3511 4411 unquam

1962 4407 2202 4466 desituri.
2229 4407 2334 4465 Sed
2359 4412 2479 4480 quis
2504 4426 2604 4463 non
2650 4411 2787 4462 videt
2810 4409 3107 4480 i'nmerenti
3144 4407 3341 4462 Basilio
3364 4412 3511 4464 litem

1967 4483 2170 4545 inferri,
2196 4498 2316 4534 cum
2370 4479 2577 4534 eoustet
2604 4494 2722 4532 eum
2770 4480 2869 4531 hoc.
2916 4479 3033 4531 loco
3061 4494 3163 4530 non
3215 4480 3279 4531 de
3307 4480 3513 4548 angelis

1966 4562 2056 4604 attt
2090 4558 2152 4605 de
2190 4552 2388 4614 anima,
2418 4551 2506 4603 sed
2535 4551 2599 4603 de
2632 4549 2759 4602 solis
2782 4550 2939 4601 rebus
2960 4548 3255 4600 visibilibus
3278 4548 3510 4601 locutum

1967 4619 2165 4676 fuisse?
2188 4622 2359 4689 Ipsum
2384 4620 2660 4689 audiamus
2681 4636 2695 4672 :
2719 4617 3026 4689 Siquidem,
3046 4618 3237 4684 inquit,
3267 4616 3513 4671 harumce

1967 4708 2134 4744 rerum
2165 4686 2385 4744 studiosi
2416 4688 2665 4741 visibilem
2706 4686 2839 4739 hunc
2868 4686 3116 4737 mundum
3148 4689 3516 4754 sempiternum

1967 4778 2073 4812 esse
2098 4778 2200 4813 una
2234 4778 2345 4813 cum
2369 4760 2635 4813 conditore
2663 4757 3019 4809 universorum
3040 4755 3144 4809 Deo
3161 4758 3513 4811 decreverunt.

1894 4844 1938 4899 Ι)
1967 4830 2096 4885 Cum
2130 4832 2288 4900 igitur
2315 4830 2488 4895 angeli
2520 4838 2573 4881 et
2595 4828 2783 4900 anima
2803 4840 2895 4892 per
2925 4840 2982 4879 se
3009 4827 3242 4900 nonisint
3265 4837 3503 4895 aspecta-

1968 4903 2117 4957 biles.
2151 4896 2245 4954 nec
2265 4900 2431 4953 oculis
2459 4898 2605 4950 cerni
2644 4896 2869 4963 possint,
2899 4910 3068 4963 neque
3090 4899 3154 4950 de
3184 4897 3305 4960 hac,
3347 4911 3518 4965 neque

1968 4973 2032 5023 de
2057 4970 2159 5023 illis
2189 4968 2344 5021 verba
2380 4968 2557 5020 Basilii
2588 4965 2781 5019 debent
2807 4966 2994 5032 accipi.
3026 4966 3071 5035 Is
3099 4967 3287 5019 unicus
3324 4980 3518 5035 scopus

1968 5049 2050 5093 est
2080 5039 2256 5092 Patris
2281 5036 2583 5107 gravissimi
2649 5050 2711 5089 ac
2766 5034 3116 5103 propositum,
3151 5044 3208 5087 ut
3244 5034 3511 5099 ostendat,

1969 5107 2221 5162 mundum
2257 5123 2352 5174 per
2380 5121 2438 5160 se
2463 5115 2516 5159 et
2548 5115 2733 5172 suapte
2758 5113 2938 5157 natura
2964 5116 3219 5156 aeternum
3248 5120 3351 5159 non
3374 5120 3514 5171 esse,

1969 5178 2061 5232 sed
2095 5177 2353 5246 quidquid
2388 5175 2598 5229 visibile
2631 5184 2726 5246 est
2750 5175 2798 5227 iu
2832 5174 3027 5246 mundo
3054 5182 3214 5241 atque
3240 5176 3514 5237 sensibile,

1972 5247 2024 5302 id
2050 5240 2208 5301 omne
2236 5240 2562 5313 corruptioni
2616 5245 2909 5313 subiacere.
2961 5240 3347 5313 ⁸ῌεηιεί-ξιιιιειιι
3400 5246 3518 5313 eius

1974 5319 2049 5371 rei
2080 5331 2294 5372 causam
2322 5310 2549 5368 Basilius
2584 5315 2694 5383 ipse
2712 5310 2891 5366 statim
2917 5310 3070 5364 aﬂ‘ert
3098 5327 3113 5363 :
3139 5310 3250 5364 Nec
3275 5314 3373 5365 hoc
3402 5310 3515 5381 qui-

1973 5388 2111 5449 dem,
2143 5386 2333 5453 inquit,
2359 5385 2766 5438 animaduertere
2798 5390 3100 5453 potuerunt,
3146 5384 3283 5449 quod
3315 5398 3516 5437 necesse

1972 5458 2038 5509 sit
2070 5450 2252 5517 totum,
2278 5456 2429 5522 cujus
2460 5466 2628 5523 partes
2652 5450 2968 5523 corruptioni
2995 5462 3042 5523 et
3082 5453 3360 5523 mutationi
3386 5453 3514 5504 sub-

1964 5527 2163 5594 jarent,
2192 5520 2360 5589 ipsum
2388 5520 2590 5593 quoque
2611 5522 2892 5594 aliquando
2926 5520 3109 5594 iisdem
3151 5522 3513 5594 affectionibus

1972 5592 2247 5648 Obnoxiam
2292 5592 2421 5659 esse,
2447 5606 2599 5661 atque
2632 5592 2775 5645 illius
2805 5600 2995 5655 partes.
3028 5592 3197 5661 AQuod
3226 5605 3513 5659 argumen-

1973 5665 2114 5718 tandi
2153 5679 2321 5733 genus
2370 5658 2636 5733 pace'viri
2681 5661 2974 5733 doctissimi
3011 5658 3237 5733 dixerim
3292 5658 3514 5713 multum

1964 5729 2443 5788 habere—momenti
2474 5744 2633 5801 atque
2668 5731 2895 5785 roboris.
2922 5729 3170 5801 Basiliam
3198 5741 3411 5801 secutus
3434 5741 3517 5785 est

1962 5802 2299 5867 Ambrosius,
2345 5804 2435 5859 lib.
2465 5819 2482 5857 ι
2514 5799 2566 5856 iit
2596 5802 2849 5857 ﬂentem.
2875 5815 2992 5870 pag.
3018 5800 3069 5863 ϐ,
3102 5815 3247 5853 num.
3286 5799 3373 5853 10.
