4230 6494
736 422 794 480 Η
2114 430 2172 486 S.
2211 428 2454 485 BASlLll
2493 429 2708 485 MAGNI
3922 428 3983 484 t9.

730 540 978 602 eamdem
1002 541 1230 611 gloriam
1259 550 1424 613 atque
1452 542 1984 615 incomprehensibili
2027 552 2233 599 naturae
2253 553 2306 598 et
2334 555 2379 608 Α

2334 555 2379 608 Α
2408 558 2501 606 τες
2567 541 2678 611 (29)
2727 542 2817 595 τὸν
2881 542 3395 614 περιγεγραμμένον
3437 542 3529 596 καὶ
3581 544 3739 614 σῶμα
3788 542 3977 613 ἔχοντα

734 633 990 689 invisibili
1031 635 1355 691 tribuentes.
1390 635 1466 691 Ne
1496 638 1598 693 hoc
1629 639 1844 708 quidem
1869 638 2303 693 animadvertere

732 737 1027 797 potuerunt
1053 768 1067 791 ,
1103 729 1245 797 quod
1285 742 1507 784 necesse
1547 730 1618 783 sit
1650 740 1700 783 et
1744 740 1913 784 totum
1944 729 2095 798 cujus
2123 742 2305 800 partes

732 819 1064 888 corruptioni
1090 829 1144 873 et
1163 821 1445 875 mutationi
1471 821 1773 891 subiacent,
1796 824 1986 877 iisdem
2014 822 2306 893 aliquando

734 910 1026 964 obnoxium
1073 925 1197 965 esse
1238 910 1618 966 aﬂ'ectionibus
1646 953 1659 974 ,
1690 924 1853 981 atque
1885 912 2055 982 ipsius
2100 922 2301 982 partes.

728 1000 836 1055 Sed
861 1015 1029 1068 usque
1070 1003 1203 1056 adeo
1234 1001 1573 1056 Evanuerunt
1614 1005 1666 1056 in
1714 1004 2123 1073 cogitationibus
2158 1005 2302 1067 suis,

728 1100 777 1148 et
804 1091 1140 1145 obscuratum
1171 1102 1246 1147 est
1276 1095 1527 1161 insipiens
1560 1112 1650 1148 cor
1682 1113 1884 1160 eorum,
1918 1110 1965 1149 et
1990 1100 2217 1152 dicentes
2249 1115 2305 1153 se

726 1201 839 1240 esse
864 1188 1123 1254 sapientes
1152 1226 1166 1248 ,
1204 1188 1273 1240 ita
1314 1188 1467 1240 stulti
1491 1189 1618 1257 [acti
1648 1190 1828 1255 sunt",
1872 1200 1927 1242 ιιι
1953 1190 2045 1243 alii
2087 1191 2301 1258 quidem

728 1272 887 1327 simul
923 1288 1044 1328 cum
1074 1275 1183 1329 Deo
1223 1276 1419 1329 ctelnm
1450 1280 1515 1331 ab
1539 1287 1743 1333 aetertm
1778 1280 2037 1333 exsistere
2069 1281 2304 1335 atlirma-

730 1368 873 1431 rint;
903 1366 991 1419 alii
1027 1382 1153 1421 vero
1184 1368 1310 1422 illud
1340 1370 1512 1433 ipsum
1539 1386 1596 1425 es
1628 1388 1658 1424 e
1694 1371 1856 1426 Deum
1890 1373 2005 1427 sine
2036 1374 2303 1442 principio

729 1472 785 1515 et
806 1462 923 1515 sine
948 1460 1072 1521 tine,
1109 1471 1269 1530 atque
1299 1464 1710 1531 gubernationis
1750 1482 1926 1520 rerum
1966 1467 2299 1536 singularum

730 1563 950 1603 causam
984 1564 1106 1606 esse
1128 1555 1438 1607 statuerint.

798 1642 854 1697 4.
896 1642 1146 1698 Proiecto
1171 1645 1359 1699 istttmc
1400 1646 1683 1702 mundana:
1728 1650 2008 1719 sapientiae
2032 1652 2189 1719 copia
2223 1652 2303 1707 eis

728 1735 1021 1807 aliquando
1077 1739 1580 1795 condenmationem
1650 1753 1893 1797 accerset
1964 1746 2299 1814 graviorem,

727 1827 927 1896 quippe
953 1828 1079 1897 quia
1113 1831 1248 1884 adeo
1273 1841 1486 1885 acutum
1523 1833 1575 1885 in
1607 1834 1763 1887 vanis
1788 1835 1946 1889 rebus
1981 1846 2264 1891 cernentes
2283 1874 2297 1898 .

2410 634 2612 697 ὑλικὸν,
2661 637 2725 705 τῇ
2770 633 3126 705 ἀπεριλήπτῳ
3172 634 3266 688 καὶ
3326 635 3540 706 ἀοράτῳ
3596 635 3775 704 φύσει,
3836 636 3969 707 μηδδ

2403 727 2657 779 τοσοῦτον
2683 725 2998 795 δυνηθέντες
3024 724 3361 797 ὲννοηθῆναι,
3404 727 3484 778 ὃτι
3502 720 3562 779 οὗ
3593 726 3813 798 τὰμέρη
3848 726 3977 795 (p60-

2408 821 2528 889 ραῖς
2561 817 2655 870 καὶ
2681 816 3027 870 ἀλλοιώσεσιν
3064 818 3367 878 ὑπόκειται,
3392 815 3583 869 τούτου
3614 818 3709 869 καὶ
3758 816 3810 869 τὸ
3859 818 3981 870 ὅλον

2406 910 2617 980 ἀνάγκη
2647 911 2774 963 ποτὲ
2805 910 2872 962 τά
2920 909 3058 962 αὐτὰ
3089 910 3384 979 παθήματα
3415 912 3526 973 τοῖς
3550 910 3767 973 οἰκείοις
3820 910 3979 982 μέρε-

2408 1021 2489 1056 σιν
2524 1003 2839 1073 ὑποστῆναι.
2880 1002 3040 1055 Ἀλλὰ
3072 1001 3320 1055 τοσοῦτον
3354 999 3833 1070 Ἐματαιὼθησαν
3858 1001 3979 1066 τοῖς

2405 1094 2812 1163 διαλογισμοῖς
2852 1092 3069 1158 αὐτῶν,
3120 1094 3218 1146 καὶ
3250 1095 3577 1161 ἐσκοτίσθη
3612 1095 3650 1161 ἠ
3687 1094 3979 1160 ἀσύνετος

2405 1187 2602 1239 αὐτῶν
2635 1186 2866 1254 καρδία,
2911 1186 3007 1240 καί
3048 1186 3387 1254 φάσκοντες
3436 1186 3588 1239 εἶναι
3631 1184 3808 1253 σοφοί
3837 1186 3979 1254 ἐμω-

2398 1278 2737 1347 ράνθησαν,
2774 1278 2912 1331 ὥστε
2946 1281 2994 1331 οἱ
3036 1280 3132 1349 μὲν
3171 1280 3535 1350 συνυπάρχειν
3580 1278 3637 1345 ἐξ
3686 1278 3856 1331 ἀϊδίου
3902 1277 3979 1349 τῷ

2406 1371 2523 1439 Θεῷ
2552 1372 2642 1423 τὸν
2673 1372 2900 1442 οὐρανὸν
2923 1373 3286 1443 ἀπεφήναντο·
3322 1374 3371 1425 ot
3405 1373 3459 1425 δὲ
3492 1372 3652 1425 αὑτὸν
3686 1367 3824 1424 εἶναι
3849 1371 3978 1424 Θεὸν

2404 1466 2636 1535 ἄναρχόν
2669 1481 2725 1516 τε
2762 1464 2869 1533 (50)
2916 1465 3007 1516 καὶ
3037 1465 3412 1537 ἀτελεύτητον,
3456 1466 3548 1517 καὶ
3576 1466 3673 1535 τῆς
3696 1464 3805 1518 τῶν
3840 1463 3979 1518 κατά

2408 1555 2572 1625 μέρος
2606 1554 2918 1624 οἰκονομίας
2945 1555 3134 1607 αἴτιον.

2473 1650 2527 1703 4.
2553 1644 2733 1701 Ἦπου
2779 1648 2959 1709 αὐτοῖς
3000 1649 3030 1717 ἡ
3065 1648 3349 1718 περιουσία
3390 1650 3487 1719 τῆς
3530 1650 3623 1702 τοῦ
3659 1650 3859 1719 κόσμου
3895 1666 3979 1701 σο·

2405 1742 2530 1810 φίας
2574 1741 2886 1813 προσθήκην
2926 1739 3062 1792 οἴσει
3121 1740 3249 1792 ποτὲ
3294 1740 3393 1809 τῆς
3440 1741 3678 1813 χαλεπῆς
3720 1742 3981 1813 κατακρί-

2407 1851 2561 1898 σεως,
2588 1835 2669 1887 ὅτι
2697 1833 2867 1896 οὕτως
2900 1833 2992 1899 ὀξὺ
3018 1833 3144 1904 περὶ
3168 1834 3234 1885 τὰ
3264 1833 3464 1901 μάταια
3489 1832 3793 1899 βλέποντες,
3826 1836 3978 1888 ἑκόν-

726 1928 919 1986 suapte
949 1927 1137 1985 sponte
1166 1920 1217 1973 in
1248 1920 1592 1991 intelligenda
1621 1925 1844 1977 veritate
1868 1924 2124 1979 obcaecati
2149 1934 2296 1980 sunt.
2334 1932 2374 1990 Β

2334 1932 2374 1990 Β
2401 1944 2491 1989 τες
2531 1928 2665 1997 πρὸς
2696 1928 2792 1996 τὴν
2825 1926 3034 1983 σύνεσιν
3064 1926 3164 1995 τῆς
3195 1924 3450 1996 ἀληθείας
3489 1926 3973 1996 ἀπετυφλώθησαν.

726 2008 828 2074 Qui
870 2023 1033 2078 porro
1060 2011 1231 2080 spatia
1263 2012 1620 2065 dimetiuntur
1651 2012 1951 2075 stellarum,
1990 2016 2297 2081 assignant.

725 2115 831 2170 que
861 2116 1107 2169 quamam
1143 2118 1359 2171 semper
1393 2101 1705 2170 amtlgeaut,
1731 2114 1785 2158 et
1815 2120 2061 2170 qmenam
2091 2114 2300 2173 septen-

725 2193 985 2245 trionales
1017 2193 1143 2257 sint,
1185 2203 1240 2248 et
1285 2194 1374 2262 qui
1410 2195 1543 2248 sitas
1594 2196 1736 2249 circa
1773 2197 2075 2251 austrinum
2117 2198 2297 2267 polum

725 2283 909 2338 stellas
941 2284 1045 2339 illic
1074 2285 1285 2354 quidem
1314 2287 1685 2341 habitantibus
1721 2288 1770 2359 5
1810 2291 2167 2359 conspicuas.
2201 2306 2298 2345 no-

726 2376 813 2431 bis
843 2391 968 2429 vero
1002 2376 1211 2446 ignotas
1235 2379 1551 2433 describunt
1578 2420 1593 2443 ,
1628 2390 1682 2434 et
1707 2381 2042 2435 latitudinem
2087 2385 2297 2451 aquilo-

724 2484 907 2525 narem
943 2486 1005 2524 ac
1037 2472 1316 2527 zodiacum
1340 2472 1600 2527 circulum
1628 2475 1926 2528 innumeris
1956 2476 2145 2544 spatiis
2167 2477 2301 2529 divi-

726 2567 882 2627 dunt,
921 2574 975 2619 et
1006 2575 1276 2620 astrorum
1310 2568 1706 2631 conversiones,
1738 2568 2107 2634 stabilitatem,
2138 2570 2300 2623 decli-

729 2658 998 2720 nationes,
1033 2673 1327 2730 eorumque
1350 2661 1591 2714 omnium
1639 2662 1703 2714 ad
1740 2663 1915 2730 prima
1947 2663 2058 2718 loca
2095 2672 2297 2717 motum

724 2747 1009 2817 diligenter
1037 2748 1352 2811 observant,
1385 2758 1433 2803 et
1465 2762 1667 2818 quanto
1694 2760 1932 2820 tempore
1961 2754 2297 2820 unumquod-

724 2854 828 2907 qne
853 2839 1091 2895 siderum
1141 2841 1445 2896 errantium
1483 2842 1771 2895 circuitum
1824 2858 1979 2896 suum
2037 2844 2294 2911 expleat:

724 2933 761 2986 ii
786 2949 944 2987 unam
980 2951 1044 2988 ex
1071 2936 1322 2990 omnibus
1344 2945 1513 2990 artem
1540 2950 1643 2988 non
1683 2934 1937 2989 invenere
1956 2977 1969 3001 ,
2003 2951 2105 3005 qua
2136 2950 2301 3004 agno-

725 3035 941 3081 scerent
977 3028 1143 3081 Deum
1171 3043 1292 3083 esse
1321 3030 1556 3084 universi
1582 3029 1853 3098 opiﬁcem,
1890 3039 1945 3085 et
1972 3027 2180 3097 justum
2211 3029 2299 3097 jn-

723 3116 898 3169 dicem
926 3155 941 3179 ,
974 3119 1213 3174 actiones
1246 3121 1365 3174 vita:
1415 3138 1513 3190 pro
1563 3123 1757 3177 merito
1810 3131 2244 3176 remunerantem
2279 3140 2293 3188 ;

726 3225 901 3280 neque
948 3212 1091 3267 hanc
1149 3215 1625 3268 consummationis
1672 3216 2059 3282 cogitationem
2109 3214 2295 3282 jndicii

2417 2018 2555 2069 Ἀλλ’
2587 2021 2635 2070 οἱ
2670 2019 2778 2072 τῶν
2826 2020 2934 2089 (3|)
3000 2018 3212 2090 ἄστρων
3250 2019 3318 2072 τὰ
3360 2018 3699 2089 διαστήματα
3740 2036 3980 2088 καταμε-

2401 2110 2686 2181 τροῦντες,
2725 2113 2815 2164 καὶ
2852 2114 2977 2174 τοὺς
3028 2114 3305 2181 άειφανεῖς
3353 2111 3532 2164 αὐτῶν
3571 2113 3663 2164 καὶ
3703 2109 3979 2181 ἀρκτῴους

2400 2204 2839 2275 ἀπογραφόμενοι
2881 2203 3012 2273 (32),
3050 2207 3141 2257 καὶ
3169 2205 3281 2257 ὅσοι
3312 2206 3438 2276 περὶ
3474 2203 3562 2256 τὸν
3600 2202 3771 2255 νότιον
3822 2202 3981 2256 πόλον

2402 2296 2641 2365 κείμενοι
2687 2299 2799 2359 τοῖς
2836 2296 2934 2365 μέν
2984 2298 3088 2351 είσι
3125 2298 3383 2367 φανεροὶ,
3429 2300 3558 2368 ἡμῖν
3590 2298 3646 2350 δὲ
3680 2298 3978 2363 ἄγνωστοι·

2402 2390 2494 2442 καὶ
2538 2390 2745 2459 βόρειον
2787 2389 3024 2452 πλάτος,
3079 2391 3171 2442 καὶ
3218 2389 3478 2454 ζωδιακὸν
3529 2390 3723 2443 κύκλον
3772 2389 3983 2459 μυρίοις

2400 2482 2727 2551 διαστήμασι
2776 2481 3141 2553 διαιροῦντες·
3190 2482 3283 2534 καὶ
3337 2482 3689 2554 ὲπαναιροράς
3744 2483 3979 2554 ἄστρων,

2401 2572 2493 2623 καὶ
2543 2574 2899 2647 στηριγμοὺς,
2951 2573 3042 2625 καὶ
3084 2573 3427 2638 ἀποκλίσεις,
3484 2575 3577 2625 καί
3626 2573 3842 2627 πάντων
3886 2573 3981 2644 τὴν

2402 2664 2493 2715 ἐπὶ
2523 2664 2590 2715 τὰ
2620 2664 3004 2733 προηγούμενα
3040 2665 3255 2733 κίνησιν
3290 2665 3355 2717 δι’
3381 2667 3665 2737 ἁκριὸείας
3704 2668 3979 2737 τηρήσαν-

2401 2773 2491 2818 τες
2512 2772 2524 2784 ·
2560 2756 2652 2807 καὶ
2686 2756 2771 2808 διὰ
2801 2757 2966 2807 πόσου
2994 2757 3184 2825 χρόνου
3216 2758 3322 2809 τῶν
3357 2759 3720 2827 πλανωμένων
3751 2758 3980 2821 ἕκαστος

2401 2847 2497 2916 τὴν
2533 2847 2721 2899 ἑαυτοῦ
2749 2847 2993 2918 περίοδον
3018 2849 3317 2918 ἐκπληροῖο
3356 2850 3481 2918 μίαν
3518 2850 3623 2901 τῶν
3658 2850 3845 2902 πασῶν
3879 2867 3981 2918 μη-

2403 2944 2568 3013 χανὴν
2610 2943 2708 2994 οὐκ
2750 2941 2968 3009 ἐξεῦρον
3016 2942 3152 3012 πρὸς
3200 2942 3258 2995 τὸ
3298 2942 3388 2994 τὸν
3414 2941 3547 2994 Θεὸν
3580 2944 3828 3011 ἐννοῆσαι
3871 2957 3981 2994 ,τοι-

2400 3034 2535 3103 ητὴν
2563 3032 2654 3085 τοῦ
2684 3033 2899 3096 παντὸς,
2930 3034 3024 3085 καὶ
3058 3032 3248 3104 κριτὴν
3273 3032 3498 3091 δίκαιον,
3526 3032 3623 3103 τὴν
3652 3032 3808 3095 ἀξίαν
3836 3029 3981 3084 ἀντί-

2399 3126 2542 3179 δοσιν
2574 3129 2683 3189 τοῖς
2720 3124 3074 3196 βεϐιωμένοις
3107 3126 3379 3199 ἐπάγοντα
3401 3142 3414 3155 ’
3450 3124 3571 3178 οὐδὲ
3610 3124 3687 3194 τῷ
3722 3124 3851 3195 περὶ
3880 3124 3979 3194 τῆς

2402 3220 2632 3290 κρίσεως
2659 3218 2801 3290 λόγῳ
2845 3218 2942 3289 τὴν
2971 3219 3259 3273 ἀκόλουθον
3290 3222 3387 3289 τῆς
3420 3217 3729 3281 συντελείας
3770 3218 3977 3271 ἔννοιαν

726 3302 986 3356 doctrinm
1019 3313 1437 3357 consentaneam
1464 3305 1514 3356 in
1547 3306 1783 3357 animum
1810 3306 1909 3358 sibi
1940 3306 2298 3369 induxerunt,
2328 3297 2369 3353 C

2328 3297 2369 3353 (ἶ
2404 3310 2717 3376 ἐπιγνῶναι,
2744 3311 2823 3361 ὅτι
2853 3310 3066 3379 ἀνάγκη
3096 3306 3526 3377 μεταποιηθῆναι
3557 3307 3647 3359 τὸν
3676 3306 3900 3376 κόσμον,
3930 3305 3978 3357 εί

730 3396 989 3455 mundum
1024 3392 1280 3449 ‘videlicet
1321 3398 1636 3449 necessario
1702 3407 1963 3449 mutatum
2014 3398 2116 3460 iri,
2170 3398 2213 3450 si
2247 3407 2301 3451 et

728 3487 1030 3548 animarum
1063 3496 1237 3541 status
1265 3488 1330 3540 ad
1361 3487 1520 3544 aliam
1558 3488 1681 3545 vita:
1713 3488 1975 3542 rationem
2005 3490 2074 3541 sit
2104 3487 2299 3541 transi-

730 3587 905 3631 turus.
938 3578 1397 3645 Quemadmodum
1430 3581 1572 3634 enim
1607 3595 1844 3647 prmscns
1889 3580 1997 3632 vita
2048 3588 2295 3632 naturam

730 3670 852 3721 ltuit:
884 3672 1082 3726 mundo
1110 3671 1320 3725 amnem
1365 3674 1632 3727 habebat:
1675 3676 1744 3727 ita
1780 3687 1943 3727 etiam
1970 3674 2149 3729 futura
2180 3675 2299 3729 ani-

729 3776 940 3814 marum
985 3772 1291 3817 nostrarum
1334 3764 1544 3819 vivendi
1581 3769 1716 3818 ratio
1758 3778 1959 3820 sortem
2005 3775 2295 3834 exceptura

728 3866 813 3910 est
838 3871 934 3910 suo
963 3858 1127 3911 statui
1156 3859 1583 3912 convenientem.
1618 3859 1683 3912 At
1713 3874 1838 3913 vero
1873 3869 2077 3913 tantum
2110 3858 2295 3924 abest,

731 3958 791 4001 ut
812 3947 866 4001 lti
892 3949 1130 4000 studium
1164 3951 1474 4015 impertiant
1504 3952 1653 4005 ltiscc
1679 3953 2023 4014 veritatibus,
2052 3960 2108 4002 nt
2135 3952 2296 4003 etiam

731 4037 917 4097 eﬂ'usis
944 4040 1223 4094 cachinnis
1251 4041 1513 4094 irrideant
1536 4056 1649 4105 nus,
1688 4056 1809 4094 cum
1842 4043 1907 4093 de
1935 4040 2115 4093 mundi
2144 4039 2299 4109 hujus

728 4133 1191 4189 consummatione
1238 4142 1292 4187 et
1336 4134 1401 4187 de
1447 4132 1624 4186 stecnli
1672 4132 2088 4202 regeneratione
2136 4136 2297 4187 verba

728 4224 977 4279 facimus.
1009 4224 1140 4280 Cum
1194 4234 1370 4279 autem
1419 4225 1741 4295 principium
1803 4227 2093 4278 secundum
2137 4235 2297 4277 natu-

732 4333 844 4370 ram
876 4320 1023 4387 prius
1062 4329 1352 4382 statuatur,
1393 4335 1554 4387 quam
1602 4336 1686 4383 ea,
1724 4335 1842 4388 qua:
1875 4318 1941 4371 ab
1976 4318 2091 4384 ipso
2136 4316 2298 4386 proti-

730 4412 1035 4475 ciscuntur,
1065 4413 1368 4467 necessario
1401 4421 1511 4466 tum
1553 4428 1676 4467 cum
1703 4415 1769 4467 de
1817 4413 1901 4467 his
1940 4429 2058 4483 qua:
2091 4428 2119 4466 a
2167 4422 2301 4468 tem-

728 4521 861 4576 pore
898 4504 1131 4568 habent,
1169 4506 1307 4575 quod
1349 4508 1477 4572 sint,
1516 4507 1840 4571 dissereret;
1880 4507 2018 4561 hanc
2046 4508 2301 4563 omnibus

728 4599 1039 4667 anteposuit
1064 4613 1271 4661 vocem,
1306 4599 1554 4667 inquiens
1594 4617 1606 4653 :
1642 4598 1707 4656 In
1742 4600 1998 4666 principio
2028 4598 2169 4668 fecit.

858 4711 1011 4767 Rom.
1041 4730 1077 4779 t,
1104 4715 1196 4779 21,
1227 4714 1315 4767 2‘2.

823 4836 913 4905 i9)
942 4835 1092 4890 Colh.
1118 4837 1386 4910 seruntlns
1428 4838 1677 4910 ἄγοντες.
1711 4837 1818 4894 Nec
1858 4840 1929 4893 ita
1959 4838 2124 4893 multo
2176 4848 2297 4910 post
2330 4843 2373 4898 ι)

729 4895 1237 4979 Colbgprintusxat
1267 4895 1544 4979 ἀσωμάτῳ
1576 4895 1755 4975 φύσει.

801 4975 914 5049 (.30)
953 4978 1042 5049 Sic
1081 4975 1204 5029 libri
1233 4975 1460 5034 veteres.
1492 4975 1735 5049 Deestta
1778 4982 1829 5032 in
1868 4979 2116 5049 vulgatis.

802 5048 913 5118 (3|)
948 5047 1101 5102 Colb.
1139 5052 1405 5104 secundus
1430 5048 1578 5102 ἄλλοι
1604 5048 1710 5101 τῶν
1747 5065 1757 5098 :
1789 5052 1871 5100 cui
1908 5047 2119 5104 lectioni
2161 5049 2306 5104 favet

730 5118 1069 5179 Eustathius,
1095 5119 1184 5188 qui
1230 5121 1307 5173 sic
1337 5122 1499 5175 vertit
1531 5136 1545 5174 :
1583 5121 1690 5174 Atii
1718 5120 1991 5173 stellarum
2026 5122 2305 5176 intervalla

730 5192 1088 5243 dinnnterant.

803 5260 915 5330 (δὲ)
941 5258 1015 5313 ita
1045 5262 1255 5315 codices
1269 5271 1497 5333 septem.
1534 5261 1667 5316 Editi
1698 5261 2157 5333 ὑπογραφόμενοι.
2184 5263 2303 5317 Mox

731 5342 965 5399 quatuor
992 5346 1119 5385 mss.
1152 5333 1259 5387 εἰσὶ
1285 5332 1546 5403 κείμενοι.
1582 5334 1691 5387 Vox
1722 5332 1826 5386 εἰσί
1850 5332 2007 5386 deest
2042 5337 2089 5386 in
2116 5335 2306 5401 aliqui-

733 5402 833 5455 bus
862 5415 991 5453 mss.
1024 5413 1078 5455 et
1104 5404 1153 5455 in
1182 5405 1360 5457 editis.
1384 5402 1500 5459 'lloc
1530 5405 1646 5469 ipso
1681 5406 1732 5455 in
1768 5405 1885 5457 loco
1915 5413 2139 5470 uterque
2175 5407 2301 5457 Unc.

732 5487 853 5525 cum
884 5482 1107 5544 utroque
1137 5474 1286 5528 Colb.
1318 5484 1372 5525 et
1406 5492 1525 5529 cum
1554 5474 1684 5540 Reg.
1712 5476 1898 5542 quinto
1931 5476 2042 5536 τοῖς
2071 5476 2166 5544 μὲν
2200 5476 2306 5527 aiat

732 5541 978 5614 φανεροί.
1019 5541 1156 5595 Editi
1210 5559 1342 5614 cum
1392 5544 1520 5614 Reg.
1582 5541 1753 5607 prium
1814 5545 1919 5597 εἰσὶ
1968 5541 2302 5613 φαινόμενοι.

734 5611 886 5664 Hand
922 5614 1273 5683 longeeditio
1323 5611 1897 5680 Βιικίίί’άποκλείσεις,
1960 5611 2303 5677 exclusiones,

734 5682 1037 5751 corruptef
1068 5682 1245 5743 Editio
1300 5683 1473 5740 Paris.
1511 5702 1633 5740 cum
1688 5689 1873 5739 multis
1908 5701 2033 5739 mss.
2084 5685 2307 5739 ἀποκλί-

734 5768 867 5813 σεις,
884 5757 1102 5806 emenda
1114 5765 1182 5807 te.

798 5823 912 5891 (35)
939 5824 1088 5897 ilolb.
1110 5826 1329 5897 primus
1362 5828 1565 5880 οἰκείαν
1599 5827 1693 5897 τὴν
1728 5830 2055 5881 κατάστασιν
2087 5826 2308 5891 ἀποδέξ-

724 5908 841 5947 ms
871 5894 963 5945 καὶ
984 5895 1079 5965 τὴν
1108 5894 1280 5963 λῆξιν,
1302 5903 1569 5968 proprium
1593 5894 1783 5951 statum
1807 5908 1850 5950 et
1870 5901 2039 5952 sedem
2070 5900 2312 5969 excipiet.

2407 3402 2585 3471 μέλλοι
2618 3402 2710 3454 καὶ
2766 3403 2799 3471 ὴ
2848 3403 2955 3454 τῶν
2998 3401 3184 3471 ψυχῶν
3240 3401 3565 3461 κατάστασις
3600 3399 3733 3469 πρὸς
3794 3399 3980 3469 ἕτερον

2402 3489 2540 3556 εἶδος
2591 3492 2734 3563 ζωῆς
2781 3492 3149 3562 μεταϐάλλειν.
3212 3492 3420 3561 Ὥσπερ
3477 3489 3585 3558 γὰρ
3632 3492 3665 3558 ή
3730 3490 3979 3559 παροῦσα

2402 3587 2514 3657 ζωὴ
2578 3584 2810 3653 συγγενῆ
2876 3584 2998 3653 ἔσχε
3062 3582 3155 3635 τοῦ
3220 3581 3422 3651 κόσμου
3468 3581 3657 3633 τούτου
3723 3580 3820 3650 τὴν
3880 3577 3979 3647 φύ-

2402 3693 2519 3737 σιν,
2569 3674 2711 3727 οὖτω
2746 3674 2838 3725 καὶ
2891 3675 2923 3743 ἡ
2977 3671 3239 3737 μέλλουσα
3278 3671 3385 3723 τῶν
3426 3670 3612 3741 ψυχῶν
3663 3670 3818 3740 ήμῶν
3865 3670 3979 3723 δια-

2400 3769 2554 3839 γωγὴ
2603 3765 2806 3818 οἰκείαν
2860 3764 2969 3832 (⁸55)
3021 3766 3085 3835 τῇ
3134 3764 3463 3818 καταστάσει
3511 3762 3831 3826 ὑποδέξεται
3878 3762 3977 3831 τὴν

2400 3860 2567 3931 λῆξιν.
2606 3861 2667 3912 Οἱ
2726 3859 2781 3911 δὲ
2831 3858 3080 3912 τοσοῦτον
3119 3860 3414 3929 ἀπέχουσιν
3467 3857 3541 3919 ὡς
3589 3856 3812 3927 ἀληθέσι
3862 3854 3982 3908 τού-

2398 3972 2510 4017 τοις
2568 3952 2890 4025 προσέχειν,
2946 3952 3084 4005 ὥστε
3136 3952 3228 4004 καὶ
3284 3950 3485 4003 πλατὺν
3540 3950 3752 4016 γέλωτα
3816 3965 3979 4001 κατα-

2400 4048 2609 4117 χέουσιν
2662 4045 2817 4116 ἡμῶν
2864 4045 2992 4114 περὶ
3031 4042 3337 4105 συντελείας
3379 4042 3469 4095 τοῦ
3524 4040 3729 4109 κόσμου
3784 4037 3973 4091 τούτου

2400 4141 2494 4192 καὶ
2535 4137 2951 4204 παλιγγενεσίας
2997 4134 3193 4195 αἰῶνος
3235 4133 3707 4199 ἀπαγγελλόντων.
3758 4128 3976 4200 Ἐπειδὴ

2399 4232 2454 4284 δὲ
2486 4234 2516 4299 ἡ
2556 4231 2697 4299 ἀρχὴ
2732 4228 2873 4281 κατὰ.
2910 4226 3069 4294 φύσιν
3101 4224 3464 4297 προτέτακται
3505 4224 3613 4275 τῶν
3659 4223 3753 4273 ἀπ’
3781 4222 3971 4289 αὐτῆς,

2400 4320 2713 4388 ἀναγκαίως
2756 4319 2881 4387 περὶ
2932 4316 3037 4369 τῶν
3079 4317 3185 4369 ἀπὺ
3234 4316 3424 4387 χρόνου
3473 4313 3532 4365 τὸ
3581 4307 3719 4365 εἶναι
3749 4311 3979 4381 ἐχόντων

2400 4413 2799 4481 διαλεγόμενος,
2835 4408 3034 4478 ταύτην
3067 4410 3321 4463 ἁπάντων
3357 4404 3616 4475 προέταξε
3645 4405 3742 4476 τὴν
3774 4403 3976 4474 φωνὴν,

2402 4507 2569 4560 εἰπών
2597 4526 2609 4538 ο
2657 4507 2759 4560 Ἐγ
2795 4503 2954 4575 ἀρχῇ
2982 4504 3272 4561 ἐποίησεν
3300 4500 3433 4570 (54λ.

2474 4839 2584 4910 (34)
2610 4838 2826 4910 Antiqui
2851 4838 2957 4891 duo
2992 4836 3109 4889 libri
3146 4835 3399 4910 ἐποίησεν
3428 4832 3627 4910 ὄρεός.
3655 4832 3808 4910 l_llt_td,
3832 4835 3974 4910 quod

2407 4903 2673 4978 sequitur,
2704 4903 2772 4979 ἦν
2803 4910 2910 4979 γάρ
2949 4925 3020 4971 τι,
3058 4917 3189 4979 ομ..
3226 4903 3362 4959 male
3392 4923 3420 4958 a
3452 4903 3973 4979 (IntulieiisinCttipi

2409 4974 2553 5049 puto.
2586 4980 2709 5046 Ejus
2730 4974 2842 5033 inec
2874 4974 2995 5033 Sunt
3028 4993 3040 5028 :
3075 4977 3265 5031 Basilii
3296 4980 3404 5029 tunc
3437 4978 3718 5034 sententia.
3764 4974 3974 5029 στατο-

2409 5068 2524 5105 rttnt
2557 5052 2870 5111 communis,
2911 5059 3110 5101 creatos
3160 5050 3370 5114 angelos
3415 5058 3535 5101 ante
3579 5052 3827 5098 mundum
3857 5060 3973 5095 cor-

2407 5136 2640 5187 poreum,
2673 5123 2726 5173 in
2757 5136 2913 5189 quam
2946 5119 3205 5189 nitriltlnm
3238 5126 3613 5189 statntrtmest,
3649 5117 3737 5167 sed
3769 5117 3821 5165 in
3856 5130 3972 5167 car-

2410 5185 2579 5243 cerem
2633 5185 2929 5241 animarum
2986 5186 3381 5257 Origetttttttuitt.
3408 5185 3511 5239 Sed
3550 5198 3829 5257 propterea
3871 5200 3971 5239 non

2414 5262 2594 5314 statim
2628 5262 2809 5314 debuit
2842 5256 3194 5313 Combetisius
3219 5256 3466 5309 Basilinm
3502 5270 3759 5322 reponere
3784 5256 3833 5307 in
3878 5273 3975 5308 Ittt-

2415 5346 2565 5385 mero
2591 5345 2796 5389 eorum.
2844 5333 2932 5396 qui
2981 5343 3235 5396 expresse
3282 5341 3336 5379 et
3381 5336 3755 5381 asseverattter
3790 5327 3974 5379 dit-unt

2416 5403 2633 5473 angelos
2656 5412 2779 5455 ante
2810 5402 3066 5473 mundum
3094 5399 3354 5473 visibilem
3380 5411 3807 5473 corporeumque
3842 5411 3975 5473 ﬁes-se

2416 5468 2647 5535 creatos,
2668 5488 2786 5524 cum
2826 5468 3054 5523 Basilius
3102 5470 3237 5523 hanc
3264 5468 3566 5537 Opinionem
3602 5482 3703 5517 ttuu
3736 5468 3975 5534 proferat

2418 5556 2670 5612 tanquam
2720 5552 2918 5594 certant
2955 5553 3114 5605 atque
3174 5541 3545 5612 indubitatam,
3597 5538 3687 5588 sed
3722 5548 3972 5612 tanquattt

2418 5607 2789 5672 \‘CtiSiudlmn,
2842 5620 2895 5663 et
2946 5628 3101 5677 quant
3160 5612 3309 5661 tnulti
3353 5608 3767 5671 amplectatttttr.
3821 5607 3975 5658 Addit

2415 5688 2577 5743 enim,
2608 5684 2681 5745 ὡς
2706 5683 2869 5743 ἔοικε,
2901 5693 2952 5734 ut
2976 5682 3249 5731 verisimile
3276 5690 3370 5739 est,
3400 5694 3449 5727 nt
3480 5678 3697 5734 videtur,
3728 5679 3791 5727 ἰιι
3820 5678 3976 5738 Curtii-

2422 5772 2533 5807 cere
2562 5758 2697 5807 licet.
2739 5754 2865 5815 lino,
2904 5753 3041 5820 quod
3070 5766 3211 5818 saepe
3238 5750 3316 5811 ﬁt,
3352 5750 3394 5801 si
3438 5747 3583 5810 illud,
3608 5747 3680 5808 ὡς
3708 5746 3871 5802 ἔοικε.
3907 5750 3973 5820 ita

2422 5827 2840 5895 interpretemur
2878 5840 2889 5875 :
2924 5819 2975 5875 ut
3028 5820 3216 5888 fertur,
3244 5832 3297 5873 ut
3348 5820 3535 5873 aiunt;
3576 5820 3745 5887 magis
3775 5819 3976 5889 patebit
