4230 6508
289 468 359 526 l3
1409 467 1690 524 HOMlLlA
1727 467 1748 521 l
1790 466 1855 522 IN
1889 465 2378 521 HEXAEMERON.
3433 461 3505 520 ts

359 586 415 641 5.
450 583 554 640 Ἦν
578 586 685 658 γάρ
714 603 786 650 τι,
810 587 894 651 -ὼς
923 587 1063 642 ἔοικε
1088 630 1101 653 ,
1126 586 1218 641 καὶ
1249 587 1353 659 πρὸ
1379 587 1471 640 τοῦ
1507 589 1712 658 κόσμου
1740 586 1854 639 τού·
1881 598 1929 654 Α
2027 622 2029 632 .

1832 617 1854 626 -
1881 598 1929 654 Α
2027 586 2079 639 5.
2122 583 2251 638 Nam
2274 595 2327 639 et
2360 591 2483 637 ante
2505 584 2649 638 hunc
2679 591 2952 646 mundum,
2989 590 3045 636 nt
3079 581 3365 638 verisimile
3398 594 3502 649 est,

281 695 398 743 του,
415 678 443 730 δ
459 681 522 748 τῇ
546 679 640 747 μὲν
655 678 860 748 διανοίᾳ
880 678 1033 748 ἡμῶν
1049 679 1164 730 ἐστι
1183 677 1474 750 θεωρητὺν,
1500 679 1845 750 ἀνιστόρητον

313 771 339 823 ὲ
358 769 677 839 κατελείφθη
700 769 787 821 διά
807 769 866 822 τὸ
883 772 993 832 τοῖς
1015 770 1381 840 εἰσαγομένοις
1407 770 1486 822 ἔτι
1516 771 1608 823 καὶ
1637 769 1846 838 νηπίοις

285 860 427 914 κατὰ
462 860 558 931 τὴν
597 862 794 929 γνῶσιν
821 863 1206 933 ἀνεπιτήδειον.
1237 858 1342 914 Ἦν
1379 880 1461 925 τις
1504 862 1846 934 πρεσϐυτέρα

281 953 383 1022 τῆς
436 950 528 1003 τοῦ
560 951 762 1021 κόσμου
800 953 1062 1019 γενέσεως
1091 951 1419 1015 κατάστασις
1455 956 1572 1016 ταῖς
1618 956 1846 1023 ὑπερκο-

285 1042 466 1112 σμίοις
493 1043 749 1112 δυνάμεσι
774 1044 1073 1114 πρέπουσα,
1098 1045 1130 1113 ἡ
1159 1044 1507 1115 ὑπέρχρονος,
1540 1049 1570 1116 ἡ
1595 1047 1844 1126 αἱωνίαίή

281 1136 468 1199 ἀΐδιος.
493 1138 803 1208 Δημιουργή
814 1154 956 1207 ματα
971 1137 1026 1189 δὲ
1047 1137 1103 1190 ὲν
1130 1137 1264 1208 αὐτῇ
1290 1138 1435 1190 ὁτῶν
1465 1138 1597 1191 ὅλων
1628 1140 1848 1209 κτίστης

281 1227 377 1281 καὶ
397 1227 717 1298 δημιουργὸς
745 1228 1056 1291 ἀπετέλεσε,
1085 1228 1196 1297 φῶς
1225 1231 1410 1299 νοητὸν
1434 1231 1636 1301 πρέπον
1664 1237 1727 1303 τῇ
1757 1249 1851 1302 μαι

282 1318 562 1389 καριότητι
609 1319 716 1372 τῶν
763 1317 1051 1387 φιλούντων
1100 1320 1189 1373 τὸν
1219 1320 1419 1392 Κύριον
1443 1361 1457 1383 ,
1498 1323 1594 1384 τὰς
1631 1323 1850 1390 λογικὰς

282 1411 377 1462 καὶ
423 1411 684 1481 ἀοράτους
719 1410 943 1477 φύσεις,
991 1411 1082 1462 καὶ
1130 1412 1306 1463 πᾶσαν
1352 1412 1449 1480 τὴν
1491 1413 1598 1465 τῶν
1647 1413 1850 1482 νοητῶν

278 1501 660 1573 διακόσμησιν,
689 1502 787 1553 ὃσα
816 1501 914 1571 τὴν
945 1501 1216 1572 ἡμετέραν
1249 1503 1483 1556 διάνοιαν
1512 1506 1846 1575 ὑπερϐαίνει,

279 1593 356 1651 ὧν
382 1599 499 1652 οὐδὲ
528 1598 624 1657 τὰς
650 1597 912 1666 ὀνομασία
923 1616 940 1659 ;
970 1597 1208 1668 ἐξευρεῖν
1237 1599 1477 1653 δυνατόν.
1519 1599 1704 1652 Ταῦτα
1735 1600 1846 1670 (55)

279 1688 375 1742 τοῦ
401 1691 627 1758 ἀοράτου
674 1689 877 1759 κόσμου
908 1691 1214 1762 συμπληροῖ
1255 1693 1350 1761 τὴν
1383 1693 1570 1745 οὐσίαν
1596 1733 1611 1755 ,
1653 1693 1726 1756 ὡς
1770 1692 1848 1745 δι-

280 1781 470 1834 δάσκει
506 1781 650 1850 ἡμᾶς
685 1783 714 1832 ὁ
739 1781 946 1845 Παῦλος
971 1823 986 1847 ,
1021 1783 1192 1850 λέγων
1211 1800 1224 1813 ·
1267 1785 1383 1837 Ὅτι
1411 1784 1480 1837 ἐν
1513 1783 1672 1850 αὐτῷ
1702 1785 1852 1838 ἐκτί-

279 1874 398 1938 σθη
429 1871 496 1922 τὰ
533 1869 744 1934 πάντα,
771 1872 888 1925 εἴτε
911 1874 1109 1940 ὁρατὰ,
1141 1875 1258 1928 εἴτε
1291 1875 1530 1942 ἀόρατα,
1565 1876 1682 1928 εἴτε
1728 1877 1854 1942 θρό-

1949 686 2065 731 erat
2101 676 2299 744 aliquid
2332 675 2468 745 quod
2508 682 2691 728 nostra
2726 674 2942 742 quidem
2969 672 3289 742 cogitatione
3318 685 3508 740 possu-

1948 781 2066 822 mus
2087 764 2320 835 assequi,
2345 764 2438 818 sed
2471 763 2832 818 narrationem
2866 763 2984 817 ideo
3017 759 3198 831 effugit
3228 800 3242 825 ,
3275 761 3416 830 quod
3454 761 3506 814 id

1949 858 2064 920 his,
2096 856 2186 925 qui
2240 855 2609 920 instituuntur,
2645 861 2874 921 suntque
2908 853 3082 906 adhuc
3108 853 3158 904 in
3199 851 3508 919 cognitione

1948 947 2207 1010 infames,
2235 960 2570 1014 nequaquam
2616 947 2959 1014 congruebat.
3009 945 3138 998 Erat
3173 954 3343 998 status
3387 945 3507 1013 qui-

1949 1041 2067 1096 dam
2099 1040 2282 1094 mundi
2322 1049 2443 1094 ortu
2479 1039 2767 1108 antiquior,
2804 1038 3112 1094 ccelestibus
3153 1040 3505 1106 potestatibus

1949 1132 2269 1186 conveniens
2290 1171 2305 1195 ,
2356 1134 2742 1186 transcenderis
2779 1140 2982 1200 tempus
3024 1144 3186 1184 omne
3207 1170 3221 1193 ,
3251 1140 3503 1192 azteruns,

1949 1232 2254 1292 perpetuus.
2293 1221 2517 1292 Opiﬂcia
2558 1232 2737 1276 autem
2780 1222 3028 1275 conditor
3056 1230 3110 1274 et
3149 1220 3339 1272 artifex
3388 1233 3505 1271 om-

1951 1317 2094 1369 nium
2118 1331 2182 1370 eo
2206 1317 2257 1368 in
2281 1326 2423 1369 statu
2454 1313 2703 1384 perfecit,
2738 1315 3070 1384 spiritualem
3099 1313 3295 1376 lucem,
3321 1328 3506 1366 eorum

1949 1404 2038 1472 qui
2067 1406 2343 1460 Dominum
2376 1405 2598 1473 diligunt
2638 1404 2951 1457 beatitudini
2987 1418 3298 1466 consonam,
3341 1405 3506 1457 ratio-

1951 1495 2098 1548 nales
2126 1506 2178 1549 et
2202 1495 2498 1549 invisibiles
2531 1504 2771 1559 naturas,
2812 1506 2866 1547 et
2904 1495 3320 1564 intelligibilium
3355 1510 3508 1548 crea-

1952 1595 2190 1638 turarum
2225 1602 2344 1656 qua:
2396 1596 2634 1642 DOSU'L'ﬂl
2686 1597 2900 1656 Captum
2955 1596 3210 1655 superant
3257 1599 3504 1640 ornatum

1949 1691 2161 1730 onmem
2197 1697 2210 1732 :
2247 1694 2473 1746 quorum
2504 1695 2570 1732 ne
2604 1679 2818 1732 nomina
2853 1677 3065 1746 quidem
3104 1693 3386 1746 possumus
3415 1695 3507 1732 ex-

1952 1772 2212 1841 cogitare.
2234 1771 2357 1825 Haac
2379 1771 2650 1839 complent
2671 1771 2956 1825 invisibilis
2983 1772 3164 1824 mundi
3189 1773 3503 1835 essentiam,

1955 1867 2097 1916 velut
2131 1879 2227 1918 nos
2276 1866 2431 1919 docet
2458 1862 2653 1917 Paulus
2680 1905 2694 1929 ,
2735 1861 2919 1918 dicens
2951 1883 2963 1916 :
3004 1864 3265 1929 Quoniam
3309 1865 3362 1915 in
3394 1865 3506 1930 ipso

281 1976 398 2024 rat,
429 1959 550 2013 εἴτε
577 1963 935 2030 κυριότητες,
983 1964 1100 2016 εἴτε
1145 1965 1340 2032 ἀρχαί,
1389 1965 1507 2018 εἴτε
1551 1965 1844 2030 ἐξουσίαι,
1882 1943 1924 1996 Β

1832 2005 1844 2030 ,
1882 1943 1924 1996 Β
1952 1958 2160 2010 condita
2183 1969 2300 2012 sunt
2327 1961 2561 2012 universa
2580 2000 2595 2026 ,
2633 1959 2735 2011 sive
2762 1958 2984 2011 visibilia
3003 1998 3019 2022 ,
3058 1959 3162 2010 sire
3187 1956 3467 2011 inuisibilia
3485 1994 3502 2021 ,

278 2052 400 2104 εἴτε
430 2050 731 2120 δυνάμεις,
763 2054 869 2106 εἴτε
897 2055 1144 2120 ἀγγέλων
1180 2056 1462 2125 στρατιαὶ,
1493 2056 1600 2108 εἴτε
1635 2058 1845 2127 ἀρχαγ-

278 2143 453 2211 γέλων
481 2145 789 2198 ὲπιστασίαι
810 2162 822 2173 ·
854 2145 940 2196 ὅτε
963 2145 1018 2196 δὲ
1047 2143 1150 2196 ἔδει
1174 2146 1358 2198 λοιπὸν
1396 2147 1491 2200 καὶ
1524 2147 1613 2200 τὸν
1646 2149 1848 2219 κόσμον

278 2235 469 2290 τοῦτον
517 2236 899 2306 ἐπεισαχθῆναι
935 2239 1045 2300 τοῖς
1087 2233 1237 2300 οὖσι,
1287 2241 1708 2312 προηγουμένως
1736 2242 1847 2311 (56)

283 2330 384 2399 μὲν
428 2329 791 2381 διδασκαλεῖον
821 2331 914 2382 καὶ
943 2331 1324 2403 παιδευτήριον
1354 2333 1459 2386 τῶν
1496 2331 1849 2404 ἀνθρωπίνων

277 2421 502 2492 ψυχῶν·
549 2422 737 2474 ἔπειτα
781 2424 960 2493 μέντοι
1009 2425 1101 2477 καὶ⁵
1129 2423 1462 2489 ἁπαξαπλῶς
1503 2428 1717 2479 πάντων
1741 2427 1849 2478 τῶν

279 2519 338 2568 ὲν
388 2515 598 2582 γενέσει
646 2517 738 2568 καὶ
779 2516 948 2587 φθορᾷ
990 2517 1290 2588 ἐπιτήδειον
1329 2518 1662 2588 ἐνδιαίτημα.
1708 2519 1851 2589 Συμ-

279 2611 424 2680 φυης
464 2609 571 2679 ἄρα
606 2608 682 2680 τῷ
711 2609 896 2679 κόσμῳ
931 2609 1022 2660 καὶ
1056 2613 1167 2670 τοῖς
1203 2612 1261 2663 ὲν
1296 2609 1443 2679 αὐτῷ
1478 2609 1638 2673 ζώοις
1665 2627 1725 2664 τε
1755 2611 1850 2664 καὶ

282 2705 470 2769 φυτοῖς
523 2703 555 2770 ἡ
607 2702 698 2753 τοῦ
742 2702 931 2770 χρόνου
978 2699 1203 2764 διέξοδος
1250 2701 1483 2770 ὑπέστη,
1521 2701 1847 2771 ἐπειγομένη

279 2795 369 2847 ἀεὶ
414 2795 506 2846 καὶ
552 2794 968 2864 παραρῤέουσα,
1017 2794 1110 2845 καὶ
1154 2793 1398 2864 μηδαμοῦ
1436 2794 1712 2862 παυομένη
1756 2792 1848 2845 τοῦ

277 2886 504 2962 δρόμουἔ
538 2888 604 2938 ’Ἡ
638 2887 754 2956 οὐχὶ
778 2886 1016 2949 τοιοῦτος
1042 2888 1068 2938 ό
1102 2885 1321 2957 χρόνος,
1346 2878 1406 2937 οὗ
1435 2886 1493 2937 τὸ
1521 2886 1618 2956 μὲν
1648 2885 1848 2956 παρελ-

282 2976 374 3030 θὸν
431 2977 732 3048 ἠφανίσθη,
771 2978 832 3031 τὸ
879 2978 932 3030 δὲ
969 2977 1158 3047 μέλλον
1204 2976 1355 3030 οὔπω
1396 2978 1660 3047 πάρεστι,
1693 2977 1751 3030 τὸ
1793 2976 1849 3030 δὲ

282 3073 455 3141 παρὸν
491 3073 616 3143 πρὶν
661 3070 966 3141 γνωσθῆναι
1011 3070 1374 3142 διαδιδράσκει
1425 3071 1522 3140 τὴν
1566 3069 1846 3139 αἴσθησινς

282 3163 518 3232 Τοιαύτη
552 3163 609 3216 δέ
638 3181 719 3226 τις
747 3166 838 3216 καὶ
875 3165 984 3216 τῶν
1024 3163 1319 3231 γινομένων
1346 3165 1378 3231 ή
1423 3162 1614 3230 φύσις,
1681 3162 1713 3231 ἢ
1763 3162 1852 3214 αὖ·

282 3254 548 3322 ξανομένη
606 3255 850 3315 πάντως,
905 3254 937 3323 ἦ
990 3253 1281 3322 φθίνουσα,
1345 3252 1404 3304 τὸ
1451 3253 1506 3304 δὲ
1565 3253 1845 3323 ἱδρυμένον

283 3350 375 3401 καὶ
426 3347 681 3416 στάσιμον
730 3347 831 3398 οὐκ
882 3344 1129 3415 ἐπίδηλον
1175 3344 1387 3414 ἔχουσα.
1433 3345 1711 3414 Ἔπρεπεν
1753 3341 1846 3398 οὖν

280 3444 392 3504 τοῖς
424 3441 576 3505 ζώων
613 3456 668 3492 τε
709 3439 801 3491 καὶ
836 3437 1014 3506 φυτῶν
1061 3439 1332 3508 σώμασιν,
1376 3437 1534 3489 οἱονεὶ
1573 3437 1684 3507 (57)
1735 3437 1849 3508 pati-

284 3535 411 3607 ματί
437 3551 541 3586 τινι
580 3532 713 3602 πρὸς
752 3531 995 3600 ἀνάγκην
1035 3531 1428 3600 ὲνδεδεμένοις,
1476 3530 1569 3582 καὶ
1613 3531 1678 3599 τῇ
1713 3529 1848 3599 πρὸς

280 3626 494 3692 γένεσιν
519 3623 551 3692 ἢ
585 3622 787 3693 φθορὰν
820 3621 1028 3693 ἀγούσῃ
1063 3621 1274 3689 κινήσει
1304 3617 1677 3686 συνεχομένοις
1697 3653 1710 3678 ,
1740 3614 1844 3667 ὑπὸ

280 3717 378 3785 τῆς
422 3715 513 3766 τοῦ
558 3715 748 3785 χρόνου
791 3713 1000 3782 φύσεως
1039 3709 1423 3780 περιέχεσθαι,
1470 3711 1698 3777 συγγενῆ
1733 3709 1869 3780 τοῖς,

279 3806 680 3874 ἀλλοιουμένοις
715 3805 1046 3875 κεκτημένου
1076 3803 1184 3870 (58)
1215 3802 1311 3870 τὴν
1353 3799 1604 3869 ίδιότητα.
1645 3796 1846 3851 Ἐντεῦ-

281 3899 374 3951 Οεν
413 3899 624 3960 οἰκείως
661 3897 889 3949 ἐπέϐαλε
940 3895 1015 3964 τῷ
1050 3895 1177 3964 περὶ
1223 3891 1387 3945 αὐτὸν
1432 3890 1571 3959 λόγῳ
1609 3893 1635 3942 ὁ
1669 3887 1844 3957 σοφῶς

284 3990 396 4059 (59)
444 3991 587 4059 ἡμᾶς
624 3989 718 4040 τοῦ
753 3988 954 4058 κόσμου
985 3987 1081 4056 τὴν
1120 3985 1329 4052 γένεσιν
1360 3983 1716 4044 ἐκδιδάσκων,
1765 3983 1844 4034 sia

279 4080 417 4135 πῶν·
462 4080 554 4132 Ἑν
591 4079 747 4147 ἀρχῇ
778 4079 1044 4146 ἐποίησε⁸
1081 4078 1376 4139 τουτέστιν,
1410 4078 1465 4128 ὲν
1497 4076 1636 4144 ἀρχῇ
1671 4073 1841 4144 ταύτῃ

280 4176 347 4241 τῇ
384 4169 524 4223 κατά
552 4170 758 4240 χρόνον.
790 4171 862 4222 Οὐ
884 4171 989 4241 γὰρ
1015 4170 1077 4240 δὴ
1105 4169 1242 4221 κατὰ
1271 4167 1688 4238 πρεσϐυγένειαν
1712 4166 1856 4218 πάν-ι

281 4280 391 4317 των
426 4261 533 4314 τῶν
564 4261 870 4331 γενομένων
908 4263 1157 4332 προέχειν
1195 4260 1355 4312 αὑτὸν
1392 4250 1676 4329 μαρτυρῶν
1698 4259 1841 4325 λέγει

282 4357 342 4406 ἐν
395 4355 537 4425 ἀρχῇ
577 4354 874 4422 γεγονέναι,
911 4353 1044 4406 ἀλλά
1084 4354 1220 4423 μετὰ
1248 4353 1312 4405 τά
1346 4352 1549 4424 ἀόρατα
1584 4352 1675 4403 καὶ
1698 4348 1844 4402 νοού-

286 4464 422 4516 μενα
452 4447 558 4500 τῶν
596 4446 805 4537 ὁρατῶν
844 4446 1044 4499 τούτων
1092 4447 1185 4497 καὶ
1234 4443 1478 4513 αἰσθήσει
1511 4441 1725 4511 ληπτῶν
1751 4440 1846 4509 τὴν

279 4539 457 4610 ἀρχὴν
509 4540 606 4611 τῆς
653 4526 934 4610 ὗπάρξεως
989 4538 1273 4608 διηγεῖται.
1331 4535 1560 4603 Λέγεται
1608 4532 1704 4603 μὲν
1755 4527 1847 4586 οὖν

354 4699 376 4731 ⁸
407 4697 613 4754 Coloss.
644 4714 685 4764 ι.
717 4700 804 4753 16.

281 4861 542 4916 Basilinm
567 4862 706 4917 hanc
739 4861 1057 4917 sententiam
1094 4874 1194 4913 non
1241 4860 1454 4927 proprie
1498 4858 1839 4927 pronosuisse
1875 4865 1916 4921 D

281 4945 339 4984 ut
362 4947 533 4995 suum,
563 4934 655 4986 sed
683 4944 738 4986 ut
771 4933 1018 4986 aliorum.
1044 4930 1165 4984 Seio
1191 4929 1405 4997 quidem
1431 4945 1587 4982 voces
1613 4928 1685 4990 ὡς
1722 4927 1826 4979 ἔοι-

281 5019 343 5054 κε
375 5004 519 5053 rethli
563 5019 716 5070 posse
754 5004 1038 5072 aliquando
1064 5014 1118 5052 ut
1147 5009 1368 5065 constat,
1418 5002 1590 5072 plane,
1619 4999 1828 5072 alique,

281 5073 372 5126 secl
423 5073 535 5124 haec
563 5070 942 5139 interpretandi
978 5073 1113 5125 ratio
1147 5085 1268 5123 rara
1310 5080 1391 5122 est
1419 5081 1471 5121 et
1499 5070 1742 5133 insolita;
1779 5077 1834 5120 et

280 5143 453 5195 solum
488 5143 726 5195 adhiberi
759 5143 915 5196 debet
951 5152 1082 5203 tum,
1118 5157 1237 5194 cum
1269 5140 1437 5192 series
1471 5139 1731 5191 orationis
1761 5139 1830 5190 ita

279 5212 511 5280 posmlat
545 5230 559 5266 :
594 5213 642 5264 id
674 5215 811 5278 quod
839 5215 922 5265 hic
946 5213 1114 5263 locum
1149 5228 1250 5262 non
1279 5210 1474 5280 habere
1497 5210 1694 5280 vident,
1720 5207 1835 5280 opi-

279 5278 401 5342 nor,
429 5298 632 5334 omnes.
660 5283 737 5335 Ad
767 5283 877 5335 haec
903 5281 1123 5334 Basilius
1147 5282 1288 5332 hom.
1313 5279 1366 5341 ‘2,
1396 5293 1542 5330 unm.
1569 5278 1619 5336 5,
1640 5293 1696 5330 se
1724 5279 1835 5342 ipse

277 5353 423 5404 clare
456 5366 518 5402 ac
541 5351 739 5404 diserte
779 5355 1029 5418 explmal,
1050 5353 1172 5401 ilum
1201 5351 1275 5418 ait
1309 5365 1320 5398 :
1361 5348 1529 5417 Εἴπερ
1559 5363 1609 5398 τι
1637 5343 1702 5414 ἦν
1727 5346 1833 5415 πρὸ

277 5422 374 5490 τῆς
400 5419 656 5488 αἰσθητοῦ
685 5417 870 5473 τούτου
897 5423 989 5473 καὶ
1013 5417 1247 5489 φθαρτοῦ
1280 5419 1480 5488 κόσμου
1495 5419 1828 5490 συστάσεως,

279 5487 339 5543 Si
366 5492 490 5559 quid
519 5487 630 5544 erat
676 5503 791 5544 ante
823 5487 1238 5542 constitutionem
1270 5487 1446 5540 mundi
1484 5487 1639 5553 hujus
1667 5503 1827 5559 sensi-

276 5556 394 5611 tum
421 5570 573 5626 atque
622 5562 941 5627 corruptioni
992 5559 1223 5618 obnoxii,
1282 5571 1371 5609 aut
1407 5561 1448 5627 si
1488 5563 1640 5608 modo
1672 5556 1825 5623 fuerit

273 5632 564 5697 quidpiam,
586 5643 688 5684 etc.
721 5626 798 5683 Et
826 5631 1019 5696 quibus
1045 5628 1377 5696 intelligilur,
1411 5626 1661 5679 Basiliutn
1690 5628 1829 5678 hanc

275 5704 341 5750 de
375 5702 685 5768 angelorum
719 5700 1138 5768 praeexsistentia
1159 5709 1476 5751 sententiam
1497 5697 1825 5758 dubitanter,

277 5783 380 5838 non
407 5783 780 5824 asseveranter
805 5772 1160 5838 proposuisse.

349 5837 580 5915 (35)_lta
617 5842 782 5915 editio
805 5835 963 5895 Basil.
1002 5851 1052 5894 et
1079 5852 1205 5893 mss.
1251 5846 1478 5906 septem.
1519 5835 1692 5889 Editio
1722 5835 1828 5890 Pa-

275 5910 370 5962 ris.
396 5909 567 5960 ταῦτα
595 5909 714 5979 γάρ.

1948 2053 2052 2102 sive
2083 2053 2278 2117 throni,
2308 2053 2416 2106 sive
2442 2047 2821 2105 dominationes
2842 2091 2856 2115 ,
2892 2052 2996 2104 sire
3026 2051 3372 2118 principatus,
3398 2052 3506 2104 sive

1948 2155 2243 2212 potestates,
2279 2150 2382 2203 sive
2405 2152 2622 2204 virtutes
2647 2149 2687 2214 ⁸,
2709 2149 2823 2205 sire
2853 2149 3162 2220 angelorum
3197 2151 3500 2214 exercitus,

1949 2239 2063 2293 sive
2100 2238 2540 2309 archangelorum
2575 2239 2924 2307 prmiecturm.
2953 2240 3085 2294 Tum
3109 2241 3321 2294 demum
3352 2256 3502 2309 opor-

1952 2332 2116 2394 tebat,
2150 2340 2203 2385 et
2233 2332 2371 2386 hunc
2413 2333 2665 2385 mundum
2705 2334 2863 2385 rebus
2889 2331 2998 2398 jam
3029 2333 3362 2386 exstantibus
3411 2331 3507 2387 ad-

1946 2421 2120 2493 jungi,
2157 2423 2245 2492 qui
2282 2435 2426 2478 esset
2467 2425 2517 2476 in
2553 2423 2739 2493 primis
2775 2423 3001 2477 idoneus
3036 2422 3182 2477 locus
3219 2427 3506 2479 edocendis

1950 2515 2235 2568 animabus
2265 2515 2536 2568 hominum
2574 2524 2733 2583 atque
2776 2515 3119 2568 erudiendis:
3146 2513 3268 2567 dein
3301 2516 3350 2566 in
3388 2515 3508 2567 uni-

1951 2619 2184 2668 versum,
2234 2616 2485 2674 utaplum
2517 2607 2723 2659 cunctis
2749 2608 2908 2658 rebus
2932 2623 3051 2674 qum
3081 2610 3415 2675 generationi
3451 2618 3506 2663 et

1950 2700 2275 2769 cori-optioni
2305 2700 2548 2754 obnoxia:
2594 2711 2738 2764 sunt,
2771 2700 3092 2753 domicilium
3124 2703 3283 2754 roret.
3318 2699 3506 2769 Itaque

1951 2789 2074 2843 huic
2111 2791 2306 2842 mundo
2351 2789 2735 2858 productisque
2769 2789 2822 2842 in
2874 2790 2988 2857 ipso
3040 2797 3149 2842 tum
3184 2790 3505 2847 animalibus

1952 2888 2059 2932 tum
2095 2879 2289 2946 plantis
2340 2879 2397 2949 6
2427 2876 2600 2931 alliuis
2633 2879 2772 2931 facta
2803 2892 2885 2932 est
2926 2881 3178 2949 temporis
3210 2883 3503 2946 successio,

1949 2985 2065 3041 qua:
2089 2985 2300 3040 semper
2329 2980 2568 3040 urgetur,
2601 2969 3051 3039 pratlerﬂuitque,
3084 2987 3183 3026 nec
3206 2986 3438 3042 unquam
3472 2989 3502 3026 a

1949 3079 2105 3118 cursu
2136 3064 2382 3132 quiescit.
2424 3064 2613 3117 Annon
2654 3062 2909 3131 ejusmodi
2949 3072 3030 3117 est
3081 3073 3319 3131 tempus,
3354 3065 3506 3133 cujus

1949 3174 2072 3226 pars
2101 3158 2365 3226 prmterita
2395 3157 2632 3221 evanuit,
2669 3156 2845 3209 futura
2877 3157 3110 3210 nondum
3139 3157 3324 3219 adest,
3363 3172 3500 3223 prae-

1951 3261 2073 3299 sens
2107 3262 2319 3299 sensum
2360 3249 2507 3314 prius
2558 3247 2690 3316 fugit
2733 3261 2893 3315 quam
2939 3248 3330 3316 cognoscatur?
3363 3247 3502 3316 Quin

1949 3339 2108 3391 etiam
2144 3339 2263 3391 talis
2289 3340 2498 3391 exsistit
2530 3351 2714 3390 eorum
2753 3353 2870 3406 quae
2901 3339 3033 3392 ﬁunt
3061 3351 3271 3403 natura,
3300 3352 3503 3394 autau-

1948 3445 2172 3500 gescens
2220 3431 2471 3495 oumino,
2524 3439 2617 3484 aut
2665 3431 2960 3498 deﬁciens,
3016 3447 3114 3486 nec
3158 3436 3503 3503 conspicuam

1951 3524 2256 3577 ﬁrmitatem
2282 3531 2370 3575 aut
2410 3522 2756 3577 stabilitatem
2781 3525 3043 3578 obtinens.
3082 3524 3264 3593 Itaque
3297 3528 3501 3580 anima-

1953 3613 2080 3667 lmm
2110 3613 2464 3682 stirpiuinque
2489 3630 2737 3684 corpora,
2771 3631 2885 3683 qua:
2911 3617 2976 3669 ad
3000 3615 3285 3673 ﬂuxiouem
3315 3634 3505 3688 quam-

1952 3707 2092 3776 piam
2127 3709 2446 3760 necessitate
2481 3709 2867 3778 astringuntur,
2906 3724 3129 3778 qumque
3165 3712 3382 3764 tuotioni
3414 3727 3505 3780 ge-

1949 3798 2242 3852 nerationis
2322 3799 2785 3868 corruptionisque
2853 3801 3202 3855 coneiliatrici
3269 3803 3496 3856 obnoxia

1950 3899 2093 3954 sunt,
2120 3903 2218 3955 par
2240 3898 2354 3942 erat
2380 3904 2407 3939 a
2435 3890 2690 3955 temporis
2710 3899 2895 3942 natura
2921 3892 3301 3958 proprietatem
3329 3905 3500 3946 muta-

1948 3982 2143 4036 bilibus
2185 3992 2465 4051 cognatam
2508 3981 2737 4034 habente
2782 3984 3068 4036 contineri.
3110 3983 3243 4038 llinc
3275 3987 3363 4053 qui
3403 4000 3500 4039 nos

1951 4073 2130 4127 mundi
2162 4084 2337 4126 ortum
2389 4074 2653 4140 sapienter
2700 4077 2905 4139 edocet,
2945 4076 3242 4129 habendum
3289 4077 3353 4131 de
3385 4080 3500 4146 ipso

1947 4180 2247 4218 sermonem
2279 4174 2398 4233 apte
2427 4181 2707 4235 aggressus
2736 4178 2817 4220 est
2841 4210 2855 4233 ,
2882 4168 3064 4222 dicens
3092 4185 3105 4219 :
3148 4167 3211 4220 In
3240 4169 3496 4236 principio

1948 4253 2103 4322 fecit;
2132 4257 2235 4307 hoc
2261 4261 2362 4316 est,
2389 4254 2439 4306 in
2467 4269 2530 4309 eo
2563 4251 2815 4325 temporis
2838 4258 3116 4325 principio.
3152 4239 3368 4311 Etenim
3393 4271 3497 4311 non

1947 4346 2089 4415 quod
2133 4344 2385 4399 mundum
2429 4347 2587 4399 rebus
2627 4346 2870 4399 oinnibus
2915 4347 3144 4401 conditis
3177 4348 3496 4417 antiquitate

1948 4441 2139 4507 przeire
2173 4448 2416 4503 testetur,
2443 4441 2516 4492 ait
2537 4454 2656 4493 eum
2684 4439 2736 4490 in
2777 4438 3035 4508 principio
3065 4436 3263 4492 factum
3293 4438 3496 4503 fuisse;

1950 4531 2042 4585 sed
2073 4541 2258 4585 narrat
2297 4533 2394 4586 has
2426 4545 2510 4584 res
2539 4530 2778 4585 visibiles
2810 4545 2871 4586 ac
2902 4531 3179 4586 sensibiles
3203 4539 3323 4599 post
3355 4530 3493 4583 iuvi-

2016 4853 2124 4925 (δῦ)
2158 4853 2286 4924 Reg.
2335 4855 2551 4924 quintus
2591 4853 3014 4926 προηγούμενον.
3079 4855 3295 4926 Editiel
3343 4858 3492 4912 multi

1944 4924 2071 4980 mss.
2089 4927 2540 4998 προηγουμένως.
2576 4924 2694 4978 Mes
2735 4924 2885 4981 Coll).
2924 4928 3130 4995 primus
3169 4924 3276 4978 τῶν
3299 4927 3496 4998 ἡμετέ-

1941 5015 2054 5069 ρων)
2072 4994 2276 5069 ψυχῶν.

2008 5058 2114 5137 (δῖ’)
2146 5058 2282 5121 Εόίιὶ
2331 5058 2463 5137 οἷον.
2494 5065 2562 5118 At
2595 5082 2719 5137 mss.
2758 5076 2998 5137 quatuor
3050 5065 3231 5122 οἱονεί.
3290 5066 3486 5123 Statim

1938 5135 2320 5206 Colb.'primns
2341 5135 2550 5202 γένεσιν
2581 5136 2675 5188 καὶ
2706 5136 2796 5204 φθ.

2011 5207 2122 5277 (58)
2149 5206 2245 5259 Hic
2298 5207 2438 5277 inter
2478 5223 2536 5259 se
2567 5209 2770 5259 variant
2799 5205 2964 5259 nostri
2998 5215 3105 5259 tum
3148 5206 3355 5261 calamo
3401 5223 3498 5262 no-

1943 5279 2058 5342 tati,
2099 5276 2204 5330 tum
2233 5276 2369 5347 typis
2403 5277 2830 5347 descriptilibri.
2867 5277 3041 5330 Editio
3080 5277 3313 5330 Basi|.et
3346 5278 3495 5347 Regii

1939 5349 2145 5416 primus
2166 5346 2495 5413 etseptimus
2518 5363 2637 5399 cum
2663 5345 2814 5416 (loli).
2846 5349 3077 5416 secundo
3095 5357 3147 5400 et
3176 5363 3295 5398 eum
3329 5345 3492 5402 (30th.

1939 5418 2120 5487 itidem
2139 5419 2368 5469 secundo
2386 5432 2550 5487 κεκτη
2560 5416 2718 5486 μένῳ.
2732 5415 2912 5487 rEilitio
2929 5415 3107 5468 Paris.
3128 5417 3491 5486 κεκτημένης.

1933 5486 2085 5540 Colb.
2117 5488 2317 5557 primus
2345 5486 2686 5556 κεκτημένοι.
2727 5486 2856 5553 Reg.
2891 5496 3072 5557 sextus
3113 5489 3490 5557 κεκτημένοιςε

1936 5559 2086 5625 Iiegii
2117 5556 2381 5610 secundus
2410 5569 2464 5628 et
2484 5555 2702 5628 quintus
2735 5573 2856 5609 cum
2885 5555 3046 5609 Coisl.
3085 5555 3495 5628 [η’ἱιιισκεκτη-

1936 5629 2096 5697 μένου
2131 5639 2144 5676 :
2174 5642 2333 5694 quam
2378 5627 2622 5697 ultimam
2662 5627 2959 5679 lectionem.
2992 5629 3200 5682 caneris
3251 5627 3491 5696 praetuli-

1934 5695 2081 5757 inus;
2115 5711 2217 5747 nou
2251 5695 2387 5763 quod
2437 5699 2718 5748 conveniat
2767 5697 2936 5764 magis
2985 5712 3142 5762 qnam
3191 5695 3348 5759 lectio
3381 5709 3495 5748 eui-

1935 5770 2092 5846 tionis
2130 5765 2469 5846 Parisieusis,
2499 5767 2592 5820 sed
2616 5768 2753 5832 quod
2779 5769 2980 5835 aliquot
3024 5770 3267 5822 codicum
3309 5781 3492 5823 anetu-

1936 5849 2092 5890 l'ilitle
2127 5848 2347 5887 nitatur.
2619 5861 2622 5864 ’

2010 5908 2116 5979 (59)
2148 5907 2219 5962 |:a
2253 5920 2384 5960 mss.
2416 5908 2670 5974 quinque.
2705 5906 2843 5960 Editi
2870 5920 2993 5960 vero
3020 5909 3047 5960 ὁ
3080 5908 3258 5976 σοφός.
