4230 6494
740 402 816 459 45
2105 414 2160 471 S.
2198 416 2280 472 BA
2291 414 2410 473 SILI

2305 414 2444 473 SlLll
2486 418 2698 477 MAGNI
3910 426 3975 483 13

738 517 923 576 smiles
950 533 1013 575 ac
1038 518 1350 589 spirituales
1394 520 1656 579 exsistere
1683 522 1932 595 coepisse.
1981 524 2049 581 Et
2087 531 2300 598 quidem
2333 536 2408 594 Ai

2333 536 2378 594 Δ
2405 534 2546 606 ἀρχὴ
2571 536 2665 590 καὶ
2698 537 2731 607 ἡ
2758 536 2947 609 πρώτη
2973 538 3203 608 κίνησις⁸
3230 538 3325 604 ὡς,
3363 539 3541 610 Ἀρχὴ
3570 540 3713 596 ὀδοῦ
3745 539 3975 611 ἀγαθῆς

738 611 945 680 pritnus
986 612 1154 664 etiam
1221 618 1397 666 motus
1441 610 1759 683 principium
1800 616 2039 672 dicitur:
2074 622 2301 691 exempli

739 717 904 757 causa
943 719 957 756 :
987 701 1314 771 Principium
1348 705 1446 759 eia-
1464 708 1632 773 ὸωιιε,
1664 708 1838 777 facere
1868 711 2015 779 justo
2029 712 2073 769 ’.
2108 713 2233 767 Nam
2270 732 2299 769 a

736 792 895 863 iustis
918 796 1218 851 actionibus
1239 798 1472 867 primum
1500 815 1776 856 movemur
1796 802 1861 857 ad
1886 803 2098 858 beatam
2118 806 2298 862 vitam.

740 885 947 941 Rursus
984 888 1306 959 principium
1355 891 1517 945 etiam
1562 892 1760 948 dicitur
1807 896 1948 950 unde
1979 896 2037 949 fit
2065 897 2296 966 aliquid;

740 994 861 1033 cum
884 979 1091 1034 scilicet
1123 980 1263 1035 aliud
1304 983 1454 1041 inest.
1487 984 1564 1037 uti
1596 984 1998 1041 fundamentum
2041 987 2092 1043 in
2121 990 2295 1053 domo.

738 1082 793 1126 et
824 1071 1009 1126 carina
1043 1072 1096 1127 in
1134 1078 1291 1138 navi;
1322 1073 1477 1142 juxta
1508 1092 1669 1145 quam
1698 1079 2063 1147 acceptionem
2100 1082 2296 1136 dictum

736 1168 859 1215 est:
901 1159 1227 1231 Principium
1256 1166 1545 1234 sapientia,
1584 1168 1740 1220 timor
1775 1166 1986 1221 Domini
2026 1170 2089 1223 “.
2122 1170 2299 1228 Pietas

738 1253 883 1307 enim
914 1262 995 1307 est
1029 1255 1169 1309 velut
1213 1259 1356 1311 basis
1384 1274 1448 1313 ac
1477 1259 1881 1315 fundamentum
1916 1262 1982 1317 ad
2015 1263 2301 1332 perfectio-

737 1358 882 1399 nem.
928 1345 1018 1399 Est
1056 1356 1107 1400 et
1142 1347 1503 1402 artiﬁcialium
1546 1366 1767 1421 operum
1810 1355 2130 1424 principium
2162 1372 2295 1423 ars;

739 1434 879 1488 sicut
908 1432 1193 1492 Beseleelis
1227 1439 1511 1507 sapientia,
1537 1452 1759 1497 ornatus
1785 1445 2113 1501 tabernaculi
2148 1450 2297 1518 prin-

736 1525 937 1596 cipium
980 1536 1119 1582 erat.
1150 1528 1288 1594 Quin
1322 1540 1374 1584 et
1415 1531 1557 1587 utilis
1589 1532 1712 1589 finis
1746 1549 1931 1590 eorum
1972 1554 2093 1606 qua:
2128 1540 2294 1605 liunt,

740 1621 1056 1689 plerumque
1098 1622 1370 1675 actionum
1405 1632 1489 1678 est
1538 1625 2053 1693 principium.verbi
2098 1633 2290 1701 gratia,

2402 626 2467 680 τὸ
2507 628 2700 681 ποιεῖν
2729 628 2947 683 δίκαια⁸
3002 630 3110 684 ἀπὸ
3151 631 3260 703 γὰρ
3307 632 3413 685 τῶν
3452 633 3677 688 δικαίων
3723 634 3974 706 πράξεων

2405 719 2619 789 πρῶτον
2665 721 2958 792 κινούμεθα
3002 722 3138 794 πρὸς
3164 723 3257 777 τὸν
3281 724 3546 795 μακάριον
3588 725 3722 795 βίον·
3759 726 3972 795 λέγεται

2401 812 2458 865 δὲ
2486 812 2626 885 ἀρχὴ
2674 815 2767 869 καὶ
2794 816 2913 869 ὅθεν
2959 816 3167 885 γίνεταί
3206 835 3277 883 τι,
3312 818 3408 872 τοῦ
3436 818 3545 889 (40)
3579 820 3973 891 ὶνυπάρχοντος

2406 901 2555 972 αὑτῷ
2577 903 2784 975 ἑτέρου,
2807 906 2883 969 ὡς
2916 907 3008 960 ἐπὶ
3030 909 3205 971 οἰκίας
3235 908 3500 980 θεμέλιος,
3542 910 3634 962 καὶ
3667 912 3760 963 ἐπὶ
3785 911 3970 964 πλοίου

2403 995 2435 1065 ὴ
2475 994 2686 1066 τρόπις,
2727 996 2861 1049 καθὸ
2902 997 3133 1069 εἴρηται·
3182 999 3363 1070 Ἀρχὴ
3391 999 3609 1069 σοφίας
3634 1001 3816 1070 φύσος
3860 1004 3971 1056 Κυ-

2395 1087 2553 1153 ρίου.
2599 1083 2725 1141 υἴον
2763 1089 2873 1161 γὰρ
2922 1092 3125 1162 κρηπὶς
3169 1094 3262 1147 καὶ
3303 1092 3500 1164 βάθρον
3534 1092 3643 1165 (ιι)
3684 1094 3819 1163 πρὸς
3870 1096 3971 1167 τὴν

2402 1180 2675 1234 τελείωσιν
2725 1184 2758 1252 ἡ
2802 1184 3073 1238 εὐλάϐεια.
3126 1186 3291 1257 Ἀρχὴ
3326 1187 3381 1241 δὲ
3434 1188 3529 1241 καὶ
3559 1185 3666 1241 τῶν
3710 1188 3972 1257 τεχνικῶν

2403 1268 2578 1341 ἔργων
2618 1274 2650 1344 ὴ
2684 1275 2868 1345 τέχνηο
2900 1278 2974 1342 ὼς
3009 1281 3042 1349 ἡ
3072 1279 3231 1349 σοφία
3266 1280 3548 1353 Βεσελεὴλ,
3577 1279 3671 1334 τοῦ
3708 1282 3835 1352 περὶ
3875 1280 3971 1352 τὴν

2405 1364 2609 1435 σκηνὴν
2642 1366 2868 1437 κόσμου.
2912 1369 3079 1442 Ἀρχὴ
3107 1371 3166 1424 δὲ
3192 1371 3442 1442 πράξεων
3488 1372 3747 1436 πολλάκις
3772 1376 3867 1425 καὶ
3911 1373 3973 1427 τὺ

2401 1452 2697 1525 εὔχρηστον
2717 1459 2866 1524 τέλος
2890 1462 2995 1514 τῶν
3032 1463 3348 1533 γινομένων*
3382 1464 3454 1527 ὡς
3471 1464 3569 1534 τῆς
3608 1464 3729 1536 ὲλεη
3738 1464 3973 1535 μοσύνης

2400 1545 2433 1613 ἡ
2465 1546 2616 1616 παρὰ
2642 1549 2775 1603 Θεοῦ
2803 1552 3059 1624 ἀποδοχὴ,
3120 1562 3215 1608 καὶ
3252 1556 3432 1624 πάσης
3478 1557 3576 1628 τῆς
3619 1558 3738 1610 κατ’
3772 1555 3974 1629 ἀρετὴν

2402 1638 2683 1710 ἐνεργείας
2712 1642 2772 1695 τὸ
2794 1642 2852 1695 ὲν
2878 1645 3227 1713 ἐπαγγελίαις
3242 1648 3599 1719 ἀποκείμενον
3624 1648 3797 1711 τέλος.

738 1713 1065 1769 concilianda
1111 1714 1201 1768 Dei
1232 1714 1399 1784 gratia
1445 1716 1795 1793 eleemosynze
1838 1720 2156 1791 principium
2185 1736 2283 1780 est.
2325 1725 2452 1783 item
2516 1734 2903 1801 promissorum
2964 1734 3107 1801 linis,
3166 1738 3392 1794 actionis
3418 1713 3783 1811 cujuscunque
3818 1755 3848 1795 a
3876 1738 3977 1792 vir-

739 1816 850 1879 pite
878 1807 1265 1875 proﬁciscentis
1288 1818 1370 1863 est
1392 1809 1737 1878 principium.

808 1896 861 1953 6.
901 1896 1032 1952 Cum
1057 1898 1220 1969 igitur
1251 1908 1329 1954 tot
1350 1901 1521 1954 modis
1551 1901 1759 1956 dicatur
1785 1902 2102 1971 principium
2123 1948 2139 1973 ,
2169 1922 2295 1963 cnn-
2326 1920 2368 1974 Β
2465 1918 2478 1969 ι

2326 1920 2368 1974 Β
2465 1915 2517 1971 6.
2549 1914 2914 1985 Τοσαυταχῶς
2942 1912 3034 1970 οὖν
3067 1916 3367 1988 λεγομένης
3396 1921 3495 1989 τῆς
3544 1920 3739 1991 ἀρχῆς,
3779 1921 3971 1977 σκόπει

738 1990 945 2046 uideres
974 1990 1155 2056 velim,
1186 2005 1321 2045 eane
1358 2006 1454 2048 vox
1491 1992 1717 2064 singulis
1744 1996 2062 2065 significatis
2099 2017 2298 2055 conve-

742 2083 872 2135 niat.
901 2081 1110 2137 Etenim
1152 2098 1182 2138 a
1214 2099 1321 2153 quo
1369 2092 1607 2155 tempore
1632 2097 1898 2143 structura
1936 2091 2115 2146 mundi
2146 2093 2302 2161 hujus

738 2176 983 2245 cmperit.
1007 2177 1216 2232 discere
1238 2188 1422 2244 potes;
1453 2179 1498 2233 si
1536 2182 1696 2235 modo
1730 2197 1795 2236 ex
1838 2188 2086 2251 pmseuti
2116 2187 2182 2241 ad
2204 2204 2300 2242 su-

737 2266 982 2338 periores
1011 2276 1195 2321 aatates
1219 2282 1557 2337 progressus,
1594 2270 1822 2337 primam
1851 2271 2077 2341 originis
2119 2276 2302 2331 mundi

739 2358 881 2410 diem
908 2356 1148 2412 invenire
1186 2356 1499 2412 contendas.
1544 2357 1657 2415 Hoc
1688 2375 1925 2432 namque
1954 2376 2113 2433 pacto
2150 2381 2303 2437 repe-

740 2449 883 2513 ries,
938 2447 1080 2501 unde
1126 2447 1253 2501 insit
1296 2448 1521 2517 tempori
1572 2460 1748 2506 motus
1788 2455 2038 2522 primus:
2088 2456 2300 2520 deinde,

740 2540 883 2608 quod
915 2548 1168 2608 tanquam
1200 2537 1545 2595 fundamenta
1571 2544 1815 2611 quadam
1845 2556 1898 2599 et
1920 2544 2080 2600 bases
2106 2546 2301 2602 caslnm

739 2644 795 2687 ct
826 2642 967 2687 terra
1000 2641 1315 2703 prcstructa
1348 2634 1459 2686 sint
1490 2650 1505 2687 :
1533 2641 1642 2687 tum
1666 2674 1681 2699 ,
1720 2639 1859 2704 quod
1920 2639 1990 2692 sit
2043 2638 2302 2709 industria

742 2725 986 2795 quadam
1037 2726 1178 2780 ratio
1207 2741 1345 2796 qum,
1399 2726 1475 2780 uti
1523 2725 1617 2781 tibi
1647 2742 1747 2781 vox
1800 2728 2044 2798 principii
2076 2729 2302 2795 indicat,

741 2832 924 2871 rerum
950 2816 1238 2873 visibilium
1269 2826 1463 2888 praeest
1502 2818 1713 2872 ornatui
1750 2833 1813 2873 ac
1842 2818 2038 2875 ordini.
2063 2822 2302 2892 Denique

742 2909 1109 2979 deprehendes
1128 2911 1486 2982 excogitatum
1512 2910 1675 2967 fuisse
1693 2914 1948 2966 mundum
1973 2928 2077 2967 non
2104 2924 2304 2969 temere

744 3016 919 3070 neque
946 3001 1144 3057 frustra
1172 3042 1188 3065 ,
1229 3003 1322 3059 sed
1366 3003 1432 3058 ad
1476 3004 1635 3059 linem
1688 3004 1975 3075 quemdam
2002 3006 2183 3060 utilem
2206 3045 2221 3070 ,
2250 3014 2305 3063 et

742 3106 937 3163 magno
985 3093 1105 3147 usui
1148 3095 1357 3149 cunctis
1401 3094 1564 3151 rebus
1614 3094 1853 3149 futurum
1882 3114 1896 3150 :
1930 3096 2193 3166 siquidem
2221 3108 2303 3153 cst

746 3197 930 3237 revera
958 3184 1261 3239 animarum
1304 3187 1511 3240 ratione
1552 3187 1896 3255 praeditarum
1937 3189 2299 3257 gymnasium;

2400 2010 2449 2062 εί
2494 2008 2567 2081 μὴ
2621 2010 2756 2062 πᾶσι
2798 2011 2909 2073 τοῖς
2956 2010 3373 2081 σημαινομένοις
3428 2012 3460 2082 ή
3520 2011 3771 2082 παροῦσα
3822 2014 3972 2085 φωνὴ

2401 2101 2721 2172 ἐφαρμόσει.
2762 2101 2869 2156 Καὶ
2906 2101 3013 2175 γὰρ
3047 2104 3138 2171 ἀφ’
3193 2098 3255 2157 οὗ
3299 2102 3489 2174 χρόνου
3546 2103 3750 2174 ῆρξατο
3800 2106 3835 2175 ἡ
3876 2105 3972 2160 τοῦ

2400 2194 2605 2266 κόσμου
2634 2194 2825 2249 τούτου
2867 2196 3143 2259 σύστασις,
3160 2196 3381 2250 δυνατόν
3414 2213 3495 2249 σοι
3535 2196 3745 2267 μαθεῖν,
3771 2197 3866 2250 ἐάν
3887 2215 3971 2266 γε,

2402 2288 2467 2341 ὲκ
2508 2285 2601 2341 τοῦ
2621 2286 2886 2359 παρόντος
2911 2289 2990 2350 εἰς
3013 2287 3074 2341 τὸ
3101 2289 3329 2342 κατόπιν
3358 2286 3713 2353 ἀναποδίζων.
3745 2288 3973 2358 φιλονεισ

2402 2377 2577 2449 κήσῃς
2608 2378 2717 2449 (42)
2748 2379 2926 2450 εὑρεῖν
2941 2378 3036 2451 τὴν
3056 2379 3276 2451 πρώτην
3306 2381 3514 2453 ἡμέραν
3528 2382 3627 2451 τῆς
3652 2380 3746 2435 τοῦ
3768 2382 3973 2452 κόσμου

2403 2467 2686 2535 γενέσεως.
2722 2471 2988 2543 Εὑρήσεις
3034 2472 3142 2545 γάρ
3186 2472 3377 2538 οὕτως,
3415 2475 3580 2529 πόθεν
3610 2474 3688 2546 τῷ
3723 2475 3902 2546 χρόνῳ
3936 2474 3970 2544 ἠ

2403 2559 2594 2631 πρώτη
2621 2560 2853 2630 κίνησις,
2894 2562 3104 2625 ἔπειτα,
3135 2565 3216 2617 ὅτι
3257 2565 3350 2617 καὶ
3379 2565 3539 2617 οἱονεὶ
3565 2564 3805 2635 θεμέλιοι
3829 2581 3975 2629 τινες

2403 2651 2499 2706 καὶ
2529 2651 2791 2721 κρηπῖδες
2827 2656 3341 2727 προκατεὸλήθησαν
3368 2659 3398 2710 ὁ
3442 2657 3669 2728 οὐρανὸς
3701 2659 3795 2711 καὶ
3820 2659 3853 2727 ἠ
3880 2657 3969 2728 γῆο

2402 2739 2541 2804 εἶτα,
2560 2743 2641 2795 ὅτι
2666 2740 2780 2794 ἐστι
2805 2759 2886 2805 τις
2902 2745 3144 2813 τεχνικὸς
3168 2745 3322 2812 λόγος
3348 2749 3376 2800 ὁ
3404 2746 3858 2819 καθηγησάμενος
3875 2749 3973 2819 τῆς

2400 2834 2510 2889 τῶν
2556 2834 2847 2906 ὁρωμένων
2874 2833 3303 2905 διακοσμήσεως,
3336 2837 3409 2899 ὡς
3441 2838 3773 2890 ἐπιδείκνυταί
3803 2855 3884 2891 σοι
3935 2841 3969 2908 η

2402 2925 2554 2996 φωνὴ
2582 2924 2681 2995 τῆς
2716 2923 2911 2997 ἀρχῆς·
2950 2926 3043 2978 καὶ
3083 2925 3143 2977 τὸ
3174 2925 3247 2997 μὴ
3268 2926 3388 2995 εἰκῆ
3429 2926 3561 2996 μηδὲ
3593 2926 3789 2997 μάτην,
3840 2927 3974 2981 ἀλλά

2403 3018 2539 3088 πρός
2566 3035 2619 3071 τι
2645 3017 2796 3081 τέλος
2821 3016 3092 3088 ὠφέλιμον
3122 3017 3216 3071 καὶ
3243 3016 3482 3088 μεγάλην
3509 3016 3695 3089 χρείαν
3730 3019 3844 3081 τοῖς
3858 3013 3971 3071 οὖσι

2405 3109 2882 3180 συνεισφερόμενον
2911 3107 3284 3180 ὲπινενοῆσθαι
3316 3107 3424 3179 (45)
3444 3108 3535 3162 τὸν
3564 3108 3786 3179 κόσμον,
3819 3107 3975 3179 εἴπερ

2404 3201 2479 3271 τῷ
2510 3200 2623 3255 ὄντι
2649 3201 2836 3272 ψυχῶν
2870 3202 3102 3270 λογικῶν
3129 3201 3496 3256 διδασκαλεῖον
3532 3202 3627 3257 καὶ
3649 3200 3975 3270 θεογνωσίας

746 3287 802 3331 et
831 3275 981 3331 locus
1002 3286 1083 3331 est
1110 3278 1163 3330 in
1194 3291 1299 3345 quo
1323 3276 1415 3330 Dei
1443 3288 1784 3346 comparatur
1811 3280 2044 3348 cognitio
2070 3300 2083 3333 :
2107 3280 2305 3350 quippe
2329 3261 2371 3319 (ἶ
2406 3294 2416 3346 ε

2329 3261 2371 3319 C
2406 3261 2521 3347 ἐστὶ
2550 3261 2955 3365 ειταιδειλίιτήριον,¹
2985 3294 3072 3348 διὰ
3108 3294 3215 3347 τῶν
3247 3294 3535 3365 ὁρωμένων
3566 3295 3658 3348 καὶ
3702 3261 3974 3364 αίσθητῶν

744 3385 842 3439 per
874 3385 962 3427 res
991 3369 1230 3425 visibiles
1268 3370 1656 3440 sensibilesque
1697 3386 1817 3425 men
1842 3386 1928 3426 em
1959 3372 2111 3443 quasi
2146 3388 2303 3427 manu

743 3460 891 3514 ducit
913 3462 978 3515 ad
998 3460 1341 3536 invisibilium
1364 3461 1904 3528 contemplationem;
1933 3463 2009 3517 uti
2054 3465 2131 3518 ait
2167 3466 2308 3535 Apo-

746 3552 961 3606 stolus:
1000 3552 1294 3606 Invisibilia
1341 3569 1373 3605 α
1415 3562 1659 3607 creatura
1693 3555 1909 3619 mundi,
1945 3572 2037 3624 per
2084 3573 2145 3609 ea
2184 3573 2305 3627 qui:

2404 3382 2770 3453 χειραγωγίαν
2796 3383 2872 3454 τῷ
2894 3382 2968 3454 νῷ
2990 3385 3361 3453 παρεχόμενος
3406 3383 3516 3453 (tu)
3570 3385 3705 3455 πρὸς
3728 3385 3828 3455 τὴν
3851 3383 3978 3436 θεω-

2407 3473 2526 3547 ρίαν
2557 3474 2664 3528 τῶν
2697 3477 2965 3548 ἀοράτων,
3018 3475 3159 3529 καθά
3208 3491 3374 3545 φησιν
3424 3478 3453 3528 ὁ
3496 3476 3838 3532 Ἀπόστολος.
3893 3475 3975 3528 ὅτι

2410 3567 2486 3621 Τὰ
2508 3566 2728 3633 ἀόρατα
2758 3567 2944 3620 αὑτοῦ
2970 3567 3086 3621 ἀπὸ
3111 3568 3362 3632 κτίσεως
3390 3566 3619 3634 κόσμου
3650 3566 3774 3632 τοῖς
3802 3566 3974 3635 ποιή-

747 3644 888 3711 facta
921 3653 1038 3695 sunt
1062 3681 1080 3704 ,
1129 3642 1385 3696 intellecta
1433 3645 1907 3710 conspiciuntur“.
1938 3650 2049 3700 Aut
2078 3645 2307 3703 fortasse
2399 3678 2417 3728 Α

2306 3674 2307 3681 ‘
2399 3673 2549 3728 μασι
2564 3660 2858 3725 νοούμενα
2890 3656 3222 3727 καθορᾶται.
3248 3658 3317 3711 Ἦ
3334 3657 3473 3728 τάχα
3500 3656 3586 3710 διὰ
3607 3658 3667 3709 τὸ
3692 3659 3976 3725 ἀκαριαῖον

747 3734 871 3805 quia
933 3732 1203 3805 opificium
1242 3732 1368 3787 illud
1412 3732 1467 3785 in
1512 3744 1782 3787 momento
1846 3745 1900 3789 et
1949 3737 2082 3789 citra
2143 3739 2305 3792 ullam

750 3827 1005 3897 temporis
1032 3841 1237 3881 moram
1265 3823 1564 3881 absolutum
1596 3834 1699 3887 est,
1721 3825 1837 3881 ideo
1857 3828 2056 3881 dictum
2078 3830 2129 3898 7
2162 3830 2260 3883 fuit
2292 3851 2304 3885 :

749 3919 818 3973 In
868 3921 1125 3989 principio
1170 3921 1331 3989 fecit;
1376 3918 1811 3989 quandoquidem
1856 3920 2177 3989 principium
2227 3930 2310 3976 est

748 4014 998 4083 quiddam
1034 4013 1341 4079 insecabile,
1383 4028 1448 4067 ac
1490 4012 1839 4067 dimensidnis
1871 4026 2080 4079 expers.
2112 4012 2311 4080 Quem-

750 4106 1034 4160 admodum
1073 4105 1214 4158 enim
1256 4105 1573 4177 principium
1622 4106 1759 4169 virs,
1800 4104 2031 4158 nondum
2073 4115 2155 4159 est
2202 4106 2309 4172 via,

750 4208 805 4253 et
839 4198 1028 4251 domus
1066 4199 1384 4269 principium
1411 4238 1426 4261 ,
1463 4212 1802 4268 nequaquam
1840 4198 2031 4252 domus
2064 4208 2147 4251 est
2178 4217 2192 4254 :
2231 4201 2312 4255 sic

751 4300 808 4345 et
842 4290 1097 4359 temporis
1140 4290 1462 4361 principium
1483 4331 1499 4357 ,
1534 4292 1769 4345 nondum
1820 4300 2029 4359 tempus
2062 4298 2180 4353 est,
2207 4290 2312 4344 imo

750 4398 924 4452 neque
951 4398 1076 4453 pars
1109 4384 1276 4454 ipsius
1315 4384 1555 4437 minima.
1585 4383 1732 4450 Quod
1761 4382 1806 4437 si
1840 4383 2109 4452 quiSpiam
2149 4383 2312 4436 alter.

751 4490 883 4530 cans
910 4476 1054 4530 dicat
1087 4477 1410 4545 principium
1454 4484 1663 4544 tempus
1692 4491 1842 4542 esse;
1881 4476 1929 4531 is
1965 4477 2066 4531 sibi
2103 4474 2228 4529 illud
2260 4476 2311 4530 ia

2405 3751 2500 3805 καὶ
2545 3750 2773 3822 ἄχρονον
2810 3750 2909 3821 τῆς
2950 3750 3306 3823 δημιουργίας
3331 3750 3545 3823 εἴρηται
3580 3748 3660 3812 τὸ,
3697 3749 3794 3802 ‘Er
3819 3746 3979 3819 ἀρχῇ

2406 3840 2713 3908 ἐποίησεν,
2744 3842 2928 3914 ἐπειδὴ
2963 3843 3167 3915 ἀμερές
3196 3860 3249 3896 τι
3280 3843 3373 3896 καὶ
3409 3840 3784 3911 ἀδιάστατονη
3814 3841 3973 3913 am.

2419 3934 2505 3996 Ὠς
2535 3933 2641 4005 γὰρ
2667 3936 2702 4005 ἡ
2732 3934 2992 4005 ἀρχὴτῆς
3022 3933 3142 3988 ὁδοῦ
3165 3933 3318 3987 οὔπω
3348 3934 3487 3997 ὁδὸς,
3514 3932 3609 3986 καὶ
3640 3932 3673 4003 ἠ
3705 3931 3847 4003 ἁρχὴ
3880 3934 3978 4002 τῆς

2408 4025 2584 4087 οἰκίας
2615 4025 2713 4077 οὐκ
2741 4026 2905 4086 οἰκία,
2947 4024 3091 4077 οὕτω
3120 4026 3210 4077 καὶ
3237 4027 3270 4094 ἡ
3310 4024 3401 4077 τοῦ
3446 4025 3637 4096 χρόνου
3666 4024 3807 4096 ἀρχὴ
3827 4022 3979 4077 οῧπω

2409 4113 2619 4185 χρόνος,
2672 4114 2784 4166 ἀλλ’
2816 4113 2935 4166 οὐδὲ
2965 4115 3130 4184 μέρος
3162 4113 3325 4167 αὑτοῦ
3354 4113 3413 4165 τὸ
3458 4114 3755 4184 ἐλάχιστον.
3820 4114 3884 4167 Εἰ
3922 4114 3978 4168 δὲ

2411 4203 2728 4275 φιλονεικῶν
2754 4221 2840 4267 τις
2882 4203 3070 4276 χρόνον
3102 4200 3241 4257 εἶναι
3276 4203 3423 4270 λέγοι
3464 4206 3560 4274 τὴν
3589 4206 3785 4276 ἀρχὴν,
3813 4222 3976 4273 γινω⁹

2411 4298 2609 4361 σκέτω,
2642 4298 2721 4351 ὅτι
2754 4296 3015 4369 διαιρήσει
3039 4295 3207 4368 αὐτὴν
3244 4297 3323 4358 είς
3357 4294 3426 4348 τὰ
3458 4295 3551 4347 τοῦ
3591 4297 3781 4364 χρόνου
3817 4296 3976 4367 μέρη.

2411 4389 2594 4444 Ταῦτα
2637 4390 2693 4444 δέ
2722 4392 2888 4453 ἐστιν,
2931 4390 3094 4461 ἀρχὴ.
3130 4388 3223 4443 καὶ
3256 4386 3399 4458 μέσα
3442 4385 3576 4457 (45),
3608 4386 3703 4438 καὶ
3732 4383 3976 4457 τελευτή.

2425 4480 2622 4551 Ἀρχὴν
2651 4480 2708 4533 δὲ
2757 4482 2930 4552 ἀρχῆς
2967 4483 3201 4535 ἐπινοεῖν
3237 4477 3513 4543 παντελῶς
3556 4476 3975 4547 καταγέλαστον.

753 4568 1008 4637 temporis
1047 4576 1223 4637 partes
1264 4566 1605 4621 dividendum
1640 4580 1762 4621 esse
1805 4567 1962 4621 sciat.
2003 4565 2096 4620 Hae
2130 4577 2310 4619 autem
2342 4576 2423 4665 D1

2305 4585 2310 4619 I
2342 4610 2386 4665 Β
2414 4575 2523 4627 Καὶ
2556 4576 2583 4627 ὁ
2611 4574 2907 4644 διχοτομῶν
2941 4574 3037 4646 τὴν
3063 4574 3235 4645 ἀρχὴν
3272 4572 3363 4627 δύο
3414 4574 3626 4644 ποιήσει
3660 4571 3779 4625 ἀντὶ
3830 4572 3975 4642 μιᾶς,

752 4673 896 4724 sunt,
938 4659 1282 4731 principium,
1329 4659 1599 4721 medium,
1633 4666 1687 4711 et
1729 4657 1870 4711 linis.
1906 4658 2065 4727 Atqui
2107 4657 2310 4727 princi-

781 4753 901 4807 ium
935 4750 1180 4822 principii
1210 4752 1515 4818 excogitare
1544 4764 1765 4820 prorsus
1796 4748 2080 4805 ridiculum
2111 4760 2211 4807 est.
2246 4749 2313 4804 Et

820 4930 844 4965 ⁹
879 4932 1037 4991 Prov.
1074 4946 1185 4997 th,
1215 4930 1268 4985 5.
1344 4928 1386 4961 ‘°
1421 4926 1578 4982 Prov.
1607 4945 1647 4994 t,
1673 4930 1725 4983 7.
1801 4926 1843 4958 ¹¹
1879 4924 2035 4981 Rom.
2070 4943 2109 4994 t,
2148 4925 2239 4985 20.

829 5091 1108 5164 (£0)7Editi
1140 5099 1193 5164 et
1229 5103 1357 5143 mss.
1403 5084 1642 5164 nonnulli
1670 5086 1724 5138 τὶ
1752 5084 1846 5139 τοῦ
1890 5086 2042 5164 ενυπ..
2080 5082 2178 5164 alii
2215 5098 2310 5138 sex

755 5154 887 5219 mss.
915 5154 969 5216 τὶ
995 5162 1409 5230 ἐνυπάρχοντος.
1446 5155 1764 5230 Addidimus
1786 5170 1973 5230 v_ocem
2012 5154 2196 5230 ἐτέρου
2235 5169 2311 5230 _ex

756 5233 909 5289 Colb.
939 5223 1348 5287 secundo'.'Mox
1378 5228 1512 5298 Heg.
1550 5227 1770 5296 quintus
1798 5226 1986 5297 ὥσπερ
2012 5223 2106 5278 επὶ
2136 5224 2315 5289 οίκίας

756 5302 1014 5358 θεμέλιοι.

822 5304 1158 5443 ῗὲὶῗὲοάει
1200 5366 1461 5443 _Comb_ef._
1497 5382 1641 5443 _cum_
1677 5366 1884 5443 duobus
1945 5365 2064 5443 aliis
2120 5364 2323 5443 ὑποϐάς

760 5434 885 5513 θρὰ.
925 5434 1010 5513 ’ᾼᾱ
1045 5438 1535 5513 marginem‘Coi‘sl:
1563 5437 1720 5513 primi
1769 5436 1823 5513 in
1867 5436 2079 5513 modum
2126 5434 2313 5513 scholii

763 5502 1004 5593 apposita
1028 5518 1149 5593 sunt
1167 5502 1296 5569 'illa,
1336 5502 1638 5593 artobéﬁpa,
1658 5505 1949 5593 θεμέλιος,
1960 5507 2104 5593 ἔστι
2121 5502 2316 5593 ﬁmum).

763 5575 903 5639 εἶδος
938 5576 1299 5645 ὑποδήματος.
1336 5576 1492 5637 illud,
1522 5575 1878 5646 ὑποϐάθραῇ
1902 5583 1995 5646 εειΔ
2016 5575 2321 5646 fundamen-

771 5656 901 5706 tum,
932 5653 1004 5695 est
1033 5642 1231 5709 quoque
1260 5642 1803 5711 genuscalcenmenti.
1850 5642 2081 5696 Beseleel
2116 5652 2314 5706 autem,

774 5711 927 5775 cuius
947 5714 1129 5763 statim
1161 5710 1563 5764 commendatur
1597 5711 1879 5775 sapientia,
1920 5711 2007 5763 ille
2030 5720 2148 5765 erat
2184 5726 2320 5777 prae-

779 5780 966 5843 cipuus
992 5793 1055 5831 ac
1083 5778 1292 5844 sapiens
1317 5778 1530 5841 artifex,
1564 5779 1654 5843 qui
1684 5779 1966 5843 prafectus
1989 5778 2163 5834 fuerat
2189 5792 2320 5832 con-

786 5844 1011 5901 ﬁciendo
1034 5844 1396 5908 tabernaculo,
1419 5852 1551 5909 etc.,
1575 5846 1739 5899 Exodi
1772 5859 1918 5898 xxxx.

2425 4666 2621 4735 μᾶλλον
2642 4665 2698 4717 δὲ
2723 4665 2919 4729 πολλὰς
2946 4666 3038 4719 καὶ
3062 4665 3343 4735 ἀπείρους,
3375 4665 3466 4718 τοῦ
3499 4665 3861 4736 διαιρεθέντος
3895 4666 3979 4719 ἀεὶ

2420 4760 2498 4823 είς
2544 4760 2703 4829 ἕτερα
2741 4760 3092 4832 τεμνομένου.
3122 4759 3236 4812 ’ἶνα
3262 4758 3437 4814 τοίνυν
3471 4757 3810 4831 διδαχθῶμεν
3843 4757 3977 4832 ὁμοῦ

2492 5083 2605 5156 (ιε)
2639 5080 2774 5136 Editi
2820 5097 2939 5156 cum
2981 5081 3136 5156 Colb.
3166 5082 3400 5140 secundo
3430 5082 3845 5156 φιλονεικήσεις.
3876 5085 3976 5141 Alii

2420 5153 2811 5228 quinqne_nt_ss.
2838 5153 3235 5228 φιλονεικήσῃς.

2494 5224 2607 5294 (45)
2637 5222 2815 5294 godex
2847 5240 2980 5276 unus
3005 5222 3353 5279 ἐπινοεῖσθαι.

2497 5290 2610 5364 (ﬂ)
2640 5290 2777 5347 ΕιΙὶιί
2814 5295 3205 5365 παρεχόμενον.
3258 5294 3475 5365 Antiqui
3508 5303 3633 5349 octo
3665 5294 3787 5349 libri
3840 5312 3977 5363 παρ-

2426 5366 2682 5448 εχόμενος
2707 5380 2720 5416 :
2735 5378 2905 5488 gnam
2938 5370 3258 5433 scripturam
3280 5380 3345 5418 ex
3371 5380 3629 5447 eoveratn
3651 5379 3770 5418 esse
3796 5366 3978 5422 intelli-

2426 5450 2585 5505 gitur,
2624 5449 2733 5503 quo
2800 5448 2897 5487 vox
2942 5436 3146 5505 κόσμος
3185 5438 3558 5502 suliaudtatur,
3589 5436 3656 5488 ad
3693 5449 3856 5504 quam
3893 5451 3977 5492 res

2571 5475 2585 5496 ς
2625 5475 2767 5502 ’.η-νυ
2808 5475 2897 5487 ’νου
3186 5475 3558 5502 υιιυυ-υυΙ-ιυιιθ

2442 5505 2735 5576 ’erriutlebet
2767 5507 3291 5576 vox_mpsxdpsvoc.

2494 5526 2549 5557 τι
2580 5526 2735 5558 «leuet
2768 5526 2866 5557 vox
2902 5526 3291 5628 παρεχομενος.
3356 5577 3387 5589 Π

2494 5573 2811 5643 (45)Cudex
2854 5574 3051 5630 Combe
3080 5614 3097 5629 .
3128 5593 3250 5629 cum
3300 5573 3422 5630 aliis
3458 5590 3548 5630 sex
3604 5589 3734 5629 mss.-
3775 5586 3829 5628 et
3855 5590 3976 5643 cum

2421 5641 2655 5717 editione
2676 5642 2836 5717 Basil.
2863 5646 3001 5717 μέσα
3033 5661 3048 5698 :
3080 5646 3168 5701 ubi
3198 5646 3445 5717 suppleas
3476 5645 3629 5717 velini
3659 5645 3821 5717 μέρη.
3852 5641 3979 5717 Edi-

2423 5715 2505 5783 tio
2528 5712 2703 5783 Paris.
2741 5712 2926 5781 μέσον.
2957 5716 3069 5769 Hoc
3120 5717 3235 5783 ipso
3266 5715 3319 5769 in
3373 5717 3496 5770 loco
3533 5712 3686 5773 Colb'.
3714 5712 3982 5774 secundus

2426 5782 2523 5835 καὶ
2544 5780 2844 5837 τελευταῖα.
2879 5783 3042 5840 Coisl.
3068 5780 3269 5847 primus
3295 5785 3445 5855 τέλη.
