4230 6492
756 436 824 492 19
2135 434 2194 490 S.
2232 430 2426 488 BASlL

2335 430 2476 488 SILI!
2511 433 2726 491 MAGNI
3935 434 4005 493 20

757 560 810 613 in
842 572 1005 611 causa
1041 556 1140 611 fuit
1182 573 1280 612 cur
1308 567 1488 627 esset;
1523 558 1617 614 sed
1665 559 1739 612 uti
1790 559 1965 614 bonus
2011 560 2142 615 fecit
2181 559 2322 629 quod
2355 571 2394 627 Α
2425 585 2427 591 ι

2355 571 2394 627 Α
2425 561 2534 631 γὰρ
2583 558 2692 628 (52)
2743 559 2861 627 οὐχὶ
2911 556 3160 628 τεχνίτην
3212 575 3291 611 σοι
3331 556 3529 622 ἔδειξεν
3563 557 3906 629 εμὸεὸηκότα
3933 561 3999 630 τῇ

759 651 892 706 utile
924 659 1038 717 est;
1070 651 1147 704 uti
1180 651 1415 721 sapiens,
1451 650 1592 720 quod
1639 651 2063 721 pulcherrimum
2092 662 2213 719 est;
2247 652 2325 706 uti

760 752 970 811 potens,
1000 742 1142 810 quod
1173 742 1464 795 maximum
1491 753 1595 797 est.
1630 741 1761 795 Nam
1801 745 2041 799 ostendit
2065 745 2162 799 tibi
2195 745 2327 798 arti-

761 833 914 885 εἰσ-ειη
953 840 1156 885 tantum
1188 846 1291 884 non
1319 845 1496 884 rerum
1525 833 1765 886 omnium
1793 834 2146 888 substantiam
2172 834 2328 889 inva-

760 926 995 986 dentem,
1029 935 1082 978 et
1110 934 1291 994 partes
1324 925 1719 992 singulasinter
1747 942 1806 981 se
1837 937 2329 996 coagmentantem,

761 1014 1187 1084 efﬁcientemque
1220 1015 1532 1069 universum
1564 1018 1824 1070 mundum
1860 1021 2185 1072 concordem
2216 1018 2318 1072 sibi

762 1116 817 1160 et
855 1121 1148 1160 consonum
1190 1116 1350 1173 atque
1396 1108 1742 1161 c0ucinnum.
1798 1105 1865 1159 1η
1905 1109 2162 1176 principio
2208 1108 2330 1175 fecit

762 1195 902 1250 Deus
931 1199 1116 1249 calum
1138 1209 1188 1250 et
1219 1208 1431 1249 terram.
1467 1197 1734 1251 Extretnis
1774 1201 1981 1252 duobus
2007 1200 2331 1268 signiﬁcavit

762 1288 910 1342 orbis
944 1289 1107 1342 torius
1134 1289 1516 1352 substantiam,
1551 1290 1689 1342 caelo
1715 1289 1932 1358 quidem
1967 1291 2207 1345 tribuens
2239 1305 2329 1344 or-

766 1388 853 1432 tus
902 1379 1312 1447 prmrogativam
1345 1399 1358 1434 :
1390 1390 1586 1433 terram
1626 1395 1752 1434 vero
1795 1381 2004 1450 origine
2043 1385 2331 1436 secundam

763 1486 884 1525 esse
924 1484 1189 1526 astruens.
1230 1471 1284 1526 Si
1335 1472 1462 1540 quid
1494 1484 1670 1526 autem
1711 1472 1762 1526 in
1804 1472 1921 1526 istis
1953 1475 2183 1526 medium
2229 1483 2332 1538 est,

765 1563 817 1617 id
846 1563 1028 1631 utique
1064 1579 1165 1615 una
1210 1579 1329 1616 cum
1378 1563 1506 1631 ipsis
1539 1565 1732 1617 linibns
1761 1564 1959 1617 factum
1993 1573 2096 1620 est.
2135 1564 2338 1630 Quam-

763 1656 947 1711 obrem
1000 1657 1208 1711 etiamsi
1261 1657 1326 1710 de
1381 1657 1600 1726 reliquis
1655 1658 1956 1719 elementis.
2011 1658 2150 1724 igne,
2195 1675 2334 1727 aqua

768 1758 826 1802 et
849 1763 975 1802 aere
1005 1748 1141 1802 nihil
1187 1749 1406 1811 dixerit,
1443 1758 1556 1803 tute
1584 1759 1761 1804 tamen
1792 1750 1968 1804 omnia
2001 1751 2051 1804 in
2087 1753 2336 1808 omnibus

766 1837 995 1906 primum
1046 1837 1300 1904 permista
1347 1837 1510 1890 fuisse
1557 1854 1652 1905 pro
1682 1847 1766 1892 tua
1804 1840 2022 1894 solertia
2063 1841 2331 1910 intellige;

2426 657 2582 727 οὐσίᾳ
2605 653 2711 706 τῶν
2733 655 2889 717 ὅλων,
2923 653 3018 706 καὶ
3046 652 3116 705 τὰ
3149 651 3267 705 καθ’
3304 652 3528 706 ἕκαστον
3561 652 3699 724 μέρη
3738 652 3872 724 πρὸς
3902 652 4002 708 ἆλ-

2426 746 2561 817 ληλα
2592 743 3013 816 συναρμόζοντα,
3038 744 3130 796 καὶ
3157 743 3216 796 τὸ
3249 745 3355 796 πᾶν
3396 743 3653 814 ὁμόλογον
3695 743 3870 815 ἑαυτῷ
3908 744 4004 799 καὶ

2431 839 2716 910 σύμφωνον
2761 838 2853 890 καὶ
2901 835 3231 908 ὲναρμονίως
3275 836 3394 905 ἔχον
3454 835 3834 890 ἀποτελοῦντα.
3906 839 4004 891 Ἐγ

2428 929 2586 999 ἀρχῇ
2617 928 2906 996 ἐποίησεν
2934 931 2966 980 ό
3000 927 3142 991 Θεὸς
3168 927 3275 979 τὸν
3302 926 3562 994 οὐρανὸν
3590 927 3684 980 καὶ
3719 926 3834 993 τὴν
3860 923 3997 996 γῆν.

2443 1022 2537 1075 Ἐκ
2579 1021 2670 1074 δύο
2713 1019 2819 1071 τῶν
2869 1020 3051 1089 ἄκρων
3101 1018 3210 1087 (55)
3257 1017 3350 1070 τοῦ
3399 1017 3596 1079 παντὸς
3637 1020 3733 1087 τὴν
3771 1017 4004 1088 ὓπαρξιν

2432 1113 2781 1185 παρῃνίξατο,
2829 1110 2904 1180 τῷ
2943 1111 3039 1179 μὲν
3071 1109 3281 1181 οὐρανῷ
3325 1109 3390 1163 τὰ
3429 1110 3690 1182 πρεσϐεῖα
3728 1111 3824 1181 τῆς
3853 1110 4008 1178 γενέ-

2433 1223 2568 1267 σεως
2607 1203 2857 1265 ἀποδοὺς,
2895 1201 2992 1272 τὴν
3025 1201 3080 1254 δὲ
3131 1202 3236 1271 γῆν
3287 1201 3618 1273 δευτερεύειν
3652 1204 3888 1272 φάμενος
3935 1205 4002 1272 τῇ

2433 1297 2685 1369 ὑπάρξει.
2733 1295 2954 1358 Πάντως
3005 1293 3058 1346 δὲ
3106 1294 3214 1361 (54)
3256 1295 3349 1347 καὶ
3385 1293 3521 1346 εἴτι
3571 1293 3772 1347 τούτων
3819 1294 4003 1363 μέσον,

2435 1388 2836 1458 συναπεγενήθη
2879 1391 2992 1448 τοῖς
3034 1385 3277 1455 πέρασιν.
3319 1387 3478 1438 Ὥστε
3520 1385 3620 1440 κᾶν
3671 1385 3836 1456 μηδὲν
3878 1386 4006 1457 εἴπῃ

2435 1480 2561 1546 περὶ
2596 1479 2702 1531 τῶν
2732 1478 3039 1548 στοιχείων,
3077 1476 3274 1545 πυρὸς,
3315 1478 3406 1529 καὶ
3444 1476 3660 1542 ὕδατος,
3694 1479 3785 1530 καὶ
3822 1478 4008 1548 ἀέρος,

2435 1569 2568 1622 ἀλλὰ
2594 1570 2656 1621 σὺ
2699 1570 2764 1638 τῇ
2799 1568 2947 1637 παρὰ
2994 1565 3190 1618 σαυτοῦ
3231 1566 3437 1619 συνέσει
3473 1568 3619 1630 νόει,
3657 1567 3870 1637 πρῶτον
3911 1568 4009 1637 μὲν

2435 1661 2515 1713 ὅτι
2552 1659 2726 1714 πάντα
2753 1660 2809 1710 ἐν
2837 1660 2965 1710 πᾶσι
3001 1657 3282 1728 μέμικται,
3323 1659 3415 1711 καὶ
3443 1658 3498 1709 ἐν
3535 1662 3603 1729 γῇ
3635 1660 3884 1729 εὑρήσεις
3917 1660 4012 1711 καὶ

2437 1751 2600 1823 ὕδωρ,
2627 1752 2719 1803 καὶ
2749 1749 2904 1821 ἀέρα,
2931 1749 3023 1802 καὶ
3046 1748 3174 1819 πῦρ,
3195 1747 3306 1816 εἴγε
3334 1750 3396 1801 ἐκ
3419 1748 3580 1802 λίθων
3609 1751 3704 1820 μὲν
3729 1750 3840 1821 πῦρ
3863 1749 4012 1816 ἐξάλ-

2435 1843 2604 1906 λεται,
2642 1844 2704 1895 ὲκ
2733 1841 2947 1912 σιδήρου
2974 1841 3048 1905 δὲ,
3078 1842 3137 1904 ὃς
3166 1843 3258 1894 καὶ
3286 1841 3446 1904 αὐτὸς
3479 1842 3586 1894 ἀπὸ
3623 1844 3724 1912 γῆς
3762 1842 3872 1913 ἔχει
3913 1841 4012 1913 τὴν

767 1937 929 1996 atque
958 1928 1092 1980 adeo
1119 1941 1338 1993 aquam,
1369 1941 1656 1996 acremque
1691 1939 1745 1982 et
1776 1929 1952 1998 ignem
1984 1931 2034 1982 in
2077 1939 2218 1984 terra
2251 1946 2334 1985 re-
2367 1929 2409 1983 B

2367 1929 2409 1983 B
2438 1936 2671 2004 γένεσιν,
2707 1933 2817 2004 πῦρ
2845 1933 3072 2001 ἄφθονον
3104 1935 3160 1986 ὲν
3206 1936 3321 1997 ταῖς
3365 1933 3730 2004 παρατρίψεσι
3769 1935 4011 2003 πέφυκεν

766 2031 1014 2087 periurus
1035 2035 1112 2072 es.
1139 2017 1272 2074 Nam
1299 2033 1366 2074 ex
1393 2018 1660 2088 lapidibus
1694 2022 1911 2088 quidem
1940 2022 2076 2091 ignis
2105 2023 2286 2078 exsilit
2314 2040 2329 2076 :

765 2124 834 2162 ex
863 2107 1005 2162 ferro
1047 2123 1199 2172 vero,
1228 2110 1368 2176 quod
1405 2109 1580 2177 ipsum
1623 2110 1785 2163 etiam
1815 2126 1844 2165 e
1876 2122 2021 2165 terra
2069 2114 2332 2183 originem

765 2199 956 2265 trahit,
997 2199 1134 2268 ignis
1181 2199 1462 2253 abundans
1495 2201 1547 2252 in
1577 2200 1789 2255 al'lrictu
1820 2203 2057 2258 emicare
2087 2205 2245 2258 solet.
2279 2205 2334 2259 ld

765 2305 980 2361 quoque
1023 2305 1122 2358 par
1147 2289 1310 2345 fuerit
1339 2293 1613 2356 admirari,
1651 2294 1920 2362 quomodo
1971 2295 2108 2365 ignis
2136 2297 2225 2366 qui
2249 2297 2333 2351 in-

766 2393 853 2439 est
896 2385 1234 2453 corporibus,
1266 2385 1316 2438 in
1351 2385 1482 2454 ipsis
1520 2387 1661 2440 citra
1707 2387 2092 2442 detrimentum
2146 2390 2334 2444 delite-

765 2485 881 2533 scat
915 2495 930 2531 :
966 2487 1155 2531 contra
1184 2492 1268 2541 ea,
1307 2493 1334 2529 a
1365 2479 1559 2546 quibus
1615 2489 1771 2534 antea
1809 2481 2148 2542 servabatur,
2174 2483 2337 2537 simul

765 2580 826 2622 ut
854 2568 1000 2623 foras
1028 2570 1257 2625 eductus
1288 2579 1390 2631 est.
1426 2571 1692 2625 absumat.
1738 2573 2117 2626 Demonstrant
2153 2581 2334 2628 autem

766 2671 1053 2728 puteorum
1115 2663 1350 2717 lossores
1400 2678 1552 2732 aqua:
1603 2677 1849 2716 naturam
1903 2673 2061 2718 terrm
2114 2665 2330 2720 insitam

764 2767 886 2806 esse
919 2770 932 2805 :
968 2755 1095 2822 quin
1127 2764 1180 2808 et
1215 2756 1359 2810 aeris
1402 2765 1649 2809 naturam
1688 2766 1845 2811 terra:
1873 2755 2045 2811 inesse
2085 2772 2336 2828 compro-

763 2844 894 2899 bant
949 2848 1160 2901 emisszn
1213 2848 1315 2901 illa:
1354 2865 1569 2903 sursum
1598 2864 1628 2903 e
1661 2859 1803 2902 terra
1860 2849 2168 2904 ltumectata
2207 2861 2260 2904 et
2295 2866 2323 2905 a

767 2936 881 2991 sole
904 2938 1158 2992 calefacta
1214 2941 1600 2996 exltalationes.
1634 2942 1834 2997 Deinde
1863 2943 2211 2997 cum-caelum
2244 2959 2338 2996 na-

768 3038 887 3082 tura
940 3028 1116 3084 locum
1157 3046 1449 3100 supernum
1493 3042 1741 3100 occupet,
1795 3044 1938 3088 terra
1977 3048 2104 3086 vero
2157 3033 2339 3086 intima

769 3122 842 3175 sit
871 3139 883 3175 :
912 3124 1110 3192 quippe
1143 3123 1392 3178 feruntur
1435 3127 1487 3176 in
1531 3125 1728 3178 cadum
1777 3123 1943 3188 levia;
1977 3124 2159 3192 gravia
2208 3138 2334 3178 vero

771 3228 840 3266 ex
876 3229 933 3267 se
966 3225 1193 3284 vergunt
1225 3216 1276 3267 in
1314 3224 1538 3278 terram,
1574 3230 1808 3284 cumque
1851 3217 2083 3270 maxime
2112 3229 2333 3270 contra-

2435 2023 2803 2094 ἀπολάμπειν.
2835 2025 2899 2075 Ὃ
2932 2024 3025 2075 καὶ
3048 2021 3323 2090 Θαυμάσαι
3349 2021 3518 2087 ἄξιον,
3548 2021 3663 2083 πῶς
3696 2024 3752 2074 ὲν
3782 2023 3880 2092 μὲν
3901 2025 4014 2086 τοῖς

2438 2111 2680 2180 σώμασιν
2702 2110 2942 2181 ὑπάρχον
2988 2111 3098 2181 (55)
3125 2112 3186 2164 τὸ
3213 2112 3322 2182 πῦρ
3342 2151 3356 2173 ,
3395 2111 3643 2175 ἀϐλαϐῶς
3675 2113 4009 2182 ὲμφωλεύει·

2435 2202 2738 2274 προκληθὲν
2768 2201 2823 2254 δὲ
2850 2203 2940 2254 ἐπὶ
2971 2200 3032 2253 τὸ
3065 2200 3188 2266 ἔξω,
3223 2202 3589 2273 δαπανητικόν
3616 2205 3730 2255 ἐστι
3772 2202 3880 2256 τῶν
3915 2221 4014 2271 φυ-

2434 2296 2735 2352 λασσόντων
2766 2295 2919 2357 τέως.
2946 2295 3054 2364 Τὴν
3074 2295 3129 2347 δὲ
3155 2294 3246 2347 τοῦ
3276 2294 3465 2358 ὓδατος
3488 2295 3646 2364 φύσιν
3675 2295 4013 2366 ἐνυπάρχου-

2437 2403 2534 2440 σαν
2557 2389 2622 2456 τῇ
2651 2388 2719 2455 γῇ
2742 2387 2788 2438 οἱ
2815 2383 3117 2455 φρεωρύχοι
3141 2383 3437 2438 δεικνύουσι
3458 2403 3471 2416 ·
3502 2386 3593 2439 καὶ
3616 2385 3714 2457 τὴν
3742 2385 3837 2440 τοῦ
3857 2387 4014 2456 ἀέρος

2436 2477 2484 2529 οἱ
2516 2477 2623 2527 ἀπὸ
2655 2474 3029 2544 νενοτισμένης
3053 2474 3219 2544 αὐτῆς
3245 2476 3410 2546 ἀτμοὶ
3443 2477 3545 2530 ὑπὸ
3576 2477 3724 2546 ἡλίου
3761 2477 4014 2544 Θαλιρθείο

2439 2582 2537 2635 σης
2566 2565 3032 2634 ἀναπεμπόμενοι.
3065 2567 3289 2619 Ἔπειτα
3326 2567 3505 2636 μέντοι
3535 2569 3626 2621 καὶ
3653 2570 3701 2619 εἰ
3738 2568 3898 2635 φύσει
3923 2568 4013 2619 τὸν

2436 2658 2548 2711 ἀνω
2576 2657 2739 2710 τόπον
2772 2660 2799 2710 ὁ
2831 2658 3052 2729 οὐρανὸς
3085 2659 3301 2728 ἐπέχει,
3345 2662 3376 2726 ἡ
3420 2661 3474 2710 δὲ
3508 2661 3577 2729 γῆ
3611 2660 3670 2711 τδ
3702 2660 4014 2714 κατώτατόν

2436 2749 2584 2801 ἐστι·
2613 2748 2745 2803 διότι
2787 2749 2877 2801 ἐπὶ
2919 2749 3016 2818 μὲν
3052 2750 3141 2803 τὸν
3189 2751 3412 2820 οὐρανὸν
3465 2751 3529 2803 τὰ
3565 2750 3739 2819 κοῦφα
3770 2751 4010 2822 φέρεται,

2437 2844 2529 2896 ἐπὶ
2562 2842 2618 2895 δὲ
2654 2842 2749 2913 τὴν
2778 2841 2883 2911 γῆν
2903 2841 2972 2894 τὰ
2996 2842 3164 2914 βαρέα
3196 2843 3402 2911 πέφυκε
3438 2844 3831 2915 καταῤῥέπειν,
3862 2846 4014 2898 ἐναν-

2435 2934 2672 2989 τιώτατα
2698 2935 2753 2988 δὲ
2780 2934 3028 3006 ἀλλήλοις
3055 2936 3115 2988 τὸ
3138 2935 3248 2990 ἄνω
3274 2935 3444 2989 καὶτὸ
3471 2937 3618 2990 κάτω
3643 2954 3653 2968 ·
3677 2939 3706 2990 ὁ
3730 2936 3838 2990 τῶν
3862 2936 4012 2990 πλεῖς

2440 3041 2564 3078 στον
2595 3025 2895 3079 διεστώτων
2930 3027 3070 3080 κατὰ
3099 3027 3196 3096 τὴν
3235 3027 3395 3096 φύσιν
3420 3027 3792 3099 ἐπιμνησθεὶς,
3827 3029 3921 3082 καὶ
3946 3029 4013 3080 τὰ

2436 3116 2534 3188 τὴν
2562 3116 2730 3186 μέσην
2770 3117 2974 3178 τούτοις
3010 3117 3384 3188 ἐκπληροῦντα
3413 3117 3593 3187 χώραν
3622 3120 4013 3188 συνεκδοχικῶς

2443 3211 2844 3282 παρεσήμανεν.
2877 3207 3037 3260 Ὥστε
3058 3208 3131 3277 μὴ
3162 3207 3311 3278 ζήτει
3341 3207 3447 3277 (56)
3479 3210 3576 3278 τὴν
3605 3210 3710 3263 τῶν
3739 3211 3860 3263 καθ’
3890 3212 4013 3264 ’ἐκα-

771 3303 848 3358 ria
878 3305 985 3358 sint
1028 3307 1167 3358 inter
1202 3320 1259 3360 se
1287 3321 1576 3376 supernum
1615 3317 1670 3362 et
1706 3307 2005 3371 infernum;
2041 3307 2131 3377 qui
2157 3322 2334 3362 rerum
2368 3280 2409 3336 Ο

2368 3280 2409 3336 C‘
2445 3280 2566 3360 στον
2595 3305 2958 3376 ὲπεξήγησιν,
3003 3303 3137 3359 ἀλλὰ
3177 3303 3243 3358 τὰ
3275 3306 3613 3375 σιωπηθέντα
3647 3307 3753 3361 νόει
3788 3307 3876 3362 διὰ
3905 3307 4015 3363 τῶν

768 3391 1080 3462 longissime
1118 3397 1257 3451 inter
1288 3411 1347 3451 se
1403 3408 1596 3451 natura
1634 3399 1967 3452 diversarum
2011 3398 2334 3451 mentionem

2441 3397 2805 3469 δηλωθέντων.

779 3483 931 3549 fecit,
967 3488 1128 3538 etiam
1199 3501 1261 3540 ea
1301 3503 1419 3555 qua:
1465 3488 1736 3556 regionem
1797 3488 2023 3540 inediam
2069 3488 2122 3539 in
2195 3489 2278 3540 Itis
2347 3490 2579 3557 explent,
2622 3489 2912 3544 acervatim
2953 3488 3294 3558 significavit.
3355 3489 3531 3556 Quare
3571 3505 3635 3543 ne
3683 3489 4013 3557 singulorum

773 3579 1030 3645 exquiras
1071 3581 1456 3645 narrationem,
1513 3581 1606 3634 sed
1658 3597 1719 3635 ea
1776 3597 1894 3650 qua:
1948 3590 2072 3635 sunt
2129 3581 2341 3634 silentio
2381 3587 2668 3650 praeterita,
2707 3598 2800 3649 per
2834 3598 2893 3636 ea
2934 3597 3052 3648 qure
3085 3583 3313 3634 indicata
3341 3592 3463 3633 sunt
3498 3581 3753 3648 intelligc.

845 3668 899 3722 8.
943 3667 1007 3721 lu
1043 3670 1298 3737 principio
1343 3669 1467 3736 fecit
1506 3669 1646 3723 Deus
1697 3671 1880 3725 coelum
1919 3683 1962 3724 et
2012 3682 2226 3724 terram.
2261 3667 2346 3722 ln-

772 3761 996 3830 qnisitio
1034 3775 1153 3828 qua:
1187 3761 1254 3813 de
1282 3761 1614 3829 singularum
1664 3778 1841 3814 rerum
1897 3765 2130 3816 essentia
2172 3764 2345 3826 ﬁeret,

775 3851 890 3904 sive
933 3866 1117 3903 earnm
1161 3866 1279 3918 quae
1308 3853 1407 3904 sub
1437 3863 1680 3906 nostram
1711 3854 2222 3924 contemplationem
2254 3871 2346 3908 ca-

777 3941 934 4004 dttut,
963 3942 1076 3992 sive
1117 3955 1306 3992 eat-um
1350 3957 1468 4009 qua:
1493 3944 1693 3996 nostris
1721 3947 1968 3999 sensibus
1999 3947 2344 4015 objiciuntur,

775 4047 1080 4088 sermonem
1133 4033 1350 4104 longum
1396 4042 1450 4088 et
1490 4047 1864 4088 excurrentem
1893 4037 1943 4089 in
1980 4049 2218 4091 nostram
2257 4039 2338 4091 in-

775 4129 1221 4194 terpretationem
1278 4128 1592 4194 induceret,
1647 4130 2082 4198 quandoquidem
2138 4130 2191 4183 in
2242 4132 2345 4184 hoc

775 4218 1109 4288 problemate
1143 4222 1495 4288 cxpendendu
1524 4223 1683 4275 verba
1720 4222 1873 4290 plura
1913 4222 2228 4275 instituenda
2260 4237 2347 4275 es-

779 4321 900 4364 sent
950 4326 1109 4379 quam
1147 4313 1198 4365 in
1246 4314 1491 4382 reliquis,
1535 4331 1654 4382 qum
1707 4317 1773 4369 de
1829 4314 2060 4384 singulis
2106 4315 2347 4382 qttzesitis

779 4401 882 4454 dici
915 4412 1157 4468 possunt.
1190 4403 1455 4459 Prmterea
1493 4407 1632 4459 haud
1684 4421 1862 4473 opera:
1916 4406 2147 4475 pretimn
2182 4405 2348 4460 fuerit

778 4493 843 4545 ad
884 4494 1139 4549 Ecclesire
1186 4499 1596 4552 rediticationem
1642 4500 1693 4553 in
1746 4500 1830 4553 bis
1888 4509 2100 4567 tempus
2149 4509 2343 4552 terere.

777 4583 977 4641 Verum
1038 4589 1182 4642 circa
1244 4591 1367 4643 coeli
1402 4591 1692 4644 essentiam
1742 4590 1873 4644 satis
1911 4591 2062 4643 nobis
2116 4597 2242 4643 sunt
2281 4602 2341 4641 ea

779 4693 899 4745 qua:
943 4680 1087 4733 dicta
1121 4690 1246 4734 sunt
1277 4682 1343 4734 ab
1370 4681 1528 4744 Isaia,
1572 4683 1662 4751 qui
1702 4681 2013 4751 vulgaribus
2040 4683 2216 4735 verbis
2249 4696 2345 4734 na-

791 4776 923 4822 tura:
963 4771 1129 4839 ipsius
1160 4773 1520 4843 cognitionem
1551 4773 1903 4827 suliicientem
1946 4774 2098 4827 nobis
2132 4773 2342 4839 indidit,

788 4858 915 4914 dum
944 4861 1113 4916 dixit:
1143 4863 1242 4929 Qui
1270 4865 1501 4933 ﬁrmavit
1529 4865 1710 4918 caelum
1732 4865 1887 4935 quasi
1922 4864 2122 4933 fumum
2143 4866 2207 4929 ¹¹,
2240 4865 2341 4919 hoc

849 4979 893 5010 "
919 4979 1026 5034 lsa.
1046 4997 1114 5044 Li,
1156 4981 1210 5034 6.

775 5101 923 5157 αὐτὸ
955 5099 1130 5155 τοῦτο
1158 5101 1270 5169 τὴν
1283 5101 1480 5155 αἰτίαν
1496 5099 1601 5153 τοῦ
1634 5095 1781 5152 εἶναι
1809 5097 2131 5168 παρέσχεν.
2159 5097 2318 5152 Verte
2341 5116 2354 5150 :

781 5171 905 5226 Non
933 5173 1026 5224 hoc
1057 5173 1224 5224 solum
1271 5172 1532 5239 prwslitit,
1565 5185 1778 5223 causam
1821 5184 1874 5221 ut
1921 5180 2050 5221 esset
2100 5171 2348 5236 mundus,

780 5244 831 5296 id
863 5257 965 5307 εει,
1010 5259 1112 5297 non
1143 5244 1337 5294 nudam
1374 5242 1757 5310 tat-simplicem
1790 5243 1988 5292 mundo
2019 5243 2346 5293 creationem

779 5315 1049 5381 pra‘stilit.
1079 5314 1168 5365 sed
1192 5321 1248 5364 ut
1277 5314 1438 5363 bonus
1467 5309 1587 5381 {erit
1617 5309 1760 5381 quod
1791 5311 1918 5362 utile
1940 5321 2035 5376 est,
2057 5319 2110 5361 ut
2142 5311 2348 5377 sapiens

778 5378 916 5436 auod
939 5383 1365 5441 pulcherrimum.
1397 5383 1459 5433 ι).
1500 5380 1591 5432 Fr.
1615 5378 1896 5434 ΜΑιιιΝυδ.

853 5451 966 5520 (52)
1001 5452 1136 5505 Editi
1165 5450 1444 5521 μονονουχὶ
1467 5449 1595 5520 γάρ.
1633 5452 1702 5501 At
1726 5466 1871 5521 inss.
1891 5465 1996 5521 non
2023 5449 2267 5521 pauciut
2295 5449 2345 5503 in

781 5518 1055 5576 eonteittu.
1089 5518 1286 5593 Ibidem
1329 5518 1466 5593 unus
1492 5518 1660 5573 codex
1692 5518 2069 5593 εἰσδεϐηκότα.
2109 5519 2348 5572 Subinde

780 5593 933 5647 C(llll.
969 5596 1173 5660 primus
1197 5592 1263 5643 τὰ
1289 5591 1620 5644 καΟέκαστα.

855 5663 967 5732 (55)
999 5663 1170 5716 Editio
1219 5663 1381 5715 Basil.
1416 5663 1525 5715 τῶν
1579 5659 1782 5731 ἀρχῶν,
1829 5677 1892 5713 ea:
1930 5660 2132 5712 duobus
2161 5660 2348 5725 princi-

783 5731 901 5803 piis.
936 5734 1134 5786 Ibidem
1183 5749 1307 5786 mss.
1366 5733 1460 5786 τοῦ
1497 5735 1718 5792 παντός.
1773 5732 1928 5784 Deest
1981 5731 2242 5783 articulus
2289 5733 2341 5784 in

783 5803 1034 5868 Vulgatis.
1442 5857 1450 5867 ,

856 5873 968 5942 (54)
993 5872 1207 5944 Antiqui
1228 5873 1344 5929 libri
1363 5882 1575 5937 παντως
1595 5874 1671 5928 δέ.
1695 5871 1833 5928 Edit.
1861 5869 2030 5927 Paris.
2054 5874 2250 5933 παντὸς
2267 5869 2341 5923 δέ.

2390 5100 2433 5154 D

2513 3671 2564 3723 8.
2619 3673 2720 3724 ‘Er
2754 3670 2912 3740 ἀρχῇ
2946 3670 3234 3735 ἐποίησεν
3263 3673 3294 3722 ό
3332 3670 3475 3734 Θεὸς
3504 3669 3612 3722 τὸν
3638 3670 3900 3738 οίφανὸν
3916 3670 4016 3724 καὶ

2443 3761 2556 3830 τὴν
2600 3760 2734 3830 γῆν.
2775 3762 2839 3813 Ἡ
2878 3759 3004 3830 περὶ
3043 3759 3143 3829 τῆς
3176 3759 3361 3822 οὐσίας
3402 3758 3597 3829 ἔρευνα
3644 3760 3876 3814 ἑκάστου
3910 3761 4017 3814 τῶν

2440 3855 2681 3926 6ντων,ἢ
2723 3853 2828 3906 τῶν
2875 3851 3017 3906 κατὰ
3059 3851 3290 3923 θεωρίαν
3334 3851 3741 3904 ὑποπιπτόντων
3780 3857 3944 3923 ἡμῖν,
3980 3855 4012 3923 ἢ

2441 3944 2546 3997 τῶν
2594 3942 2965 4014 προκειμένων
3008 3941 3160 4011 ἡμῶν
3208 3944 3272 4011 τῇ
3314 3940 3592 4012 αἰσθήσει,
3659 3943 3868 4013 μακρὸν
3925 3944 4017 3996 καὶ

2445 4036 2826 4105 ἀπηρτημένον
2853 4034 3006 4101 λόγον
3027 4035 3304 4100 ἐπεισάγει
3331 4037 3394 4104 τῇ
3424 4033 3710 4104 ἐξηγήσει,
3737 4035 3811 4098 ὡς
3841 4035 4016 4087 πλείο-

2447 4146 2543 4190 νας
2569 4130 2624 4179 ἐν
2652 4130 2715 4196 τῇ
2749 4129 2872 4196 περὶ
2897 4126 2990 4177 τοῦ
3026 4125 3406 4194 προϐλήματος
3434 4127 3618 4180 τούτου
3645 4129 3846 4195 ’σκέψει
3891 4145 4016 4180 κατ-

2449 4218 2829 4275 αναλίσκεσθαι
2858 4218 3045 4285 λόγους
3067 4217 3171 4269 τῶν
3206 4217 3429 4280 λοιπῶν,
3470 4219 3568 4270 ὅσα
3611 4219 3882 4286 ἐνδέχεται
3919 4221 4013 4288 ρη-

2448 4314 2604 4383 Θῆναι
2648 4312 2774 4382 περὶ
2810 4310 3037 4363 ἑκάστου
3076 4309 3183 4362 τῶν
3220 4309 3596 4382 ζητουμένων·
3631 4311 3769 4380 πρὸς
3797 4310 3856 4361 τὺ
3885 4309 4010 4378 (57),

2454 4404 2587 4475 μηδὲ
2617 4402 2886 4474 προύργου
2913 4420 2962 4454 τι
2996 4395 3132 4452 εἶναι
3165 4402 3242 4463 είς
3388 4399 3487 4469 τῆς
3523 4399 3844 4472 Ἑκκλησίας
3877 4402 4015 4454 οίκο-

2450 4496 2616 4566 δομὴν
2640 4496 2698 4548 τὸ
2725 4495 2851 4564 περὶ
2868 4493 3037 4546 ταῦτα
3060 4492 3523 4562 κατασχολεῖσθαι.
3565 4494 3720 4547 Ἀλλά
3761 4512 3826 4547 πε
3839 4495 3890 4565 ρὶ
3921 4493 4012 4563 μὲν

2450 4587 2548 4656 τῆς
2591 4587 2774 4649 οὐσίας
2812 4585 2903 4638 τοῦ
2950 4584 3177 4657 οὐρανοῦ
3231 4585 3546 4657 ἀρκούμεθα
3577 4589 3688 4648 τοῖς
3735 4586 3886 4656 παρά
3921 4582 4010 4636 τοῦ

2461 4680 2682 4732 Ἡσαΐου
2703 4683 2819 4751 είρη
2830 4680 3036 4750 μένοις·
3062 4679 3119 4741 ὃς
3147 4680 3201 4729 ὲν
3227 4678 3509 4740 ἰδιωτικοῖς
3553 4678 3791 4747 ῥήμασιν
3832 4675 4013 4745 ἱκανὴν

2447 4775 2578 4842 ⁴ἡμῖν
2602 4772 2698 4842 τῆς
2725 4773 2934 4841 φύσεως
2963 4770 3125 4825 αὐτοῦ
3171 4772 3266 4840 τὴν
3295 4771 3526 4823 διάνοιαν
3558 4768 3870 4839 ἐνεποίησεν
3890 4813 3902 4831 ,
3937 4769 4010 4819 εξ-

2446 4863 2591 4914 πών·
2638 4863 2698 4916 ’0
2732 4864 3068 4933 στερεώσας
3107 4863 3211 4916 τὸν
3263 4861 3520 4929 οὐρανὸν
3565 4861 3707 4914 ὡσεὶ
3760 4861 4008 4914 καπνόν*

2536 5097 2643 5169 (55)
2671 5099 2891 5152 Veteres
2915 5099 3020 5152 duo
3055 5099 3174 5152 libri
3203 5096 3526 5168 ἐνυπάρχον.
3563 5095 3853 5164 Aliquanto
3896 5105 4011 5164 post

2457 5188 2583 5227 mss.
2615 5171 2850 5223 nonnulli
2886 5171 2974 5221 ἐπὶ
2996 5172 3062 5224 τὰ
3097 5169 3220 5235 ἔξω.

2526 5244 2632 5312 (56)
2672 5240 2816 5293 Libri
2848 5239 3050 5307 A'nglici
3082 5257 3198 5312 cum
3237 5237 3386 5290 Coll).
3424 5237 3598 5312 primo
3633 5247 3688 5291 et
3716 5237 4004 5312 cum_Reg_.

2452 5307 2878 5382 δοχιοζητείν...
2909 5313 3068 5363 νοεῖν.
3115 5311 3181 5361 At
3218 5319 3440 5382 uterque
3493 5308 3621 5382 Due.
3669 5322 3790 5358 cmn
3849 5307 4008 5361 Coisl.

2455 5386 2627 5454 primo
2657 5378 2710 5436 et
2741 5397 2861 5433 cum
2884 5383 3012 5454 aliis
3038 5379 3516 5454 qni_bnsdam_mss.
3537 5378 3808 5454 vulgatam
3839 5387 4012 5454 tuetur

2455 5447 2736 5507 lectionem
2769 5467 2782 5501 ε
2812 5451 2895 5503 cui
2929 5451 3139 5502 lectioni
3173 5457 3322 5501 vetus
3372 5449 3638 5513 interpres
3693 5447 4009 5500 Eustathius

2455 5527 2592 5578 favet
2624 5543 2636 5577 :
2671 5520 2791 5576 Non
2830 5537 2949 5588 ergo
2993 5537 3220 5583 quwrus,
3259 5519 3448 5586 inquit,
3487 5520 3549 5568 de
3591 5519 3819 5587 singulis
3859 5519 4013 5588 ratio-

2456 5612 2564 5646 nem
2597 5611 2614 5647 :
2648 5595 2734 5646 sed
2767 5587 3072 5660 illuquoque
3097 5606 3210 5658 qna'
3235 5589 3442 5640 silentio
3469 5589 3736 5660 Scriptura
3759 5587 4008 5656 pm'teril,

2461 5681 2522 5717 ex
2549 5662 2655 5723 h’is,
2683 5679 2797 5726 qua:
2826 5659 2992 5713 relata
3025 5672 3162 5717 sunt,
3197 5660 3399 5710 debebis
3428 5659 3712 5710 advertere.

2530 5735 2638 5804 (57)
2673 5733 2895 5787 (Lodices
2950 5731 3186 5786 nonnulli
3222 5729 3356 5800 πρὸς
3405 5728 3504 5798 τῷ.
3558 5728 3657 5782 Alii
3699 5743 3822 5784 cum
3855 5726 4011 5783 editis

2455 5805 2585 5877 πρὸς
2606 5804 2682 5856 τό.
